  <div class='ocr_page' id='page_1' title='image "/cluster/home/n/w/nwhite01/storage/ocr_20150623/29/uva.x000826564/270.png"; bbox 0 0 3918 6192; ppageno 0'>
   <div class='ocr_carea' id='block_1_1' title="bbox 189 312 280 368">
    <p class='ocr_par' dir='ltr' id='par_1_1' title="bbox 189 312 280 368">
     <span class='ocr_line' id='line_1_1' title="bbox 189 312 280 368; baseline -0.077 0"><span class='ocrx_word' id='word_1_1' title='bbox 189 312 280 368; x_wconf 70' lang='grc' dir='ltr'><strong><em>ιῡς</em></strong></span> 
     </span>
    </p>
   </div>
   <div class='ocr_carea' id='block_1_2' title="bbox 191 493 1711 566">
    <p class='ocr_par' dir='ltr' id='par_1_2' title="bbox 191 493 1711 566">
     <span class='ocr_line' id='line_1_2' title="bbox 191 493 1711 566; baseline -0.001 -16"><span class='ocrx_word' id='word_1_2' title='bbox 191 509 231 551; x_wconf 89' lang='lat' dir='ltr'><strong><em>et</em></strong></span> <span class='ocrx_word' id='word_1_3' title='bbox 261 493 516 549; x_wconf 59' lang='lat' dir='ltr'><strong><em>inimicitias</em></strong></span> <span class='ocrx_word' id='word_1_4' title='bbox 541 496 845 550; x_wconf 73' lang='lat' dir='ltr'><strong><em>esercituum</em></strong></span> <span class='ocrx_word' id='word_1_5' title='bbox 866 498 978 566; x_wconf 85' lang='lat' dir='ltr'><strong><em>ejus</em></strong></span> <span class='ocrx_word' id='word_1_6' title='bbox 999 496 1245 548; x_wconf 72' lang='lat' dir='ltr'><strong><em>adversus</em></strong></span> <span class='ocrx_word' id='word_1_7' title='bbox 1267 495 1436 547; x_wconf 89' lang='lat' dir='ltr'><strong><em>illum.</em></strong></span> <span class='ocrx_word' id='word_1_8' title='bbox 1471 493 1538 548; x_wconf 80' lang='lat' dir='ltr'><strong><em>Et</em></strong></span> <span class='ocrx_word' id='word_1_9' title='bbox 1568 512 1711 550; x_wconf 88' lang='lat' dir='ltr'><strong><em>man-</em></strong></span> 
     </span>
    </p>
   </div>
   <div class='ocr_carea' id='block_1_3' title="bbox 189 567 719 620">
    <p class='ocr_par' dir='ltr' id='par_1_3' title="bbox 189 567 719 620">
     <span class='ocr_line' id='line_1_3' title="bbox 189 567 719 620; baseline 0.002 -1"><span class='ocrx_word' id='word_1_10' title='bbox 189 568 249 619; x_wconf 89' lang='lat' dir='ltr'><strong><em>sit</em></strong></span> <span class='ocrx_word' id='word_1_11' title='bbox 271 569 330 620; x_wconf 86' lang='lat' dir='ltr'><strong><em>ibi</em></strong></span> <span class='ocrx_word' id='word_1_12' title='bbox 354 568 506 620; x_wconf 90' lang='lat' dir='ltr'><strong><em>diebus</em></strong></span> <span class='ocrx_word' id='word_1_13' title='bbox 531 567 719 620; x_wconf 87' lang='lat' dir='ltr'><strong><em>multis.</em></strong></span> 
     </span>
    </p>
   </div>
   <div class='ocr_carea' id='block_1_4' title="bbox 247 633 1713 711">
    <p class='ocr_par' dir='ltr' id='par_1_4' title="bbox 247 633 1713 711">
     <span class='ocr_line' id='line_1_4' title="bbox 247 633 1713 711; baseline 0.001 -21"><span class='ocrx_word' id='word_1_14' title='bbox 247 637 309 690; x_wconf 87' lang='lat' dir='ltr'><strong><em>Et</em></strong></span> <span class='ocrx_word' id='word_1_15' title='bbox 332 639 450 711; x_wconf 84' lang='lat' dir='ltr'><strong><em>misit</em></strong></span> <span class='ocrx_word' id='word_1_16' title='bbox 473 635 712 693; x_wconf 84' lang='lat' dir='ltr'><strong><em>Jonathas</em></strong></span> <span class='ocrx_word' id='word_1_17' title='bbox 737 636 805 711; x_wconf 84' lang='lat' dir='ltr'><strong><em>ad</em></strong></span> <span class='ocrx_word' id='word_1_18' title='bbox 836 633 1149 711; x_wconf 86' lang='lat' dir='ltr'><strong><em>D_emetrium</em></strong></span> <span class='ocrx_word' id='word_1_19' title='bbox 1178 652 1385 711; x_wconf 78' lang='lat' dir='ltr'><strong><em>regem,</em></strong></span> <span class='ocrx_word' id='word_1_20' title='bbox 1418 645 1472 691; x_wconf 89' lang='lat' dir='ltr'><strong><em>ut</em></strong></span> <span class='ocrx_word' id='word_1_21' title='bbox 1505 638 1713 711; x_wconf 88' lang='lat' dir='ltr'><strong><em>ejiceret</em></strong></span> 
     </span>
    </p>
   </div>
   <div class='ocr_carea' id='block_1_5' title="bbox 180 705 1715 780">
    <p class='ocr_par' dir='ltr' id='par_1_5' title="bbox 180 705 1715 780">
     <span class='ocr_line' id='line_1_5' title="bbox 180 705 1715 780; baseline 0.002 -19"><span class='ocrx_word' id='word_1_22' title='bbox 180 724 270 772; x_wconf 88' lang='lat' dir='ltr'><strong><em>eos,</em></strong></span> <span class='ocrx_word' id='word_1_23' title='bbox 298 710 375 777; x_wconf 88' lang='lat' dir='ltr'><strong><em>qui</em></strong></span> <span class='ocrx_word' id='word_1_24' title='bbox 401 712 448 762; x_wconf 87' lang='lat' dir='ltr'><strong><em>in</em></strong></span> <span class='ocrx_word' id='word_1_25' title='bbox 475 725 586 764; x_wconf 98' lang='lat' dir='ltr'><strong><em>arce</em></strong></span> <span class='ocrx_word' id='word_1_26' title='bbox 611 708 823 780; x_wconf 87' lang='lat' dir='ltr'><strong><em>erantin</em></strong></span> <span class='ocrx_word' id='word_1_27' title='bbox 844 705 1157 780; x_wconf 74' lang='lat' dir='ltr'><strong><em>Jerusalem,</em></strong></span> <span class='ocrx_word' id='word_1_28' title='bbox 1190 705 1344 779; x_wconf 42' lang='lat' dir='ltr'><strong><em>ct&#39;qui</em></strong></span> <span class='ocrx_word' id='word_1_29' title='bbox 1371 709 1422 762; x_wconf 91' lang='lat' dir='ltr'><strong><em>in</em></strong></span> <span class='ocrx_word' id='word_1_30' title='bbox 1453 705 1715 780; x_wconf 59' lang='lat' dir='ltr'><strong><em>prasidiis</em></strong></span> 
     </span>
    </p>
   </div>
   <div class='ocr_carea' id='block_1_6' title="bbox 175 777 1092 850">
    <p class='ocr_par' dir='ltr' id='par_1_6' title="bbox 175 777 1092 850">
     <span class='ocr_line' id='line_1_6' title="bbox 175 777 1092 850; baseline -0.002 -16"><span class='ocrx_word' id='word_1_31' title='bbox 175 789 305 850; x_wconf 78' lang='lat' dir='ltr'><strong><em>erant</em></strong></span> <span class='ocrx_word' id='word_1_32' title='bbox 329 797 346 834; x_wconf 87' lang='lat'><em>:</em></span> <span class='ocrx_word' id='word_1_33' title='bbox 373 781 482 850; x_wconf 83' lang='lat' dir='ltr'><strong><em>quia</em></strong></span> <span class='ocrx_word' id='word_1_34' title='bbox 510 779 885 850; x_wconf 86' lang='lat' dir='ltr'><strong><em>impugnabaat_</em></strong></span> <span class='ocrx_word' id='word_1_35' title='bbox 901 777 1092 850; x_wconf 81' lang='lat' dir='ltr'><strong><em>Israel.</em></strong></span> 
     </span>
    </p>
   </div>
   <div class='ocr_carea' id='block_1_7' title="bbox 238 847 1715 918">
    <p class='ocr_par' dir='ltr' id='par_1_7' title="bbox 238 847 1715 918">
     <span class='ocr_line' id='line_1_7' title="bbox 238 847 1715 918; baseline 0.004 -16"><span class='ocrx_word' id='word_1_36' title='bbox 238 849 296 902; x_wconf 79' lang='lat' dir='ltr'><strong><em>Et</em></strong></span> <span class='ocrx_word' id='word_1_37' title='bbox 315 847 439 905; x_wconf 78' lang='lat' dir='ltr'><strong><em>misit</em></strong></span> <span class='ocrx_word' id='word_1_38' title='bbox 460 847 740 906; x_wconf 75' lang='lat' dir='ltr'><strong><em>Demetrius</em></strong></span> <span class='ocrx_word' id='word_1_39' title='bbox 764 853 830 904; x_wconf 87' lang='lat' dir='ltr'><strong><em>ad</em></strong></span> <span class='ocrx_word' id='word_1_40' title='bbox 851 847 1164 918; x_wconf 75' lang='lat' dir='ltr'><strong><em>Ionatham,</em></strong></span> <span class='ocrx_word' id='word_1_41' title='bbox 1199 853 1376 906; x_wconf 88' lang='lat' dir='ltr'><strong><em>dicens</em></strong></span> <span class='ocrx_word' id='word_1_42' title='bbox 1407 869 1424 906; x_wconf 89' lang='lat'><strong><em>:</em></strong></span> <span class='ocrx_word' id='word_1_43' title='bbox 1455 851 1576 908; x_wconf 85' lang='lat' dir='ltr'><strong><em>Non</em></strong></span> <span class='ocrx_word' id='word_1_44' title='bbox 1605 852 1715 908; x_wconf 79' lang='lat' dir='ltr'><strong><em>lucc</em></strong></span> 
     </span>
    </p>
   </div>
   <div class='ocr_carea' id='block_1_8' title="bbox 177 923 1715 994">
    <p class='ocr_par' dir='ltr' id='par_1_8' title="bbox 177 923 1715 994">
     <span class='ocr_line' id='line_1_8' title="bbox 177 923 1715 994; baseline 0.005 -21"><span class='ocrx_word' id='word_1_45' title='bbox 177 929 346 974; x_wconf 78' lang='lat' dir='ltr'><strong><em>tantum</em></strong></span> <span class='ocrx_word' id='word_1_46' title='bbox 377 923 558 991; x_wconf 78' lang='lat' dir='ltr'><strong><em>faciam</em></strong></span> <span class='ocrx_word' id='word_1_47' title='bbox 593 924 700 989; x_wconf 87' lang='lat' dir='ltr'><strong><em>tibi,</em></strong></span> <span class='ocrx_word' id='word_1_48' title='bbox 731 930 776 976; x_wconf 91' lang='lat' dir='ltr'><strong><em>et</em></strong></span> <span class='ocrx_word' id='word_1_49' title='bbox 809 924 946 994; x_wconf 85' lang='lat' dir='ltr'><strong><em>genti</em></strong></span> <span class='ocrx_word' id='word_1_50' title='bbox 977 932 1096 985; x_wconf 81' lang='lat' dir='ltr'><strong><em>tute,</em></strong></span> <span class='ocrx_word' id='word_1_51' title='bbox 1128 925 1218 978; x_wconf 90' lang='lat' dir='ltr'><strong><em>sed</em></strong></span> <span class='ocrx_word' id='word_1_52' title='bbox 1251 924 1416 994; x_wconf 82' lang='lat' dir='ltr'><strong><em>gloria</em></strong></span> <span class='ocrx_word' id='word_1_53' title='bbox 1443 924 1715 980; x_wconf 90' lang='lat' dir='ltr'><strong><em>illustrabo</em></strong></span> 
     </span>
    </p>
   </div>
   <div class='ocr_carea' id='block_1_9' title="bbox 175 996 1391 1064">
    <p class='ocr_par' dir='ltr' id='par_1_9' title="bbox 175 996 1391 1064">
     <span class='ocr_line' id='line_1_9' title="bbox 175 996 1391 1064; baseline 0.001 -18"><span class='ocrx_word' id='word_1_54' title='bbox 175 1002 298 1064; x_wconf 73' lang='lat' dir='ltr'><strong><em>te,et</em></strong></span> <span class='ocrx_word' id='word_1_55' title='bbox 324 1003 508 1063; x_wconf 87' lang='lat' dir='ltr'><strong><em>gentem</em></strong></span> <span class='ocrx_word' id='word_1_56' title='bbox 534 1003 668 1048; x_wconf 83' lang='lat' dir='ltr'><strong><em>luant</em></strong></span> <span class='ocrx_word' id='word_1_57' title='bbox 697 1011 809 1047; x_wconf 89' lang='lat' dir='ltr'><strong><em>cum</em></strong></span> <span class='ocrx_word' id='word_1_58' title='bbox 838 996 996 1064; x_wconf 84' lang='lat' dir='ltr'><strong><em>fuerit</em></strong></span> <span class='ocrx_word' id='word_1_59' title='bbox 1020 1005 1391 1061; x_wconf 81' lang='lat' dir='ltr'><strong><em>opportunum.</em></strong></span> 
     </span>
    </p>
   </div>
   <div class='ocr_carea' id='block_1_10' title="bbox 235 1062 1718 1138">
    <p class='ocr_par' dir='ltr' id='par_1_10' title="bbox 235 1062 1718 1138">
     <span class='ocr_line' id='line_1_10' title="bbox 235 1062 1718 1138; baseline 0.003 -22"><span class='ocrx_word' id='word_1_60' title='bbox 235 1062 278 1116; x_wconf 82' lang='grc' dir='ltr'><em>Ν</em></span> <span class='ocrx_word' id='word_1_61' title='bbox 287 1062 373 1118; x_wconf 88' lang='lat' dir='ltr'><strong><em>unc</em></strong></span> <span class='ocrx_word' id='word_1_62' title='bbox 401 1082 517 1138; x_wconf 89' lang='lat' dir='ltr'><strong><em>ergo</em></strong></span> <span class='ocrx_word' id='word_1_63' title='bbox 544 1078 672 1120; x_wconf 89' lang='lat' dir='ltr'><strong><em>recte</em></strong></span> <span class='ocrx_word' id='word_1_64' title='bbox 693 1062 893 1134; x_wconf 87' lang='lat' dir='ltr'><strong><em>feceris,</em></strong></span> <span class='ocrx_word' id='word_1_65' title='bbox 926 1067 970 1118; x_wconf 90' lang='lat' dir='ltr'><strong><em>si</em></strong></span> <span class='ocrx_word' id='word_1_66' title='bbox 1001 1066 1198 1121; x_wconf 88' lang='lat' dir='ltr'><strong><em>miseris</em></strong></span> <span class='ocrx_word' id='word_1_67' title='bbox 1226 1068 1278 1120; x_wconf 87' lang='lat' dir='ltr'><strong><em>in</em></strong></span> <span class='ocrx_word' id='word_1_68' title='bbox 1305 1066 1560 1121; x_wconf 74' lang='lat' dir='ltr'><strong><em>auxilium</em></strong></span> <span class='ocrx_word' id='word_1_69' title='bbox 1591 1067 1718 1121; x_wconf 88' lang='lat' dir='ltr'><strong><em>mihi</em></strong></span> 
     </span>
    </p>
   </div>
   <div class='ocr_carea' id='block_1_11' title="bbox 174 1136 1364 1206">
    <p class='ocr_par' dir='ltr' id='par_1_11' title="bbox 174 1136 1364 1206">
     <span class='ocr_line' id='line_1_11' title="bbox 174 1136 1364 1206; baseline 0.002 -17"><span class='ocrx_word' id='word_1_70' title='bbox 174 1136 320 1189; x_wconf 69' lang='lat' dir='ltr'><strong><em>viras:</em></strong></span> <span class='ocrx_word' id='word_1_71' title='bbox 346 1136 470 1206; x_wconf 76' lang='lat' dir='ltr'><strong><em>quia</em></strong></span> <span class='ocrx_word' id='word_1_72' title='bbox 487 1137 710 1192; x_wconf 86' lang='lat' dir='ltr'><strong><em>discessit</em></strong></span> <span class='ocrx_word' id='word_1_73' title='bbox 739 1139 902 1191; x_wconf 91' lang='lat' dir='ltr'><strong><em>omnis</em></strong></span> <span class='ocrx_word' id='word_1_74' title='bbox 927 1138 1178 1192; x_wconf 75' lang='lat' dir='ltr'><strong><em>exercitus</em></strong></span> <span class='ocrx_word' id='word_1_75' title='bbox 1203 1153 1364 1193; x_wconf 89' lang='lat' dir='ltr'><strong><em>meus.</em></strong></span> 
     </span>
    </p>
   </div>
   <div class='ocr_carea' id='block_1_12' title="bbox 230 1206 1716 1280">
    <p class='ocr_par' dir='ltr' id='par_1_12' title="bbox 230 1206 1716 1280">
     <span class='ocr_line' id='line_1_12' title="bbox 230 1206 1716 1280; baseline 0.004 -22"><span class='ocrx_word' id='word_1_76' title='bbox 230 1206 288 1280; x_wconf 77' lang='lat' dir='ltr'><strong><em>Et</em></strong></span> <span class='ocrx_word' id='word_1_77' title='bbox 329 1209 457 1280; x_wconf 89' lang='lat' dir='ltr'><strong><em>misit</em></strong></span> <span class='ocrx_word' id='word_1_78' title='bbox 502 1211 546 1262; x_wconf 87' lang='lat' dir='ltr'><strong><em>ei</em></strong></span> <span class='ocrx_word' id='word_1_79' title='bbox 594 1208 840 1262; x_wconf 79' lang='lat' dir='ltr'><strong><em>Jonatlias</em></strong></span> <span class='ocrx_word' id='word_1_80' title='bbox 888 1211 988 1262; x_wconf 92' lang='lat' dir='ltr'><strong><em>tria</em></strong></span> <span class='ocrx_word' id='word_1_81' title='bbox 1034 1209 1201 1262; x_wconf 80' lang='lat' dir='ltr'><strong><em>millia</em></strong></span> <span class='ocrx_word' id='word_1_82' title='bbox 1249 1210 1475 1264; x_wconf 83' lang='lat' dir='ltr'><strong><em>virorum</em></strong></span> <span class='ocrx_word' id='word_1_83' title='bbox 1505 1210 1716 1280; x_wconf 90' lang='lat' dir='ltr'><strong><em>fortium</em></strong></span> 
     </span>
    </p>
   </div>
   <div class='ocr_carea' id='block_1_13' title="bbox 171 1279 1718 1353">
    <p class='ocr_par' dir='ltr' id='par_1_13' title="bbox 171 1279 1718 1353">
     <span class='ocr_line' id='line_1_13' title="bbox 171 1279 1718 1353; baseline 0.005 -23"><span class='ocrx_word' id='word_1_84' title='bbox 171 1279 460 1353; x_wconf 76' lang='lat' dir='ltr'><strong><em>Antiochiam</em></strong></span> <span class='ocrx_word' id='word_1_85' title='bbox 483 1295 502 1334; x_wconf 91' lang='lat'><strong><em>:</em></strong></span> <span class='ocrx_word' id='word_1_86' title='bbox 531 1289 577 1333; x_wconf 91' lang='lat' dir='ltr'><strong><em>et</em></strong></span> <span class='ocrx_word' id='word_1_87' title='bbox 621 1290 860 1334; x_wconf 68' lang='lat' dir='ltr'><strong><em>uenerunt</em></strong></span> <span class='ocrx_word' id='word_1_88' title='bbox 903 1281 971 1334; x_wconf 90' lang='lat' dir='ltr'><strong><em>ad</em></strong></span> <span class='ocrx_word' id='word_1_89' title='bbox 1013 1296 1208 1353; x_wconf 86' lang='lat' dir='ltr'><strong><em>regem,</em></strong></span> <span class='ocrx_word' id='word_1_90' title='bbox 1241 1292 1288 1336; x_wconf 87' lang='lat' dir='ltr'><strong><em>et</em></strong></span> <span class='ocrx_word' id='word_1_91' title='bbox 1319 1279 1604 1337; x_wconf 83' lang='lat' dir='ltr'><strong><em>delectatus</em></strong></span> <span class='ocrx_word' id='word_1_92' title='bbox 1645 1293 1718 1337; x_wconf 87' lang='lat' dir='ltr'><strong><em>est</em></strong></span> 
     </span>
    </p>
   </div>
   <div class='ocr_carea' id='block_1_14' title="bbox 167 1351 766 1407">
    <p class='ocr_par' dir='ltr' id='par_1_14' title="bbox 167 1351 766 1407">
     <span class='ocr_line' id='line_1_14' title="bbox 167 1351 766 1407; baseline 0.002 -4"><span class='ocrx_word' id='word_1_93' title='bbox 167 1365 243 1404; x_wconf 73' lang='lat' dir='ltr'><strong><em>rex</em></strong></span> <span class='ocrx_word' id='word_1_94' title='bbox 266 1351 312 1403; x_wconf 91' lang='lat' dir='ltr'><strong><em>in</em></strong></span> <span class='ocrx_word' id='word_1_95' title='bbox 339 1352 550 1407; x_wconf 78' lang='lat' dir='ltr'><strong><em>adventu</em></strong></span> <span class='ocrx_word' id='word_1_96' title='bbox 578 1368 766 1406; x_wconf 88' lang='lat' dir='ltr'><strong><em>eorum.</em></strong></span> 
     </span>
    </p>
   </div>
   <div class='ocr_carea' id='block_1_15' title="bbox 227 1420 1718 1497">
    <p class='ocr_par' dir='ltr' id='par_1_15' title="bbox 227 1420 1718 1497">
     <span class='ocr_line' id='line_1_15' title="bbox 227 1420 1718 1497; baseline 0.003 -23"><span class='ocrx_word' id='word_1_97' title='bbox 227 1420 284 1497; x_wconf 54' lang='lat' dir='ltr'><strong><em>lit</em></strong></span> <span class='ocrx_word' id='word_1_98' title='bbox 312 1433 659 1497; x_wconf 82' lang='lat' dir='ltr'><strong><em>convenerunt,</em></strong></span> <span class='ocrx_word' id='word_1_99' title='bbox 691 1424 949 1497; x_wconf 83' lang='lat' dir='ltr'><strong><em>quierant</em></strong></span> <span class='ocrx_word' id='word_1_100' title='bbox 975 1425 1038 1478; x_wconf 87' lang='lat' dir='ltr'><strong><em>de</em></strong></span> <span class='ocrx_word' id='word_1_101' title='bbox 1067 1425 1274 1479; x_wconf 81' lang='lat' dir='ltr'><strong><em>civitate</em></strong></span> <span class='ocrx_word' id='word_1_102' title='bbox 1301 1431 1505 1477; x_wconf 89' lang='lat' dir='ltr'><strong><em>centum</em></strong></span> <span class='ocrx_word' id='word_1_103' title='bbox 1535 1424 1718 1497; x_wconf 68' lang='lat' dir='ltr'><strong><em>uiginti</em></strong></span> 
     </span>
    </p>
   </div>
   <div class='ocr_carea' id='block_1_16' title="bbox 169 1492 1438 1565">
    <p class='ocr_par' dir='ltr' id='par_1_16' title="bbox 169 1492 1438 1565">
     <span class='ocr_line' id='line_1_16' title="bbox 169 1492 1438 1565; baseline 0.003 -21"><span class='ocrx_word' id='word_1_104' title='bbox 169 1492 571 1565; x_wconf 64' lang='lat' dir='ltr'><strong><em>milliarirorum,</em></strong></span> <span class='ocrx_word' id='word_1_105' title='bbox 602 1504 646 1548; x_wconf 89' lang='lat' dir='ltr'><strong><em>et</em></strong></span> <span class='ocrx_word' id='word_1_106' title='bbox 677 1495 906 1550; x_wconf 75' lang='lat' dir='ltr'><strong><em>colebant</em></strong></span> <span class='ocrx_word' id='word_1_107' title='bbox 928 1497 1218 1564; x_wconf 87' lang='lat' dir='ltr'><strong><em>inter/icere</em></strong></span> <span class='ocrx_word' id='word_1_108' title='bbox 1247 1512 1438 1565; x_wconf 88' lang='lat' dir='ltr'><strong><em>regem.</em></strong></span> 
     </span>
    </p>
   </div>
   <div class='ocr_carea' id='block_1_17' title="bbox 222 1562 1720 1639">
    <p class='ocr_par' dir='ltr' id='par_1_17' title="bbox 222 1562 1720 1639">
     <span class='ocr_line' id='line_1_17' title="bbox 222 1562 1720 1639; baseline 0.005 -23"><span class='ocrx_word' id='word_1_109' title='bbox 222 1562 283 1617; x_wconf 90' lang='lat' dir='ltr'><strong><em>Et</em></strong></span> <span class='ocrx_word' id='word_1_110' title='bbox 306 1564 430 1636; x_wconf 88' lang='lat' dir='ltr'><strong><em>fugit</em></strong></span> <span class='ocrx_word' id='word_1_111' title='bbox 450 1583 538 1620; x_wconf 76' lang='lat' dir='ltr'><strong><em>rex</em></strong></span> <span class='ocrx_word' id='word_1_112' title='bbox 565 1567 616 1619; x_wconf 91' lang='lat' dir='ltr'><strong><em>in</em></strong></span> <span class='ocrx_word' id='word_1_113' title='bbox 637 1569 814 1639; x_wconf 87' lang='lat' dir='ltr'><strong><em>aulam</em></strong></span> <span class='ocrx_word' id='word_1_114' title='bbox 840 1583 858 1620; x_wconf 91' lang='lat'><strong><em>:</em></strong></span> <span class='ocrx_word' id='word_1_115' title='bbox 886 1578 933 1620; x_wconf 91' lang='lat' dir='ltr'><strong><em>et</em></strong></span> <span class='ocrx_word' id='word_1_116' title='bbox 963 1562 1340 1639; x_wconf 66' lang='lat' dir='ltr'><strong><em>occupaverunt</em></strong></span> <span class='ocrx_word' id='word_1_117' title='bbox 1369 1567 1458 1638; x_wconf 89' lang='lat' dir='ltr'><strong><em>qui</em></strong></span> <span class='ocrx_word' id='word_1_118' title='bbox 1483 1577 1628 1621; x_wconf 91' lang='lat' dir='ltr'><strong><em>erant</em></strong></span> <span class='ocrx_word' id='word_1_119' title='bbox 1657 1567 1720 1623; x_wconf 89' lang='lat' dir='ltr'><strong><em>de</em></strong></span> 
     </span>
    </p>
   </div>
   <div class='ocr_carea' id='block_1_18' title="bbox 169 1636 1487 1711">
    <p class='ocr_par' dir='ltr' id='par_1_18' title="bbox 169 1636 1487 1711">
     <span class='ocr_line' id='line_1_18' title="bbox 169 1636 1487 1711; baseline 0.004 -24"><span class='ocrx_word' id='word_1_120' title='bbox 169 1636 364 1711; x_wconf 65' lang='lat' dir='ltr'><strong><em>civitate,</em></strong></span> <span class='ocrx_word' id='word_1_121' title='bbox 392 1639 571 1711; x_wconf 81' lang='lat' dir='ltr'><strong><em>itinera</em></strong></span> <span class='ocrx_word' id='word_1_122' title='bbox 600 1637 835 1711; x_wconf 75' lang='lat' dir='ltr'><strong><em>ciuitatis,</em></strong></span> <span class='ocrx_word' id='word_1_123' title='bbox 865 1648 911 1692; x_wconf 93' lang='lat' dir='ltr'><strong><em>et</em></strong></span> <span class='ocrx_word' id='word_1_124' title='bbox 943 1636 1201 1708; x_wconf 73' lang='lat' dir='ltr'><strong><em>coeperunt</em></strong></span> <span class='ocrx_word' id='word_1_125' title='bbox 1231 1636 1487 1711; x_wconf 84' lang='lat' dir='ltr'><strong><em>pugnare.</em></strong></span> 
     </span>
    </p>
   </div>
   <div class='ocr_carea' id='block_1_19' title="bbox 223 1706 1719 1774">
    <p class='ocr_par' dir='ltr' id='par_1_19' title="bbox 223 1706 1719 1774">
     <span class='ocr_line' id='line_1_19' title="bbox 223 1706 1719 1774; baseline 0.003 -15"><span class='ocrx_word' id='word_1_126' title='bbox 223 1706 282 1760; x_wconf 79' lang='lat' dir='ltr'><strong><em>Et</em></strong></span> <span class='ocrx_word' id='word_1_127' title='bbox 317 1709 502 1761; x_wconf 73' lang='lat' dir='ltr'><strong><em>vocavit</em></strong></span> <span class='ocrx_word' id='word_1_128' title='bbox 537 1725 628 1764; x_wconf 80' lang='lat' dir='ltr'><strong><em>rex</em></strong></span> <span class='ocrx_word' id='word_1_129' title='bbox 654 1707 865 1763; x_wconf 64' lang='lat' dir='ltr'><strong><em>Judaéos</em></strong></span> <span class='ocrx_word' id='word_1_130' title='bbox 907 1713 959 1763; x_wconf 89' lang='lat' dir='ltr'><strong><em>in</em></strong></span> <span class='ocrx_word' id='word_1_131' title='bbox 989 1706 1265 1774; x_wconf 79' lang='lat' dir='ltr'><strong><em>auxilium,</em></strong></span> <span class='ocrx_word' id='word_1_132' title='bbox 1299 1706 1344 1763; x_wconf 83' lang='lat' dir='ltr'><strong><em>et</em></strong></span> <span class='ocrx_word' id='word_1_133' title='bbox 1373 1721 1719 1765; x_wconf 79' lang='lat' dir='ltr'><strong><em>convenerunt</em></strong></span> 
     </span>
    </p>
   </div>
   <div class='ocr_carea' id='block_1_20' title="bbox 165 1779 1720 1853">
    <p class='ocr_par' dir='ltr' id='par_1_20' title="bbox 165 1779 1720 1853">
     <span class='ocr_line' id='line_1_20' title="bbox 165 1779 1720 1853; baseline 0.003 -23"><span class='ocrx_word' id='word_1_134' title='bbox 165 1794 311 1833; x_wconf 88' lang='lat' dir='ltr'><strong><em>omnes</em></strong></span> <span class='ocrx_word' id='word_1_135' title='bbox 338 1779 486 1835; x_wconf 87' lang='lat' dir='ltr'><strong><em>simul</em></strong></span> <span class='ocrx_word' id='word_1_136' title='bbox 517 1782 585 1834; x_wconf 87' lang='lat' dir='ltr'><strong><em>ad</em></strong></span> <span class='ocrx_word' id='word_1_137' title='bbox 621 1797 756 1847; x_wconf 90' lang='lat' dir='ltr'><strong><em>eum,</em></strong></span> <span class='ocrx_word' id='word_1_138' title='bbox 789 1792 837 1835; x_wconf 91' lang='lat' dir='ltr'><strong><em>et</em></strong></span> <span class='ocrx_word' id='word_1_139' title='bbox 873 1783 1091 1853; x_wconf 89' lang='lat' dir='ltr'><strong><em>dispersi</em></strong></span> <span class='ocrx_word' id='word_1_140' title='bbox 1124 1791 1242 1835; x_wconf 91' lang='lat' dir='ltr'><strong><em>sunt</em></strong></span> <span class='ocrx_word' id='word_1_141' title='bbox 1271 1798 1444 1836; x_wconf 84' lang='lat' dir='ltr'><strong><em>omnes</em></strong></span> <span class='ocrx_word' id='word_1_142' title='bbox 1473 1799 1562 1852; x_wconf 90' lang='lat' dir='ltr'><strong><em>per</em></strong></span> <span class='ocrx_word' id='word_1_143' title='bbox 1597 1784 1720 1836; x_wconf 84' lang='lat' dir='ltr'><strong><em>ciri-</em></strong></span> 
     </span>
    </p>
   </div>
   <div class='ocr_carea' id='block_1_21' title="bbox 163 1858 328 1902">
    <p class='ocr_par' dir='ltr' id='par_1_21' title="bbox 163 1858 328 1902">
     <span class='ocr_line' id='line_1_21' title="bbox 163 1858 328 1902; baseline 0.006 -1"><span class='ocrx_word' id='word_1_144' title='bbox 163 1858 292 1902; x_wconf 88' lang='lat' dir='ltr'><strong><em>tatem</em></strong></span> <span class='ocrx_word' id='word_1_145' title='bbox 312 1865 328 1902; x_wconf 88' lang='lat'><strong><em>.‘</em></strong></span> 
     </span>
    </p>
   </div>
   <div class='ocr_carea' id='block_1_22' title="bbox 221 1919 1720 1990">
    <p class='ocr_par' dir='ltr' id='par_1_22' title="bbox 221 1919 1720 1990">
     <span class='ocr_line' id='line_1_22' title="bbox 221 1919 1720 1990; baseline 0.003 -17"><span class='ocrx_word' id='word_1_146' title='bbox 221 1919 280 1973; x_wconf 80' lang='lat' dir='ltr'><strong><em>Et</em></strong></span> <span class='ocrx_word' id='word_1_147' title='bbox 304 1923 591 1977; x_wconf 77' lang='lat' dir='ltr'><strong><em>occiderunt</em></strong></span> <span class='ocrx_word' id='word_1_148' title='bbox 621 1923 672 1977; x_wconf 86' lang='lat' dir='ltr'><strong><em>in</em></strong></span> <span class='ocrx_word' id='word_1_149' title='bbox 695 1921 795 1978; x_wconf 89' lang='lat' dir='ltr'><strong><em>illa</em></strong></span> <span class='ocrx_word' id='word_1_150' title='bbox 822 1924 907 1977; x_wconf 89' lang='lat' dir='ltr'><strong><em>die</em></strong></span> <span class='ocrx_word' id='word_1_151' title='bbox 938 1932 1136 1977; x_wconf 87' lang='lat' dir='ltr'><strong><em>centum</em></strong></span> <span class='ocrx_word' id='word_1_152' title='bbox 1165 1923 1332 1978; x_wconf 88' lang='lat' dir='ltr'><strong><em>millia</em></strong></span> <span class='ocrx_word' id='word_1_153' title='bbox 1358 1925 1645 1990; x_wconf 81' lang='lat' dir='ltr'><strong><em>hominum,</em></strong></span> <span class='ocrx_word' id='word_1_154' title='bbox 1673 1934 1720 1978; x_wconf 92' lang='lat' dir='ltr'><strong><em>et</em></strong></span> 
     </span>
    </p>
   </div>
   <div class='ocr_carea' id='block_1_23' title="bbox 162 1995 1721 2067">
    <p class='ocr_par' dir='ltr' id='par_1_23' title="bbox 162 1995 1721 2067">
     <span class='ocr_line' id='line_1_23' title="bbox 162 1995 1721 2067; baseline 0.003 -22"><span class='ocrx_word' id='word_1_155' title='bbox 162 1995 497 2067; x_wconf 70' lang='lat' dir='ltr'><strong><em>succenderunt</em></strong></span> <span class='ocrx_word' id='word_1_156' title='bbox 519 1995 797 2061; x_wconf 79' lang='lat' dir='ltr'><strong><em>civitatem,</em></strong></span> <span class='ocrx_word' id='word_1_157' title='bbox 832 2003 877 2048; x_wconf 90' lang='lat' dir='ltr'><strong><em>et</em></strong></span> <span class='ocrx_word' id='word_1_158' title='bbox 905 2005 1150 2067; x_wconf 89' lang='lat' dir='ltr'><strong><em>ceperunt</em></strong></span> <span class='ocrx_word' id='word_1_159' title='bbox 1178 1997 1345 2066; x_wconf 78' lang='lat' dir='ltr'><strong><em>spolia</em></strong></span> <span class='ocrx_word' id='word_1_160' title='bbox 1369 1997 1533 2049; x_wconf 88' lang='lat' dir='ltr'><strong><em>multa</em></strong></span> <span class='ocrx_word' id='word_1_161' title='bbox 1560 2000 1612 2049; x_wconf 89' lang='lat' dir='ltr'><strong><em>in</em></strong></span> <span class='ocrx_word' id='word_1_162' title='bbox 1638 1998 1721 2050; x_wconf 89' lang='lat' dir='ltr'><strong><em>die</em></strong></span> 
     </span>
    </p>
   </div>
   <div class='ocr_carea' id='block_1_24' title="bbox 160 2063 895 2138">
    <p class='ocr_par' dir='ltr' id='par_1_24' title="bbox 160 2063 895 2138">
     <span class='ocr_line' id='line_1_24' title="bbox 160 2063 895 2138; baseline 0.008 -24"><span class='ocrx_word' id='word_1_163' title='bbox 160 2063 260 2138; x_wconf 64' lang='lat' dir='ltr'><strong><em>illa,</em></strong></span> <span class='ocrx_word' id='word_1_164' title='bbox 277 2075 320 2120; x_wconf 90' lang='lat' dir='ltr'><strong><em>et</em></strong></span> <span class='ocrx_word' id='word_1_165' title='bbox 348 2067 682 2130; x_wconf 79' lang='lat' dir='ltr'><strong><em>liberaverunt</em></strong></span> <span class='ocrx_word' id='word_1_166' title='bbox 706 2083 895 2138; x_wconf 82' lang='lat' dir='ltr'><strong><em>regem.</em></strong></span> 
     </span>
    </p>
   </div>
   <div class='ocr_carea' id='block_1_25' title="bbox 220 2134 1722 2208">
    <p class='ocr_par' dir='ltr' id='par_1_25' title="bbox 220 2134 1722 2208">
     <span class='ocr_line' id='line_1_25' title="bbox 220 2134 1722 2208; baseline 0.003 -21"><span class='ocrx_word' id='word_1_167' title='bbox 220 2134 279 2190; x_wconf 82' lang='lat' dir='ltr'><strong><em>Et</em></strong></span> <span class='ocrx_word' id='word_1_168' title='bbox 307 2137 529 2192; x_wconf 81' lang='lat' dir='ltr'><strong><em>viderunt</em></strong></span> <span class='ocrx_word' id='word_1_169' title='bbox 564 2139 653 2208; x_wconf 81' lang='lat' dir='ltr'><strong><em>qui</em></strong></span> <span class='ocrx_word' id='word_1_170' title='bbox 687 2134 832 2192; x_wconf 75' lang='lat' dir='ltr'><strong><em>erant</em></strong></span> <span class='ocrx_word' id='word_1_171' title='bbox 865 2138 928 2192; x_wconf 85' lang='lat' dir='ltr'><strong><em>de</em></strong></span> <span class='ocrx_word' id='word_1_172' title='bbox 951 2139 1179 2206; x_wconf 77' lang='lat' dir='ltr'><strong><em>civitate,</em></strong></span> <span class='ocrx_word' id='word_1_173' title='bbox 1215 2140 1351 2203; x_wconf 88' lang='lat' dir='ltr'><strong><em>quod</em></strong></span> <span class='ocrx_word' id='word_1_174' title='bbox 1381 2139 1722 2193; x_wconf 56' lang='lat' dir='ltr'><strong><em>obtinuissent</em></strong></span> 
     </span>
    </p>
   </div>
   <div class='ocr_carea' id='block_1_26' title="bbox 163 2204 1722 2278">
    <p class='ocr_par' dir='ltr' id='par_1_26' title="bbox 163 2204 1722 2278">
     <span class='ocr_line' id='line_1_26' title="bbox 163 2204 1722 2278; baseline 0.003 -18"><span class='ocrx_word' id='word_1_175' title='bbox 163 2204 310 2262; x_wconf 75' lang='lat' dir='ltr'><strong><em>Iudici</em></strong></span> <span class='ocrx_word' id='word_1_176' title='bbox 351 2204 637 2275; x_wconf 76' lang='lat' dir='ltr'><strong><em>civitatem,</em></strong></span> <span class='ocrx_word' id='word_1_177' title='bbox 689 2211 821 2263; x_wconf 85' lang='lat' dir='ltr'><strong><em>sicut</em></strong></span> <span class='ocrx_word' id='word_1_178' title='bbox 871 2204 1246 2265; x_wconf 52' lang='lat' dir='ltr'><strong><em>rolebantiet</em></strong></span> <span class='ocrx_word' id='word_1_179' title='bbox 1301 2211 1549 2278; x_wconf 77' lang='lat' dir='ltr'><strong><em>inﬁrmati</em></strong></span> <span class='ocrx_word' id='word_1_180' title='bbox 1603 2219 1722 2264; x_wconf 91' lang='lat' dir='ltr'><strong><em>sunt</em></strong></span> 
     </span>
    </p>
   </div>
   <div class='ocr_carea' id='block_1_27' title="bbox 161 2280 1722 2400">
    <p class='ocr_par' dir='ltr' id='par_1_27' title="bbox 161 2280 1722 2400">
     <span class='ocr_line' id='line_1_27' title="bbox 161 2280 1722 2400; baseline 0.002 -70"><span class='ocrx_word' id='word_1_181' title='bbox 161 2292 299 2400; x_wconf 53' lang='lat' dir='ltr'><strong><em>stante</em></strong></span> <span class='ocrx_word' id='word_1_182' title='bbox 345 2297 455 2351; x_wconf 90' lang='lat' dir='ltr'><strong><em>sua,</em></strong></span> <span class='ocrx_word' id='word_1_183' title='bbox 504 2291 550 2337; x_wconf 90' lang='lat' dir='ltr'><strong><em>et</em></strong></span> <span class='ocrx_word' id='word_1_184' title='bbox 596 2281 948 2336; x_wconf 71' lang='lat' dir='ltr'><strong><em>clamauerunt</em></strong></span> <span class='ocrx_word' id='word_1_185' title='bbox 993 2283 1061 2336; x_wconf 75' lang='lat' dir='ltr'><strong><em>arl</em></strong></span> <span class='ocrx_word' id='word_1_186' title='bbox 1108 2298 1279 2352; x_wconf 89' lang='lat' dir='ltr'><strong><em>regem</em></strong></span> <span class='ocrx_word' id='word_1_187' title='bbox 1327 2297 1441 2335; x_wconf 89' lang='lat' dir='ltr'><strong><em>cum</em></strong></span> <span class='ocrx_word' id='word_1_188' title='bbox 1488 2280 1722 2351; x_wconf 78' lang='lat' dir='ltr'><strong><em>precibus</em></strong></span> 
     </span>
     <span class='ocr_line' id='line_1_28' title="bbox 193 2363 396 2400; baseline 0 0"><span class='ocrx_word' id='word_1_189' title='bbox 193 2363 396 2400; x_wconf 81' lang='lat' dir='ltr'><strong><em>tcentes:</em></strong></span> 
     </span>
    </p>
   </div>
   <div class='ocr_carea' id='block_1_28' title="bbox 193 2363 396 2406">
    <p class='ocr_par' dir='ltr' id='par_1_28' title="bbox 193 2363 396 2406">
     <span class='ocr_line' id='line_1_29' title="bbox 193 2363 396 2406; baseline 0.034 -7"><span class='ocrx_word' id='word_1_190' title='bbox 193 2363 356 2406; x_wconf 81' lang='lat' dir='ltr'><strong><em>tcentes</em></strong></span> <span class='ocrx_word' id='word_1_191' title='bbox 380 2367 396 2405; x_wconf 75' lang='grc' dir='ltr'><strong><em>ἔ</em></strong></span> 
     </span>
    </p>
   </div>
   <div class='ocr_carea' id='block_1_29' title="bbox 218 2419 1720 2503">
    <p class='ocr_par' dir='ltr' id='par_1_29' title="bbox 218 2419 1720 2503">
     <span class='ocr_line' id='line_1_30' title="bbox 218 2419 1720 2503; baseline 0.001 -27"><span class='ocrx_word' id='word_1_192' title='bbox 218 2419 454 2503; x_wconf 66' lang='lat' dir='ltr'><strong><em>Danum</em></strong></span> <span class='ocrx_word' id='word_1_193' title='bbox 482 2423 696 2480; x_wconf 70' lang='lat' dir='ltr'><strong><em>dextras</em></strong></span> <span class='ocrx_word' id='word_1_194' title='bbox 716 2466 730 2492; x_wconf 93' lang='lat'><strong><em>,</em></strong></span> <span class='ocrx_word' id='word_1_195' title='bbox 763 2433 807 2480; x_wconf 83' lang='lat' dir='ltr'><strong><em>et</em></strong></span> <span class='ocrx_word' id='word_1_196' title='bbox 840 2434 1032 2481; x_wconf 85' lang='lat' dir='ltr'><strong><em>cessent</em></strong></span> <span class='ocrx_word' id='word_1_197' title='bbox 1067 2422 1242 2480; x_wconf 69' lang='lat' dir='ltr'><strong><em>Judaei</em></strong></span> <span class='ocrx_word' id='word_1_198' title='bbox 1274 2439 1577 2497; x_wconf 76' lang='lat' dir='ltr'><strong><em>oppugnare</em></strong></span> <span class='ocrx_word' id='word_1_199' title='bbox 1605 2440 1720 2492; x_wconf 89' lang='lat' dir='ltr'><strong><em>nos,</em></strong></span> 
     </span>
    </p>
   </div>
   <div class='ocr_carea' id='block_1_30' title="bbox 162 2496 481 2552">
    <p class='ocr_par' dir='ltr' id='par_1_30' title="bbox 162 2496 481 2552">
     <span class='ocr_line' id='line_1_31' title="bbox 162 2496 481 2552; baseline 0.013 -7"><span class='ocrx_word' id='word_1_200' title='bbox 162 2501 199 2545; x_wconf 85' lang='lat' dir='ltr'><strong><em>et</em></strong></span> <span class='ocrx_word' id='word_1_201' title='bbox 223 2496 481 2552; x_wconf 87' lang='lat' dir='ltr'><strong><em>ciritatem.</em></strong></span> 
     </span>
    </p>
   </div>
   <div class='ocr_carea' id='block_1_31' title="bbox 217 2563 1726 2640">
    <p class='ocr_par' dir='ltr' id='par_1_31' title="bbox 217 2563 1726 2640">
     <span class='ocr_line' id='line_1_32' title="bbox 217 2563 1726 2640; baseline 0.002 -22"><span class='ocrx_word' id='word_1_202' title='bbox 217 2563 273 2640; x_wconf 88' lang='lat' dir='ltr'><strong><em>_Et</em></strong></span> <span class='ocrx_word' id='word_1_203' title='bbox 298 2569 619 2640; x_wconf 70' lang='lat' dir='ltr'><strong><em>proiecerunt</em></strong></span> <span class='ocrx_word' id='word_1_204' title='bbox 654 2583 799 2623; x_wconf 87' lang='lat' dir='ltr'><strong><em>arma</em></strong></span> <span class='ocrx_word' id='word_1_205' title='bbox 825 2585 945 2635; x_wconf 88' lang='lat' dir='ltr'><strong><em>sua,</em></strong></span> <span class='ocrx_word' id='word_1_206' title='bbox 975 2569 1021 2624; x_wconf 86' lang='lat' dir='ltr'><strong><em>et</em></strong></span> <span class='ocrx_word' id='word_1_207' title='bbox 1049 2573 1277 2640; x_wconf 88' lang='lat' dir='ltr'><strong><em>fecerunt</em></strong></span> <span class='ocrx_word' id='word_1_208' title='bbox 1305 2584 1502 2640; x_wconf 72' lang='lat' dir='ltr'><strong><em>pacem,</em></strong></span> <span class='ocrx_word' id='word_1_209' title='bbox 1537 2576 1582 2622; x_wconf 87' lang='lat' dir='ltr'><strong><em>et</em></strong></span> <span class='ocrx_word' id='word_1_210' title='bbox 1610 2567 1726 2639; x_wconf 86' lang='lat' dir='ltr'><strong><em>glo-</em></strong></span> 
     </span>
    </p>
   </div>
   <div class='ocr_carea' id='block_1_32' title="bbox 161 2636 1726 2713">
    <p class='ocr_par' dir='ltr' id='par_1_32' title="bbox 161 2636 1726 2713">
     <span class='ocr_line' id='line_1_33' title="bbox 161 2636 1726 2713; baseline 0.004 -27"><span class='ocrx_word' id='word_1_211' title='bbox 161 2636 323 2713; x_wconf 73' lang='lat' dir='ltr'><strong><em>riﬁcaii</em></strong></span> <span class='ocrx_word' id='word_1_212' title='bbox 348 2636 464 2692; x_wconf 82' lang='lat' dir='ltr'><strong><em>sunt</em></strong></span> <span class='ocrx_word' id='word_1_213' title='bbox 491 2638 672 2696; x_wconf 71' lang='lat' dir='ltr'><strong><em>Judai</em></strong></span> <span class='ocrx_word' id='word_1_214' title='bbox 689 2642 750 2713; x_wconf 84' lang='lat' dir='ltr'><strong><em>in</em></strong></span> <span class='ocrx_word' id='word_1_215' title='bbox 781 2636 1058 2713; x_wconf 79' lang='lat' dir='ltr'><strong><em>conspectu</em></strong></span> <span class='ocrx_word' id='word_1_216' title='bbox 1081 2642 1218 2713; x_wconf 89' lang='lat' dir='ltr'><strong><em>regis</em></strong></span> <span class='ocrx_word' id='word_1_217' title='bbox 1239 2683 1252 2706; x_wconf 90' lang='lat'><strong><em>,</em></strong></span> <span class='ocrx_word' id='word_1_218' title='bbox 1285 2636 1332 2693; x_wconf 78' lang='lat' dir='ltr'><strong><em>et</em></strong></span> <span class='ocrx_word' id='word_1_219' title='bbox 1361 2640 1412 2713; x_wconf 83' lang='lat' dir='ltr'><strong><em>in</em></strong></span> <span class='ocrx_word' id='word_1_220' title='bbox 1449 2636 1726 2712; x_wconf 79' lang='lat' dir='ltr'><strong><em>conspectu</em></strong></span> 
     </span>
    </p>
   </div>
   <div class='ocr_carea' id='block_1_33' title="bbox 165 2710 1729 2784">
    <p class='ocr_par' dir='ltr' id='par_1_33' title="bbox 165 2710 1729 2784">
     <span class='ocr_line' id='line_1_34' title="bbox 165 2710 1729 2784; baseline 0.003 -24"><span class='ocrx_word' id='word_1_221' title='bbox 165 2710 378 2773; x_wconf 84' lang='lat' dir='ltr'><strong><em>omnium,</em></strong></span> <span class='ocrx_word' id='word_1_222' title='bbox 395 2713 480 2780; x_wconf 88' lang='lat' dir='ltr'><strong><em>qui</em></strong></span> <span class='ocrx_word' id='word_1_223' title='bbox 501 2722 656 2765; x_wconf 86' lang='lat' dir='ltr'><strong><em>erant</em></strong></span> <span class='ocrx_word' id='word_1_224' title='bbox 680 2712 730 2765; x_wconf 88' lang='lat' dir='ltr'><strong><em>in</em></strong></span> <span class='ocrx_word' id='word_1_225' title='bbox 753 2710 914 2784; x_wconf 74' lang='lat' dir='ltr'><strong><em>regno</em></strong></span> <span class='ocrx_word' id='word_1_226' title='bbox 927 2717 1060 2784; x_wconf 85' lang='lat' dir='ltr'><strong><em>ejus,</em></strong></span> <span class='ocrx_word' id='word_1_227' title='bbox 1079 2723 1122 2765; x_wconf 93' lang='lat' dir='ltr'><strong><em>et</em></strong></span> <span class='ocrx_word' id='word_1_228' title='bbox 1140 2710 1402 2766; x_wconf 76' lang='lat' dir='ltr'><strong><em>nominati</em></strong></span> <span class='ocrx_word' id='word_1_229' title='bbox 1427 2720 1544 2764; x_wconf 89' lang='lat' dir='ltr'><strong><em>sunt</em></strong></span> <span class='ocrx_word' id='word_1_230' title='bbox 1571 2710 1622 2766; x_wconf 86' lang='lat' dir='ltr'><strong><em>in</em></strong></span> <span class='ocrx_word' id='word_1_231' title='bbox 1641 2727 1729 2784; x_wconf 17' lang='lat' dir='ltr'><strong><em>Are-</em></strong></span> 
     </span>
    </p>
   </div>
   <div class='ocr_carea' id='block_1_34' title="bbox 164 2771 1721 2852">
    <p class='ocr_par' dir='ltr' id='par_1_34' title="bbox 164 2771 1721 2852">
     <span class='ocr_line' id='line_1_35' title="bbox 164 2771 1721 2852; baseline 0.004 -22"><span class='ocrx_word' id='word_1_232' title='bbox 164 2796 274 2852; x_wconf 15' lang='lat' dir='ltr'><strong><em>grief:</em></strong></span> <span class='ocrx_word' id='word_1_233' title='bbox 289 2792 329 2835; x_wconf 90' lang='lat' dir='ltr'><strong><em>et</em></strong></span> <span class='ocrx_word' id='word_1_234' title='bbox 346 2771 559 2852; x_wconf 77' lang='lat' dir='ltr'><strong><em>regressi</em></strong></span> <span class='ocrx_word' id='word_1_235' title='bbox 579 2793 705 2838; x_wconf 82' lang='lat' dir='ltr'><strong><em>sunt</em></strong></span> <span class='ocrx_word' id='word_1_236' title='bbox 723 2784 773 2837; x_wconf 90' lang='lat' dir='ltr'><strong><em>in</em></strong></span> <span class='ocrx_word' id='word_1_237' title='bbox 785 2771 1075 2839; x_wconf 65' lang='lat' dir='ltr'><strong><em>Jerusalem</em></strong></span> <span class='ocrx_word' id='word_1_238' title='bbox 1095 2785 1334 2837; x_wconf 80' lang='lat' dir='ltr'><strong><em>habentes</em></strong></span> <span class='ocrx_word' id='word_1_239' title='bbox 1351 2784 1519 2850; x_wconf 80' lang='lat' dir='ltr'><strong><em>spolia</em></strong></span> <span class='ocrx_word' id='word_1_240' title='bbox 1542 2782 1721 2837; x_wconf 74' lang='lat' dir='ltr'><strong><em>multa.</em></strong></span> 
     </span>
    </p>
   </div>
   <div class='ocr_carea' id='block_1_35' title="bbox 218 2850 1727 2927">
    <p class='ocr_par' dir='ltr' id='par_1_35' title="bbox 218 2850 1727 2927">
     <span class='ocr_line' id='line_1_36' title="bbox 218 2850 1727 2927; baseline 0.003 -25"><span class='ocrx_word' id='word_1_241' title='bbox 218 2850 276 2903; x_wconf 88' lang='lat' dir='ltr'><strong><em>Et</em></strong></span> <span class='ocrx_word' id='word_1_242' title='bbox 305 2850 432 2927; x_wconf 83' lang='lat' dir='ltr'><strong><em>sedit</em></strong></span> <span class='ocrx_word' id='word_1_243' title='bbox 476 2854 775 2908; x_wconf 85' lang='lat' dir='ltr'><strong><em>Demetrius</em></strong></span> <span class='ocrx_word' id='word_1_244' title='bbox 817 2873 905 2910; x_wconf 75' lang='lat' dir='ltr'><strong><em>rex</em></strong></span> <span class='ocrx_word' id='word_1_245' title='bbox 934 2858 986 2910; x_wconf 88' lang='lat' dir='ltr'><strong><em>in</em></strong></span> <span class='ocrx_word' id='word_1_246' title='bbox 1026 2855 1144 2910; x_wconf 89' lang='lat' dir='ltr'><strong><em>sede</em></strong></span> <span class='ocrx_word' id='word_1_247' title='bbox 1174 2855 1318 2927; x_wconf 81' lang='lat' dir='ltr'><strong><em>regni</em></strong></span> <span class='ocrx_word' id='word_1_248' title='bbox 1351 2855 1430 2908; x_wconf 85' lang='lat' dir='ltr'><strong><em>sui</em></strong></span> <span class='ocrx_word' id='word_1_249' title='bbox 1463 2870 1482 2908; x_wconf 88' lang='lat'><strong><em>:</em></strong></span> <span class='ocrx_word' id='word_1_250' title='bbox 1506 2865 1551 2910; x_wconf 87' lang='lat' dir='ltr'><strong><em>et</em></strong></span> <span class='ocrx_word' id='word_1_251' title='bbox 1581 2853 1727 2909; x_wconf 89' lang='lat' dir='ltr'><strong><em>siluit</em></strong></span> 
     </span>
    </p>
   </div>
   <div class='ocr_carea' id='block_1_36' title="bbox 159 2925 812 2996">
    <p class='ocr_par' dir='ltr' id='par_1_36' title="bbox 159 2925 812 2996">
     <span class='ocr_line' id='line_1_37' title="bbox 159 2925 812 2996; baseline 0.008 -22"><span class='ocrx_word' id='word_1_252' title='bbox 159 2930 272 2996; x_wconf 79' lang='lat' dir='ltr'><strong><em>terra</em></strong></span> <span class='ocrx_word' id='word_1_253' title='bbox 297 2925 346 2977; x_wconf 87' lang='lat' dir='ltr'><strong><em>in</em></strong></span> <span class='ocrx_word' id='word_1_254' title='bbox 374 2936 652 2995; x_wconf 75' lang='lat' dir='ltr'><strong><em>conspectu</em></strong></span> <span class='ocrx_word' id='word_1_255' title='bbox 683 2930 812 2996; x_wconf 86' lang='lat' dir='ltr'><strong><em>ejus.</em></strong></span> 
     </span>
    </p>
   </div>
   <div class='ocr_carea' id='block_1_37' title="bbox 219 2993 1728 3069">
    <p class='ocr_par' dir='ltr' id='par_1_37' title="bbox 219 2993 1728 3069">
     <span class='ocr_line' id='line_1_38' title="bbox 219 2993 1728 3069; baseline 0.002 -22"><span class='ocrx_word' id='word_1_256' title='bbox 219 2993 274 3048; x_wconf 78' lang='lat' dir='ltr'><strong><em>Et</em></strong></span> <span class='ocrx_word' id='word_1_257' title='bbox 301 2993 637 3069; x_wconf 80' lang='lat' dir='ltr'><strong><em>mentitusest</em></strong></span> <span class='ocrx_word' id='word_1_258' title='bbox 664 2993 837 3052; x_wconf 78' lang='lat' dir='ltr'><strong><em>omnia</em></strong></span> <span class='ocrx_word' id='word_1_259' title='bbox 861 3014 1192 3069; x_wconf 69' lang='lat' dir='ltr'><strong><em>quaecumque</em></strong></span> <span class='ocrx_word' id='word_1_260' title='bbox 1214 2997 1369 3061; x_wconf 66' lang='lat' dir='ltr'><strong><em>dixit,</em></strong></span> <span class='ocrx_word' id='word_1_261' title='bbox 1396 3005 1440 3069; x_wconf 89' lang='lat' dir='ltr'><strong><em>et</em></strong></span> <span class='ocrx_word' id='word_1_262' title='bbox 1465 2996 1728 3051; x_wconf 83' lang='lat' dir='ltr'><strong><em>abaliena-</em></strong></span> 
     </span>
    </p>
   </div>
   <div class='ocr_carea' id='block_1_38' title="bbox 161 3065 1726 3136">
    <p class='ocr_par' dir='ltr' id='par_1_38' title="bbox 161 3065 1726 3136">
     <span class='ocr_line' id='line_1_39' title="bbox 161 3065 1726 3136; baseline 0.002 -21"><span class='ocrx_word' id='word_1_263' title='bbox 161 3065 214 3116; x_wconf 71' lang='lat' dir='ltr'><strong><em>rit</em></strong></span> <span class='ocrx_word' id='word_1_264' title='bbox 243 3082 288 3120; x_wconf 88' lang='lat' dir='ltr'><strong><em>se</em></strong></span> <span class='ocrx_word' id='word_1_265' title='bbox 315 3085 344 3120; x_wconf 89' lang='lat' dir='ltr'><strong><em>a</em></strong></span> <span class='ocrx_word' id='word_1_266' title='bbox 371 3068 600 3122; x_wconf 55' lang='lat' dir='ltr'><strong><em>Jonath&#39;r</em></strong></span> <span class='ocrx_word' id='word_1_267' title='bbox 627 3113 640 3136; x_wconf 96' lang='lat'><strong><em>,</em></strong></span> <span class='ocrx_word' id='word_1_268' title='bbox 685 3078 734 3122; x_wconf 89' lang='lat' dir='ltr'><strong><em>et</em></strong></span> <span class='ocrx_word' id='word_1_269' title='bbox 767 3065 883 3123; x_wconf 49' lang='lat' dir='ltr'><strong><em>non&#39;</em></strong></span> <span class='ocrx_word' id='word_1_270' title='bbox 900 3065 1135 3124; x_wconf 73' lang='lat' dir='ltr'><strong><em>retribuit</em></strong></span> <span class='ocrx_word' id='word_1_271' title='bbox 1168 3070 1211 3123; x_wconf 90' lang='lat' dir='ltr'><strong><em>ei</em></strong></span> <span class='ocrx_word' id='word_1_272' title='bbox 1243 3068 1528 3122; x_wconf 85' lang='lat' dir='ltr'><strong><em>secundum</em></strong></span> <span class='ocrx_word' id='word_1_273' title='bbox 1573 3071 1726 3122; x_wconf 81' lang='lat' dir='ltr'><strong><em>bene-</em></strong></span> 
     </span>
    </p>
   </div>
   <div class='ocr_carea' id='block_1_39' title="bbox 160 3136 1729 3214">
    <p class='ocr_par' dir='ltr' id='par_1_39' title="bbox 160 3136 1729 3214">
     <span class='ocr_line' id='line_1_40' title="bbox 160 3136 1729 3214; baseline 0.001 -24"><span class='ocrx_word' id='word_1_274' title='bbox 160 3136 277 3203; x_wconf 80' lang='lat' dir='ltr'><strong><em>ﬁcia,</em></strong></span> <span class='ocrx_word' id='word_1_275' title='bbox 315 3157 424 3214; x_wconf 72' lang='lat' dir='ltr'><strong><em>qua:</em></strong></span> <span class='ocrx_word' id='word_1_276' title='bbox 453 3141 550 3194; x_wconf 90' lang='lat' dir='ltr'><strong><em>sibi</em></strong></span> <span class='ocrx_word' id='word_1_277' title='bbox 590 3141 898 3195; x_wconf 85' lang='lat' dir='ltr'><strong><em>retribuerat</em></strong></span> <span class='ocrx_word' id='word_1_278' title='bbox 931 3143 1036 3214; x_wconf 78' lang='lat' dir='ltr'><strong><em>[AL</em></strong></span> <span class='ocrx_word' id='word_1_279' title='bbox 1069 3139 1381 3209; x_wconf 82' lang='lat' dir='ltr'><strong><em>tribuerat],</em></strong></span> <span class='ocrx_word' id='word_1_280' title='bbox 1425 3149 1471 3193; x_wconf 91' lang='lat' dir='ltr'><strong><em>et</em></strong></span> <span class='ocrx_word' id='word_1_281' title='bbox 1513 3141 1729 3194; x_wconf 66' lang='lat' dir='ltr'><strong><em>vexabat</em></strong></span> 
     </span>
    </p>
   </div>
   <div class='ocr_carea' id='block_1_40' title="bbox 159 3211 435 3266">
    <p class='ocr_par' dir='ltr' id='par_1_40' title="bbox 159 3211 435 3266">
     <span class='ocr_line' id='line_1_41' title="bbox 159 3211 435 3266; baseline 0.033 -9"><span class='ocrx_word' id='word_1_282' title='bbox 159 3223 254 3261; x_wconf 86' lang='lat' dir='ltr'><strong><em>eum</em></strong></span> <span class='ocrx_word' id='word_1_283' title='bbox 277 3211 435 3266; x_wconf 82' lang='lat' dir='ltr'><strong><em>valde.</em></strong></span> 
     </span>
    </p>
   </div>
   <div class='ocr_carea' id='block_1_41' title="bbox 221 3279 1728 3355">
    <p class='ocr_par' dir='ltr' id='par_1_41' title="bbox 221 3279 1728 3355">
     <span class='ocr_line' id='line_1_42' title="bbox 221 3279 1728 3355; baseline 0.001 -21"><span class='ocrx_word' id='word_1_284' title='bbox 221 3279 331 3337; x_wconf 86' lang='lat' dir='ltr'><strong><em>Post</em></strong></span> <span class='ocrx_word' id='word_1_285' title='bbox 358 3283 462 3338; x_wconf 84' lang='lat' dir='ltr'><strong><em>ha&#39;c</em></strong></span> <span class='ocrx_word' id='word_1_286' title='bbox 497 3293 682 3338; x_wconf 78' lang='lat' dir='ltr'><strong><em>autem</em></strong></span> <span class='ocrx_word' id='word_1_287' title='bbox 708 3300 938 3340; x_wconf 73' lang='lat' dir='ltr'><strong><em>reversus</em></strong></span> <span class='ocrx_word' id='word_1_288' title='bbox 964 3294 1035 3338; x_wconf 89' lang='lat' dir='ltr'><strong><em>est</em></strong></span> <span class='ocrx_word' id='word_1_289' title='bbox 1066 3282 1339 3355; x_wconf 78' lang='lat' dir='ltr'><strong><em>Tryphon,</em></strong></span> <span class='ocrx_word' id='word_1_290' title='bbox 1365 3292 1409 3336; x_wconf 75' lang='lat' dir='ltr'><strong><em>et</em></strong></span> <span class='ocrx_word' id='word_1_291' title='bbox 1443 3281 1728 3336; x_wconf 82' lang='lat' dir='ltr'><strong><em>Antiochus</em></strong></span> 
     </span>
    </p>
   </div>
   <div class='ocr_carea' id='block_1_42' title="bbox 159 3355 1730 3475">
    <p class='ocr_par' dir='ltr' id='par_1_42' title="bbox 159 3355 1730 3475">
     <span class='ocr_line' id='line_1_43' title="bbox 159 3355 1730 3475; baseline 0.001 -69"><span class='ocrx_word' id='word_1_292' title='bbox 159 3367 264 3475; x_wconf 51' lang='lat' dir='ltr'><strong><em>sui:</em></strong></span> <span class='ocrx_word' id='word_1_293' title='bbox 282 3371 334 3406; x_wconf 80' lang='lat' dir='ltr'><strong><em>eo</em></strong></span> <span class='ocrx_word' id='word_1_294' title='bbox 363 3371 486 3426; x_wconf 88' lang='lat' dir='ltr'><strong><em>puer</em></strong></span> <span class='ocrx_word' id='word_1_295' title='bbox 528 3357 861 3426; x_wconf 80' lang='lat' dir='ltr'><strong><em>adolescens,</em></strong></span> <span class='ocrx_word' id='word_1_296' title='bbox 893 3365 938 3410; x_wconf 87' lang='lat' dir='ltr'><strong><em>et</em></strong></span> <span class='ocrx_word' id='word_1_297' title='bbox 970 3359 1221 3429; x_wconf 84' lang='lat' dir='ltr'><strong><em>regnavit,</em></strong></span> <span class='ocrx_word' id='word_1_298' title='bbox 1269 3366 1316 3410; x_wconf 89' lang='lat' dir='ltr'><strong><em>et</em></strong></span> <span class='ocrx_word' id='word_1_299' title='bbox 1362 3355 1606 3425; x_wconf 82' lang='lat' dir='ltr'><strong><em>imposuit</em></strong></span> <span class='ocrx_word' id='word_1_300' title='bbox 1633 3355 1730 3408; x_wconf 90' lang='lat' dir='ltr'><strong><em>sibi</em></strong></span> 
     </span>
     <span class='ocr_line' id='line_1_44' title="bbox 189 3441 387 3475; baseline 0 0"><span class='ocrx_word' id='word_1_301' title='bbox 189 3441 232 3475; x_wconf 79' lang='grc' dir='ltr'><strong><em>ιιι</em></strong></span> <span class='ocrx_word' id='word_1_302' title='bbox 266 3442 387 3475; x_wconf 82' lang='lat' dir='ltr'><strong><em>ema.</em></strong></span> 
     </span>
    </p>
   </div>
   <div class='ocr_carea' id='block_1_43' title="bbox 189 3427 387 3480">
    <p class='ocr_par' dir='ltr' id='par_1_43' title="bbox 189 3427 387 3480">
     <span class='ocr_line' id='line_1_45' title="bbox 189 3427 387 3480; baseline 0.02 -4"><span class='ocrx_word' id='word_1_303' title='bbox 189 3427 387 3480; x_wconf 88' lang='lat' dir='ltr'><strong><em>iadcma.</em></strong></span> 
     </span>
    </p>
   </div>
   <div class='ocr_carea' id='block_1_44' title="bbox 221 3495 1728 3572">
    <p class='ocr_par' dir='ltr' id='par_1_44' title="bbox 221 3495 1728 3572">
     <span class='ocr_line' id='line_1_46' title="bbox 221 3495 1728 3572; baseline 0.001 -22"><span class='ocrx_word' id='word_1_304' title='bbox 221 3495 278 3551; x_wconf 79' lang='lat' dir='ltr'><strong><em>Et</em></strong></span> <span class='ocrx_word' id='word_1_305' title='bbox 303 3503 593 3572; x_wconf 83' lang='lat' dir='ltr'><strong><em>congregati</em></strong></span> <span class='ocrx_word' id='word_1_306' title='bbox 645 3510 764 3554; x_wconf 89' lang='lat' dir='ltr'><strong><em>sunt</em></strong></span> <span class='ocrx_word' id='word_1_307' title='bbox 809 3501 876 3555; x_wconf 87' lang='lat' dir='ltr'><strong><em>ad</em></strong></span> <span class='ocrx_word' id='word_1_308' title='bbox 905 3516 1020 3555; x_wconf 90' lang='lat' dir='ltr'><strong><em>eum</em></strong></span> <span class='ocrx_word' id='word_1_309' title='bbox 1071 3515 1244 3554; x_wconf 89' lang='lat' dir='ltr'><strong><em>omnes</em></strong></span> <span class='ocrx_word' id='word_1_310' title='bbox 1286 3499 1556 3561; x_wconf 69' lang='lat' dir='ltr'><strong><em>exercitus,</em></strong></span> <span class='ocrx_word' id='word_1_311' title='bbox 1602 3514 1728 3568; x_wconf 89' lang='lat' dir='ltr'><strong><em>quos</em></strong></span> 
     </span>
    </p>
   </div>
   <div class='ocr_carea' id='block_1_45' title="bbox 161 3569 1729 3643">
    <p class='ocr_par' dir='ltr' id='par_1_45' title="bbox 161 3569 1729 3643">
     <span class='ocr_line' id='line_1_47' title="bbox 161 3569 1729 3643; baseline 0.001 -23"><span class='ocrx_word' id='word_1_312' title='bbox 161 3569 438 3638; x_wconf 79' lang='lat' dir='ltr'><strong><em>disperserat</em></strong></span> <span class='ocrx_word' id='word_1_313' title='bbox 472 3569 796 3639; x_wconf 85' lang='lat' dir='ltr'><strong><em>Demetrius,</em></strong></span> <span class='ocrx_word' id='word_1_314' title='bbox 830 3582 876 3626; x_wconf 90' lang='lat' dir='ltr'><strong><em>et</em></strong></span> <span class='ocrx_word' id='word_1_315' title='bbox 898 3580 1256 3643; x_wconf 84' lang='lat' dir='ltr'><strong><em>pugnaverunt</em></strong></span> <span class='ocrx_word' id='word_1_316' title='bbox 1284 3579 1464 3626; x_wconf 91' lang='lat' dir='ltr'><strong><em>contra</em></strong></span> <span class='ocrx_word' id='word_1_317' title='bbox 1495 3584 1651 3623; x_wconf 89' lang='lat' dir='ltr'><strong><em>eum:</em></strong></span> <span class='ocrx_word' id='word_1_318' title='bbox 1682 3578 1729 3622; x_wconf 92' lang='lat' dir='ltr'><strong><em>et</em></strong></span> 
     </span>
    </p>
   </div>
   <div class='ocr_carea' id='block_1_46' title="bbox 160 3643 756 3712">
    <p class='ocr_par' dir='ltr' id='par_1_46' title="bbox 160 3643 756 3712">
     <span class='ocr_line' id='line_1_48' title="bbox 160 3643 756 3712; baseline 0.01 -21"><span class='ocrx_word' id='word_1_319' title='bbox 160 3643 294 3711; x_wconf 88' lang='lat' dir='ltr'><strong><em>fugit,</em></strong></span> <span class='ocrx_word' id='word_1_320' title='bbox 324 3654 368 3696; x_wconf 90' lang='lat' dir='ltr'><strong><em>et</em></strong></span> <span class='ocrx_word' id='word_1_321' title='bbox 400 3654 544 3712; x_wconf 84' lang='lat' dir='ltr'><strong><em>terga</em></strong></span> <span class='ocrx_word' id='word_1_322' title='bbox 575 3646 756 3698; x_wconf 76' lang='lat' dir='ltr'><strong><em>vertit.</em></strong></span> 
     </span>
    </p>
   </div>
   <div class='ocr_carea' id='block_1_47' title="bbox 217 3710 1730 3786">
    <p class='ocr_par' dir='ltr' id='par_1_47' title="bbox 217 3710 1730 3786">
     <span class='ocr_line' id='line_1_49' title="bbox 217 3710 1730 3786; baseline 0 -22"><span class='ocrx_word' id='word_1_323' title='bbox 217 3712 276 3786; x_wconf 50' lang='lat' dir='ltr'><strong><em>Et</em></strong></span> <span class='ocrx_word' id='word_1_324' title='bbox 302 3710 494 3786; x_wconf 81' lang='lat' dir='ltr'><strong><em>accepit</em></strong></span> <span class='ocrx_word' id='word_1_325' title='bbox 527 3715 785 3786; x_wconf 84' lang='lat' dir='ltr'><strong><em>Tryphon</em></strong></span> <span class='ocrx_word' id='word_1_326' title='bbox 814 3714 1020 3775; x_wconf 83' lang='lat' dir='ltr'><strong><em>bestias.</em></strong></span> <span class='ocrx_word' id='word_1_327' title='bbox 1052 3722 1097 3768; x_wconf 92' lang='lat' dir='ltr'><strong><em>et</em></strong></span> <span class='ocrx_word' id='word_1_328' title='bbox 1126 3713 1343 3786; x_wconf 77' lang='lat' dir='ltr'><strong><em>obtinuit</em></strong></span> <span class='ocrx_word' id='word_1_329' title='bbox 1375 3710 1730 3786; x_wconf 62' lang='lat' dir='ltr'><strong><em>Antiochiam:</em></strong></span> 
     </span>
    </p>
   </div>
   <div class='ocr_carea' id='block_1_48' title="bbox 219 3782 1731 3859">
    <p class='ocr_par' dir='ltr' id='par_1_48' title="bbox 219 3782 1731 3859">
     <span class='ocr_line' id='line_1_50' title="bbox 219 3782 1731 3859; baseline 0 -25"><span class='ocrx_word' id='word_1_330' title='bbox 219 3782 276 3835; x_wconf 84' lang='lat' dir='ltr'><strong><em>Et</em></strong></span> <span class='ocrx_word' id='word_1_331' title='bbox 304 3782 501 3859; x_wconf 80' lang='lat' dir='ltr'><strong><em>scripsit</em></strong></span> <span class='ocrx_word' id='word_1_332' title='bbox 544 3782 841 3842; x_wconf 61' lang='lat' dir='ltr'><strong><em>Antiochus</em></strong></span> <span class='ocrx_word' id='word_1_333' title='bbox 881 3787 1178 3840; x_wconf 82' lang='lat' dir='ltr'><strong><em>adolescens</em></strong></span> <span class='ocrx_word' id='word_1_334' title='bbox 1210 3783 1484 3859; x_wconf 15' lang='lat' dir='ltr'><strong><em>rJonathw,</em></strong></span> <span class='ocrx_word' id='word_1_335' title='bbox 1513 3785 1687 3835; x_wconf 87' lang='lat' dir='ltr'><strong><em>dicens</em></strong></span> <span class='ocrx_word' id='word_1_336' title='bbox 1713 3796 1731 3834; x_wconf 84' lang='lat'><strong><em>.&#39;</em></strong></span> 
     </span>
    </p>
   </div>
   <div class='ocr_carea' id='block_1_49' title="bbox 161 3852 1730 3924">
    <p class='ocr_par' dir='ltr' id='par_1_49' title="bbox 161 3852 1730 3924">
     <span class='ocr_line' id='line_1_51' title="bbox 161 3852 1730 3924; baseline -0.001 -17"><span class='ocrx_word' id='word_1_337' title='bbox 161 3852 523 3914; x_wconf 55' lang='lat' dir='ltr'><strong><em>Constituo&#39;tibi</em></strong></span> <span class='ocrx_word' id='word_1_338' title='bbox 549 3859 937 3923; x_wconf 86' lang='lat' dir='ltr'><strong><em>sacerdotium,</em></strong></span> <span class='ocrx_word' id='word_1_339' title='bbox 981 3869 1024 3912; x_wconf 87' lang='lat' dir='ltr'><strong><em>et</em></strong></span> <span class='ocrx_word' id='word_1_340' title='bbox 1056 3858 1309 3911; x_wconf 90' lang='lat' dir='ltr'><strong><em>constituo</em></strong></span> <span class='ocrx_word' id='word_1_341' title='bbox 1346 3865 1394 3910; x_wconf 92' lang='lat' dir='ltr'><strong><em>te</em></strong></span> <span class='ocrx_word' id='word_1_342' title='bbox 1422 3870 1577 3924; x_wconf 85' lang='lat' dir='ltr'><strong><em>super</em></strong></span> <span class='ocrx_word' id='word_1_343' title='bbox 1603 3869 1730 3918; x_wconf 88' lang='lat' dir='ltr'><strong><em>qua-</em></strong></span> 
     </span>
    </p>
   </div>
   <div class='ocr_carea' id='block_1_50' title="bbox 159 3930 1198 3998">
    <p class='ocr_par' dir='ltr' id='par_1_50' title="bbox 159 3930 1198 3998">
     <span class='ocr_line' id='line_1_52' title="bbox 159 3930 1198 3998; baseline -0.001 -16"><span class='ocrx_word' id='word_1_344' title='bbox 159 3934 260 3998; x_wconf 79' lang='lat' dir='ltr'><strong><em>tuor</em></strong></span> <span class='ocrx_word' id='word_1_345' title='bbox 282 3931 528 3994; x_wconf 70' lang='lat' dir='ltr'><strong><em>civitates,</em></strong></span> <span class='ocrx_word' id='word_1_346' title='bbox 559 3938 628 3984; x_wconf 88' lang='lat' dir='ltr'><strong><em>ut</em></strong></span> <span class='ocrx_word' id='word_1_347' title='bbox 654 3931 723 3982; x_wconf 87' lang='lat' dir='ltr'><strong><em>sis</em></strong></span> <span class='ocrx_word' id='word_1_348' title='bbox 755 3930 817 3984; x_wconf 88' lang='lat' dir='ltr'><strong><em>de</em></strong></span> <span class='ocrx_word' id='word_1_349' title='bbox 838 3931 1013 3982; x_wconf 80' lang='lat' dir='ltr'><strong><em>amicis</em></strong></span> <span class='ocrx_word' id='word_1_350' title='bbox 1043 3930 1198 3998; x_wconf 89' lang='lat' dir='ltr'><strong><em>regis.</em></strong></span> 
     </span>
    </p>
   </div>
   <div class='ocr_carea' id='block_1_51' title="bbox 221 3997 1733 4062">
    <p class='ocr_par' dir='ltr' id='par_1_51' title="bbox 221 3997 1733 4062">
     <span class='ocr_line' id='line_1_53' title="bbox 221 3997 1733 4062; baseline 0 -12"><span class='ocrx_word' id='word_1_351' title='bbox 221 3997 278 4050; x_wconf 79' lang='lat' dir='ltr'><strong><em>Et</em></strong></span> <span class='ocrx_word' id='word_1_352' title='bbox 320 4003 449 4056; x_wconf 86' lang='lat' dir='ltr'><strong><em>misit</em></strong></span> <span class='ocrx_word' id='word_1_353' title='bbox 478 4003 560 4056; x_wconf 85' lang='lat' dir='ltr'><strong><em>illi</em></strong></span> <span class='ocrx_word' id='word_1_354' title='bbox 587 4018 718 4053; x_wconf 68' lang='lat' dir='ltr'><strong><em>vasa</em></strong></span> <span class='ocrx_word' id='word_1_355' title='bbox 757 4017 912 4054; x_wconf 90' lang='lat' dir='ltr'><strong><em>aurea</em></strong></span> <span class='ocrx_word' id='word_1_356' title='bbox 945 4002 996 4054; x_wconf 86' lang='lat' dir='ltr'><strong><em>in</em></strong></span> <span class='ocrx_word' id='word_1_357' title='bbox 1041 3997 1407 4062; x_wconf 66' lang='lat' dir='ltr'><strong><em>ministerium,</em></strong></span> <span class='ocrx_word' id='word_1_358' title='bbox 1439 4005 1484 4050; x_wconf 89' lang='lat' dir='ltr'><strong><em>et</em></strong></span> <span class='ocrx_word' id='word_1_359' title='bbox 1513 3997 1652 4050; x_wconf 66' lang='lat' dir='ltr'><strong><em>clsdit</em></strong></span> <span class='ocrx_word' id='word_1_360' title='bbox 1686 3997 1733 4050; x_wconf 84' lang='lat' dir='ltr'><strong><em>ei</em></strong></span> 
     </span>
    </p>
   </div>
   <div class='ocr_carea' id='block_1_52' title="bbox 160 4069 1732 4140">
    <p class='ocr_par' dir='ltr' id='par_1_52' title="bbox 160 4069 1732 4140">
     <span class='ocr_line' id='line_1_54' title="bbox 160 4069 1732 4140; baseline 0.001 -19"><span class='ocrx_word' id='word_1_361' title='bbox 160 4079 432 4137; x_wconf 86' lang='lat' dir='ltr'><strong><em>potestatem</em></strong></span> <span class='ocrx_word' id='word_1_362' title='bbox 463 4072 681 4128; x_wconf 79' lang='lat' dir='ltr'><strong><em>bibendi</em></strong></span> <span class='ocrx_word' id='word_1_363' title='bbox 710 4073 763 4126; x_wconf 89' lang='lat' dir='ltr'><strong><em>in</em></strong></span> <span class='ocrx_word' id='word_1_364' title='bbox 796 4088 944 4139; x_wconf 89' lang='lat' dir='ltr'><strong><em>auro,</em></strong></span> <span class='ocrx_word' id='word_1_365' title='bbox 976 4082 1023 4126; x_wconf 91' lang='lat' dir='ltr'><strong><em>et</em></strong></span> <span class='ocrx_word' id='word_1_366' title='bbox 1049 4087 1154 4125; x_wconf 87' lang='lat' dir='ltr'><strong><em>esse</em></strong></span> <span class='ocrx_word' id='word_1_367' title='bbox 1179 4071 1230 4124; x_wconf 91' lang='lat' dir='ltr'><strong><em>in</em></strong></span> <span class='ocrx_word' id='word_1_368' title='bbox 1266 4085 1518 4140; x_wconf 81' lang='lat' dir='ltr'><strong><em>purpura,</em></strong></span> <span class='ocrx_word' id='word_1_369' title='bbox 1557 4081 1605 4123; x_wconf 88' lang='lat' dir='ltr'><strong><em>et</em></strong></span> <span class='ocrx_word' id='word_1_370' title='bbox 1633 4069 1732 4122; x_wconf 88' lang='lat' dir='ltr'><strong><em>ha-</em></strong></span> 
     </span>
    </p>
   </div>
   <div class='ocr_carea' id='block_1_53' title="bbox 160 4142 768 4210">
    <p class='ocr_par' dir='ltr' id='par_1_53' title="bbox 160 4142 768 4210">
     <span class='ocr_line' id='line_1_55' title="bbox 160 4142 768 4210; baseline 0.005 -15"><span class='ocrx_word' id='word_1_371' title='bbox 160 4142 257 4196; x_wconf 71' lang='lat' dir='ltr'><strong><em>bere</em></strong></span> <span class='ocrx_word' id='word_1_372' title='bbox 277 4143 482 4210; x_wconf 78' lang='lat' dir='ltr'><strong><em>ﬁbulam</em></strong></span> <span class='ocrx_word' id='word_1_373' title='bbox 501 4159 723 4199; x_wconf 84' lang='lat' dir='ltr'><strong><em>auream</em></strong></span> <span class='ocrx_word' id='word_1_374' title='bbox 749 4159 768 4198; x_wconf 91' lang='lat'><strong><em>:</em></strong></span> 
     </span>
    </p>
   </div>
   <div class='ocr_carea' id='block_1_54' title="bbox 221 4211 1731 4288">
    <p class='ocr_par' dir='ltr' id='par_1_54' title="bbox 221 4211 1731 4288">
     <span class='ocr_line' id='line_1_56' title="bbox 221 4211 1731 4288; baseline -0.003 -18"><span class='ocrx_word' id='word_1_375' title='bbox 221 4211 280 4288; x_wconf 78' lang='lat' dir='ltr'><strong><em>Et</em></strong></span> <span class='ocrx_word' id='word_1_376' title='bbox 308 4216 514 4272; x_wconf 87' lang='lat' dir='ltr'><strong><em>Simeon</em></strong></span> <span class='ocrx_word' id='word_1_377' title='bbox 543 4218 918 4288; x_wconf 83' lang='lat' dir='ltr'><strong><em>fratrem_ejus</em></strong></span> <span class='ocrx_word' id='word_1_378' title='bbox 947 4214 1209 4270; x_wconf 80' lang='lat' dir='ltr'><strong><em>constituit</em></strong></span> <span class='ocrx_word' id='word_1_379' title='bbox 1235 4214 1415 4268; x_wconf 89' lang='lat' dir='ltr'><strong><em>ducem</em></strong></span> <span class='ocrx_word' id='word_1_380' title='bbox 1440 4229 1470 4266; x_wconf 92' lang='lat' dir='ltr'><strong><em>a</em></strong></span> <span class='ocrx_word' id='word_1_381' title='bbox 1500 4212 1731 4266; x_wconf 87' lang='lat' dir='ltr'><strong><em>terminis</em></strong></span> 
     </span>
    </p>
   </div>
   <div class='ocr_carea' id='block_1_55' title="bbox 162 4281 984 4359">
    <p class='ocr_par' dir='ltr' id='par_1_55' title="bbox 162 4281 984 4359">
     <span class='ocr_line' id='line_1_57' title="bbox 162 4281 984 4359; baseline 0.006 -24"><span class='ocrx_word' id='word_1_382' title='bbox 162 4281 271 4359; x_wconf 63' lang='lat' dir='ltr'><strong><em>Tyri</em></strong></span> <span class='ocrx_word' id='word_1_383' title='bbox 297 4281 554 4359; x_wconf 75' lang='lat' dir='ltr'><strong><em>usquead</em></strong></span> <span class='ocrx_word' id='word_1_384' title='bbox 577 4288 714 4356; x_wconf 77' lang='lat' dir='ltr'><strong><em>fines</em></strong></span> <span class='ocrx_word' id='word_1_385' title='bbox 746 4281 984 4359; x_wconf 63' lang='lat' dir='ltr'><strong><em>zEggpti.</em></strong></span> 
     </span>
    </p>
   </div>
   <div class='ocr_carea' id='block_1_56' title="bbox 225 4354 1736 4427">
    <p class='ocr_par' dir='ltr' id='par_1_56' title="bbox 225 4354 1736 4427">
     <span class='ocr_line' id='line_1_58' title="bbox 225 4354 1736 4427; baseline -0.001 -19"><span class='ocrx_word' id='word_1_386' title='bbox 225 4355 282 4410; x_wconf 84' lang='lat' dir='ltr'><strong><em>Et</em></strong></span> <span class='ocrx_word' id='word_1_387' title='bbox 301 4354 419 4413; x_wconf 76' lang='lat' dir='ltr'><strong><em>exiit</em></strong></span> <span class='ocrx_word' id='word_1_388' title='bbox 436 4354 728 4424; x_wconf 23' lang='lat' dir='ltr'><strong><em>Jona’thas,</em></strong></span> <span class='ocrx_word' id='word_1_389' title='bbox 755 4367 800 4411; x_wconf 90' lang='lat' dir='ltr'><strong><em>et</em></strong></span> <span class='ocrx_word' id='word_1_390' title='bbox 824 4354 1207 4427; x_wconf 71' lang='lat' dir='ltr'><strong><em>perambulabat</em></strong></span> <span class='ocrx_word' id='word_1_391' title='bbox 1231 4365 1373 4410; x_wconf 89' lang='lat' dir='ltr'><strong><em>trans</em></strong></span> <span class='ocrx_word' id='word_1_392' title='bbox 1393 4358 1592 4427; x_wconf 83' lang='lat' dir='ltr'><strong><em>flumen</em></strong></span> <span class='ocrx_word' id='word_1_393' title='bbox 1613 4354 1736 4427; x_wconf 75' lang='lat' dir='ltr'><strong><em>ciui-</em></strong></span> 
     </span>
    </p>
   </div>
   <div class='ocr_carea' id='block_1_57' title="bbox 165 4425 1738 4506">
    <p class='ocr_par' dir='ltr' id='par_1_57' title="bbox 165 4425 1738 4506">
     <span class='ocr_line' id='line_1_59' title="bbox 165 4425 1738 4506; baseline 0 -28"><span class='ocrx_word' id='word_1_394' title='bbox 165 4433 276 4506; x_wconf 77' lang='lat' dir='ltr'><strong><em>tates</em></strong></span> <span class='ocrx_word' id='word_1_395' title='bbox 295 4446 312 4482; x_wconf 88' lang='lat'><em>:</em></span> <span class='ocrx_word' id='word_1_396' title='bbox 334 4442 386 4506; x_wconf 74' lang='lat' dir='ltr'><strong><em>et</em></strong></span> <span class='ocrx_word' id='word_1_397' title='bbox 400 4438 749 4506; x_wconf 82' lang='lat' dir='ltr'><strong><em>congregatus</em></strong></span> <span class='ocrx_word' id='word_1_398' title='bbox 775 4425 846 4506; x_wconf 71' lang='lat' dir='ltr'><strong><em>est</em></strong></span> <span class='ocrx_word' id='word_1_399' title='bbox 874 4431 942 4506; x_wconf 82' lang='lat' dir='ltr'><strong><em>ad</em></strong></span> <span class='ocrx_word' id='word_1_400' title='bbox 966 4447 1080 4484; x_wconf 91' lang='lat' dir='ltr'><strong><em>eum</em></strong></span> <span class='ocrx_word' id='word_1_401' title='bbox 1106 4431 1268 4483; x_wconf 90' lang='lat' dir='ltr'><strong><em>omnis</em></strong></span> <span class='ocrx_word' id='word_1_402' title='bbox 1295 4425 1544 4482; x_wconf 71' lang='lat' dir='ltr'><strong><em>exercitus</em></strong></span> <span class='ocrx_word' id='word_1_403' title='bbox 1569 4425 1738 4506; x_wconf 59' lang='lat' dir='ltr'><strong><em>Syria:</em></strong></span> 
     </span>
    </p>
   </div>
   <div class='ocr_carea' id='block_1_58' title="bbox 165 4497 1734 4570">
    <p class='ocr_par' dir='ltr' id='par_1_58' title="bbox 165 4497 1734 4570">
     <span class='ocr_line' id='line_1_60' title="bbox 165 4497 1734 4570; baseline 0.001 -21"><span class='ocrx_word' id='word_1_404' title='bbox 165 4499 209 4550; x_wconf 89' lang='lat' dir='ltr'><strong><em>in</em></strong></span> <span class='ocrx_word' id='word_1_405' title='bbox 235 4497 572 4566; x_wconf 42' lang='lat' dir='ltr'><strong><em>auxiliumfet</em></strong></span> <span class='ocrx_word' id='word_1_406' title='bbox 593 4497 740 4556; x_wconf 47' lang='lat' dir='ltr'><strong><em>Evenit</em></strong></span> <span class='ocrx_word' id='word_1_407' title='bbox 773 4500 1100 4570; x_wconf 82' lang='lat' dir='ltr'><strong><em>Ascalonem,</em></strong></span> <span class='ocrx_word' id='word_1_408' title='bbox 1130 4512 1176 4555; x_wconf 90' lang='lat' dir='ltr'><strong><em>et</em></strong></span> <span class='ocrx_word' id='word_1_409' title='bbox 1205 4507 1538 4555; x_wconf 89' lang='lat' dir='ltr'><strong><em>occurrerunt</em></strong></span> <span class='ocrx_word' id='word_1_410' title='bbox 1562 4499 1605 4552; x_wconf 89' lang='lat' dir='ltr'><strong><em>ei</em></strong></span> <span class='ocrx_word' id='word_1_411' title='bbox 1637 4497 1734 4551; x_wconf 80' lang='lat' dir='ltr'><strong><em>Ito-</em></strong></span> 
     </span>
    </p>
   </div>
   <div class='ocr_carea' id='block_1_59' title="bbox 167 4573 697 4641">
    <p class='ocr_par' dir='ltr' id='par_1_59' title="bbox 167 4573 697 4641">
     <span class='ocr_line' id='line_1_61' title="bbox 167 4573 697 4641; baseline 0.013 -22"><span class='ocrx_word' id='word_1_412' title='bbox 167 4573 357 4641; x_wconf 80' lang='lat' dir='ltr'><strong><em>noriﬁce</em></strong></span> <span class='ocrx_word' id='word_1_413' title='bbox 383 4577 444 4628; x_wconf 88' lang='lat' dir='ltr'><strong><em>de</em></strong></span> <span class='ocrx_word' id='word_1_414' title='bbox 469 4575 697 4630; x_wconf 83' lang='lat' dir='ltr'><strong><em>civitate.</em></strong></span> 
     </span>
    </p>
   </div>
   <div class='ocr_carea' id='block_1_60' title="bbox 227 4641 1737 4710">
    <p class='ocr_par' dir='ltr' id='par_1_60' title="bbox 227 4641 1737 4710">
     <span class='ocr_line' id='line_1_62' title="bbox 227 4641 1737 4710; baseline -0.003 -14"><span class='ocrx_word' id='word_1_415' title='bbox 227 4641 288 4696; x_wconf 82' lang='lat' dir='ltr'><strong><em>Et</em></strong></span> <span class='ocrx_word' id='word_1_416' title='bbox 324 4646 447 4700; x_wconf 90' lang='lat' dir='ltr'><strong><em>abiit</em></strong></span> <span class='ocrx_word' id='word_1_417' title='bbox 475 4648 598 4700; x_wconf 90' lang='lat' dir='ltr'><strong><em>inde</em></strong></span> <span class='ocrx_word' id='word_1_418' title='bbox 628 4644 827 4698; x_wconf 76' lang='lat' dir='ltr'><strong><em>Gazam</em></strong></span> <span class='ocrx_word' id='word_1_419' title='bbox 851 4661 869 4700; x_wconf 90' lang='lat'><strong><em>:</em></strong></span> <span class='ocrx_word' id='word_1_420' title='bbox 891 4655 935 4699; x_wconf 89' lang='lat' dir='ltr'><strong><em>et</em></strong></span> <span class='ocrx_word' id='word_1_421' title='bbox 964 4647 1325 4699; x_wconf 84' lang='lat' dir='ltr'><strong><em>concluserunt</em></strong></span> <span class='ocrx_word' id='word_1_422' title='bbox 1356 4658 1438 4707; x_wconf 90' lang='lat' dir='ltr'><strong><em>se,</em></strong></span> <span class='ocrx_word' id='word_1_423' title='bbox 1475 4641 1564 4710; x_wconf 89' lang='lat' dir='ltr'><strong><em>qui</em></strong></span> <span class='ocrx_word' id='word_1_424' title='bbox 1590 4648 1737 4695; x_wconf 88' lang='lat' dir='ltr'><strong><em>erant</em></strong></span> 
     </span>
    </p>
   </div>
   <div class='ocr_carea' id='block_1_61' title="bbox 168 4710 1738 4785">
    <p class='ocr_par' dir='ltr' id='par_1_61' title="bbox 168 4710 1738 4785">
     <span class='ocr_line' id='line_1_63' title="bbox 168 4710 1738 4785; baseline 0.001 -21"><span class='ocrx_word' id='word_1_425' title='bbox 168 4710 340 4768; x_wconf 68' lang='lat' dir='ltr'><strong><em>(iam:</em></strong></span> <span class='ocrx_word' id='word_1_426' title='bbox 373 4727 420 4770; x_wconf 89' lang='lat' dir='ltr'><strong><em>et</em></strong></span> <span class='ocrx_word' id='word_1_427' title='bbox 452 4718 656 4772; x_wconf 82' lang='lat' dir='ltr'><strong><em>obsedit</em></strong></span> <span class='ocrx_word' id='word_1_428' title='bbox 688 4733 834 4782; x_wconf 91' lang='lat' dir='ltr'><strong><em>eam,</em></strong></span> <span class='ocrx_word' id='word_1_429' title='bbox 865 4728 909 4772; x_wconf 90' lang='lat' dir='ltr'><strong><em>et</em></strong></span> <span class='ocrx_word' id='word_1_430' title='bbox 940 4717 1198 4772; x_wconf 71' lang='lat' dir='ltr'><strong><em>succendit</em></strong></span> <span class='ocrx_word' id='word_1_431' title='bbox 1241 4729 1354 4785; x_wconf 74' lang='lat' dir='ltr'><strong><em>qua:</em></strong></span> <span class='ocrx_word' id='word_1_432' title='bbox 1383 4723 1526 4768; x_wconf 88' lang='lat' dir='ltr'><strong><em>erant</em></strong></span> <span class='ocrx_word' id='word_1_433' title='bbox 1559 4713 1610 4765; x_wconf 90' lang='lat' dir='ltr'><strong><em>in</em></strong></span> <span class='ocrx_word' id='word_1_434' title='bbox 1639 4713 1738 4766; x_wconf 89' lang='lat' dir='ltr'><strong><em>cir-</em></strong></span> 
     </span>
    </p>
   </div>
   <div class='ocr_carea' id='block_1_62' title="bbox 167 4786 1126 4860">
    <p class='ocr_par' dir='ltr' id='par_1_62' title="bbox 167 4786 1126 4860">
     <span class='ocr_line' id='line_1_64' title="bbox 167 4786 1126 4860; baseline 0.005 -26"><span class='ocrx_word' id='word_1_435' title='bbox 167 4786 294 4860; x_wconf 71' lang='lat' dir='ltr'><strong><em>cuitu</em></strong></span> <span class='ocrx_word' id='word_1_436' title='bbox 322 4789 561 4853; x_wconf 87' lang='lat' dir='ltr'><strong><em>civitatis,</em></strong></span> <span class='ocrx_word' id='word_1_437' title='bbox 587 4799 634 4841; x_wconf 91' lang='lat' dir='ltr'><strong><em>et</em></strong></span> <span class='ocrx_word' id='word_1_438' title='bbox 664 4791 923 4860; x_wconf 57' lang='lat' dir='ltr'><strong><em>praedatus</em></strong></span> <span class='ocrx_word' id='word_1_439' title='bbox 947 4799 1126 4860; x_wconf 62' lang='lat' dir='ltr'><strong><em>estea.</em></strong></span> 
     </span>
    </p>
   </div>
   <div class='ocr_carea' id='block_1_63' title="bbox 232 4855 1744 4933">
    <p class='ocr_par' dir='ltr' id='par_1_63' title="bbox 232 4855 1744 4933">
     <span class='ocr_line' id='line_1_65' title="bbox 232 4855 1744 4933; baseline -0.001 -24"><span class='ocrx_word' id='word_1_440' title='bbox 232 4855 290 4910; x_wconf 78' lang='lat' dir='ltr'><strong><em>Et</em></strong></span> <span class='ocrx_word' id='word_1_441' title='bbox 331 4855 952 4933; x_wconf 49' lang='lat' dir='ltr'><strong><em>rogaverunt&#39;Gazenses</em></strong></span> <span class='ocrx_word' id='word_1_442' title='bbox 1009 4857 1396 4933; x_wconf 28' lang='lat' dir='ltr'><strong><em>Jonathan_,-‘e_t</em></strong></span> <span class='ocrx_word' id='word_1_443' title='bbox 1441 4856 1579 4912; x_wconf 89' lang='lat' dir='ltr'><strong><em>dedit</em></strong></span> <span class='ocrx_word' id='word_1_444' title='bbox 1638 4855 1744 4933; x_wconf 75' lang='lat' dir='ltr'><strong><em>illis</em></strong></span> 
     </span>
    </p>
   </div>
   <div class='ocr_carea' id='block_1_64' title="bbox 168 4924 1744 5004">
    <p class='ocr_par' dir='ltr' id='par_1_64' title="bbox 168 4924 1744 5004">
     <span class='ocr_line' id='line_1_66' title="bbox 168 4924 1744 5004; baseline 0 -25"><span class='ocrx_word' id='word_1_445' title='bbox 168 4924 458 5004; x_wconf 65' lang='lat' dir='ltr'><strong><em>dexteram:</em></strong></span> <span class='ocrx_word' id='word_1_446' title='bbox 486 4941 535 4985; x_wconf 91' lang='lat' dir='ltr'><strong><em>et</em></strong></span> <span class='ocrx_word' id='word_1_447' title='bbox 581 4933 778 5004; x_wconf 84' lang='lat' dir='ltr'><strong><em>accepit</em></strong></span> <span class='ocrx_word' id='word_1_448' title='bbox 830 4932 967 4999; x_wconf 83' lang='lat' dir='ltr'><strong><em>ﬁlios</em></strong></span> <span class='ocrx_word' id='word_1_449' title='bbox 1011 4947 1206 5004; x_wconf 76' lang='lat' dir='ltr'><strong><em>eorum</em></strong></span> <span class='ocrx_word' id='word_1_450' title='bbox 1239 4929 1462 5004; x_wconf 83' lang='lat' dir='ltr'><strong><em>obsides,</em></strong></span> <span class='ocrx_word' id='word_1_451' title='bbox 1517 4936 1561 4982; x_wconf 88' lang='lat' dir='ltr'><strong><em>et</em></strong></span> <span class='ocrx_word' id='word_1_452' title='bbox 1609 4928 1744 4980; x_wconf 90' lang='lat' dir='ltr'><strong><em>misit</em></strong></span> 
     </span>
    </p>
   </div>
   <div class='ocr_carea' id='block_1_65' title="bbox 170 4997 1746 5074">
    <p class='ocr_par' dir='ltr' id='par_1_65' title="bbox 170 4997 1746 5074">
     <span class='ocr_line' id='line_1_67' title="bbox 170 4997 1746 5074; baseline 0.001 -25"><span class='ocrx_word' id='word_1_453' title='bbox 170 4997 276 5074; x_wconf 63' lang='lat' dir='ltr'><strong><em>illos</em></strong></span> <span class='ocrx_word' id='word_1_454' title='bbox 303 5001 352 5052; x_wconf 87' lang='lat' dir='ltr'><strong><em>in</em></strong></span> <span class='ocrx_word' id='word_1_455' title='bbox 394 4997 736 5058; x_wconf 52' lang='lat' dir='ltr'><strong><em>Jerusalem}</em></strong></span> <span class='ocrx_word' id='word_1_456' title='bbox 764 4997 1231 5073; x_wconf 28' lang='lat' dir='ltr'><strong><em>et&#39;perttmbulatit</em></strong></span> <span class='ocrx_word' id='word_1_457' title='bbox 1279 5002 1536 5074; x_wconf 69' lang='lat' dir='ltr'><strong><em>regionem</em></strong></span> <span class='ocrx_word' id='word_1_458' title='bbox 1586 5014 1746 5070; x_wconf 72' lang='lat' dir='ltr'><strong><em>usque</em></strong></span> 
     </span>
    </p>
   </div>
   <div class='ocr_carea' id='block_1_66' title="bbox 169 5065 485 5127">
    <p class='ocr_par' dir='ltr' id='par_1_66' title="bbox 169 5065 485 5127">
     <span class='ocr_line' id='line_1_68' title="bbox 169 5065 485 5127; baseline 0.025 -8"><span class='ocrx_word' id='word_1_459' title='bbox 169 5065 485 5127; x_wconf 79' lang='lat' dir='ltr'><strong><em>Damascum.</em></strong></span> 
     </span>
    </p>
   </div>
   <div class='ocr_carea' id='block_1_67' title="bbox 237 5139 1746 5216">
    <p class='ocr_par' dir='ltr' id='par_1_67' title="bbox 237 5139 1746 5216">
     <span class='ocr_line' id='line_1_69' title="bbox 237 5139 1746 5216; baseline 0.001 -23"><span class='ocrx_word' id='word_1_460' title='bbox 237 5139 297 5194; x_wconf 83' lang='lat' dir='ltr'><strong><em>Et</em></strong></span> <span class='ocrx_word' id='word_1_461' title='bbox 327 5147 524 5200; x_wconf 82' lang='lat' dir='ltr'><strong><em>audivit</em></strong></span> <span class='ocrx_word' id='word_1_462' title='bbox 553 5143 810 5200; x_wconf 78' lang='lat' dir='ltr'><strong><em>Jonathas</em></strong></span> <span class='ocrx_word' id='word_1_463' title='bbox 831 5145 967 5216; x_wconf 87' lang='lat' dir='ltr'><strong><em>quod</em></strong></span> <span class='ocrx_word' id='word_1_464' title='bbox 993 5145 1316 5216; x_wconf 79' lang='lat' dir='ltr'><strong><em>prtevaricati</em></strong></span> <span class='ocrx_word' id='word_1_465' title='bbox 1340 5153 1458 5200; x_wconf 88' lang='lat' dir='ltr'><strong><em>sunt</em></strong></span> <span class='ocrx_word' id='word_1_466' title='bbox 1488 5143 1746 5216; x_wconf 88' lang='lat' dir='ltr'><strong><em>principes</em></strong></span> 
     </span>
    </p>
   </div>
   <div class='ocr_carea' id='block_1_68' title="bbox 168 5207 1748 5286">
    <p class='ocr_par' dir='ltr' id='par_1_68' title="bbox 168 5207 1748 5286">
     <span class='ocr_line' id='line_1_70' title="bbox 168 5207 1748 5286; baseline -0.003 -17"><span class='ocrx_word' id='word_1_467' title='bbox 168 5207 407 5271; x_wconf 78' lang='lat' dir='ltr'><strong><em>Demetrii</em></strong></span> <span class='ocrx_word' id='word_1_468' title='bbox 443 5217 499 5272; x_wconf 84' lang='lat' dir='ltr'><strong><em>in</em></strong></span> <span class='ocrx_word' id='word_1_469' title='bbox 546 5219 709 5271; x_wconf 67' lang='lat' dir='ltr'><strong><em>(ludes</em></strong></span> <span class='ocrx_word' id='word_1_470' title='bbox 753 5207 869 5286; x_wconf 71' lang='lat' dir='ltr'><strong><em>autc</em></strong></span> <span class='ocrx_word' id='word_1_471' title='bbox 910 5207 1062 5271; x_wconf 56' lang='lat' dir='ltr'><strong><em>est&#39;in</em></strong></span> <span class='ocrx_word' id='word_1_472' title='bbox 1095 5216 1346 5284; x_wconf 78' lang='lat' dir='ltr'><strong><em>Galiltca,</em></strong></span> <span class='ocrx_word' id='word_1_473' title='bbox 1377 5207 1497 5270; x_wconf 73' lang='lat' dir='ltr'><strong><em>cuni</em></strong></span> <span class='ocrx_word' id='word_1_474' title='bbox 1523 5207 1748 5268; x_wconf 75' lang='lat' dir='ltr'><strong><em>exercitu</em></strong></span> 
     </span>
    </p>
   </div>
   <div class='ocr_carea' id='block_1_69' title="bbox 171 5287 1510 5360">
    <p class='ocr_par' dir='ltr' id='par_1_69' title="bbox 171 5287 1510 5360">
     <span class='ocr_line' id='line_1_71' title="bbox 171 5287 1510 5360; baseline 0.001 -22"><span class='ocrx_word' id='word_1_475' title='bbox 171 5287 341 5360; x_wconf 75' lang='lat' dir='ltr'><strong><em>multo,</em></strong></span> <span class='ocrx_word' id='word_1_476' title='bbox 370 5289 603 5343; x_wconf 84' lang='lat' dir='ltr'><strong><em>rolentes</em></strong></span> <span class='ocrx_word' id='word_1_477' title='bbox 634 5305 750 5360; x_wconf 87' lang='lat' dir='ltr'><strong><em>eum</em></strong></span> <span class='ocrx_word' id='word_1_478' title='bbox 775 5305 1030 5343; x_wconf 86' lang='lat' dir='ltr'><strong><em>removere</em></strong></span> <span class='ocrx_word' id='word_1_479' title='bbox 1051 5305 1081 5340; x_wconf 90' lang='lat' dir='ltr'><strong><em>a</em></strong></span> <span class='ocrx_word' id='word_1_480' title='bbox 1104 5290 1303 5360; x_wconf 86' lang='lat' dir='ltr'><strong><em>negotio</em></strong></span> <span class='ocrx_word' id='word_1_481' title='bbox 1325 5288 1469 5360; x_wconf 82' lang='lat' dir='ltr'><strong><em>regni</em></strong></span> <span class='ocrx_word' id='word_1_482' title='bbox 1493 5302 1510 5340; x_wconf 93' lang='lat'><em>:</em></span> 
     </span>
    </p>
   </div>
   <div class='ocr_carea' id='block_1_70' title="bbox 195 5355 1746 5433">
    <p class='ocr_par' dir='ltr' id='par_1_70' title="bbox 195 5355 1746 5433">
     <span class='ocr_line' id='line_1_72' title="bbox 195 5355 1746 5433; baseline 0 -26"><span class='ocrx_word' id='word_1_483' title='bbox 195 5424 204 5433; x_wconf 37' lang='grc' dir='ltr'><strong>ο</strong></span> <span class='ocrx_word' id='word_1_484' title='bbox 240 5355 303 5433; x_wconf 71' lang='lat' dir='ltr'><strong><em>lit</em></strong></span> <span class='ocrx_word' id='word_1_485' title='bbox 329 5360 556 5433; x_wconf 80' lang='lat' dir='ltr'><strong><em>occurrit</em></strong></span> <span class='ocrx_word' id='word_1_486' title='bbox 589 5359 734 5433; x_wconf 77' lang='lat' dir='ltr'><strong><em>illis:</em></strong></span> <span class='ocrx_word' id='word_1_487' title='bbox 763 5362 973 5430; x_wconf 81' lang='lat' dir='ltr'><strong><em>fratrem</em></strong></span> <span class='ocrx_word' id='word_1_488' title='bbox 996 5355 1342 5414; x_wconf 58' lang='lat' dir='ltr'><strong><em>autem&#39;suum</em></strong></span> <span class='ocrx_word' id='word_1_489' title='bbox 1377 5355 1639 5414; x_wconf 84' lang='lat' dir='ltr'><strong><em>Simonem</em></strong></span> <span class='ocrx_word' id='word_1_490' title='bbox 1664 5370 1746 5408; x_wconf 89' lang='lat' dir='ltr'><strong><em>re-</em></strong></span> 
     </span>
    </p>
   </div>
   <div class='ocr_carea' id='block_1_71' title="bbox 172 5423 824 5502">
    <p class='ocr_par' dir='ltr' id='par_1_71' title="bbox 172 5423 824 5502">
     <span class='ocr_line' id='line_1_73' title="bbox 172 5423 824 5502; baseline 0.009 -24"><span class='ocrx_word' id='word_1_491' title='bbox 172 5423 310 5502; x_wconf 74' lang='lat' dir='ltr'><strong><em>liquit</em></strong></span> <span class='ocrx_word' id='word_1_492' title='bbox 329 5431 463 5483; x_wconf 87' lang='lat' dir='ltr'><strong><em>intra</em></strong></span> <span class='ocrx_word' id='word_1_493' title='bbox 489 5423 824 5502; x_wconf 69' lang='lat' dir='ltr'><strong><em>provinciam.</em></strong></span> 
     </span>
    </p>
   </div>
   <div class='ocr_carea' id='block_1_72' title="bbox 241 5499 1752 5574">
    <p class='ocr_par' dir='ltr' id='par_1_72' title="bbox 241 5499 1752 5574">
     <span class='ocr_line' id='line_1_74' title="bbox 241 5499 1752 5574; baseline 0.009 -24"><span class='ocrx_word' id='word_1_494' title='bbox 241 5499 301 5550; x_wconf 82' lang='lat' dir='ltr'><strong><em>Et</em></strong></span> <span class='ocrx_word' id='word_1_495' title='bbox 329 5499 585 5574; x_wconf 76' lang='lat' dir='ltr'><strong><em>applicuit</em></strong></span> <span class='ocrx_word' id='word_1_496' title='bbox 613 5503 728 5573; x_wconf 69' lang='lat' dir='ltr'><strong><em>lAI.</em></strong></span> <span class='ocrx_word' id='word_1_497' title='bbox 764 5501 1074 5574; x_wconf 72' lang='lat' dir='ltr'><strong><em>applicabit]</em></strong></span> <span class='ocrx_word' id='word_1_498' title='bbox 1109 5504 1290 5557; x_wconf 87' lang='lat' dir='ltr'><strong><em>Simon</em></strong></span> <span class='ocrx_word' id='word_1_499' title='bbox 1319 5502 1388 5557; x_wconf 88' lang='lat' dir='ltr'><strong><em>ad</em></strong></span> <span class='ocrx_word' id='word_1_500' title='bbox 1414 5499 1718 5574; x_wconf 79' lang='lat' dir='ltr'><strong><em>Bethsut&#39;am</em></strong></span> <span class='ocrx_word' id='word_1_501' title='bbox 1738 5537 1752 5563; x_wconf 64' lang='grc' dir='ltr'><strong><em>ν</em></strong></span> 
     </span>
    </p>
   </div>
   <div class='ocr_carea' id='block_1_73' title="bbox 175 5573 1635 5643">
    <p class='ocr_par' dir='ltr' id='par_1_73' title="bbox 175 5573 1635 5643">
     <span class='ocr_line' id='line_1_75' title="bbox 175 5573 1635 5643; baseline 0.001 -23"><span class='ocrx_word' id='word_1_502' title='bbox 175 5576 215 5621; x_wconf 83' lang='lat' dir='ltr'><strong><em>et</em></strong></span> <span class='ocrx_word' id='word_1_503' title='bbox 237 5573 562 5643; x_wconf 67' lang='lat' dir='ltr'><strong><em>expugnabat</em></strong></span> <span class='ocrx_word' id='word_1_504' title='bbox 590 5589 696 5627; x_wconf 89' lang='lat' dir='ltr'><strong><em>eam</em></strong></span> <span class='ocrx_word' id='word_1_505' title='bbox 729 5573 910 5630; x_wconf 86' lang='lat' dir='ltr'><strong><em>diebus</em></strong></span> <span class='ocrx_word' id='word_1_506' title='bbox 946 5573 1141 5643; x_wconf 89' lang='lat' dir='ltr'><strong><em>multis,</em></strong></span> <span class='ocrx_word' id='word_1_507' title='bbox 1174 5584 1220 5628; x_wconf 90' lang='lat' dir='ltr'><strong><em>et</em></strong></span> <span class='ocrx_word' id='word_1_508' title='bbox 1254 5573 1504 5628; x_wconf 80' lang='lat' dir='ltr'><strong><em>conclusit</em></strong></span> <span class='ocrx_word' id='word_1_509' title='bbox 1530 5586 1635 5624; x_wconf 90' lang='lat' dir='ltr'><strong><em>eos.</em></strong></span> 
     </span>
    </p>
   </div>
   <div class='ocr_carea' id='block_1_74' title="bbox 1325 304 2199 366">
    <p class='ocr_par' dir='ltr' id='par_1_74' title="bbox 1325 304 2199 366">
     <span class='ocr_line' id='line_1_76' title="bbox 1325 304 2199 366; baseline 0 -3"><span class='ocrx_word' id='word_1_510' title='bbox 1325 305 1524 363; x_wconf 62' lang='lat' dir='ltr'><strong><em>LIBER</em></strong></span> <span class='ocrx_word' id='word_1_511' title='bbox 1566 305 1582 362; x_wconf 95' lang='lat' dir='ltr'>I</span> <span class='ocrx_word' id='word_1_512' title='bbox 1626 304 2199 366; x_wconf 55' lang='lat' dir='ltr'><strong><em>MACHABEORL‘M.</em></strong></span> 
     </span>
    </p>
   </div>
   <div class='ocr_carea' id='block_1_75' title="bbox 189 421 1784 496">
    <p class='ocr_par' dir='ltr' id='par_1_75' title="bbox 189 421 1784 496">
     <span class='ocr_line' id='line_1_77' title="bbox 189 421 1784 496; baseline -0.002 -16"><span class='ocrx_word' id='word_1_513' title='bbox 189 429 288 480; x_wconf 67' lang='lat' dir='ltr'><strong><em>luco</em></strong></span> <span class='ocrx_word' id='word_1_514' title='bbox 311 425 451 496; x_wconf 81' lang='lat' dir='ltr'><strong><em>putris</em></strong></span> <span class='ocrx_word' id='word_1_515' title='bbox 472 426 544 478; x_wconf 88' lang='lat' dir='ltr'><strong><em>sui</em></strong></span> <span class='ocrx_word' id='word_1_516' title='bbox 562 432 636 478; x_wconf 90' lang='lat' dir='ltr'><strong><em>:et</em></strong></span> <span class='ocrx_word' id='word_1_517' title='bbox 662 423 936 476; x_wconf 78' lang='lat' dir='ltr'><strong><em>enuntiavit</em></strong></span> <span class='ocrx_word' id='word_1_518' title='bbox 959 422 1006 477; x_wconf 88' lang='lat' dir='ltr'><strong><em>ei</em></strong></span> <span class='ocrx_word' id='word_1_519' title='bbox 1027 428 1223 488; x_wconf 86' lang='lat' dir='ltr'><strong><em>quanta</em></strong></span> <span class='ocrx_word' id='word_1_520' title='bbox 1244 423 1362 496; x_wconf 73' lang='lat' dir='ltr'><strong><em>fecit</em></strong></span> <span class='ocrx_word' id='word_1_521' title='bbox 1394 421 1707 496; x_wconf 75' lang='lat' dir='ltr'><strong><em>Demetrius,</em></strong></span> <span class='ocrx_word' id='word_1_522' title='bbox 1740 423 1784 482; x_wconf 78' lang='grc' dir='ltr'><strong>Α</strong></span> 
     </span>
    </p>
   </div>
   <div class='ocr_carea' id='block_1_76' title="bbox 1750 1818 1797 1882">
    <p class='ocr_par' dir='ltr' id='par_1_76' title="bbox 1750 1818 1797 1882">
     <span class='ocr_line' id='line_1_78' title="bbox 1750 1818 1797 1882; baseline 0 0"><span class='ocrx_word' id='word_1_523' title='bbox 1750 1818 1797 1882; x_wconf 84' lang='grc' dir='ltr'><strong>Β</strong></span> 
     </span>
    </p>
   </div>
   <div class='ocr_carea' id='block_1_77' title="bbox 1768 4608 1816 4669">
    <p class='ocr_par' dir='ltr' id='par_1_77' title="bbox 1768 4608 1816 4669">
     <span class='ocr_line' id='line_1_79' title="bbox 1768 4608 1816 4669; baseline 0 0"><span class='ocrx_word' id='word_1_524' title='bbox 1768 4608 1816 4669; x_wconf 88' lang='lat' dir='ltr'>D</span> 
     </span>
    </p>
   </div>
   <div class='ocr_carea' id='block_1_78' title="bbox 3309 317 3414 372">
    <p class='ocr_par' dir='ltr' id='par_1_78' title="bbox 3309 317 3414 372">
     <span class='ocr_line' id='line_1_80' title="bbox 3309 317 3414 372; baseline 0.019 -3"><span class='ocrx_word' id='word_1_525' title='bbox 3309 317 3414 372; x_wconf 73' lang='grc'><strong><em>494</em></strong></span> 
     </span>
    </p>
   </div>
   <div class='ocr_carea' id='block_1_79' title="bbox 1892 421 3412 495">
    <p class='ocr_par' dir='ltr' id='par_1_79' title="bbox 1892 421 3412 495">
     <span class='ocr_line' id='line_1_81' title="bbox 1892 421 3412 495; baseline 0.004 -19"><span class='ocrx_word' id='word_1_526' title='bbox 1892 423 1955 476; x_wconf 77' lang='lat' dir='ltr'><strong><em>Et</em></strong></span> <span class='ocrx_word' id='word_1_527' title='bbox 1998 423 2383 495; x_wconf 72' lang='lat' dir='ltr'><strong><em>postulaverunt</em></strong></span> <span class='ocrx_word' id='word_1_528' title='bbox 2431 422 2514 495; x_wconf 76' lang='lat' dir='ltr'><strong><em>ab</em></strong></span> <span class='ocrx_word' id='word_1_529' title='bbox 2540 437 2597 477; x_wconf 88' lang='lat' dir='ltr'><strong><em>eo</em></strong></span> <span class='ocrx_word' id='word_1_530' title='bbox 2643 421 3150 495; x_wconf 76' lang='lat' dir='ltr'><strong><em>dextrasaccipere,</em></strong></span> <span class='ocrx_word' id='word_1_531' title='bbox 3195 433 3245 477; x_wconf 88' lang='lat' dir='ltr'><strong><em>et</em></strong></span> <span class='ocrx_word' id='word_1_532' title='bbox 3275 426 3412 482; x_wconf 80' lang='lat' dir='ltr'><strong><em>dedit</em></strong></span> 
     </span>
    </p>
   </div>
   <div class='ocr_carea' id='block_1_80' title="bbox 1816 493 3412 568">
    <p class='ocr_par' dir='ltr' id='par_1_80' title="bbox 1816 493 3412 568">
     <span class='ocr_line' id='line_1_82' title="bbox 1816 493 3412 568; baseline 0.003 -20"><span class='ocrx_word' id='word_1_533' title='bbox 1816 495 1924 568; x_wconf 86' lang='lat' dir='ltr'><strong><em>illis</em></strong></span> <span class='ocrx_word' id='word_1_534' title='bbox 1950 510 1968 548; x_wconf 91' lang='lat'><em>:</em></span> <span class='ocrx_word' id='word_1_535' title='bbox 1997 493 2045 548; x_wconf 82' lang='lat' dir='ltr'><strong><em>et</em></strong></span> <span class='ocrx_word' id='word_1_536' title='bbox 2072 496 2219 568; x_wconf 82' lang='lat' dir='ltr'><strong><em>ejecit</em></strong></span> <span class='ocrx_word' id='word_1_537' title='bbox 2254 504 2277 531; x_wconf 75' lang='grc' dir='ltr'>ι</span> <span class='ocrx_word' id='word_1_538' title='bbox 2308 510 2396 548; x_wconf 90' lang='lat' dir='ltr'><strong><em>eos</em></strong></span> <span class='ocrx_word' id='word_1_539' title='bbox 2423 493 2566 561; x_wconf 90' lang='lat' dir='ltr'><strong><em>inde,</em></strong></span> <span class='ocrx_word' id='word_1_540' title='bbox 2601 503 2650 548; x_wconf 93' lang='lat' dir='ltr'><strong><em>et</em></strong></span> <span class='ocrx_word' id='word_1_541' title='bbox 2679 495 2808 565; x_wconf 89' lang='lat' dir='ltr'><strong><em>cepit</em></strong></span> <span class='ocrx_word' id='word_1_542' title='bbox 2837 494 3112 564; x_wconf 87' lang='lat' dir='ltr'><strong><em>civitatem,</em></strong></span> <span class='ocrx_word' id='word_1_543' title='bbox 3147 506 3195 550; x_wconf 91' lang='lat' dir='ltr'><strong><em>et</em></strong></span> <span class='ocrx_word' id='word_1_544' title='bbox 3239 501 3412 568; x_wconf 88' lang='lat' dir='ltr'><strong><em>posuit</em></strong></span> 
     </span>
    </p>
   </div>
   <div class='ocr_carea' id='block_1_81' title="bbox 1816 566 2316 633">
    <p class='ocr_par' dir='ltr' id='par_1_81' title="bbox 1816 566 2316 633">
     <span class='ocr_line' id='line_1_83' title="bbox 1816 566 2316 633; baseline -0.002 -14"><span class='ocrx_word' id='word_1_545' title='bbox 1816 567 1869 619; x_wconf 91' lang='lat' dir='ltr'><strong><em>in</em></strong></span> <span class='ocrx_word' id='word_1_546' title='bbox 1902 582 1962 619; x_wconf 89' lang='lat' dir='ltr'><strong><em>ea</em></strong></span> <span class='ocrx_word' id='word_1_547' title='bbox 1994 566 2316 633; x_wconf 47' lang='lat' dir='ltr'><strong><em>praesidium.</em></strong></span> 
     </span>
    </p>
   </div>
   <div class='ocr_carea' id='block_1_82' title="bbox 1888 635 3414 710">
    <p class='ocr_par' dir='ltr' id='par_1_82' title="bbox 1888 635 3414 710">
     <span class='ocr_line' id='line_1_84' title="bbox 1888 635 3414 710; baseline 0.004 -20"><span class='ocrx_word' id='word_1_548' title='bbox 1888 636 1958 690; x_wconf 84' lang='lat' dir='ltr'><strong><em>Et</em></strong></span> <span class='ocrx_word' id='word_1_549' title='bbox 1985 635 2264 702; x_wconf 81' lang='lat' dir='ltr'><strong><em>Jonathas,</em></strong></span> <span class='ocrx_word' id='word_1_550' title='bbox 2303 645 2352 710; x_wconf 79' lang='lat' dir='ltr'><strong><em>et</em></strong></span> <span class='ocrx_word' id='word_1_551' title='bbox 2384 639 2700 710; x_wconf 10' lang='lat' dir='ltr'><strong><em>castrarejus</em></strong></span> <span class='ocrx_word' id='word_1_552' title='bbox 2730 637 3087 710; x_wconf 86' lang='lat' dir='ltr'><strong><em>applicuerunt</em></strong></span> <span class='ocrx_word' id='word_1_553' title='bbox 3117 639 3187 693; x_wconf 86' lang='lat' dir='ltr'><strong><em>ad</em></strong></span> <span class='ocrx_word' id='word_1_554' title='bbox 3225 657 3414 710; x_wconf 86' lang='lat' dir='ltr'><strong><em>aquam</em></strong></span> 
     </span>
    </p>
   </div>
   <div class='ocr_carea' id='block_1_83' title="bbox 1817 707 3340 781">
    <p class='ocr_par' dir='ltr' id='par_1_83' title="bbox 1817 707 3340 781">
     <span class='ocr_line' id='line_1_85' title="bbox 1817 707 3340 781; baseline 0.001 -17"><span class='ocrx_word' id='word_1_555' title='bbox 1817 708 2066 781; x_wconf 70' lang='lat' dir='ltr'><strong><em>Genesar,</em></strong></span> <span class='ocrx_word' id='word_1_556' title='bbox 2100 716 2144 763; x_wconf 89' lang='lat' dir='ltr'><strong><em>et</em></strong></span> <span class='ocrx_word' id='word_1_557' title='bbox 2185 716 2302 762; x_wconf 84' lang='lat' dir='ltr'><strong><em>ante</em></strong></span> <span class='ocrx_word' id='word_1_558' title='bbox 2331 707 2497 781; x_wconf 83' lang='lat' dir='ltr'><strong><em>lucem</em></strong></span> <span class='ocrx_word' id='word_1_559' title='bbox 2527 707 2867 778; x_wconf 28' lang='lat' dir='ltr'><strong><em>vig’ilarerunt</em></strong></span> <span class='ocrx_word' id='word_1_560' title='bbox 2900 709 2952 762; x_wconf 82' lang='lat' dir='ltr'><strong><em>in</em></strong></span> <span class='ocrx_word' id='word_1_561' title='bbox 2980 725 3161 781; x_wconf 84' lang='lat' dir='ltr'><strong><em>campo</em></strong></span> <span class='ocrx_word' id='word_1_562' title='bbox 3191 707 3340 766; x_wconf 72' lang='lat' dir='ltr'><strong><em>Aser.</em></strong></span> 
     </span>
    </p>
   </div>
   <div class='ocr_carea' id='block_1_84' title="bbox 1891 777 3410 854">
    <p class='ocr_par' dir='ltr' id='par_1_84' title="bbox 1891 777 3410 854">
     <span class='ocr_line' id='line_1_86' title="bbox 1891 777 3410 854; baseline 0.003 -21"><span class='ocrx_word' id='word_1_563' title='bbox 1891 779 1959 834; x_wconf 85' lang='lat' dir='ltr'><strong><em>Et</em></strong></span> <span class='ocrx_word' id='word_1_564' title='bbox 1988 797 2102 854; x_wconf 76' lang='lat' dir='ltr'><strong><em>ecce</em></strong></span> <span class='ocrx_word' id='word_1_565' title='bbox 2131 792 2302 854; x_wconf 81' lang='lat' dir='ltr'><strong><em>castra</em></strong></span> <span class='ocrx_word' id='word_1_566' title='bbox 2329 777 2743 854; x_wconf 78' lang='lat' dir='ltr'><strong><em>alienigenarum</em></strong></span> <span class='ocrx_word' id='word_1_567' title='bbox 2756 777 3105 854; x_wconf 80' lang='lat' dir='ltr'><strong><em>occurrebant</em></strong></span> <span class='ocrx_word' id='word_1_568' title='bbox 3126 783 3176 835; x_wconf 88' lang='lat' dir='ltr'><strong><em>in</em></strong></span> <span class='ocrx_word' id='word_1_569' title='bbox 3206 799 3410 854; x_wconf 90' lang='lat' dir='ltr'><strong><em>campo,</em></strong></span> 
     </span>
    </p>
   </div>
   <div class='ocr_carea' id='block_1_85' title="bbox 1818 850 3415 920">
    <p class='ocr_par' dir='ltr' id='par_1_85' title="bbox 1818 850 3415 920">
     <span class='ocr_line' id='line_1_87' title="bbox 1818 850 3415 920; baseline -0.001 -12"><span class='ocrx_word' id='word_1_570' title='bbox 1818 860 1866 908; x_wconf 89' lang='lat' dir='ltr'><strong><em>et</em></strong></span> <span class='ocrx_word' id='word_1_571' title='bbox 1897 851 2168 906; x_wconf 89' lang='lat' dir='ltr'><strong><em>tendebant</em></strong></span> <span class='ocrx_word' id='word_1_572' title='bbox 2191 851 2234 906; x_wconf 92' lang='lat' dir='ltr'><strong><em>ei</em></strong></span> <span class='ocrx_word' id='word_1_573' title='bbox 2265 850 2481 905; x_wconf 85' lang='lat' dir='ltr'><strong><em>insidias</em></strong></span> <span class='ocrx_word' id='word_1_574' title='bbox 2505 851 2556 905; x_wconf 93' lang='lat' dir='ltr'><strong><em>in</em></strong></span> <span class='ocrx_word' id='word_1_575' title='bbox 2588 850 2842 906; x_wconf 89' lang='lat' dir='ltr'><strong><em>montibus</em></strong></span> <span class='ocrx_word' id='word_1_576' title='bbox 2868 868 2884 904; x_wconf 91' lang='lat'><strong><em>:</em></strong></span> <span class='ocrx_word' id='word_1_577' title='bbox 2909 852 3018 920; x_wconf 89' lang='lat' dir='ltr'><strong><em>ipse</em></strong></span> <span class='ocrx_word' id='word_1_578' title='bbox 3039 861 3213 908; x_wconf 92' lang='lat' dir='ltr'><strong><em>autem</em></strong></span> <span class='ocrx_word' id='word_1_579' title='bbox 3237 850 3415 909; x_wconf 58' lang='lat' dir='ltr'><strong><em>occur;</em></strong></span> 
     </span>
    </p>
   </div>
   <div class='ocr_carea' id='block_1_86' title="bbox 1820 925 2239 978">
    <p class='ocr_par' dir='ltr' id='par_1_86' title="bbox 1820 925 2239 978">
     <span class='ocr_line' id='line_1_88' title="bbox 1820 925 2239 978; baseline -0.002 -2"><span class='ocrx_word' id='word_1_580' title='bbox 1820 925 1887 977; x_wconf 89' lang='lat' dir='ltr'><strong><em>rit</em></strong></span> <span class='ocrx_word' id='word_1_581' title='bbox 1909 940 1973 978; x_wconf 75' lang='lat' dir='ltr'><strong><em>es:</em></strong></span> <span class='ocrx_word' id='word_1_582' title='bbox 1999 925 2239 978; x_wconf 85' lang='lat' dir='ltr'><strong><em>adverso.</em></strong></span> 
     </span>
    </p>
   </div>
   <div class='ocr_carea' id='block_1_87' title="bbox 1891 993 3415 1066">
    <p class='ocr_par' dir='ltr' id='par_1_87' title="bbox 1891 993 3415 1066">
     <span class='ocr_line' id='line_1_89' title="bbox 1891 993 3415 1066; baseline 0.004 -19"><span class='ocrx_word' id='word_1_583' title='bbox 1891 993 2107 1050; x_wconf 72' lang='lat' dir='ltr'><strong><em>Insidiae</em></strong></span> <span class='ocrx_word' id='word_1_584' title='bbox 2138 1011 2254 1050; x_wconf 85' lang='lat' dir='ltr'><strong><em>vero</em></strong></span> <span class='ocrx_word' id='word_1_585' title='bbox 2283 1003 2676 1050; x_wconf 76' lang='lat' dir='ltr'><strong><em>exsurrexerunt</em></strong></span> <span class='ocrx_word' id='word_1_586' title='bbox 2715 994 2777 1047; x_wconf 82' lang='lat' dir='ltr'><strong><em>de</em></strong></span> <span class='ocrx_word' id='word_1_587' title='bbox 2811 993 2939 1049; x_wconf 89' lang='lat' dir='ltr'><strong><em>locis</em></strong></span> <span class='ocrx_word' id='word_1_588' title='bbox 2968 996 3100 1066; x_wconf 90' lang='lat' dir='ltr'><strong><em>suis,</em></strong></span> <span class='ocrx_word' id='word_1_589' title='bbox 3129 1005 3176 1051; x_wconf 89' lang='lat' dir='ltr'><strong><em>et</em></strong></span> <span class='ocrx_word' id='word_1_590' title='bbox 3201 1000 3415 1053; x_wconf 90' lang='lat' dir='ltr'><strong><em>commi-</em></strong></span> 
     </span>
    </p>
   </div>
   <div class='ocr_carea' id='block_1_88' title="bbox 1819 1067 2278 1138">
    <p class='ocr_par' dir='ltr' id='par_1_88' title="bbox 1819 1067 2278 1138">
     <span class='ocr_line' id='line_1_90' title="bbox 1819 1067 2278 1138; baseline -0.007 -16"><span class='ocrx_word' id='word_1_591' title='bbox 1819 1075 1996 1122; x_wconf 88' lang='lat' dir='ltr'><strong><em>serunt</em></strong></span> <span class='ocrx_word' id='word_1_592' title='bbox 2018 1067 2278 1138; x_wconf 81' lang='lat' dir='ltr'><strong><em>prtelium.</em></strong></span> 
     </span>
    </p>
   </div>
   <div class='ocr_carea' id='block_1_89' title="bbox 1894 1135 3416 1212">
    <p class='ocr_par' dir='ltr' id='par_1_89' title="bbox 1894 1135 3416 1212">
     <span class='ocr_line' id='line_1_91' title="bbox 1894 1135 3416 1212; baseline 0.003 -21"><span class='ocrx_word' id='word_1_593' title='bbox 1894 1138 1961 1192; x_wconf 83' lang='lat' dir='ltr'><strong><em>Et</em></strong></span> <span class='ocrx_word' id='word_1_594' title='bbox 1989 1135 2235 1212; x_wconf 84' lang='lat' dir='ltr'><strong><em>fugerunt</em></strong></span> <span class='ocrx_word' id='word_1_595' title='bbox 2273 1140 2362 1210; x_wconf 90' lang='lat' dir='ltr'><strong><em>qui</em></strong></span> <span class='ocrx_word' id='word_1_596' title='bbox 2399 1147 2545 1212; x_wconf 85' lang='lat' dir='ltr'><strong><em>erant</em></strong></span> <span class='ocrx_word' id='word_1_597' title='bbox 2577 1155 2639 1193; x_wconf 76' lang='lat' dir='ltr'><strong><em>cx</em></strong></span> <span class='ocrx_word' id='word_1_598' title='bbox 2677 1146 2821 1212; x_wconf 76' lang='lat' dir='ltr'><strong><em>parte</em></strong></span> <span class='ocrx_word' id='word_1_599' title='bbox 2859 1135 3117 1212; x_wconf 49' lang='lat' dir='ltr'><strong><em>donat/rce</em></strong></span> <span class='ocrx_word' id='word_1_600' title='bbox 3142 1156 3336 1205; x_wconf 84' lang='lat' dir='ltr'><strong><em>omnes,</em></strong></span> <span class='ocrx_word' id='word_1_601' title='bbox 3369 1154 3416 1196; x_wconf 92' lang='lat' dir='ltr'><strong><em>et</em></strong></span> 
     </span>
    </p>
   </div>
   <div class='ocr_carea' id='block_1_90' title="bbox 1822 1209 3417 1280">
    <p class='ocr_par' dir='ltr' id='par_1_90' title="bbox 1822 1209 3417 1280">
     <span class='ocr_line' id='line_1_92' title="bbox 1822 1209 3417 1280; baseline 0.004 -19"><span class='ocrx_word' id='word_1_602' title='bbox 1822 1209 2224 1264; x_wconf 33' lang='lat' dir='ltr'><strong><em>nemo&#39;relictus</em></strong></span> <span class='ocrx_word' id='word_1_603' title='bbox 2268 1209 2340 1264; x_wconf 89' lang='lat' dir='ltr'><strong><em>est</em></strong></span> <span class='ocrx_word' id='word_1_604' title='bbox 2371 1211 2533 1280; x_wconf 17' lang='lat' dir='ltr'><strong><em>exieis</em></strong></span> <span class='ocrx_word' id='word_1_605' title='bbox 2555 1253 2568 1275; x_wconf 93' lang='lat'><strong><em>,</em></strong></span> <span class='ocrx_word' id='word_1_606' title='bbox 2603 1212 2703 1264; x_wconf 90' lang='lat' dir='ltr'><strong><em>nisi</em></strong></span> <span class='ocrx_word' id='word_1_607' title='bbox 2735 1209 3052 1264; x_wconf 68' lang='lat' dir='ltr'><strong><em>Mat/latitius</em></strong></span> <span class='ocrx_word' id='word_1_608' title='bbox 3082 1209 3221 1280; x_wconf 77' lang='lat' dir='ltr'><strong><em>ﬁlius</em></strong></span> <span class='ocrx_word' id='word_1_609' title='bbox 3250 1213 3417 1267; x_wconf 79' lang='lat' dir='ltr'><strong><em>Abso-</em></strong></span> 
     </span>
    </p>
   </div>
   <div class='ocr_carea' id='block_1_91' title="bbox 1823 1279 3412 1353">
    <p class='ocr_par' dir='ltr' id='par_1_91' title="bbox 1823 1279 3412 1353">
     <span class='ocr_line' id='line_1_93' title="bbox 1823 1279 3412 1353; baseline 0.003 -19"><span class='ocrx_word' id='word_1_610' title='bbox 1823 1280 1965 1353; x_wconf 82' lang='lat' dir='ltr'><strong><em>lomi,</em></strong></span> <span class='ocrx_word' id='word_1_611' title='bbox 1995 1291 2042 1335; x_wconf 94' lang='lat' dir='ltr'><strong><em>et</em></strong></span> <span class='ocrx_word' id='word_1_612' title='bbox 2063 1282 2230 1353; x_wconf 74' lang='lat' dir='ltr'><strong><em>Judtts</em></strong></span> <span class='ocrx_word' id='word_1_613' title='bbox 2253 1281 2395 1353; x_wconf 84' lang='lat' dir='ltr'><strong><em>filius</em></strong></span> <span class='ocrx_word' id='word_1_614' title='bbox 2421 1279 2629 1350; x_wconf 85' lang='lat' dir='ltr'><strong><em>Calphi,</em></strong></span> <span class='ocrx_word' id='word_1_615' title='bbox 2655 1283 2892 1353; x_wconf 88' lang='lat' dir='ltr'><strong><em>princeps</em></strong></span> <span class='ocrx_word' id='word_1_616' title='bbox 2913 1279 3111 1336; x_wconf 77' lang='lat' dir='ltr'><strong><em>militice</em></strong></span> <span class='ocrx_word' id='word_1_617' title='bbox 3138 1285 3412 1338; x_wconf 77' lang='lat' dir='ltr'><strong><em>exercitus.</em></strong></span> 
     </span>
    </p>
   </div>
   <div class='ocr_carea' id='block_1_92' title="bbox 1897 1351 3416 1426">
    <p class='ocr_par' dir='ltr' id='par_1_92' title="bbox 1897 1351 3416 1426">
     <span class='ocr_line' id='line_1_94' title="bbox 1897 1351 3416 1426; baseline 0.001 -20"><span class='ocrx_word' id='word_1_618' title='bbox 1897 1351 1964 1406; x_wconf 88' lang='lat' dir='ltr'><strong><em>Et</em></strong></span> <span class='ocrx_word' id='word_1_619' title='bbox 1986 1354 2139 1408; x_wconf 86' lang='lat' dir='ltr'><strong><em>scidit</em></strong></span> <span class='ocrx_word' id='word_1_620' title='bbox 2176 1351 2446 1426; x_wconf 12' lang='lat' dir='ltr'><strong><em>Jonathasi</em></strong></span> <span class='ocrx_word' id='word_1_621' title='bbox 2463 1351 2758 1408; x_wconf 84' lang='lat' dir='ltr'><strong><em>vestimenta</em></strong></span> <span class='ocrx_word' id='word_1_622' title='bbox 2786 1351 2904 1421; x_wconf 86' lang='lat' dir='ltr'><strong><em>sua,</em></strong></span> <span class='ocrx_word' id='word_1_623' title='bbox 2953 1363 3000 1407; x_wconf 93' lang='lat' dir='ltr'><strong><em>et</em></strong></span> <span class='ocrx_word' id='word_1_624' title='bbox 3032 1355 3203 1426; x_wconf 86' lang='lat' dir='ltr'><strong><em>posuit</em></strong></span> <span class='ocrx_word' id='word_1_625' title='bbox 3228 1364 3416 1410; x_wconf 91' lang='lat' dir='ltr'><strong><em>terram</em></strong></span> 
     </span>
    </p>
   </div>
   <div class='ocr_carea' id='block_1_93' title="bbox 1820 1423 2490 1492">
    <p class='ocr_par' dir='ltr' id='par_1_93' title="bbox 1820 1423 2490 1492">
     <span class='ocr_line' id='line_1_95' title="bbox 1820 1423 2490 1492; baseline -0.003 -14"><span class='ocrx_word' id='word_1_626' title='bbox 1820 1423 1876 1478; x_wconf 88' lang='lat' dir='ltr'><strong><em>in</em></strong></span> <span class='ocrx_word' id='word_1_627' title='bbox 1901 1427 2066 1492; x_wconf 89' lang='lat' dir='ltr'><strong><em>capite</em></strong></span> <span class='ocrx_word' id='word_1_628' title='bbox 2085 1441 2202 1489; x_wconf 89' lang='lat' dir='ltr'><strong><em>suo,</em></strong></span> <span class='ocrx_word' id='word_1_629' title='bbox 2227 1435 2275 1479; x_wconf 92' lang='lat' dir='ltr'><strong><em>et</em></strong></span> <span class='ocrx_word' id='word_1_630' title='bbox 2305 1425 2490 1479; x_wconf 82' lang='lat' dir='ltr'><strong><em>orarit.</em></strong></span> 
     </span>
    </p>
   </div>
   <div class='ocr_carea' id='block_1_94' title="bbox 1898 1494 3423 1569">
    <p class='ocr_par' dir='ltr' id='par_1_94' title="bbox 1898 1494 3423 1569">
     <span class='ocr_line' id='line_1_96' title="bbox 1898 1494 3423 1569; baseline 0.003 -20"><span class='ocrx_word' id='word_1_631' title='bbox 1898 1494 1963 1549; x_wconf 79' lang='lat' dir='ltr'><strong><em>Et</em></strong></span> <span class='ocrx_word' id='word_1_632' title='bbox 1993 1496 2319 1569; x_wconf 80' lang='lat' dir='ltr'><strong><em>reversus&#39;est</em></strong></span> <span class='ocrx_word' id='word_1_633' title='bbox 2341 1494 2596 1550; x_wconf 84' lang='lat' dir='ltr'><strong><em>Jonathas</em></strong></span> <span class='ocrx_word' id='word_1_634' title='bbox 2625 1495 2694 1548; x_wconf 90' lang='lat' dir='ltr'><strong><em>ad</em></strong></span> <span class='ocrx_word' id='word_1_635' title='bbox 2719 1511 2801 1549; x_wconf 92' lang='lat' dir='ltr'><strong><em>eos</em></strong></span> <span class='ocrx_word' id='word_1_636' title='bbox 2845 1495 2898 1550; x_wconf 89' lang='lat' dir='ltr'><strong><em>in</em></strong></span> <span class='ocrx_word' id='word_1_637' title='bbox 2945 1496 3202 1569; x_wconf 74' lang='lat' dir='ltr'><strong><em>pra&#39;lium,</em></strong></span> <span class='ocrx_word' id='word_1_638' title='bbox 3225 1508 3272 1553; x_wconf 91' lang='lat' dir='ltr'><strong><em>et</em></strong></span> <span class='ocrx_word' id='word_1_639' title='bbox 3302 1515 3423 1554; x_wconf 89' lang='lat' dir='ltr'><strong><em>con-</em></strong></span> 
     </span>
    </p>
   </div>
   <div class='ocr_carea' id='block_1_95' title="bbox 1822 1568 2894 1639">
    <p class='ocr_par' dir='ltr' id='par_1_95' title="bbox 1822 1568 2894 1639">
     <span class='ocr_line' id='line_1_97' title="bbox 1822 1568 2894 1639; baseline 0 -18"><span class='ocrx_word' id='word_1_640' title='bbox 1822 1569 1971 1639; x_wconf 68' lang='lat' dir='ltr'><strong><em>vertit</em></strong></span> <span class='ocrx_word' id='word_1_641' title='bbox 2002 1585 2085 1622; x_wconf 88' lang='lat' dir='ltr'><strong><em>eos</em></strong></span> <span class='ocrx_word' id='word_1_642' title='bbox 2115 1570 2168 1622; x_wconf 87' lang='lat' dir='ltr'><strong><em>in</em></strong></span> <span class='ocrx_word' id='word_1_643' title='bbox 2197 1568 2408 1639; x_wconf 87' lang='lat' dir='ltr'><strong><em>fugam,</em></strong></span> <span class='ocrx_word' id='word_1_644' title='bbox 2439 1579 2485 1620; x_wconf 91' lang='lat' dir='ltr'><strong><em>et</em></strong></span> <span class='ocrx_word' id='word_1_645' title='bbox 2517 1577 2894 1639; x_wconf 82' lang='lat' dir='ltr'><strong><em>pugnaverunt.</em></strong></span> 
     </span>
    </p>
   </div>
   <div class='ocr_carea' id='block_1_96' title="bbox 1896 1637 3423 1711">
    <p class='ocr_par' dir='ltr' id='par_1_96' title="bbox 1896 1637 3423 1711">
     <span class='ocr_line' id='line_1_98' title="bbox 1896 1637 3423 1711; baseline 0.001 -19"><span class='ocrx_word' id='word_1_646' title='bbox 1896 1637 1964 1692; x_wconf 86' lang='lat' dir='ltr'><strong><em>Et</em></strong></span> <span class='ocrx_word' id='word_1_647' title='bbox 2008 1637 2371 1711; x_wconf 24' lang='lat' dir='ltr'><strong><em>viderunt‘qui</em></strong></span> <span class='ocrx_word' id='word_1_648' title='bbox 2411 1638 2674 1711; x_wconf 85' lang='lat' dir='ltr'><strong><em>fugiebant</em></strong></span> <span class='ocrx_word' id='word_1_649' title='bbox 2718 1639 2881 1703; x_wconf 87' lang='lat' dir='ltr'><strong><em>partis</em></strong></span> <span class='ocrx_word' id='word_1_650' title='bbox 2927 1639 3099 1703; x_wconf 89' lang='lat' dir='ltr'><strong><em>illius,</em></strong></span> <span class='ocrx_word' id='word_1_651' title='bbox 3143 1649 3189 1694; x_wconf 91' lang='lat' dir='ltr'><strong><em>et</em></strong></span> <span class='ocrx_word' id='word_1_652' title='bbox 3229 1643 3423 1696; x_wconf 84' lang='lat' dir='ltr'><strong><em>reversi</em></strong></span> 
     </span>
    </p>
   </div>
   <div class='ocr_carea' id='block_1_97' title="bbox 1823 1709 3423 1784">
    <p class='ocr_par' dir='ltr' id='par_1_97' title="bbox 1823 1709 3423 1784">
     <span class='ocr_line' id='line_1_99' title="bbox 1823 1709 3423 1784; baseline 0.003 -20"><span class='ocrx_word' id='word_1_653' title='bbox 1823 1718 1941 1784; x_wconf 78' lang='lat' dir='ltr'><strong><em>sunt</em></strong></span> <span class='ocrx_word' id='word_1_654' title='bbox 1985 1711 2055 1764; x_wconf 87' lang='lat' dir='ltr'><strong><em>ad</em></strong></span> <span class='ocrx_word' id='word_1_655' title='bbox 2083 1727 2228 1784; x_wconf 79' lang='lat' dir='ltr'><strong><em>eum,</em></strong></span> <span class='ocrx_word' id='word_1_656' title='bbox 2276 1709 2322 1764; x_wconf 79' lang='lat' dir='ltr'><strong><em>et</em></strong></span> <span class='ocrx_word' id='word_1_657' title='bbox 2358 1709 2761 1780; x_wconf 88' lang='lat' dir='ltr'><strong><em>insequebantur</em></strong></span> <span class='ocrx_word' id='word_1_658' title='bbox 2807 1726 2921 1763; x_wconf 92' lang='lat' dir='ltr'><strong><em>cum</em></strong></span> <span class='ocrx_word' id='word_1_659' title='bbox 2952 1728 3009 1764; x_wconf 85' lang='lat' dir='ltr'><strong><em>eo</em></strong></span> <span class='ocrx_word' id='word_1_660' title='bbox 3052 1727 3225 1766; x_wconf 89' lang='lat' dir='ltr'><strong><em>omnes</em></strong></span> <span class='ocrx_word' id='word_1_661' title='bbox 3264 1729 3423 1784; x_wconf 89' lang='lat' dir='ltr'><strong><em>usque</em></strong></span> 
     </span>
    </p>
   </div>
   <div class='ocr_carea' id='block_1_98' title="bbox 1825 1781 3235 1852">
    <p class='ocr_par' dir='ltr' id='par_1_98' title="bbox 1825 1781 3235 1852">
     <span class='ocr_line' id='line_1_100' title="bbox 1825 1781 3235 1852; baseline -0.001 -14"><span class='ocrx_word' id='word_1_662' title='bbox 1825 1781 1994 1852; x_wconf 72' lang='lat' dir='ltr'><strong><em>Gades</em></strong></span> <span class='ocrx_word' id='word_1_663' title='bbox 2022 1782 2092 1835; x_wconf 88' lang='lat' dir='ltr'><strong><em>ad</em></strong></span> <span class='ocrx_word' id='word_1_664' title='bbox 2123 1791 2293 1835; x_wconf 89' lang='lat' dir='ltr'><strong><em>castra</em></strong></span> <span class='ocrx_word' id='word_1_665' title='bbox 2315 1799 2432 1844; x_wconf 88' lang='lat' dir='ltr'><strong><em>sua,</em></strong></span> <span class='ocrx_word' id='word_1_666' title='bbox 2460 1791 2507 1835; x_wconf 90' lang='lat' dir='ltr'><strong><em>et</em></strong></span> <span class='ocrx_word' id='word_1_667' title='bbox 2536 1789 2876 1851; x_wconf 83' lang='lat' dir='ltr'><strong><em>pervenerunt</em></strong></span> <span class='ocrx_word' id='word_1_668' title='bbox 2908 1798 3067 1852; x_wconf 88' lang='lat' dir='ltr'><strong><em>usque</em></strong></span> <span class='ocrx_word' id='word_1_669' title='bbox 3089 1784 3235 1838; x_wconf 91' lang='lat' dir='ltr'><strong><em>illuc.</em></strong></span> 
     </span>
    </p>
   </div>
   <div class='ocr_carea' id='block_1_99' title="bbox 1896 1850 3422 1924">
    <p class='ocr_par' dir='ltr' id='par_1_99' title="bbox 1896 1850 3422 1924">
     <span class='ocr_line' id='line_1_101' title="bbox 1896 1850 3422 1924; baseline 0.003 -18"><span class='ocrx_word' id='word_1_670' title='bbox 1896 1850 1967 1906; x_wconf 85' lang='lat' dir='ltr'><strong><em>Et</em></strong></span> <span class='ocrx_word' id='word_1_671' title='bbox 1997 1853 2293 1908; x_wconf 90' lang='lat' dir='ltr'><strong><em>ceciderunt</em></strong></span> <span class='ocrx_word' id='word_1_672' title='bbox 2340 1854 2403 1907; x_wconf 89' lang='lat' dir='ltr'><strong><em>de</em></strong></span> <span class='ocrx_word' id='word_1_673' title='bbox 2448 1850 2753 1924; x_wconf 74' lang='lat' dir='ltr'><strong><em>alienigenis</em></strong></span> <span class='ocrx_word' id='word_1_674' title='bbox 2794 1852 2847 1906; x_wconf 89' lang='lat' dir='ltr'><strong><em>in</em></strong></span> <span class='ocrx_word' id='word_1_675' title='bbox 2880 1850 3092 1924; x_wconf 51' lang='lat' dir='ltr'><strong><em>die&#39;illa</em></strong></span> <span class='ocrx_word' id='word_1_676' title='bbox 3128 1857 3229 1908; x_wconf 90' lang='lat' dir='ltr'><strong><em>tria</em></strong></span> <span class='ocrx_word' id='word_1_677' title='bbox 3259 1855 3422 1910; x_wconf 87' lang='lat' dir='ltr'><strong><em>millia</em></strong></span> 
     </span>
    </p>
   </div>
   <div class='ocr_carea' id='block_1_100' title="bbox 1825 1922 3242 1981">
    <p class='ocr_par' dir='ltr' id='par_1_100' title="bbox 1825 1922 3242 1981">
     <span class='ocr_line' id='line_1_102' title="bbox 1825 1922 3242 1981; baseline 0.001 -2"><span class='ocrx_word' id='word_1_678' title='bbox 1825 1922 2052 1979; x_wconf 78' lang='lat' dir='ltr'><strong><em>rirorum</em></strong></span> <span class='ocrx_word' id='word_1_679' title='bbox 2077 1940 2094 1979; x_wconf 92' lang='lat'><em>:</em></span> <span class='ocrx_word' id='word_1_680' title='bbox 2127 1935 2172 1980; x_wconf 83' lang='lat' dir='ltr'><strong><em>et</em></strong></span> <span class='ocrx_word' id='word_1_681' title='bbox 2204 1940 2433 1980; x_wconf 84' lang='lat' dir='ltr'><strong><em>reversus</em></strong></span> <span class='ocrx_word' id='word_1_682' title='bbox 2462 1935 2535 1980; x_wconf 90' lang='lat' dir='ltr'><strong><em>est</em></strong></span> <span class='ocrx_word' id='word_1_683' title='bbox 2561 1922 2816 1978; x_wconf 77' lang='lat' dir='ltr'><strong><em>Ionathas</em></strong></span> <span class='ocrx_word' id='word_1_684' title='bbox 2842 1924 2894 1978; x_wconf 90' lang='lat' dir='ltr'><strong><em>in</em></strong></span> <span class='ocrx_word' id='word_1_685' title='bbox 2923 1922 3242 1981; x_wconf 83' lang='lat' dir='ltr'><strong><em>Jerusalem.</em></strong></span> 
     </span>
    </p>
   </div>
   <div class='ocr_carea' id='block_1_101' title="bbox 2431 2035 2807 2094">
    <p class='ocr_par' dir='ltr' id='par_1_101' title="bbox 2431 2035 2807 2094">
     <span class='ocr_line' id='line_1_103' title="bbox 2431 2035 2807 2094; baseline 0 -4"><span class='ocrx_word' id='word_1_686' title='bbox 2431 2036 2660 2094; x_wconf 77' lang='lat' dir='ltr'><strong><em>CAPUT</em></strong></span> <span class='ocrx_word' id='word_1_687' title='bbox 2692 2035 2807 2092; x_wconf 86' lang='grc' dir='ltr'><strong>ΧΙΙ.</strong></span> 
     </span>
    </p>
   </div>
   <div class='ocr_carea' id='block_1_102' title="bbox 1897 2129 3424 2206">
    <p class='ocr_par' dir='ltr' id='par_1_102' title="bbox 1897 2129 3424 2206">
     <span class='ocr_line' id='line_1_104' title="bbox 1897 2129 3424 2206; baseline 0.003 -22"><span class='ocrx_word' id='word_1_688' title='bbox 1897 2129 1964 2184; x_wconf 85' lang='lat' dir='ltr'><strong><em>Et</em></strong></span> <span class='ocrx_word' id='word_1_689' title='bbox 1993 2131 2122 2186; x_wconf 82' lang='lat' dir='ltr'><strong><em>vidit</em></strong></span> <span class='ocrx_word' id='word_1_690' title='bbox 2145 2129 2417 2206; x_wconf 66' lang='lat' dir='ltr'><strong><em>Jonatlras</em></strong></span> <span class='ocrx_word' id='word_1_691' title='bbox 2447 2132 2568 2202; x_wconf 89' lang='lat' dir='ltr'><strong><em>quia</em></strong></span> <span class='ocrx_word' id='word_1_692' title='bbox 2607 2141 2803 2202; x_wconf 89' lang='lat' dir='ltr'><strong><em>tempus</em></strong></span> <span class='ocrx_word' id='word_1_693' title='bbox 2842 2146 2958 2185; x_wconf 88' lang='lat' dir='ltr'><strong><em>eum</em></strong></span> <span class='ocrx_word' id='word_1_694' title='bbox 2993 2133 3164 2202; x_wconf 86' lang='lat' dir='ltr'><strong><em>jurat,</em></strong></span> <span class='ocrx_word' id='word_1_695' title='bbox 3198 2143 3246 2187; x_wconf 90' lang='lat' dir='ltr'><strong><em>et</em></strong></span> <span class='ocrx_word' id='word_1_696' title='bbox 3273 2137 3424 2206; x_wconf 77' lang='lat' dir='ltr'><strong><em>elegit</em></strong></span> 
     </span>
    </p>
   </div>
   <div class='ocr_carea' id='block_1_103' title="bbox 1827 2202 3422 2269">
    <p class='ocr_par' dir='ltr' id='par_1_103' title="bbox 1827 2202 3422 2269">
     <span class='ocr_line' id='line_1_105' title="bbox 1827 2202 3422 2269; baseline 0.003 -13"><span class='ocrx_word' id='word_1_697' title='bbox 1827 2204 1984 2266; x_wconf 80' lang='lat' dir='ltr'><strong><em>viros,</em></strong></span> <span class='ocrx_word' id='word_1_698' title='bbox 2013 2213 2059 2256; x_wconf 91' lang='lat' dir='ltr'><strong><em>et</em></strong></span> <span class='ocrx_word' id='word_1_699' title='bbox 2084 2204 2221 2258; x_wconf 89' lang='lat' dir='ltr'><strong><em>misit</em></strong></span> <span class='ocrx_word' id='word_1_700' title='bbox 2250 2219 2332 2257; x_wconf 88' lang='lat' dir='ltr'><strong><em>eos</em></strong></span> <span class='ocrx_word' id='word_1_701' title='bbox 2361 2202 2577 2258; x_wconf 78' lang='lat' dir='ltr'><strong><em>Romam</em></strong></span> <span class='ocrx_word' id='word_1_702' title='bbox 2599 2211 2843 2269; x_wconf 89' lang='lat' dir='ltr'><strong><em>statuere,</em></strong></span> <span class='ocrx_word' id='word_1_703' title='bbox 2870 2212 2917 2257; x_wconf 94' lang='lat' dir='ltr'><strong><em>et</em></strong></span> <span class='ocrx_word' id='word_1_704' title='bbox 2937 2221 3182 2260; x_wconf 84' lang='lat' dir='ltr'><strong><em>renovare</em></strong></span> <span class='ocrx_word' id='word_1_705' title='bbox 3208 2223 3322 2260; x_wconf 89' lang='lat' dir='ltr'><strong><em>cum</em></strong></span> <span class='ocrx_word' id='word_1_706' title='bbox 3351 2202 3422 2261; x_wconf 65' lang='lat' dir='ltr'><strong><em>iis</em></strong></span> 
     </span>
    </p>
   </div>
   <div class='ocr_carea' id='block_1_104' title="bbox 1825 2275 2123 2328">
    <p class='ocr_par' dir='ltr' id='par_1_104' title="bbox 1825 2275 2123 2328">
     <span class='ocr_line' id='line_1_106' title="bbox 1825 2275 2123 2328; baseline -0.003 0"><span class='ocrx_word' id='word_1_707' title='bbox 1825 2275 2123 2328; x_wconf 86' lang='lat' dir='ltr'><strong><em>amicitiam.</em></strong></span> 
     </span>
    </p>
   </div>
   <div class='ocr_carea' id='block_1_105' title="bbox 1901 2344 3421 2417">
    <p class='ocr_par' dir='ltr' id='par_1_105' title="bbox 1901 2344 3421 2417">
     <span class='ocr_line' id='line_1_107' title="bbox 1901 2344 3421 2417; baseline 0.004 -20"><span class='ocrx_word' id='word_1_708' title='bbox 1901 2344 1967 2398; x_wconf 84' lang='lat' dir='ltr'><strong><em>Et</em></strong></span> <span class='ocrx_word' id='word_1_709' title='bbox 1997 2348 2066 2398; x_wconf 91' lang='lat' dir='ltr'><strong><em>ad</em></strong></span> <span class='ocrx_word' id='word_1_710' title='bbox 2095 2346 2410 2416; x_wconf 85' lang='lat' dir='ltr'><strong><em>Spartiatas,</em></strong></span> <span class='ocrx_word' id='word_1_711' title='bbox 2455 2354 2502 2399; x_wconf 87' lang='lat' dir='ltr'><strong><em>et</em></strong></span> <span class='ocrx_word' id='word_1_712' title='bbox 2533 2345 2601 2400; x_wconf 90' lang='lat' dir='ltr'><strong><em>ad</em></strong></span> <span class='ocrx_word' id='word_1_713' title='bbox 2627 2346 2735 2400; x_wconf 90' lang='lat' dir='ltr'><strong><em>alia</em></strong></span> <span class='ocrx_word' id='word_1_714' title='bbox 2761 2345 2874 2399; x_wconf 91' lang='lat' dir='ltr'><strong><em>loca</em></strong></span> <span class='ocrx_word' id='word_1_715' title='bbox 2903 2345 3039 2399; x_wconf 65' lang='lat' dir='ltr'><strong><em>misit</em></strong></span> <span class='ocrx_word' id='word_1_716' title='bbox 3071 2349 3314 2417; x_wconf 88' lang='lat' dir='ltr'><strong><em>epistolas</em></strong></span> <span class='ocrx_word' id='word_1_717' title='bbox 3343 2369 3421 2403; x_wconf 78' lang='lat' dir='ltr'><strong><em>se-</em></strong></span> 
     </span>
    </p>
   </div>
   <div class='ocr_carea' id='block_1_106' title="bbox 1828 2419 2584 2488">
    <p class='ocr_par' dir='ltr' id='par_1_106' title="bbox 1828 2419 2584 2488">
     <span class='ocr_line' id='line_1_108' title="bbox 1828 2419 2584 2488; baseline 0 -18"><span class='ocrx_word' id='word_1_718' title='bbox 1828 2419 2051 2488; x_wconf 86' lang='lat' dir='ltr'><strong><em>cundum</em></strong></span> <span class='ocrx_word' id='word_1_719' title='bbox 2083 2419 2313 2488; x_wconf 81' lang='lat' dir='ltr'><strong><em>eamdem</em></strong></span> <span class='ocrx_word' id='word_1_720' title='bbox 2344 2419 2584 2488; x_wconf 89' lang='lat' dir='ltr'><strong><em>formam.</em></strong></span> 
     </span>
    </p>
   </div>
   <div class='ocr_carea' id='block_1_107' title="bbox 1900 2487 3423 2553">
    <p class='ocr_par' dir='ltr' id='par_1_107' title="bbox 1900 2487 3423 2553">
     <span class='ocr_line' id='line_1_109' title="bbox 1900 2487 3423 2553; baseline 0.004 -12"><span class='ocrx_word' id='word_1_721' title='bbox 1900 2487 1967 2542; x_wconf 87' lang='lat' dir='ltr'><strong><em>Et</em></strong></span> <span class='ocrx_word' id='word_1_722' title='bbox 1991 2489 2231 2542; x_wconf 88' lang='lat' dir='ltr'><strong><em>abierunt</em></strong></span> <span class='ocrx_word' id='word_1_723' title='bbox 2261 2487 2502 2553; x_wconf 83' lang='lat' dir='ltr'><strong><em>Romam,</em></strong></span> <span class='ocrx_word' id='word_1_724' title='bbox 2528 2498 2574 2542; x_wconf 90' lang='lat' dir='ltr'><strong><em>et</em></strong></span> <span class='ocrx_word' id='word_1_725' title='bbox 2601 2489 2920 2542; x_wconf 83' lang='lat' dir='ltr'><strong><em>intraverunt</em></strong></span> <span class='ocrx_word' id='word_1_726' title='bbox 2950 2489 3174 2552; x_wconf 87' lang='lat' dir='ltr'><strong><em>curiam,</em></strong></span> <span class='ocrx_word' id='word_1_727' title='bbox 3203 2499 3251 2543; x_wconf 92' lang='lat' dir='ltr'><strong><em>et</em></strong></span> <span class='ocrx_word' id='word_1_728' title='bbox 3278 2492 3423 2547; x_wconf 72' lang='lat' dir='ltr'><strong><em>dixe-</em></strong></span> 
     </span>
    </p>
   </div>
   <div class='ocr_carea' id='block_1_108' title="bbox 1829 2557 3420 2629">
    <p class='ocr_par' dir='ltr' id='par_1_108' title="bbox 1829 2557 3420 2629">
     <span class='ocr_line' id='line_1_110' title="bbox 1829 2557 3420 2629; baseline 0.002 -15"><span class='ocrx_word' id='word_1_729' title='bbox 1829 2570 1950 2615; x_wconf 89' lang='lat' dir='ltr'><strong><em>runt</em></strong></span> <span class='ocrx_word' id='word_1_730' title='bbox 1991 2576 2008 2614; x_wconf 89' lang='lat'><em>:</em></span> <span class='ocrx_word' id='word_1_731' title='bbox 2047 2557 2302 2615; x_wconf 84' lang='lat' dir='ltr'><strong><em>Jonathas</em></strong></span> <span class='ocrx_word' id='word_1_732' title='bbox 2330 2577 2560 2614; x_wconf 86' lang='lat' dir='ltr'><strong><em>summus</em></strong></span> <span class='ocrx_word' id='word_1_733' title='bbox 2599 2561 2860 2624; x_wconf 85' lang='lat' dir='ltr'><strong><em>sacerdos,</em></strong></span> <span class='ocrx_word' id='word_1_734' title='bbox 2892 2569 2938 2613; x_wconf 83' lang='lat' dir='ltr'><strong><em>et</em></strong></span> <span class='ocrx_word' id='word_1_735' title='bbox 2967 2576 3090 2629; x_wconf 90' lang='lat' dir='ltr'><strong><em>gens</em></strong></span> <span class='ocrx_word' id='word_1_736' title='bbox 3119 2559 3420 2617; x_wconf 70' lang='lat' dir='ltr'><strong><em>Judteurum</em></strong></span> 
     </span>
    </p>
   </div>
   <div class='ocr_carea' id='block_1_109' title="bbox 1830 2632 3420 2699">
    <p class='ocr_par' dir='ltr' id='par_1_109' title="bbox 1830 2632 3420 2699">
     <span class='ocr_line' id='line_1_111' title="bbox 1830 2632 3420 2699; baseline 0.002 -14"><span class='ocrx_word' id='word_1_737' title='bbox 1830 2632 2077 2686; x_wconf 87' lang='lat' dir='ltr'><strong><em>miserunt</em></strong></span> <span class='ocrx_word' id='word_1_738' title='bbox 2108 2649 2220 2699; x_wconf 86' lang='lat' dir='ltr'><strong><em>nos,</em></strong></span> <span class='ocrx_word' id='word_1_739' title='bbox 2255 2641 2308 2685; x_wconf 88' lang='lat' dir='ltr'><strong><em>ut</em></strong></span> <span class='ocrx_word' id='word_1_740' title='bbox 2341 2647 2698 2686; x_wconf 87' lang='lat' dir='ltr'><strong><em>renovaremus</em></strong></span> <span class='ocrx_word' id='word_1_741' title='bbox 2723 2632 3028 2698; x_wconf 86' lang='lat' dir='ltr'><strong><em>amicitiam,</em></strong></span> <span class='ocrx_word' id='word_1_742' title='bbox 3053 2641 3098 2684; x_wconf 89' lang='lat' dir='ltr'><strong><em>et</em></strong></span> <span class='ocrx_word' id='word_1_743' title='bbox 3128 2634 3420 2688; x_wconf 57' lang='lat' dir='ltr'><strong><em>societatem</em></strong></span> 
     </span>
    </p>
   </div>
   <div class='ocr_carea' id='block_1_110' title="bbox 1830 2703 2435 2773">
    <p class='ocr_par' dir='ltr' id='par_1_110' title="bbox 1830 2703 2435 2773">
     <span class='ocr_line' id='line_1_112' title="bbox 1830 2703 2435 2773; baseline -0.005 -16"><span class='ocrx_word' id='word_1_744' title='bbox 1830 2703 2107 2757; x_wconf 89' lang='lat' dir='ltr'><strong><em>secundum</em></strong></span> <span class='ocrx_word' id='word_1_745' title='bbox 2140 2704 2435 2773; x_wconf 86' lang='lat' dir='ltr'><strong><em>pristinum.</em></strong></span> 
     </span>
    </p>
   </div>
   <div class='ocr_carea' id='block_1_111' title="bbox 1903 2773 3418 2847">
    <p class='ocr_par' dir='ltr' id='par_1_111' title="bbox 1903 2773 3418 2847">
     <span class='ocr_line' id='line_1_113' title="bbox 1903 2773 3418 2847; baseline 0.002 -20"><span class='ocrx_word' id='word_1_746' title='bbox 1903 2773 1972 2830; x_wconf 83' lang='lat' dir='ltr'><strong><em>Et</em></strong></span> <span class='ocrx_word' id='word_1_747' title='bbox 1998 2774 2250 2830; x_wconf 88' lang='lat' dir='ltr'><strong><em>dederunt</em></strong></span> <span class='ocrx_word' id='word_1_748' title='bbox 2289 2775 2395 2829; x_wconf 87' lang='lat' dir='ltr'><strong><em>illis</em></strong></span> <span class='ocrx_word' id='word_1_749' title='bbox 2423 2773 2666 2847; x_wconf 69' lang='lat' dir='ltr'><strong><em>epistolas</em></strong></span> <span class='ocrx_word' id='word_1_750' title='bbox 2693 2775 2762 2827; x_wconf 90' lang='lat' dir='ltr'><strong><em>ad</em></strong></span> <span class='ocrx_word' id='word_1_751' title='bbox 2790 2775 2926 2847; x_wconf 88' lang='lat' dir='ltr'><strong><em>ipsos</em></strong></span> <span class='ocrx_word' id='word_1_752' title='bbox 2948 2789 3037 2844; x_wconf 89' lang='lat' dir='ltr'><strong><em>per</em></strong></span> <span class='ocrx_word' id='word_1_753' title='bbox 3062 2773 3205 2843; x_wconf 90' lang='lat' dir='ltr'><strong><em>loca,</em></strong></span> <span class='ocrx_word' id='word_1_754' title='bbox 3233 2787 3285 2830; x_wconf 91' lang='lat' dir='ltr'><strong><em>ut</em></strong></span> <span class='ocrx_word' id='word_1_755' title='bbox 3326 2777 3418 2830; x_wconf 84' lang='lat' dir='ltr'><strong><em>dc-</em></strong></span> 
     </span>
    </p>
   </div>
   <div class='ocr_carea' id='block_1_112' title="bbox 1831 2843 2985 2912">
    <p class='ocr_par' dir='ltr' id='par_1_112' title="bbox 1831 2843 2985 2912">
     <span class='ocr_line' id='line_1_114' title="bbox 1831 2843 2985 2912; baseline -0.001 -13"><span class='ocrx_word' id='word_1_756' title='bbox 1831 2845 2075 2901; x_wconf 87' lang='lat' dir='ltr'><strong><em>ducerent</em></strong></span> <span class='ocrx_word' id='word_1_757' title='bbox 2106 2863 2190 2901; x_wconf 85' lang='lat' dir='ltr'><strong><em>eos</em></strong></span> <span class='ocrx_word' id='word_1_758' title='bbox 2215 2849 2264 2900; x_wconf 92' lang='lat' dir='ltr'><strong><em>in</em></strong></span> <span class='ocrx_word' id='word_1_759' title='bbox 2293 2857 2484 2899; x_wconf 87' lang='lat' dir='ltr'><strong><em>terram</em></strong></span> <span class='ocrx_word' id='word_1_760' title='bbox 2513 2843 2656 2899; x_wconf 80' lang='lat' dir='ltr'><strong><em>Juda</em></strong></span> <span class='ocrx_word' id='word_1_761' title='bbox 2694 2843 2818 2898; x_wconf 73' lang='lat' dir='ltr'><strong><em>cuni</em></strong></span> <span class='ocrx_word' id='word_1_762' title='bbox 2840 2843 2985 2912; x_wconf 89' lang='lat' dir='ltr'><strong><em>pace.</em></strong></span> 
     </span>
    </p>
   </div>
   <div class='ocr_carea' id='block_1_113' title="bbox 1834 2916 3418 2989">
    <p class='ocr_par' dir='ltr' id='par_1_113' title="bbox 1834 2916 3418 2989">
     <span class='ocr_line' id='line_1_115' title="bbox 1834 2916 3418 2989; baseline 0.003 -19"><span class='ocrx_word' id='word_1_763' title='bbox 1834 2922 1872 2984; x_wconf 66' lang='grc' dir='ltr'><strong><em>ξ’</em></strong></span> <span class='ocrx_word' id='word_1_764' title='bbox 1904 2917 1971 2972; x_wconf 84' lang='lat' dir='ltr'><strong><em>Et</em></strong></span> <span class='ocrx_word' id='word_1_765' title='bbox 1997 2918 2091 2971; x_wconf 83' lang='lat' dir='ltr'><strong><em>hoc</em></strong></span> <span class='ocrx_word' id='word_1_766' title='bbox 2125 2929 2198 2971; x_wconf 88' lang='lat' dir='ltr'><strong><em>est</em></strong></span> <span class='ocrx_word' id='word_1_767' title='bbox 2225 2916 2512 2988; x_wconf 77' lang='lat' dir='ltr'><strong><em>exemplum</em></strong></span> <span class='ocrx_word' id='word_1_768' title='bbox 2544 2917 2897 2989; x_wconf 88' lang='lat' dir='ltr'><strong><em>epistolarum,</em></strong></span> <span class='ocrx_word' id='word_1_769' title='bbox 2933 2932 3061 2985; x_wconf 82' lang='lat' dir='ltr'><strong><em>quas</em></strong></span> <span class='ocrx_word' id='word_1_770' title='bbox 3089 2919 3292 2987; x_wconf 83' lang='lat' dir='ltr'><strong><em>scripsit</em></strong></span> <span class='ocrx_word' id='word_1_771' title='bbox 3322 2919 3418 2974; x_wconf 82' lang='lat' dir='ltr'><strong><em>Jo-</em></strong></span> 
     </span>
    </p>
   </div>
   <div class='ocr_carea' id='block_1_114' title="bbox 1832 2989 2372 3056">
    <p class='ocr_par' dir='ltr' id='par_1_114' title="bbox 1832 2989 2372 3056">
     <span class='ocr_line' id='line_1_116' title="bbox 1832 2989 2372 3056; baseline 0.004 -15"><span class='ocrx_word' id='word_1_772' title='bbox 1832 2989 2018 3043; x_wconf 87' lang='lat' dir='ltr'><strong><em>nathas</em></strong></span> <span class='ocrx_word' id='word_1_773' title='bbox 2047 2989 2328 3056; x_wconf 87' lang='lat' dir='ltr'><strong><em>Spartiatis</em></strong></span> <span class='ocrx_word' id='word_1_774' title='bbox 2353 3005 2372 3043; x_wconf 92' lang='lat'><strong><em>:</em></strong></span> 
     </span>
    </p>
   </div>
   <div class='ocr_carea' id='block_1_115' title="bbox 1902 3059 3424 3128">
    <p class='ocr_par' dir='ltr' id='par_1_115' title="bbox 1902 3059 3424 3128">
     <span class='ocr_line' id='line_1_117' title="bbox 1902 3059 3424 3128; baseline 0.001 -15"><span class='ocrx_word' id='word_1_775' title='bbox 1902 3059 2160 3114; x_wconf 79' lang='lat' dir='ltr'><strong><em>Jonathas</em></strong></span> <span class='ocrx_word' id='word_1_776' title='bbox 2190 3077 2417 3115; x_wconf 88' lang='lat' dir='ltr'><strong><em>summus</em></strong></span> <span class='ocrx_word' id='word_1_777' title='bbox 2465 3061 2729 3120; x_wconf 87' lang='lat' dir='ltr'><strong><em>sacerdos.</em></strong></span> <span class='ocrx_word' id='word_1_778' title='bbox 2783 3069 2830 3114; x_wconf 87' lang='lat' dir='ltr'><strong><em>et</em></strong></span> <span class='ocrx_word' id='word_1_779' title='bbox 2884 3062 3110 3116; x_wconf 59' lang='lat' dir='ltr'><strong><em>seniores</em></strong></span> <span class='ocrx_word' id='word_1_780' title='bbox 3150 3063 3335 3128; x_wconf 82' lang='lat' dir='ltr'><strong><em>gentis,</em></strong></span> <span class='ocrx_word' id='word_1_781' title='bbox 3377 3073 3424 3116; x_wconf 91' lang='lat' dir='ltr'><strong><em>et</em></strong></span> 
     </span>
    </p>
   </div>
   <div class='ocr_carea' id='block_1_116' title="bbox 1832 3119 3420 3203">
    <p class='ocr_par' dir='ltr' id='par_1_116' title="bbox 1832 3119 3420 3203">
     <span class='ocr_line' id='line_1_118' title="bbox 1832 3119 3420 3203; baseline 0 -17"><span class='ocrx_word' id='word_1_782' title='bbox 1832 3131 2140 3198; x_wconf 85' lang='lat' dir='ltr'><strong><em>sacerdotes,</em></strong></span> <span class='ocrx_word' id='word_1_783' title='bbox 2184 3142 2231 3186; x_wconf 93' lang='lat' dir='ltr'><strong><em>et</em></strong></span> <span class='ocrx_word' id='word_1_784' title='bbox 2274 3132 2499 3202; x_wconf 89' lang='lat' dir='ltr'><strong><em>reliquus</em></strong></span> <span class='ocrx_word' id='word_1_785' title='bbox 2545 3119 2769 3203; x_wconf 79' lang='lat' dir='ltr'><strong><em>papulas</em></strong></span> <span class='ocrx_word' id='word_1_786' title='bbox 2799 3130 3104 3186; x_wconf 67' lang='lat' dir='ltr'><strong><em>Juda‘orum</em></strong></span> <span class='ocrx_word' id='word_1_787' title='bbox 3135 3119 3420 3202; x_wconf 63' lang='lat' dir='ltr'><strong><em>Spartiatis</em></strong></span> 
     </span>
    </p>
   </div>
   <div class='ocr_carea' id='block_1_117' title="bbox 1759 3203 2352 3275">
    <p class='ocr_par' dir='ltr' id='par_1_117' title="bbox 1759 3203 2352 3275">
     <span class='ocr_line' id='line_1_119' title="bbox 1759 3203 2352 3275; baseline 0.005 -22"><span class='ocrx_word' id='word_1_788' title='bbox 1759 3211 1806 3274; x_wconf 61' lang='grc' dir='ltr'><strong><em>(ς</em></strong></span> <span class='ocrx_word' id='word_1_789' title='bbox 1838 3203 2084 3275; x_wconf 80' lang='lat' dir='ltr'><strong><em>fratribus</em></strong></span> <span class='ocrx_word' id='word_1_790' title='bbox 2115 3206 2352 3275; x_wconf 86' lang='lat' dir='ltr'><strong><em>salutem.</em></strong></span> 
     </span>
    </p>
   </div>
   <div class='ocr_carea' id='block_1_118' title="bbox 1905 3273 3421 3344">
    <p class='ocr_par' dir='ltr' id='par_1_118' title="bbox 1905 3273 3421 3344">
     <span class='ocr_line' id='line_1_120' title="bbox 1905 3273 3421 3344; baseline 0.001 -16"><span class='ocrx_word' id='word_1_791' title='bbox 1905 3273 2228 3344; x_wconf 71' lang='lat' dir='ltr'><strong><em>Iampridem</em></strong></span> <span class='ocrx_word' id='word_1_792' title='bbox 2260 3276 2428 3328; x_wconf 79' lang='lat' dir='ltr'><strong><em>misste</em></strong></span> <span class='ocrx_word' id='word_1_793' title='bbox 2450 3283 2594 3327; x_wconf 89' lang='lat' dir='ltr'><strong><em>erant</em></strong></span> <span class='ocrx_word' id='word_1_794' title='bbox 2617 3274 2849 3342; x_wconf 77' lang='lat' dir='ltr'><strong><em>epistola:</em></strong></span> <span class='ocrx_word' id='word_1_795' title='bbox 2868 3277 2935 3329; x_wconf 89' lang='lat' dir='ltr'><strong><em>ad</em></strong></span> <span class='ocrx_word' id='word_1_796' title='bbox 2961 3275 3143 3330; x_wconf 88' lang='lat' dir='ltr'><strong><em>Oniam</em></strong></span> <span class='ocrx_word' id='word_1_797' title='bbox 3166 3291 3421 3329; x_wconf 89' lang='lat' dir='ltr'><strong><em>summum</em></strong></span> 
     </span>
    </p>
   </div>
   <div class='ocr_carea' id='block_1_119' title="bbox 1833 3346 3419 3416">
    <p class='ocr_par' dir='ltr' id='par_1_119' title="bbox 1833 3346 3419 3416">
     <span class='ocr_line' id='line_1_121' title="bbox 1833 3346 3419 3416; baseline 0 -16"><span class='ocrx_word' id='word_1_798' title='bbox 1833 3347 2150 3402; x_wconf 89' lang='lat' dir='ltr'><strong><em>sacerdotem</em></strong></span> <span class='ocrx_word' id='word_1_799' title='bbox 2190 3346 2253 3400; x_wconf 91' lang='lat' dir='ltr'><strong><em>ab</em></strong></span> <span class='ocrx_word' id='word_1_800' title='bbox 2293 3346 2436 3405; x_wconf 74' lang='lat' dir='ltr'><strong><em>Aria.</em></strong></span> <span class='ocrx_word' id='word_1_801' title='bbox 2466 3347 2554 3414; x_wconf 85' lang='lat' dir='ltr'><strong><em>qui</em></strong></span> <span class='ocrx_word' id='word_1_802' title='bbox 2575 3349 2825 3414; x_wconf 80' lang='lat' dir='ltr'><strong><em>regnabat</em></strong></span> <span class='ocrx_word' id='word_1_803' title='bbox 2863 3350 3002 3416; x_wconf 87' lang='lat' dir='ltr'><strong><em>apud</em></strong></span> <span class='ocrx_word' id='word_1_804' title='bbox 3035 3363 3143 3414; x_wconf 85' lang='lat' dir='ltr'><strong><em>vos,</em></strong></span> <span class='ocrx_word' id='word_1_805' title='bbox 3175 3349 3419 3416; x_wconf 88' lang='lat' dir='ltr'><strong><em>quoniam</em></strong></span> 
     </span>
    </p>
   </div>
   <div class='ocr_carea' id='block_1_120' title="bbox 1833 3418 3426 3492">
    <p class='ocr_par' dir='ltr' id='par_1_120' title="bbox 1833 3418 3426 3492">
     <span class='ocr_line' id='line_1_122' title="bbox 1833 3418 3426 3492; baseline 0.001 -21"><span class='ocrx_word' id='word_1_806' title='bbox 1833 3420 1953 3473; x_wconf 91' lang='lat' dir='ltr'><strong><em>estis</em></strong></span> <span class='ocrx_word' id='word_1_807' title='bbox 1976 3418 2163 3487; x_wconf 92' lang='lat' dir='ltr'><strong><em>fratres</em></strong></span> <span class='ocrx_word' id='word_1_808' title='bbox 2186 3419 2371 3486; x_wconf 90' lang='lat' dir='ltr'><strong><em>nostri,</em></strong></span> <span class='ocrx_word' id='word_1_809' title='bbox 2397 3419 2528 3472; x_wconf 88' lang='lat' dir='ltr'><strong><em>sicut</em></strong></span> <span class='ocrx_word' id='word_1_810' title='bbox 2548 3419 2858 3492; x_wconf 83' lang='lat' dir='ltr'><strong><em>rescriptum</em></strong></span> <span class='ocrx_word' id='word_1_811' title='bbox 2880 3422 3127 3487; x_wconf 61' lang='lat' dir='ltr'><strong><em>continet,</em></strong></span> <span class='ocrx_word' id='word_1_812' title='bbox 3153 3419 3289 3489; x_wconf 85' lang='lat' dir='ltr'><strong><em>quod</em></strong></span> <span class='ocrx_word' id='word_1_813' title='bbox 3309 3421 3426 3472; x_wconf 89' lang='lat' dir='ltr'><strong><em>sub-</em></strong></span> 
     </span>
    </p>
   </div>
   <div class='ocr_carea' id='block_1_121' title="bbox 1825 3493 2139 3562">
    <p class='ocr_par' dir='ltr' id='par_1_121' title="bbox 1825 3493 2139 3562">
     <span class='ocr_line' id='line_1_123' title="bbox 1825 3493 2139 3562; baseline 0 -18"><span class='ocrx_word' id='word_1_814' title='bbox 1825 3493 2021 3562; x_wconf 76' lang='lat' dir='ltr'><strong><em>jectum</em></strong></span> <span class='ocrx_word' id='word_1_815' title='bbox 2048 3502 2139 3544; x_wconf 90' lang='lat' dir='ltr'><strong><em>est.</em></strong></span> 
     </span>
    </p>
   </div>
   <div class='ocr_carea' id='block_1_122' title="bbox 1907 3561 3420 3633">
    <p class='ocr_par' dir='ltr' id='par_1_122' title="bbox 1907 3561 3420 3633">
     <span class='ocr_line' id='line_1_124' title="bbox 1907 3561 3420 3633; baseline -0.001 -19"><span class='ocrx_word' id='word_1_816' title='bbox 1907 3561 1971 3614; x_wconf 86' lang='lat' dir='ltr'><strong><em>Et</em></strong></span> <span class='ocrx_word' id='word_1_817' title='bbox 1994 3563 2216 3633; x_wconf 88' lang='lat' dir='ltr'><strong><em>suscepit</em></strong></span> <span class='ocrx_word' id='word_1_818' title='bbox 2241 3561 2400 3616; x_wconf 86' lang='lat' dir='ltr'><strong><em>Onias</em></strong></span> <span class='ocrx_word' id='word_1_819' title='bbox 2433 3562 2615 3633; x_wconf 82' lang='lat' dir='ltr'><strong><em>virum,</em></strong></span> <span class='ocrx_word' id='word_1_820' title='bbox 2639 3562 2724 3630; x_wconf 83' lang='lat' dir='ltr'><strong><em>qui</em></strong></span> <span class='ocrx_word' id='word_1_821' title='bbox 2751 3562 2934 3615; x_wconf 90' lang='lat' dir='ltr'><strong><em>missus</em></strong></span> <span class='ocrx_word' id='word_1_822' title='bbox 2964 3565 3157 3632; x_wconf 66' lang='lat' dir='ltr'><strong><em>fuerat,</em></strong></span> <span class='ocrx_word' id='word_1_823' title='bbox 3187 3579 3300 3615; x_wconf 88' lang='lat' dir='ltr'><strong><em>eum</em></strong></span> <span class='ocrx_word' id='word_1_824' title='bbox 3325 3561 3420 3633; x_wconf 84' lang='lat' dir='ltr'><strong><em>ho-</em></strong></span> 
     </span>
    </p>
   </div>
   <div class='ocr_carea' id='block_1_123' title="bbox 1835 3631 3425 3705">
    <p class='ocr_par' dir='ltr' id='par_1_123' title="bbox 1835 3631 3425 3705">
     <span class='ocr_line' id='line_1_125' title="bbox 1835 3631 3425 3705; baseline 0 -18"><span class='ocrx_word' id='word_1_825' title='bbox 1835 3649 1957 3688; x_wconf 89' lang='lat' dir='ltr'><strong><em>nore</em></strong></span> <span class='ocrx_word' id='word_1_826' title='bbox 1984 3649 2000 3685; x_wconf 90' lang='lat'><em>:</em></span> <span class='ocrx_word' id='word_1_827' title='bbox 2032 3643 2078 3686; x_wconf 93' lang='lat' dir='ltr'><strong><em>et</em></strong></span> <span class='ocrx_word' id='word_1_828' title='bbox 2125 3631 2318 3705; x_wconf 88' lang='lat' dir='ltr'><strong><em>accepit</em></strong></span> <span class='ocrx_word' id='word_1_829' title='bbox 2358 3631 2624 3705; x_wconf 79' lang='lat' dir='ltr'><strong><em>epistolas,</em></strong></span> <span class='ocrx_word' id='word_1_830' title='bbox 2656 3635 2708 3686; x_wconf 86' lang='lat' dir='ltr'><strong><em>in</em></strong></span> <span class='ocrx_word' id='word_1_831' title='bbox 2737 3634 2921 3703; x_wconf 85' lang='lat' dir='ltr'><strong><em>quibus</em></strong></span> <span class='ocrx_word' id='word_1_832' title='bbox 2948 3631 3336 3703; x_wconf 81' lang='lat' dir='ltr'><strong><em>signiﬁcabatur</em></strong></span> <span class='ocrx_word' id='word_1_833' title='bbox 3363 3631 3425 3687; x_wconf 84' lang='lat' dir='ltr'><strong><em>dc</em></strong></span> 
     </span>
    </p>
   </div>
   <div class='ocr_carea' id='block_1_124' title="bbox 1833 3705 2443 3769">
    <p class='ocr_par' dir='ltr' id='par_1_124' title="bbox 1833 3705 2443 3769">
     <span class='ocr_line' id='line_1_126' title="bbox 1833 3705 2443 3769; baseline -0.002 -12"><span class='ocrx_word' id='word_1_834' title='bbox 1833 3705 2092 3769; x_wconf 86' lang='lat' dir='ltr'><strong><em>societate,</em></strong></span> <span class='ocrx_word' id='word_1_835' title='bbox 2123 3714 2168 3760; x_wconf 91' lang='lat' dir='ltr'><strong><em>et</em></strong></span> <span class='ocrx_word' id='word_1_836' title='bbox 2198 3706 2443 3758; x_wconf 69' lang='lat' dir='ltr'><strong><em>amiciria.</em></strong></span> 
     </span>
    </p>
   </div>
   <div class='ocr_carea' id='block_1_125' title="bbox 1909 3774 3423 3846">
    <p class='ocr_par' dir='ltr' id='par_1_125' title="bbox 1909 3774 3423 3846">
     <span class='ocr_line' id='line_1_127' title="bbox 1909 3774 3423 3846; baseline 0.003 -18"><span class='ocrx_word' id='word_1_837' title='bbox 1909 3774 2020 3828; x_wconf 81' lang='lat' dir='ltr'><strong><em>Nos</em></strong></span> <span class='ocrx_word' id='word_1_838' title='bbox 2051 3792 2166 3830; x_wconf 90' lang='lat' dir='ltr'><strong><em>cum</em></strong></span> <span class='ocrx_word' id='word_1_839' title='bbox 2189 3777 2336 3829; x_wconf 88' lang='lat' dir='ltr'><strong><em>nullo</em></strong></span> <span class='ocrx_word' id='word_1_840' title='bbox 2363 3777 2545 3828; x_wconf 86' lang='lat' dir='ltr'><strong><em>horum</em></strong></span> <span class='ocrx_word' id='word_1_841' title='bbox 2576 3775 2943 3846; x_wconf 87' lang='lat' dir='ltr'><strong><em>indigercmus,</em></strong></span> <span class='ocrx_word' id='word_1_842' title='bbox 2973 3776 3211 3830; x_wconf 75' lang='lat' dir='ltr'><strong><em>habentes</em></strong></span> <span class='ocrx_word' id='word_1_843' title='bbox 3241 3777 3423 3832; x_wconf 86' lang='lat' dir='ltr'><strong><em>solatio</em></strong></span> 
     </span>
    </p>
   </div>
   <div class='ocr_carea' id='block_1_126' title="bbox 1835 3846 3097 3916">
    <p class='ocr_par' dir='ltr' id='par_1_126' title="bbox 1835 3846 3097 3916">
     <span class='ocr_line' id='line_1_128' title="bbox 1835 3846 3097 3916; baseline -0.002 -16"><span class='ocrx_word' id='word_1_844' title='bbox 1835 3855 2040 3900; x_wconf 81' lang='lat' dir='ltr'><strong><em>sanctos</em></strong></span> <span class='ocrx_word' id='word_1_845' title='bbox 2067 3848 2246 3911; x_wconf 88' lang='lat' dir='ltr'><strong><em>libros,</em></strong></span> <span class='ocrx_word' id='word_1_846' title='bbox 2278 3847 2367 3916; x_wconf 89' lang='lat' dir='ltr'><strong><em>qui</em></strong></span> <span class='ocrx_word' id='word_1_847' title='bbox 2393 3855 2512 3899; x_wconf 89' lang='lat' dir='ltr'><strong><em>sunt</em></strong></span> <span class='ocrx_word' id='word_1_848' title='bbox 2540 3846 2590 3898; x_wconf 88' lang='lat' dir='ltr'><strong><em>in</em></strong></span> <span class='ocrx_word' id='word_1_849' title='bbox 2620 3847 2856 3900; x_wconf 67' lang='lat' dir='ltr'><strong><em>mzmibus</em></strong></span> <span class='ocrx_word' id='word_1_850' title='bbox 2885 3847 3097 3902; x_wconf 78' lang='lat' dir='ltr'><strong><em>nostris.</em></strong></span> 
     </span>
    </p>
   </div>
   <div class='ocr_carea' id='block_1_127' title="bbox 1910 3916 3418 3987">
    <p class='ocr_par' dir='ltr' id='par_1_127' title="bbox 1910 3916 3418 3987">
     <span class='ocr_line' id='line_1_129' title="bbox 1910 3916 3418 3987; baseline 0.001 -17"><span class='ocrx_word' id='word_1_851' title='bbox 1910 3916 2192 3971; x_wconf 80' lang='lat' dir='ltr'><strong><em>Maluimus</em></strong></span> <span class='ocrx_word' id='word_1_852' title='bbox 2214 3918 2416 3972; x_wconf 88' lang='lat' dir='ltr'><strong><em>mittere</em></strong></span> <span class='ocrx_word' id='word_1_853' title='bbox 2447 3919 2514 3970; x_wconf 84' lang='lat' dir='ltr'><strong><em>ad</em></strong></span> <span class='ocrx_word' id='word_1_854' title='bbox 2542 3932 2627 3969; x_wconf 81' lang='lat' dir='ltr'><strong><em>vos</em></strong></span> <span class='ocrx_word' id='word_1_855' title='bbox 2659 3934 2905 3971; x_wconf 71' lang='lat' dir='ltr'><strong><em>renouare</em></strong></span> <span class='ocrx_word' id='word_1_856' title='bbox 2943 3921 3339 3987; x_wconf 85' lang='lat' dir='ltr'><strong><em>fraternitatem,</em></strong></span> <span class='ocrx_word' id='word_1_857' title='bbox 3373 3930 3418 3973; x_wconf 88' lang='lat' dir='ltr'><strong><em>et</em></strong></span> 
     </span>
    </p>
   </div>
   <div class='ocr_carea' id='block_1_128' title="bbox 1836 3988 3424 4058">
    <p class='ocr_par' dir='ltr' id='par_1_128' title="bbox 1836 3988 3424 4058">
     <span class='ocr_line' id='line_1_130' title="bbox 1836 3988 3424 4058; baseline 0.001 -16"><span class='ocrx_word' id='word_1_858' title='bbox 1836 3989 2140 4054; x_wconf 90' lang='lat' dir='ltr'><strong><em>amicitiam,</em></strong></span> <span class='ocrx_word' id='word_1_859' title='bbox 2190 4005 2254 4043; x_wconf 89' lang='lat' dir='ltr'><strong><em>ne</em></strong></span> <span class='ocrx_word' id='word_1_860' title='bbox 2303 3989 2433 4058; x_wconf 92' lang='lat' dir='ltr'><strong><em>forte</em></strong></span> <span class='ocrx_word' id='word_1_861' title='bbox 2473 3988 2629 4042; x_wconf 87' lang='lat' dir='ltr'><strong><em>alieni</em></strong></span> <span class='ocrx_word' id='word_1_862' title='bbox 2658 3990 2945 4057; x_wconf 76' lang='lat' dir='ltr'><strong><em>efﬁciamur</em></strong></span> <span class='ocrx_word' id='word_1_863' title='bbox 2987 4008 3018 4044; x_wconf 93' lang='lat' dir='ltr'><strong><em>a</em></strong></span> <span class='ocrx_word' id='word_1_864' title='bbox 3065 3991 3236 4045; x_wconf 67' lang='lat' dir='ltr'><strong><em>vobis:</em></strong></span> <span class='ocrx_word' id='word_1_865' title='bbox 3263 3991 3424 4045; x_wconf 80' lang='lat' dir='ltr'><strong><em>multa</em></strong></span> 
     </span>
    </p>
   </div>
   <div class='ocr_carea' id='block_1_129' title="bbox 1837 4061 3278 4130">
    <p class='ocr_par' dir='ltr' id='par_1_129' title="bbox 1837 4061 3278 4130">
     <span class='ocr_line' id='line_1_131' title="bbox 1837 4061 3278 4130; baseline -0.001 -15"><span class='ocrx_word' id='word_1_866' title='bbox 1837 4061 1973 4130; x_wconf 87' lang='lat' dir='ltr'><strong><em>enim</em></strong></span> <span class='ocrx_word' id='word_1_867' title='bbox 2009 4067 2236 4130; x_wconf 77' lang='lat' dir='ltr'><strong><em>tempora</em></strong></span> <span class='ocrx_word' id='word_1_868' title='bbox 2265 4061 2610 4124; x_wconf 89' lang='lat' dir='ltr'><strong><em>transierunt,</em></strong></span> <span class='ocrx_word' id='word_1_869' title='bbox 2635 4077 2698 4114; x_wconf 64' lang='lat' dir='ltr'><strong><em>ex.</em></strong></span> <span class='ocrx_word' id='word_1_870' title='bbox 2719 4077 2816 4128; x_wconf 87' lang='lat' dir='ltr'><strong><em>quo</em></strong></span> <span class='ocrx_word' id='word_1_871' title='bbox 2841 4063 3050 4116; x_wconf 85' lang='lat' dir='ltr'><strong><em>misistis</em></strong></span> <span class='ocrx_word' id='word_1_872' title='bbox 3071 4063 3138 4115; x_wconf 91' lang='lat' dir='ltr'><strong><em>ad</em></strong></span> <span class='ocrx_word' id='word_1_873' title='bbox 3167 4080 3278 4116; x_wconf 87' lang='lat' dir='ltr'><strong><em>nos.</em></strong></span> 
     </span>
    </p>
   </div>
   <div class='ocr_carea' id='block_1_130' title="bbox 1910 4129 3424 4204">
    <p class='ocr_par' dir='ltr' id='par_1_130' title="bbox 1910 4129 3424 4204">
     <span class='ocr_line' id='line_1_132' title="bbox 1910 4129 3424 4204; baseline 0.003 -20"><span class='ocrx_word' id='word_1_874' title='bbox 1910 4129 2025 4184; x_wconf 84' lang='lat' dir='ltr'><strong><em>Nos</em></strong></span> <span class='ocrx_word' id='word_1_875' title='bbox 2050 4129 2170 4202; x_wconf 85' lang='lat' dir='ltr'><strong><em>ergo</em></strong></span> <span class='ocrx_word' id='word_1_876' title='bbox 2183 4132 2244 4204; x_wconf 84' lang='lat' dir='ltr'><strong><em>in</em></strong></span> <span class='ocrx_word' id='word_1_877' title='bbox 2269 4133 2407 4186; x_wconf 88' lang='lat' dir='ltr'><strong><em>omni</em></strong></span> <span class='ocrx_word' id='word_1_878' title='bbox 2434 4140 2480 4187; x_wconf 88' lang='lat' dir='ltr'><strong><em>te</em></strong></span> <span class='ocrx_word' id='word_1_879' title='bbox 2502 4147 2658 4204; x_wconf 70' lang='lat' dir='ltr'><strong><em>npore</em></strong></span> <span class='ocrx_word' id='word_1_880' title='bbox 2685 4132 2795 4186; x_wconf 90' lang='lat' dir='ltr'><strong><em>sine</em></strong></span> <span class='ocrx_word' id='word_1_881' title='bbox 2817 4134 3210 4197; x_wconf 82' lang='lat' dir='ltr'><strong><em>intermissione,</em></strong></span> <span class='ocrx_word' id='word_1_882' title='bbox 3237 4135 3288 4188; x_wconf 91' lang='lat' dir='ltr'><strong><em>in</em></strong></span> <span class='ocrx_word' id='word_1_883' title='bbox 3318 4136 3424 4188; x_wconf 86' lang='lat' dir='ltr'><strong><em>die-</em></strong></span> 
     </span>
    </p>
   </div>
   <div class='ocr_carea' id='block_1_131' title="bbox 1839 4203 3426 4275">
    <p class='ocr_par' dir='ltr' id='par_1_131' title="bbox 1839 4203 3426 4275">
     <span class='ocr_line' id='line_1_133' title="bbox 1839 4203 3426 4275; baseline 0.001 -17"><span class='ocrx_word' id='word_1_884' title='bbox 1839 4205 1932 4258; x_wconf 91' lang='lat' dir='ltr'><strong><em>bus</em></strong></span> <span class='ocrx_word' id='word_1_885' title='bbox 1977 4203 2308 4266; x_wconf 86' lang='lat' dir='ltr'><strong><em>solemnibus,</em></strong></span> <span class='ocrx_word' id='word_1_886' title='bbox 2356 4212 2405 4256; x_wconf 87' lang='lat' dir='ltr'><strong><em>et</em></strong></span> <span class='ocrx_word' id='word_1_887' title='bbox 2444 4203 2662 4272; x_wconf 85' lang='lat' dir='ltr'><strong><em>eceteris,</em></strong></span> <span class='ocrx_word' id='word_1_888' title='bbox 2706 4205 2888 4275; x_wconf 84' lang='lat' dir='ltr'><strong><em>quibus</em></strong></span> <span class='ocrx_word' id='word_1_889' title='bbox 2920 4214 3138 4274; x_wconf 90' lang='lat' dir='ltr'><strong><em>oportet,</em></strong></span> <span class='ocrx_word' id='word_1_890' title='bbox 3184 4222 3426 4259; x_wconf 71' lang='lat' dir='ltr'><strong><em>memores</em></strong></span> 
     </span>
    </p>
   </div>
   <div class='ocr_carea' id='block_1_132' title="bbox 1840 4275 3425 4345">
    <p class='ocr_par' dir='ltr' id='par_1_132' title="bbox 1840 4275 3425 4345">
     <span class='ocr_line' id='line_1_134' title="bbox 1840 4275 3425 4345; baseline 0.001 -17"><span class='ocrx_word' id='word_1_891' title='bbox 1840 4291 2018 4329; x_wconf 90' lang='lat' dir='ltr'><strong><em>sumus</em></strong></span> <span class='ocrx_word' id='word_1_892' title='bbox 2042 4275 2195 4329; x_wconf 86' lang='lat' dir='ltr'><strong><em>vestri</em></strong></span> <span class='ocrx_word' id='word_1_893' title='bbox 2226 4275 2277 4327; x_wconf 89' lang='lat' dir='ltr'><strong><em>in</em></strong></span> <span class='ocrx_word' id='word_1_894' title='bbox 2303 4276 2596 4344; x_wconf 84' lang='lat' dir='ltr'><strong><em>sacrificiis,</em></strong></span> <span class='ocrx_word' id='word_1_895' title='bbox 2628 4292 2744 4345; x_wconf 76' lang='lat' dir='ltr'><strong><em>qua:</em></strong></span> <span class='ocrx_word' id='word_1_896' title='bbox 2777 4276 3060 4342; x_wconf 72' lang='lat' dir='ltr'><strong><em>offerimus,</em></strong></span> <span class='ocrx_word' id='word_1_897' title='bbox 3094 4284 3139 4328; x_wconf 93' lang='lat' dir='ltr'><strong><em>et</em></strong></span> <span class='ocrx_word' id='word_1_898' title='bbox 3162 4276 3214 4327; x_wconf 87' lang='lat' dir='ltr'><strong><em>in</em></strong></span> <span class='ocrx_word' id='word_1_899' title='bbox 3253 4276 3425 4329; x_wconf 62' lang='lat' dir='ltr'><strong><em>obser—</em></strong></span> 
     </span>
    </p>
   </div>
   <div class='ocr_carea' id='block_1_133' title="bbox 1838 4345 3351 4416">
    <p class='ocr_par' dir='ltr' id='par_1_133' title="bbox 1838 4345 3351 4416">
     <span class='ocr_line' id='line_1_135' title="bbox 1838 4345 3351 4416; baseline -0.001 -16"><span class='ocrx_word' id='word_1_900' title='bbox 1838 4345 2146 4414; x_wconf 79' lang='lat' dir='ltr'><strong><em>vationibus,</em></strong></span> <span class='ocrx_word' id='word_1_901' title='bbox 2169 4347 2302 4399; x_wconf 88' lang='lat' dir='ltr'><strong><em>sicut</em></strong></span> <span class='ocrx_word' id='word_1_902' title='bbox 2332 4348 2410 4416; x_wconf 89' lang='lat' dir='ltr'><strong><em>fas</em></strong></span> <span class='ocrx_word' id='word_1_903' title='bbox 2436 4355 2532 4414; x_wconf 90' lang='lat' dir='ltr'><strong><em>est,</em></strong></span> <span class='ocrx_word' id='word_1_904' title='bbox 2564 4355 2610 4400; x_wconf 92' lang='lat' dir='ltr'><strong><em>et</em></strong></span> <span class='ocrx_word' id='word_1_905' title='bbox 2635 4348 2776 4400; x_wconf 86' lang='lat' dir='ltr'><strong><em>decet</em></strong></span> <span class='ocrx_word' id='word_1_906' title='bbox 2799 4347 3088 4401; x_wconf 89' lang='lat' dir='ltr'><strong><em>meminisse</em></strong></span> <span class='ocrx_word' id='word_1_907' title='bbox 3109 4345 3351 4413; x_wconf 88' lang='lat' dir='ltr'><strong><em>fratrum.</em></strong></span> 
     </span>
    </p>
   </div>
   <div class='ocr_carea' id='block_1_134' title="bbox 1914 4417 2849 4490">
    <p class='ocr_par' dir='ltr' id='par_1_134' title="bbox 1914 4417 2849 4490">
     <span class='ocr_line' id='line_1_136' title="bbox 1914 4417 2849 4490; baseline 0 -19"><span class='ocrx_word' id='word_1_908' title='bbox 1914 4417 2172 4490; x_wconf 72' lang='lat' dir='ltr'><strong><em>Ltetamur</em></strong></span> <span class='ocrx_word' id='word_1_909' title='bbox 2196 4418 2370 4488; x_wconf 89' lang='lat' dir='ltr'><strong><em>itaque</em></strong></span> <span class='ocrx_word' id='word_1_910' title='bbox 2389 4417 2450 4471; x_wconf 86' lang='lat' dir='ltr'><strong><em>de.</em></strong></span> <span class='ocrx_word' id='word_1_911' title='bbox 2471 4418 2636 4490; x_wconf 86' lang='lat' dir='ltr'><strong><em>gloria</em></strong></span> <span class='ocrx_word' id='word_1_912' title='bbox 2666 4428 2849 4471; x_wconf 82' lang='lat' dir='ltr'><strong><em>vestra.</em></strong></span> 
     </span>
    </p>
   </div>
   <div class='ocr_carea' id='block_1_135' title="bbox 1913 4483 3427 4550">
    <p class='ocr_par' dir='ltr' id='par_1_135' title="bbox 1913 4483 3427 4550">
     <span class='ocr_line' id='line_1_137' title="bbox 1913 4483 3427 4550; baseline -0.003 -7"><span class='ocrx_word' id='word_1_913' title='bbox 1913 4489 2029 4544; x_wconf 82' lang='lat' dir='ltr'><strong><em>Nos</em></strong></span> <span class='ocrx_word' id='word_1_914' title='bbox 2057 4500 2228 4544; x_wconf 90' lang='lat' dir='ltr'><strong><em>autem</em></strong></span> <span class='ocrx_word' id='word_1_915' title='bbox 2255 4483 2704 4544; x_wconf 73' lang='lat' dir='ltr'><strong><em>circumdederunt</em></strong></span> <span class='ocrx_word' id='word_1_916' title='bbox 2750 4490 2923 4541; x_wconf 77' lang='lat' dir='ltr'><strong><em>multa:</em></strong></span> <span class='ocrx_word' id='word_1_917' title='bbox 2959 4483 3333 4550; x_wconf 90' lang='lat' dir='ltr'><strong><em>tribulationes,</em></strong></span> <span class='ocrx_word' id='word_1_918' title='bbox 3382 4499 3427 4540; x_wconf 90' lang='lat' dir='ltr'><strong><em>et</em></strong></span> 
     </span>
    </p>
   </div>
   <div class='ocr_carea' id='block_1_136' title="bbox 1843 4557 3428 4633">
    <p class='ocr_par' dir='ltr' id='par_1_136' title="bbox 1843 4557 3428 4633">
     <span class='ocr_line' id='line_1_138' title="bbox 1843 4557 3428 4633; baseline -0.001 -19"><span class='ocrx_word' id='word_1_919' title='bbox 1843 4561 2005 4633; x_wconf 88' lang='lat' dir='ltr'><strong><em>multa</em></strong></span> <span class='ocrx_word' id='word_1_920' title='bbox 2029 4562 2232 4633; x_wconf 78' lang='lat' dir='ltr'><strong><em>prtclia,</em></strong></span> <span class='ocrx_word' id='word_1_921' title='bbox 2264 4572 2311 4616; x_wconf 92' lang='lat' dir='ltr'><strong><em>et</em></strong></span> <span class='ocrx_word' id='word_1_922' title='bbox 2340 4564 2768 4631; x_wconf 87' lang='lat' dir='ltr'><strong><em>impugnarerunt</em></strong></span> <span class='ocrx_word' id='word_1_923' title='bbox 2798 4576 2888 4612; x_wconf 87' lang='lat' dir='ltr'><strong><em>nos</em></strong></span> <span class='ocrx_word' id='word_1_924' title='bbox 2912 4573 3082 4631; x_wconf 90' lang='lat' dir='ltr'><strong><em>reges,</em></strong></span> <span class='ocrx_word' id='word_1_925' title='bbox 3111 4557 3199 4626; x_wconf 89' lang='lat' dir='ltr'><strong><em>qui</em></strong></span> <span class='ocrx_word' id='word_1_926' title='bbox 3236 4567 3354 4611; x_wconf 87' lang='lat' dir='ltr'><strong><em>sunt</em></strong></span> <span class='ocrx_word' id='word_1_927' title='bbox 3377 4559 3428 4612; x_wconf 88' lang='lat' dir='ltr'><strong><em>in</em></strong></span> 
     </span>
    </p>
   </div>
   <div class='ocr_carea' id='block_1_137' title="bbox 1844 4632 2284 4687">
    <p class='ocr_par' dir='ltr' id='par_1_137' title="bbox 1844 4632 2284 4687">
     <span class='ocr_line' id='line_1_139' title="bbox 1844 4632 2284 4687; baseline -0.002 0"><span class='ocrx_word' id='word_1_928' title='bbox 1844 4632 2058 4687; x_wconf 84' lang='lat' dir='ltr'><strong><em>circuitu</em></strong></span> <span class='ocrx_word' id='word_1_929' title='bbox 2089 4642 2284 4687; x_wconf 84' lang='lat' dir='ltr'><strong><em>ucstra.</em></strong></span> 
     </span>
    </p>
   </div>
   <div class='ocr_carea' id='block_1_138' title="bbox 1920 4701 3434 4778">
    <p class='ocr_par' dir='ltr' id='par_1_138' title="bbox 1920 4701 3434 4778">
     <span class='ocr_line' id='line_1_140' title="bbox 1920 4701 3434 4778; baseline -0.001 -20"><span class='ocrx_word' id='word_1_930' title='bbox 1920 4703 2222 4778; x_wconf 12' lang='lat' dir='ltr'><strong><em>Noluimusi</em></strong></span> <span class='ocrx_word' id='word_1_931' title='bbox 2255 4721 2374 4778; x_wconf 83' lang='lat' dir='ltr'><strong><em>ergo</em></strong></span> <span class='ocrx_word' id='word_1_932' title='bbox 2418 4704 2558 4778; x_wconf 74' lang='lat' dir='ltr'><strong><em>vobis</em></strong></span> <span class='ocrx_word' id='word_1_933' title='bbox 2604 4702 2798 4778; x_wconf 83' lang='lat' dir='ltr'><strong><em>molesti</em></strong></span> <span class='ocrx_word' id='word_1_934' title='bbox 2845 4715 2987 4778; x_wconf 70' lang='lat' dir='ltr'><strong><em>esse,</em></strong></span> <span class='ocrx_word' id='word_1_935' title='bbox 3031 4715 3189 4767; x_wconf 89' lang='lat' dir='ltr'><strong><em>neque</em></strong></span> <span class='ocrx_word' id='word_1_936' title='bbox 3239 4701 3434 4756; x_wconf 79' lang='lat' dir='ltr'><strong><em>cwteris</em></strong></span> 
     </span>
    </p>
   </div>
   <div class='ocr_carea' id='block_1_139' title="bbox 1845 4771 2972 4844">
    <p class='ocr_par' dir='ltr' id='par_1_139' title="bbox 1845 4771 2972 4844">
     <span class='ocr_line' id='line_1_141' title="bbox 1845 4771 2972 4844; baseline -0.007 -12"><span class='ocrx_word' id='word_1_937' title='bbox 1845 4777 2020 4842; x_wconf 85' lang='lat' dir='ltr'><strong><em>sociis,</em></strong></span> <span class='ocrx_word' id='word_1_938' title='bbox 2046 4786 2092 4832; x_wconf 90' lang='lat' dir='ltr'><strong><em>et</em></strong></span> <span class='ocrx_word' id='word_1_939' title='bbox 2122 4771 2517 4830; x_wconf 54' lang='lat' dir='ltr'><strong><em>amicis&#39;nostris</em></strong></span> <span class='ocrx_word' id='word_1_940' title='bbox 2543 4777 2597 4829; x_wconf 88' lang='lat' dir='ltr'><strong><em>in</em></strong></span> <span class='ocrx_word' id='word_1_941' title='bbox 2627 4773 2708 4827; x_wconf 78' lang='lat' dir='ltr'><strong><em>liis</em></strong></span> <span class='ocrx_word' id='word_1_942' title='bbox 2736 4771 2929 4844; x_wconf 80' lang='lat' dir='ltr'><strong><em>prtvliis</em></strong></span> <span class='ocrx_word' id='word_1_943' title='bbox 2954 4786 2972 4824; x_wconf 91' lang='lat'><em>:</em></span> 
     </span>
    </p>
   </div>
   <div class='ocr_carea' id='block_1_140' title="bbox 1922 4841 3434 4908">
    <p class='ocr_par' dir='ltr' id='par_1_140' title="bbox 1922 4841 3434 4908">
     <span class='ocr_line' id='line_1_142' title="bbox 1922 4841 3434 4908; baseline -0.004 -6"><span class='ocrx_word' id='word_1_944' title='bbox 1922 4841 2217 4904; x_wconf 82' lang='lat' dir='ltr'><strong><em>Habuimus</em></strong></span> <span class='ocrx_word' id='word_1_945' title='bbox 2242 4848 2377 4900; x_wconf 90' lang='lat' dir='ltr'><strong><em>enim</em></strong></span> <span class='ocrx_word' id='word_1_946' title='bbox 2403 4848 2465 4901; x_wconf 88' lang='lat' dir='ltr'><strong><em>de</em></strong></span> <span class='ocrx_word' id='word_1_947' title='bbox 2494 4847 2617 4900; x_wconf 68' lang='lat' dir='ltr'><strong><em>caelo</em></strong></span> <span class='ocrx_word' id='word_1_948' title='bbox 2640 4841 2895 4898; x_wconf 58' lang='lat' dir='ltr'><strong><em>auxilium</em></strong></span> <span class='ocrx_word' id='word_1_949' title='bbox 2913 4883 2928 4908; x_wconf 92' lang='lat'><strong><em>,</em></strong></span> <span class='ocrx_word' id='word_1_950' title='bbox 2954 4853 2998 4897; x_wconf 90' lang='lat' dir='ltr'><strong><em>et</em></strong></span> <span class='ocrx_word' id='word_1_951' title='bbox 3031 4841 3229 4896; x_wconf 72' lang='lat' dir='ltr'><strong><em>liberati</em></strong></span> <span class='ocrx_word' id='word_1_952' title='bbox 3257 4856 3434 4896; x_wconf 85' lang='lat' dir='ltr'><strong><em>sumus</em></strong></span> 
     </span>
    </p>
   </div>
   <div class='ocr_carea' id='block_1_141' title="bbox 1852 4915 2918 4979">
    <p class='ocr_par' dir='ltr' id='par_1_141' title="bbox 1852 4915 2918 4979">
     <span class='ocr_line' id='line_1_143' title="bbox 1852 4915 2918 4979; baseline -0.008 -4"><span class='ocrx_word' id='word_1_953' title='bbox 1852 4935 1943 4975; x_wconf 79' lang='lat' dir='ltr'><strong><em>nos</em></strong></span> <span class='ocrx_word' id='word_1_954' title='bbox 1962 4961 1975 4979; x_wconf 88' lang='lat'><strong><em>.</em></strong></span> <span class='ocrx_word' id='word_1_955' title='bbox 2005 4931 2051 4975; x_wconf 87' lang='lat' dir='ltr'><strong><em>et</em></strong></span> <span class='ocrx_word' id='word_1_956' title='bbox 2084 4919 2342 4975; x_wconf 85' lang='lat' dir='ltr'><strong><em>humiliati</em></strong></span> <span class='ocrx_word' id='word_1_957' title='bbox 2369 4926 2486 4971; x_wconf 87' lang='lat' dir='ltr'><strong><em>sunt</em></strong></span> <span class='ocrx_word' id='word_1_958' title='bbox 2517 4917 2710 4971; x_wconf 88' lang='lat' dir='ltr'><strong><em>inimici</em></strong></span> <span class='ocrx_word' id='word_1_959' title='bbox 2737 4915 2918 4969; x_wconf 90' lang='lat' dir='ltr'><strong><em>nostri.</em></strong></span> 
     </span>
    </p>
   </div>
   <div class='ocr_carea' id='block_1_142' title="bbox 1923 4985 3439 5074">
    <p class='ocr_par' dir='ltr' id='par_1_142' title="bbox 1923 4985 3439 5074">
     <span class='ocr_line' id='line_1_144' title="bbox 1923 4985 3439 5074; baseline -0.006 -29"><span class='ocrx_word' id='word_1_960' title='bbox 1923 4990 2192 5074; x_wconf 70' lang='lat' dir='ltr'><strong><em>Elegirrius</em></strong></span> <span class='ocrx_word' id='word_1_961' title='bbox 2216 4987 2730 5074; x_wconf 40' lang='lat' dir='ltr'><strong><em>itaguemt&#39;Vumenium</em></strong></span> <span class='ocrx_word' id='word_1_962' title='bbox 2759 4986 2998 5074; x_wconf 44' lang='lat' dir='ltr'><strong><em>Antiochi</em></strong></span> <span class='ocrx_word' id='word_1_963' title='bbox 3018 4985 3209 5074; x_wconf 60' lang='lat' dir='ltr'><strong><em>Ifilium,</em></strong></span> <span class='ocrx_word' id='word_1_964' title='bbox 3254 4993 3298 5039; x_wconf 92' lang='lat' dir='ltr'><strong><em>et</em></strong></span> <span class='ocrx_word' id='word_1_965' title='bbox 3328 4986 3439 5038; x_wconf 88' lang='lat' dir='ltr'><strong><em>An-</em></strong></span> 
     </span>
    </p>
   </div>
   <div class='ocr_carea' id='block_1_143' title="bbox 1856 5059 3437 5136">
    <p class='ocr_par' dir='ltr' id='par_1_143' title="bbox 1856 5059 3437 5136">
     <span class='ocr_line' id='line_1_145' title="bbox 1856 5059 3437 5136; baseline -0.005 -18"><span class='ocrx_word' id='word_1_966' title='bbox 1856 5059 2097 5136; x_wconf 64' lang='lat' dir='ltr'><strong><em>tipatrEm</em></strong></span> <span class='ocrx_word' id='word_1_967' title='bbox 2124 5059 2349 5136; x_wconf 27' lang='lat' dir='ltr'><strong><em>Iasonis-</em></strong></span> <span class='ocrx_word' id='word_1_968' title='bbox 2369 5059 2555 5136; x_wconf 73' lang='lat' dir='ltr'><strong><em>ﬁlium,</em></strong></span> <span class='ocrx_word' id='word_1_969' title='bbox 2589 5069 2633 5113; x_wconf 90' lang='lat' dir='ltr'><strong><em>et</em></strong></span> <span class='ocrx_word' id='word_1_970' title='bbox 2661 5059 2894 5136; x_wconf 78' lang='lat' dir='ltr'><strong><em>misimus</em></strong></span> <span class='ocrx_word' id='word_1_971' title='bbox 2914 5059 2980 5111; x_wconf 92' lang='lat' dir='ltr'><strong><em>ad</em></strong></span> <span class='ocrx_word' id='word_1_972' title='bbox 3011 5059 3268 5136; x_wconf 59' lang='lat' dir='ltr'><strong><em>Borrtanos</em></strong></span> <span class='ocrx_word' id='word_1_973' title='bbox 3291 5072 3437 5112; x_wconf 85' lang='lat' dir='ltr'><strong><em>reno-</em></strong></span> 
     </span>
    </p>
   </div>
   <div class='ocr_carea' id='block_1_144' title="bbox 1857 5128 3248 5199">
    <p class='ocr_par' dir='ltr' id='par_1_144' title="bbox 1857 5128 3248 5199">
     <span class='ocr_line' id='line_1_146' title="bbox 1857 5128 3248 5199; baseline -0.006 -10"><span class='ocrx_word' id='word_1_974' title='bbox 1857 5128 1975 5190; x_wconf 72' lang='lat' dir='ltr'><strong><em>vare</em></strong></span> <span class='ocrx_word' id='word_1_975' title='bbox 2005 5151 2120 5189; x_wconf 89' lang='lat' dir='ltr'><strong><em>cum</em></strong></span> <span class='ocrx_word' id='word_1_976' title='bbox 2142 5135 2213 5188; x_wconf 88' lang='lat' dir='ltr'><strong><em>eis</em></strong></span> <span class='ocrx_word' id='word_1_977' title='bbox 2243 5131 2545 5197; x_wconf 87' lang='lat' dir='ltr'><strong><em>amicitiam,</em></strong></span> <span class='ocrx_word' id='word_1_978' title='bbox 2570 5143 2619 5186; x_wconf 91' lang='lat' dir='ltr'><strong><em>et</em></strong></span> <span class='ocrx_word' id='word_1_979' title='bbox 2643 5129 2932 5184; x_wconf 88' lang='lat' dir='ltr'><strong><em>societatent</em></strong></span> <span class='ocrx_word' id='word_1_980' title='bbox 2959 5128 3248 5199; x_wconf 88' lang='lat' dir='ltr'><strong><em>pristinam.</em></strong></span> 
     </span>
    </p>
   </div>
   <div class='ocr_carea' id='block_1_145' title="bbox 1929 5199 3450 5270">
    <p class='ocr_par' dir='ltr' id='par_1_145' title="bbox 1929 5199 3450 5270">
     <span class='ocr_line' id='line_1_147' title="bbox 1929 5199 3450 5270; baseline -0.006 -11"><span class='ocrx_word' id='word_1_981' title='bbox 1929 5205 2292 5259; x_wconf 85' lang='lat' dir='ltr'><strong><em>Mandavimus</em></strong></span> <span class='ocrx_word' id='word_1_982' title='bbox 2321 5202 2490 5270; x_wconf 88' lang='lat' dir='ltr'><strong><em>itaque</em></strong></span> <span class='ocrx_word' id='word_1_983' title='bbox 2517 5203 2612 5267; x_wconf 87' lang='lat' dir='ltr'><strong><em>eis,</em></strong></span> <span class='ocrx_word' id='word_1_984' title='bbox 2649 5210 2705 5254; x_wconf 88' lang='lat' dir='ltr'><strong><em>ut</em></strong></span> <span class='ocrx_word' id='word_1_985' title='bbox 2735 5199 2935 5270; x_wconf 84' lang='lat' dir='ltr'><strong><em>veniant</em></strong></span> <span class='ocrx_word' id='word_1_986' title='bbox 2972 5201 3125 5253; x_wconf 89' lang='lat' dir='ltr'><strong><em>etiam</em></strong></span> <span class='ocrx_word' id='word_1_987' title='bbox 3163 5199 3230 5252; x_wconf 86' lang='lat' dir='ltr'><strong><em>ad</em></strong></span> <span class='ocrx_word' id='word_1_988' title='bbox 3266 5214 3369 5270; x_wconf 78' lang='lat' dir='ltr'><strong><em>vos,</em></strong></span> <span class='ocrx_word' id='word_1_989' title='bbox 3399 5205 3450 5252; x_wconf 90' lang='lat' dir='ltr'><strong><em>et</em></strong></span> 
     </span>
    </p>
   </div>
   <div class='ocr_carea' id='block_1_146' title="bbox 1854 5267 3454 5340">
    <p class='ocr_par' dir='ltr' id='par_1_146' title="bbox 1854 5267 3454 5340">
     <span class='ocr_line' id='line_1_148' title="bbox 1854 5267 3454 5340; baseline -0.006 -8"><span class='ocrx_word' id='word_1_990' title='bbox 1854 5279 2078 5332; x_wconf 87' lang='lat' dir='ltr'><strong><em>salutent</em></strong></span> <span class='ocrx_word' id='word_1_991' title='bbox 2108 5291 2194 5328; x_wconf 78' lang='lat' dir='ltr'><strong><em>ros</em></strong></span> <span class='ocrx_word' id='word_1_992' title='bbox 2219 5291 2236 5327; x_wconf 89' lang='lat'><strong><em>:</em></strong></span> <span class='ocrx_word' id='word_1_993' title='bbox 2263 5281 2310 5327; x_wconf 91' lang='lat' dir='ltr'><strong><em>et</em></strong></span> <span class='ocrx_word' id='word_1_994' title='bbox 2338 5267 2555 5325; x_wconf 84' lang='lat' dir='ltr'><strong><em>reddant</em></strong></span> <span class='ocrx_word' id='word_1_995' title='bbox 2584 5271 2721 5327; x_wconf 88' lang='lat' dir='ltr'><strong><em>vobis</em></strong></span> <span class='ocrx_word' id='word_1_996' title='bbox 2751 5269 2992 5340; x_wconf 89' lang='lat' dir='ltr'><strong><em>epistolas</em></strong></span> <span class='ocrx_word' id='word_1_997' title='bbox 3021 5280 3226 5324; x_wconf 87' lang='lat' dir='ltr'><strong><em>nostras</em></strong></span> <span class='ocrx_word' id='word_1_998' title='bbox 3265 5267 3328 5323; x_wconf 90' lang='lat' dir='ltr'><strong><em>de</em></strong></span> <span class='ocrx_word' id='word_1_999' title='bbox 3369 5270 3454 5322; x_wconf 89' lang='lat' dir='ltr'><strong><em>in-</em></strong></span> 
     </span>
    </p>
   </div>
   <div class='ocr_carea' id='block_1_147' title="bbox 1857 5342 2718 5416">
    <p class='ocr_par' dir='ltr' id='par_1_147' title="bbox 1857 5342 2718 5416">
     <span class='ocr_line' id='line_1_149' title="bbox 1857 5342 2718 5416; baseline -0.006 -14"><span class='ocrx_word' id='word_1_1000' title='bbox 1857 5347 2123 5402; x_wconf 87' lang='lat' dir='ltr'><strong><em>novatione</em></strong></span> <span class='ocrx_word' id='word_1_1001' title='bbox 2152 5342 2718 5416; x_wconf 71' lang='lat' dir='ltr'><strong><em>fraternitatisnostrte.</em></strong></span> 
     </span>
    </p>
   </div>
   <div class='ocr_carea' id='block_1_148' title="bbox 1931 5411 3341 5486">
    <p class='ocr_par' dir='ltr' id='par_1_148' title="bbox 1931 5411 3341 5486">
     <span class='ocr_line' id='line_1_150' title="bbox 1931 5411 3341 5486; baseline -0.005 -16"><span class='ocrx_word' id='word_1_1002' title='bbox 1931 5416 2000 5472; x_wconf 89' lang='lat' dir='ltr'><strong><em>Et</em></strong></span> <span class='ocrx_word' id='word_1_1003' title='bbox 2037 5411 2172 5471; x_wconf 79' lang='lat' dir='ltr'><strong><em>nunc</em></strong></span> <span class='ocrx_word' id='word_1_1004' title='bbox 2203 5412 2527 5486; x_wconf 83' lang='lat' dir='ltr'><strong><em>benefacietis</em></strong></span> <span class='ocrx_word' id='word_1_1005' title='bbox 2554 5413 2912 5486; x_wconf 79' lang='lat' dir='ltr'><strong><em>respondentes</em></strong></span> <span class='ocrx_word' id='word_1_1006' title='bbox 2944 5411 3085 5467; x_wconf 87' lang='lat' dir='ltr'><strong><em>nobis</em></strong></span> <span class='ocrx_word' id='word_1_1007' title='bbox 3117 5413 3182 5464; x_wconf 84' lang='lat' dir='ltr'><strong><em>ad</em></strong></span> <span class='ocrx_word' id='word_1_1008' title='bbox 3205 5412 3341 5486; x_wconf 56' lang='grc' dir='ltr'><strong><em>ΔΙιιινίῖ.</em></strong></span> 
     </span>
    </p>
   </div>
   <div class='ocr_carea' id='block_1_149' title="bbox 1939 5483 3462 5558">
    <p class='ocr_par' dir='ltr' id='par_1_149' title="bbox 1939 5483 3462 5558">
     <span class='ocr_line' id='line_1_151' title="bbox 1939 5483 3462 5558; baseline -0.003 -16"><span class='ocrx_word' id='word_1_1009' title='bbox 1939 5488 2001 5542; x_wconf 84' lang='lat' dir='ltr'><strong><em>Et</em></strong></span> <span class='ocrx_word' id='word_1_1010' title='bbox 2054 5489 2147 5543; x_wconf 86' lang='lat' dir='ltr'><strong><em>hoc</em></strong></span> <span class='ocrx_word' id='word_1_1011' title='bbox 2193 5496 2265 5543; x_wconf 89' lang='lat' dir='ltr'><strong><em>est</em></strong></span> <span class='ocrx_word' id='word_1_1012' title='bbox 2317 5483 3033 5558; x_wconf 45' lang='lat' dir='ltr'><strong><em>rescriptum&#39;epistolarum,</em></strong></span> <span class='ocrx_word' id='word_1_1013' title='bbox 3079 5483 3214 5553; x_wconf 87' lang='lat' dir='ltr'><strong><em>quod</em></strong></span> <span class='ocrx_word' id='word_1_1014' title='bbox 3255 5483 3462 5538; x_wconf 88' lang='lat' dir='ltr'><strong><em>miserat</em></strong></span> 
     </span>
    </p>
   </div>
   <div class='ocr_carea' id='block_1_150' title="bbox 1867 5561 2058 5619">
    <p class='ocr_par' dir='ltr' id='par_1_150' title="bbox 1867 5561 2058 5619">
     <span class='ocr_line' id='line_1_152' title="bbox 1867 5561 2058 5619; baseline -0.026 0"><span class='ocrx_word' id='word_1_1015' title='bbox 1867 5561 2016 5619; x_wconf 73' lang='grc' dir='ltr'><strong><em>Οηὶω</em></strong></span> <span class='ocrx_word' id='word_1_1016' title='bbox 2041 5577 2058 5614; x_wconf 90' lang='lat'><strong><em>.&#39;</em></strong></span> 
     </span>
    </p>
   </div>
   <div class='ocr_carea' id='block_1_151' title="bbox 189 5792 2022 5872">
    <p class='ocr_par' dir='ltr' id='par_1_151' title="bbox 189 5792 2022 5872">
     <span class='ocr_line' id='line_1_153' title="bbox 189 5792 2022 5872; baseline -0.007 -16"><span class='ocrx_word' id='word_1_1017' title='bbox 189 5827 194 5834; x_wconf 97' lang='lat'><strong><em>-</em></strong></span> <span class='ocrx_word' id='word_1_1018' title='bbox 251 5807 271 5834; x_wconf 80' lang='grc'>³</span> <span class='ocrx_word' id='word_1_1019' title='bbox 301 5799 448 5859; x_wconf 79' lang='lat' dir='ltr'><strong><em>Edili</em></strong></span> <span class='ocrx_word' id='word_1_1020' title='bbox 473 5800 568 5858; x_wconf 82' lang='lat' dir='ltr'><strong><em>alii</em></strong></span> <span class='ocrx_word' id='word_1_1021' title='bbox 608 5801 747 5870; x_wconf 85' lang='lat' dir='ltr'><strong><em>libri,</em></strong></span> <span class='ocrx_word' id='word_1_1022' title='bbox 776 5801 922 5872; x_wconf 81' lang='lat' dir='ltr'><strong><em>ejecit</em></strong></span> <span class='ocrx_word' id='word_1_1023' title='bbox 949 5815 1065 5869; x_wconf 90' lang='lat' dir='ltr'><strong><em>eos,</em></strong></span> <span class='ocrx_word' id='word_1_1024' title='bbox 1093 5809 1138 5855; x_wconf 90' lang='lat' dir='ltr'><strong><em>et</em></strong></span> <span class='ocrx_word' id='word_1_1025' title='bbox 1168 5798 1285 5854; x_wconf 88' lang='lat' dir='ltr'><strong><em>inde</em></strong></span> <span class='ocrx_word' id='word_1_1026' title='bbox 1315 5797 1470 5868; x_wconf 87' lang='lat' dir='ltr'><strong><em>cepit,</em></strong></span> <span class='ocrx_word' id='word_1_1027' title='bbox 1502 5803 1630 5861; x_wconf 57' lang='lat' dir='ltr'><strong><em>elo,</em></strong></span> <span class='ocrx_word' id='word_1_1028' title='bbox 1664 5792 1844 5850; x_wconf 85' lang='lat' dir='ltr'><strong><em>minus</em></strong></span> <span class='ocrx_word' id='word_1_1029' title='bbox 1877 5807 2022 5850; x_wconf 75' lang='lat' dir='ltr'><strong><em>vero.</em></strong></span> 
     </span>
    </p>
   </div>
  </div>
