3918 6192
168 282 246 340 497
1329 291 1529 348 LIBER
1571 293 1590 348 1
1630 294 2223 355 MACIIAREORUM.‘

225 397 278 473 Iit
304 402 526 473 convertit
552 401 820 473 Tryphon,
847 413 895 456 et
919 404 1044 458 abiit
1070 407 1122 460 in
1145 417 1332 460 terram
1362 425 1529 461 suam.

227 469 282 524 Et
307 473 429 549 misit
459 469 672 549 Simon,
699 484 747 549 et
773 476 966 549 accepit
1001 493 1116 531 ossa
1139 477 1382 532 Jonatha:
1401 483 1580 549 fratris
1607 483 1687 535 sui
1698 525 1711 548 ,

169 549 208 592 et
226 545 422 620 sepelivit
440 561 494 598 ea
516 545 568 597 in
596 545 784 598 Modin
808 545 1010 620 civitate
1033 559 1238 620 patrum
1263 553 1394 620 ejus.

220 612 276 666 Et
295 617 592 695 patuerunt
621 633 737 670 eum
764 619 928 695 omnis
955 612 1124 675 Israel
1167 612 1377 692 plan'ctu
1417 640 1624 695 magno,
1667 634 1714 678 et

161 683 363 738 luxerunt
387 702 500 738 eum
535 686 648 741 dies
674 690 878 743 multos.

211 753 264 806 Et
290 757 554 823 ludiﬁcat-it
589 758 790 837 Simon
823 777 979 837 super
1025 764 1322 833 sepulcrum
1371 769 1534 837 patris
1561 768 1640 819 sui
1670 777 1717 820 et

152 825 333 893 fratrum
353 844 566 882 suorum
597 825 1092 900 cedi/icium'altum'
1143 837 1274 902 visu,
1328 825 1502 909 ltipide
1551 839 1714 909 polito

151 907 257 950 τεινο
281 909 327 952 et
352 910 490 954 ante.

204 967 258 1020 Et
283 973 459 1052 statuit
480 980 672 1040 septem
698 976 1018 1052 pyramidas,
1046 993 1199 1030 unam
1232 991 1407 1034 contra
1435 997 1591 1034 iniam
1623 999 1716 1052 pa-

147 1040 260 1116 tri_et
286 1044 454 1116 matri,
486 1055 532 1097 et
549 1040 770 1114 quatuor
789 1049 1037 1116 fratribus
1059 1065 1078 1102 :

202 1111 257 1165 Et
279 1113 352 1166 his
389 1111 762 1195 circumposuit
786 1111 1056 1195 columnas
1084 1137 1295 1191 magnas
1326 1140 1344 1176 :
1377 1131 1422 1177 et
1449 1140 1603 1195 super
1629 1141 1716 1178 co-

149 1182 316 1238 lumnas
350 1203 514 1264 arma,
545 1182 612 1238 ad
642 1191 941 1264 memoriam
983 1182 1226 1245 (eternaiin
1263 1210 1279 1246 :
1311 1205 1356 1247 et
1378 1182 1539 1264 juxta
1569 1214 1714 1250 arma

145 1271 271 1378 ἴσως
291 1258 532 1327 scalptas,
575 1275 690 1328 qua:
725 1261 1026 1317 viderentur
1050 1264 1113 1316 ab
1145 1258 1393 1318 ontnibus'
1422 1267 1712 1336 auriganti-

173 1343 220 1378 us
243 1345 391 1378 mare-

173 1343 220 1378 us
243 1345 391 1384 mare.

205 1397 400 1480 IIoc-esl
450 1405 765 1475 sepulcrum,
798 1407 941 1478 quod
968 1408 1086 1480 fecit
1130 1407 1183 1461 in
1218 1407 1422 1476 Moa’in,
1463 1425 1620 1479 usque
1661 1411 1714 1464 in

150 1471 261 1523 hunc
298 1473 444 1529 client.

203 1541 425 1625 Tryphon
455 1558 626 1625 autem
671 1566 784 1625 eum
815 1550 912 1604 iter
939 1554 1128 1617 faceret
1166 1567 1278 1606 cum
1309 1551 1565 1606 Antiocho
1597 1569 1716 1625 rege

154 1613 456 1681 adolescente,
478 1619 598 1674 dolo
621 1622 807 1674 occidit
833 1613 966 1674 eum.

202 1684 258 1737 Et
287 1693 519 1765 regnavit
554 1694 671 1745 loco
699 1695 832 1764 ejus,
868 1703 914 1745 et
944 1694 1188 1765 imposuit
1228 1695 1324 1750 sibi
1358 1695 1596 1748 diatlema
1644 1699 1712 1750 Α·

143 1757 240 1834 εἰίῑίἱ
261 1767 305 1810 et
334 1760 445 1834 fecit
467 1763 677 1833 plagam
701 1757 941 1834 magnam
969 1757 1028 1817 in
1051 1777 1207 1819 terra.

201 1827 266 1902 Et
294 1827 576 1900 a'dificavitv
602 1827 808 1889 Simatt'
826 1837 1070 1902 pra'sidia
1094 1837 1317 1901 Juda'a’,
1369 1840 1599 1891 muniens
1649 1855 1707 1892 ea

141 1899 337 1980 turribus
361 1899 590 1980 excelsis.
622 1899 857 1980 etmuris
886 1910 1118 1980 magnis,
1151 1919 1194 1962 et
1221 1899 1407 1980 portis,
1440 1919 1489 1964 et
1531 1910 1658 1964 seris
1687 1926 1704 1962 :

140 1979 178 2022 et
203 1973 357 2040 posuit
392 1977 639 2030 alimenta
669 1978 720 2029 in
754 1973 1146 2033 munitionibus.

200 2042 257 2094 Et
283 2044 424 2114 elegit
470 2048 656 2102 Simon
698 2050 857 2115 viros,
893 2060 940 2103 et
983 2053 1117 2104 misit
1150 2051 1217 2103 ad
1266 2050 1579 2104 Demetrium
1625 2068 1706 2106 re-

141 2125 328 2192 gemunt
353 2121 538 2192 faceret
567 2121 913 2192 remissionem
947 2123 1143 2192 regioni
1171 2139 1188 2176 :
1217 2124 1338 2192 quia
1358 2133 1503 2176 actus
1531 2140 1706 2178 omnes

142 2179 398 2306 Trgphonis
422 2207 508 2257 per
540 2191 890 2260 direptionem
926 2179 1134 2262 fuerant
1166 2179 1316 2264 gesti.

238 2265 254 2306 ι
279 2255 559 2306 Demetrius
581 2279 674 2306 rex
699 2263 767 2306 ad
794 2263 947 2306 verba
977 2266 1078 2306 ista
1107 2282 1316 2306 rnenmm

238 2265 254 2306 ι
279 2255 559 2336 Demetrius
581 2255 674 2336 rei:
699 2263 767 2314 ad
794 2255 948 2317 verba
977 2266 1078 2317 ista
1107 2255 1369 2336 respondit
1402 2267 1469 2330 ei,
1503 2274 1548 2318 et
1576 2267 1706 2318 scri-

134 2326 220 2396 Ρείζ
244 2329 502 2396 epistolam
541 2334 694 2388 talem
719 2351 738 2388 :

190 2395 292 2452 Res:
322 2401 605 2459 Demetrius
644 2404 851 2460 Simoni
898 2423 1100 2460 smnmo
1130 2407 1412 2469 sacerdoti,
1443 2416 1486 2461 et
1536 2409 1704 2464 amico

130 2482 307 2545 regum,
335 2485 380 2529 et
401 2476 710 2541 senioribus,
739 2486 786 2529 et
809 2480 948 2545 genti
974 2477 1281 2534 .Iudteorum
1313 2481 1554 2532 salutem.

192 2541 432 2601 Coronam
472 2564 708 2610 auream,
759 2541 1037 2614 et'bahem,
1070 2568 1222 2618 quam
1261 2551 1494 2610 misistis,
1529 2568 1702 2604 susce-

131 2613 315 2679 pimus:
343 2628 388 2671 et
435 2621 604 2691 parati
647 2637 823 2673 sumus
861 2613 1032 2688 facere
1061 2613 1318 2675 vobiscum
1368 2638 1545 2687 pacem
1590 2637 1706 2676 ma-

130 2698 354 2765 gnumset
383 2691 603 2745 scribere
629 2693 922 2762 pra’positis
953 2694 1086 2764 regis
1116 2693 1375 2748 remittere
1413 2695 1550 2746 vobis
1585 2711 1704 2765 qua:

130 2756 434 2817 indulsimus.

161 2827 519 2907 .Qucecumque
547 2836 682 2888 enim
705 2837 1081 2898 constituimus,
1118 2836 1258 2889 vobis
1279 2845 1535 2891 constant.
1581 2836 1702 2892 Mu-

123 2900 342 2974 nitiones,
362 2900 486 2970 quas
514 2907 837 2974 mdiﬁcastis,
867 2909 1006 2961 vobis
1030 2910 1157 2961 sint.

123 2996 154 3048 τ
186 2970 499 3048 Ii_eruittimus
522 2970 724 3048 quoque
756 2980 1099 3046 ignorantias,
1127 2988 1172 3031 et
1202 2986 1410 3047 peccata
1445 2996 1616 3047 usque
1647 2983 1701 3035 in

121 3038 405 3118 hodiernum
432 3038 588 3114 diem,
621 3038 668 3101 et
714 3038 979 3115 coronam,
1029 3038 1478 3118 quam'debebatis
1512 3038 1543 3103 ;⁷
1580 3063 1625 3103 et
1655 3055 1701 3106 si

121 3114 231 3188 quid
268 3119 408 3172 aliud
437 3129 544 3174 erat
580 3121 906 3174 tributarium
934 3123 986 3175 in
1026 3114 1338 3185 Jerusalem,
1367 3122 1475 3188 iam
1506 3138 1608 3175 non
1640 3126 1700 3178 sit

123 3186 447 3245 tributariam.

187 3255 250 3309 Et
275 3261 424 3335 siqui
456 3281 519 3319 ex.
547 3265 689 3318 vobis
728 3266 836 3335 apti
862 3274 978 3318 sunt
1013 3263 1269 3318 conscribi
1310 3263 1443 3316 inter
1472 3273 1698 3332 nostros,

123 3332 508 3406 conscribuntur,
535 3347 581 3390 et
611 3337 678 3390 sit
709 3332 843 3390 inter
875 3353 968 3389 nos
995 3352 1119 3406 pax.

185 3400 324 3479 Anno
372 3400 644 3479 centesimo
683 3400 1061 3479 septuagesiino
1116 3408 1342 3461 ablatum
1397 3415 1468 3460 est
1508 3407 1702 3478 jugum

121 3473 328 3536 gentium
352 3480 412 3530 ab
440 3476 630 3532 Israel.

185 3540 251 3621 fit
275 3549 417 3621 coepit
445 3551 672 3621 populus
705 3549 872 3604 Israel
897 3549 1117 3604 scribere
1144 3549 1196 3602 in
1227 3548 1436 3612 tabulis,
1465 3559 1515 3604 et
1542 3553 1700 3620 gestis

123 3613 356 3693 publicis,
394 3613 526 3674 anno
569 3623 736 3693 primo
779 3621 870 3693 sub
913 3622 1126 3675 Simone
1160 3636 1359 3674 summo
1401 3613 1694 3692 sacerdote,

123 3700 290 3764 ttmgno
310 3689 462 3764 duce,
486 3703 532 3746 et
559 3689 794 3764 principe
829 3691 1161 3764 Judteorum.

185 3757 260 3835 ln_
287 3757 457 3835 diebus
487 3757 596 3818 illis
629 3757 884 3835 applicuit
932 3763 1114 3819 Simon
1143 3763 1210 3816 ad
1251 3761 1466 3832 Gazam,
1503 3775 1548 3819 et
1591 3766 1695 3818 cir-

123 3829 359 3907 cumdedit
386 3851 496 3887 eam
539 3829 744 3900 castris,
794 3845 840 3888 et
869 3836 988 3904 fecit
1037 3835 1324 3903 machinas,
1359 3846 1406 3888 et
1437 3829 1697 3907 applicuit

121 3899 180 3979 et!
220 3903 482 3979 civitatem,
533 3917 578 3961 et
625 3899 877 3979 percussit
929 3915 1125 3962 turrem
1164 3899 1339 3973 unam,
1386 3916 1432 3959 et
1466 3899 1698 3978 compre-

122 3967 281 4025 hendit
301 3991 427 4030 eam.

188 4041 248 4094 Ει
283 4060 576 4118 eruperant,
607 4051 697 4118 qui
732 4060 876 4104 erant
907 4051 1048 4103 intra
1091 4051 1383 4104 machinam
1431 4049 1485 4101 in
1518 4049 1698 4104 civita-

123 4119 247 4190 tem":
275 4128 322 4170 et
351 4119 516 4188 factus
541 4131 613 4176 est
645 4132 815 4176 motus
840 4137 1058 4190 magnus
1081 4124 1130 4175 in
1159 4122 1380 4175 civitate.

188 4183 622 4260 Etras'cenderunt
664 4194 753 4260 qui
780 4183 946 4246 erant"
964 4196 1017 4247 in
1049 4193 1251 4246 civitate
1279 4208 1391 4246 cum
1420 4191 1689 4257 uxoribus,

124 4263 166 4304 et
185 4256 304 4322 ﬁliis
340 4279 492 4335 supra
516 4256 722 4318 murum
762 4265 934 4335 scissis
965 4264 1153 4318 tunicis
1202 4265 1332 4330 suis,
1358 4272 1405 4316 et
1439 4256 1697 4317 clamavn.

122 4337 226 4406 (unt
254 4344 374 4406 voce
395 4353 603 4406 magna,
656 4334 974 4404 postulantes
1005 4353 1034 4388 a
1084 4335 1298 4390 Simone
1341 4337 1553 4390 tlea'tras
1597 4337 1695 4391 sibi

125 4396 243 4460 dari,
273 4413 319 4454 et
343 4396 630 4462 dixerunt.“

187 4466 300 4553 Non
324 4477 463 4532 nobis
489 4480 680 4532 reddas
727 4479 1007 4532 secundum
1054 4479 1281 4553 malitias
1329 4488 1554 4541 nostras,
1603 4479 1694 4531 scd

122 4545 382 4600 secundum
411 4551 793 4604 misericordias
822 4563 956 4603 tuas.

3309 313 3417 368 με

1744 415 1786 472 Λ
1895 413 2272 495 Et_cor_tstituit,
2307 427 2360 471 ut
2415 420 2647 475 omnibus
2692 422 2840 476 anuis
2889 434 3165 495 agerentur
3209 429 3319 483 dies
3367 431 3420 484 hi

1816 501 1929 536 cum
1962 486 2162 540 la’tilia.

1892 556 1954 638 Iit
1992 561 2206 638 muni-vit
2240 570 2460 614 montem
2501 563 2700 632 templi,
2733 565 2953 632 quierat
2984 585 3130 622 secus
3157 587 3350 638 arcent,
3375 581 3423 627 et

1817 629 2063 700 habitavit
2092 631 2160 682 ibi
2190 632 2317 699 ipse,
2345 642 2391 685 et
2420 635 2507 700 qui
2529 629 2642 687 cum
2673 629 2928 692 eo'erant.

1891 698 2112 782 Eltnridit
2161 698 2341 755 Simon
2373 698 2630 782 Joannem
2671 708 2838 782 ﬁlium
2884 726 3055 771 suum,
3084 713 3221 781 quod
3268 714 3420 782 fortis

1818 772 1987 840 pra'lii
2015 772 2091 823 vir
2119 783 2294 844 esset:
2319 783 2364 828 et
2395 777 2564 844 posuit
2590 772 2702 829 eum
2740 778 2918 834 ducem
2945 772 3188 837 virtutum
3218 772 3422 840 univer-

1815 857 1993 897 sarum
2028 858 2045 895 :
2093 853 2138 898 et
2181 843 2427 900 habitavit
2474 849 2525 901 in
2559 845 2797 906 Cesaris.

2409 1005 2639 1062 CAPUT
2682 1008 2820 1062 XIV.

1889 1117 2038 1199 Anno
2077 1119 2351 1199 centesimo
2395 1123 2771 1199 septuagesimo
2821 1127 3048 1199 secundo
3093 1132 3417 1199 congregavit

1818 1206 1909 1242 rex
1931 1187 2222 1262 Demetrius
2257 1187 2533 1244 tz'rcitum
2566 1187 2740 1262 stum,
2771 1206 2815 1249 et
2851 1197 2975 1250 abii;
3006 1199 3057 1250 in
3094 1187 3321 1253 Μεᾶἱαῆι
3350 1202 3420 1255 ad

1818 1259 2171 1340 contrahenda
2195 1262 2291 1340 sibi
2319 1262 2540 1328 auxilia,
2575 1274 2628 1340 ut
2663 1259 3361 1340 expugnaret,Tryphonem.

1979 1331 2175 1411 audivit
2207 1334 2540 1411 drsacesfea‘.
2580 1330 2834 1406 Persidis,
2864 1349 2912 1411 et
2941 1330 3150 1406 Media},
3186 1343 3309 1411 quia
3339 1344 3424 1396 in-

1817 1404 1967 1478 travit
1995 1402 2283 1478 Demetrius
2310 1405 2536 1478 conﬁnes
2559 1424 2698 1468 suos,
2729 1418 2775 1461 et
2813 1402 2950 1464 irrisit
2999 1402 3158 1466 unum
3186 1402 3249 1465 de
3277 1415 3420 1478 prin-

1818 1474 2017 1542 cipibus
2047 1475 2172 1547 suis,
2199 1485 2251 1526 ut
2282 1475 2731 1546 comprehenderet
2754 1499 2870 1534 eum
2903 1485 3091 1547 vivum,
3116 1493 3163 1536 et
3193 1474 3421 1539 adduce-

1816 1557 1891 1599 ret
1917 1561 2033 1599 eum
2063 1545 2129 1594 ad
2160 1562 2232 1598 se.

1893 1617 1972 1698 Et
2012 1616 2155 1680 abiit,
2188 1627 2234 1669 et
2285 1621 2532 1698 percussit
2561 1623 3007 1698 castraADemetrii
3032 1643 3050 1679 :
3097 1638 3142 1678 et
3186 1644 3420 1698 compre-

1817 1689 1992 1742 hendit
2021 1704 2156 1767 eum.
2203 1697 2251 1741 et
2299 1690 2448 1743 duxit
2476 1708 2587 1746 eum
2619 1694 2687 1745 ad
2716 1695 2971 1760 Arsacem,
3009 1709 3053 1750 et
3086 1699 3254 1767 posuit
3298 1689 3417 1752 eum

1815 1762 1868 1813 in
1893 1759 2200 1812 custodiam.

1886 1829 1953 1884 Et
1979 1831 2121 1906 siluit
2149 1833 2317 1906 omnis
2349 1843 2482 1888 terra
2521 1833 2664 1888 Iuda
2694 1837 2928 1891 omnibus
2951 1839 3131 1893 diebus
3161 1840 3412 1906 Simonis,

1810 1912 1859 1978 et
1913 1903 2140 1978 quassivil
2179 1903 2318 1978 lana
2349 1907 2490 1975 genti
2521 1923 2665 1960 suas:
2707 1918 2753 1960 et
2803 1913 2992 1976 placuit
3043 1911 3145 1963 illis
3195 1903 3416 1978 potestas

1809 1977 1944 2045 ejus,
1976 1983 2024 2026 et
2055 1973 2223 2043 gloria
2244 1973 2364 2037 eius
2385 1978 2616 2032 omnibus
2639 1973 2836 2032 diebus.

1885 2045 2091 2123 lﬂtcum
2119 2049 2254 2123 omni
2285 2049 2455 2123 gloria
2479 2067 2574 2102 sua
2605 2053 2798 2121 accepit
2835 2051 3039 2122 .loppen
3087 2055 3144 2106 in.
3181 2063 3414 2123 portum,

1809 2125 1856 2168 et
1877 2116 1996 2184 fecit
2024 2116 2294 2169 introitum
2331 2119 2383 2172 in
2417 2120 2597 2173 insulis
2626 2116 2802 2173 maris.

1882 2185 1947 2265 (ξι
1975 2185 2211 2240 dilatavit
2240 2188 2369 2265 fines
2397 2192 2563 2265 gentis
2592 2209 2719 2257 sate,
2751 2204 2796 2246 et
2825 2197 3043 2247 obtinuit
3068 2198 3351 2265 regionem.

1880 2257 1950 2330 Et
1979 2261 2308 2330 congregavit
2356 2257 2706 2330 captivitatem
2756 2267 2995 2322 multam,
3029 2276 3076 2318 et
3119 2257 3414 2321 dominatus

1807 2339 1879 2383 est
1906 2327 2147 2395 (ἐπίαναν,
2175 2327 2224 2384 iet
2257 2327 2544 2398 Bethsurte,
2589 2344 2634 2386 et
2689 2336 2798 2386 arci
2827 2353 2843 2388 :
2880 2346 2926 2388 et
2954 2337 3163 2390 abstulit
3190 2339 3414 2390 immun-

1807 2401 1963 2474 diti_as
1998 2417 2061 2453 e.r
2093 2417 2172 2464 ea,
2194 2409 2249 2474 et
2277 2417 2379 2454 non
2411 2415 2519 2456 erat
2549 2405 2635 2474 qui
2665 2408 2914 2460 resisteret
2941 2408 2990 2460 ei
3001 2447 3010 2457 .

1880 2470 1947 2524 Et
1977 2471 2332 2544 unusquisque
2361 2470 2570 2527 colebat'
2599 2486 2788 2528 terram
2827 2493 2974 2530 suam
3015 2494 3128 2530 cum
3159 2493 3282 2544 pace
3314 2495 3333 2532 .·
3364 2487 3413 2533 et

1807 2553 1943 2597 terra
1970 2542 2112 2597 Juda
2143 2543 2296 2596 dabat
2322 2545 2522 2614 fructus
2553 2564 2696 2611 suos,
2730 2557 2776 2600 et
2797 2547 2938 2620 ligna
2967 2542 3266 2620 camporum
3297 2553 3411 2620 fru-

1806 2623 1942 2668 ctum
1977 2634 2149 2669 suum.

1879 2687 2122 2742 Seniores
2154 2691 2208 2743 in
2239 2687 2420 2760 plateis
2445 2690 2685 2745 sedebant
2716 2708 2909 2760 onmcs,
2955 2701 3001 2745 et
3032 2691 3094 2745 de
3123 2692 3268 2745 bonis
3301 2701 3408 2746 ter-

1805 2774 1877 2834 rte
1903 2760 2212 2834 tractabant,
2255 2770 2300 2815 et
2321 2764 2541 2834 juvenes
2574 2764 2846 2818 induebant
2879 2779 2932 2818 se
2960 2763 3203 2834 glvrt'am,
3230 2774 3276 2816 et
3303 2773 3412 2817 sto-

1806 2829 1885 2881 las
1913 2831 2052 2885 belli.

1875 2899 1944 2954 Et
1990 2904 2285 2958 civitatibus
2333 2903 2586 2958 tribuebat
2643 2907 2943 2974 alimouias,
2989 2914 3034 2960 et
3074 2907 3411 2961 constituebat

1805 2986 1916 3038 eas,
1957 2985 2010 3027 ut
2042 2984 2204 3029 essent
2236 2992 2358 3028 vasa
2386 2978 2685 3030 munitionis
2709 2980 3038 3045 quoadusque
3083 2978 3409 3030 nominatum

1805 3054 1876 3096 est
1897 3060 2083 3116 nomen
2111 3047 2290 3115 gloria:
2313 3051 2425 3115 ejus
2457 3065 2614 3116 usque
2639 3052 2704 3101 ad
2737 3059 3018 3102 extremum
3051 3059 3221 3102 terrte.

1878 3114 2026 3169 Fecit
2059 3114 2235 3186 pacem
2275 3114 2429 3189 super
2461 3114 2670 3186 terram,
2701 3132 2746 3174 et
2777 3119 2980 3174 [celatus
3006 3132 3076 3174 est
3118 3117 3286 3173 Israel
3316 3120 3410 3174 lce-

1730 3192 1775 3255 C
1808 3188 1926 3261 tilia
1952 3206 2159 3261 magna.

1879 3258 1946 3314 Et
1987 3258 2118 3314 sedit
2161 3263 2510 3334 unusquisque
2552 3263 2646 3316 sub
2674 3262 2769 3317 vite
2809 3280 2927 3331 sua,
2958 3272 3006 3316 et
3045 3264 3138 3319 sub
3182 3263 3408 3333 ﬁculnea

1807 3347 1901 3385 sua
1931 3343 2015 3386 :et
2049 3349 2151 3386 non
2179 3344 2285 3387 erat
2315 3337 2401 3399 qui
2433 3350 2517 3388 eos
2543 3345 2774 3388 terreret.

1881 3403 2085 3479 Defecit
2111 3406 2421 3479 impugnans
2451 3421 2535 3460 eos
2565 3423 2720 3477 super
2749 3415 2938 3462 terram
2973 3422 2992 3460 :
3028 3423 3171 3479 reges
3198 3408 3408 3461 contriti

1802 3485 1923 3526 sunt
1949 3477 1999 3528 in
2034 3477 2208 3530 diebus
2238 3477 2367 3532 illis.

1875 3543 2289 3622 Et_con/irmavit
2320 3565 2492 3603 omnes
2519 3547 2738 3604 Iwmiles
2768 3550 2948 3622 populi
2998 3551 3098 3615 sui,
3146 3560 3195 3604 et
3242 3550 3404 3620 legem

1804 3618 2095 3688 exquisirit,
2125 3631 2168 3673 et
2201 3622 2410 3675 abstulit
2449 3638 2652 3674 onmem
2683 3618 2912 3691 iniquum
2939 3632 2984 3674 et
3017 3623 3210 3676 malum
3240 3637 3258 3675 :

1879 3691 2085 3764 ancta
2105 3691 2436 3764 glorificavit,
2459 3702 2504 3746 et
2529 3691 2885 3764 multiplicauit
2908 3709 3029 3746 vasa
3049 3703 3363 3764 sanctorum.

1874 3759 1942 3814 Et
1981 3759 2221 3815 auditum
2246 3759 2326 3816 est
2379 3759 2728 3834 Romae/uia
2773 3764 3048 3834 defunctus
3077 3775 3203 3817 esset
3231 3762 3405 3818 Jona-

1801 3833 1970 3887 thas:
2023 3842 2067 3887 et
2119 3851 2277 3901 usque
2321 3835 2374 3888 in
2427 3833 2723 3904 Spartiatas
2757 3851 2773 3888 .°
2819 3845 2866 3888 et
2931 3835 3221 3889 contristati
3282 3845 3406 3891 sunt

1801 3905 1967 3956 valde.

1879 3973 1944 4028 Ut
1976 3974 2248 4029 audierunt
2301 3976 2640 4050 autemquod
2682 3977 2864 4032 Simon
2909 3979 3070 4050 frater
3101 3982 3212 4050 ejus
3242 3980 3409 4050 factus

1799 4055 1929 4100 esset
1957 4061 2190 4122 summus
2213 4047 2448 4122 sacerdos
2473 4047 2583 4102 loco
2614 4051 2743 4119 ejus,
2778 4062 2826 4106 et
2872 4047 2980 4122 ipse
3019 4047 3265 4105 obtineret
3295 4067 3408 4104 om-

1801 4133 1917 4170 nem
1947 4118 2228 4189 regionem,
2263 4128 2307 4171 et
2330 4119 2553 4174 civitates
2575 4118 2714 4175 inea
2739 4139 2758 4176 :

1873 4190 2202 4257 Scripseram
2234 4189 2302 4242 ad
2337 4207 2451 4243 eum
2481 4193 2534 4244 in
2575 4194 2767 4248 tabulis
2797 4196 2967 4257 cereis,
2999 4201 3055 4247 ut
3103 4210 3281 4247 renow.
3294 4203 3403 4247 rent

1800 4261 2078 4335 amicitias.
2104 4272 2156 4335 ct
2205 4264 2494 4335 societatem
2537 4282 2689 4334 quam
2728 4267 2950 4335 fecerant
2979 4281 3095 4319 cum
3143 4266 3306 4325 Juda,
3357 4275 3409 4318 et

1799 4331 2178 4408 cun_z_Jonatha,
2209 4333 2453 4408 fratribus
2475 4331 2609 4407 ejus.
2728 4331 2738 4335 ⁷
2913 4406 2920 4408 ξ
2966 4402 2972 4408 ,

1873 4403 1940 4458 Et
1972 4402 2251 4478 lectu’sunt
2274 4406 2326 4458 in
2347 4402 2620 4478 conspectu
2652 4408 2879 4461 ecclesite
2904 4402 3292 4478 in'lerusalem.
3329 4402 3400 4457 Et

1801 4475 1911 4554 hoc_
1927 4477 2216 4548 exemplum
2247 4475 2598 4554 epistolarum,
2623 4477 3058 4554 quas‘Spartiatntv
3079 4476 3322 4554 miserunt
3344 4491 3366 4528 .°

1873 4546 2282 4618 Spartianoruni
2302 4549 2578 4620 principes,
2626 4561 2674 4602 et
2718 4546 2968 4620 civi—tates,
2998 4546 3199 4600 Simoni
3229 4562 3402 4620 sacer-

413 4592 793 4604 ......ν,.,ν.......,
822 4592 956 4603 ...κω
1873 4592 1907 4600 ν
2508 4592 2556 4603 ν.
2626 4592 2674 4602 ν.

120 4629 135 4657 ι
183 4608 430 4694 Etflexus
481 4621 664 4676 Simon
708 4638 810 4674 non
857 4620 1128 4694 debellavit
1159 4638 1281 4694 eos:
1325 4623 1474 4694 ej:‘cit
1525 4630 1693 4674 tamen
1724 4592 2140 4694 Ddoti'inagno,
2175 4627 2220 4672 et
2251 4592 2578 4694 scitiorib'us,’
2605 4630 2651 4674 et
2680 4619 3055 4694 sacerdotibus,
3100 4625 3149 4667 et
3203 4618 3403 4688 reliquo

122 4696 198 4762 αρε
229 4686 290 4762 de
329 4691 548 4758 civitate,
584 4703 632 4746 et
679 4691 940 4746 mandavit
981 4693 1136 4759 cedes,
1180 4686 1448 4762 inquibus
1493 4698 1699 4761 fuerant

118 4754 404 4836 simulacra,
438 4772 483 4817 et
513 4754 637 4819 tunc
666 4765 875 4818 intravit
903 4763 953 4817 in
982 4754 1287 4832 eam,cum'
1307 4754 1511 4836 hymnis
1555 4764 1702 4818 lu'ue-

117 4825 277 4883 dicens
303 4825 578 4889 Dominum
605 4853 625 4891 :

181 4897 245 4951 Ει
274 4907 434 4975 ejecta
463 4909 525 4960 ab
561 4925 624 4961 ea
655 4906 793 4960 omni
823 4907 1172 4972 imtnunditia,
1225 4907 1497 4960 collocavit
1544 4907 1594 4960 in
1644 4924 1703 4962 ea

112 4969 258 5050 "iter,
293 4969 396 5050 iqui
427 4979 587 5048 legem
637 4979 864 5050 facerent
897 4995 913 5033 :
944 4989 989 5032 et
1029 4969 1243 5031 munivit
1293 4995 1440 5044 eam,
1492 4988 1534 5032 et
1581 4980 1701 5050 fecit

113 5041 202 5094 sibi
223 5041 606 5105 habitatio-item.

180 5114 279 5192 Qui
315 5131 485 5174 autem
515 5131 660 5175 erant
701 5123 754 5175 in
785 5137 900 5176 arce
937 5121 1252 5187 Jerusalem,
1295 5121 1700 5192 prohibebantur

111 5189 295 5264 egredi,
333 5202 381 5244 et
411 5194 610 5264 ingredi
639 5195 922 5264 regionem,
944 5204 990 5246 et
1033 5209 1220 5255 emere,
1253 5189 1328 5264 ac,
1356 5193 1570 5246 vendere
1599 5209 1617 5247 :
1648 5201 1696 5245 et

110 5260 384 5334 esurierunt
415 5260 584 5329 va'lde,
619 5275 666 5318 et
695 5260 846 5317 inulti
875 5281 937 5318 ea:
963 5267 1034 5317 eis
1064 5269 1202 5334 fame
1222 5261 1502 5334 perierunt,

177 5327 241 5382 Et
263 5327 679 5390 acclamaverunt
707 5335 777 5388 ad
814 5327 1098 5399 Simonem,
1147 5327 1453 5388 nt'dextras
1492 5327 1698 5404 accipe-

107 5410 213 5453 rent
239 5418 257 5455 :
278 5414 324 5456 et
352 5405 493 5458 dedit
523 5407 634 5460 illis
668 5417 753 5460 :et
789 5408 939 5476 ejecit
965 5422 1048 5460 eos
1072 5407 1212 5473 inde,
1247 5416 1294 5460 et
1325 5408 1587 5460 mundavit
1610 5422 1696 5459 ar-

111 5485 207 5523 cem
230 5490 261 5526 a
276 5477 797 5532 contaminationibus
822 5493 840 5531 :

174 5542 580 5620 Et‘intraverunt
607 5552 658 5602 in
684 5565 798 5602 eam
834 5549 984 5602 tertia
1026 5557 1071 5602 et
1102 5548 1347 5620 vigesima
1372 5549 1456 5601 die
1483 5547 1696 5620 secundi

109 5618 312 5681 mensis,
332 5635 468 5673 anno
490 5622 768 5675 centesimo
790 5618 1166 5691 septuagesimo
1185 5620 1349 5691 primo
1374 5635 1490 5673 cum
1519 5618 1694 5691 laude,

110 5694 152 5774 et
177 5691 687 5774 Ῑαιηὶει.ραιιηιιηιιζιἸ
710 5703 756 5746 et
778 5689 994 5774 cingris,
1024 5699 1075 5747 et
1103 5689 1350 5774 cymbalis
1369 5735 1394 5774 ,.
1417 5701 1467 5772 et
1507 5689 1694 5757 nablis,

111 5763 152 5806 cl
173 5756 394 5827 hymnis.
426 5772 473 5814 et
503 5765 716 5819 canticis
740 5779 757 5819 :
785 5756 910 5836 quia
946 5756 1198 5820 contritus
1225 5771 1300 5817 est
1319 5763 1560 5819 inimicus
1589 5756 1696 5816 ma-

111 5841 236 5888 gnus
265 5846 329 5886 ex
349 5829 538 5888 Israel.

110 5841 236 5894 gnus
265 5846 329 5886 ex
349 5833 538 5888 Israel.

1803 4691 1996 4761 papula
2026 4691 2349 4754 Judazorum,
2392 4691 2658 4761 fratribus,
2694 4691 2934 4745 salutem.

1877 4761 2075 4833 Legati,
2103 4764 2192 4834 qui
2231 4762 2372 4816 missi
2403 4773 2520 4834 sunt
2549 4763 2617 4816 ad
2644 4761 2890 4834 populum
2920 4769 3170 4834 nostrum,
3196 4763 3406 4816 nuntia-

1803 4832 1980 4888 verunt
2010 4832 2154 4888 nobis
2184 4834 2247 4888 de
2271 4843 2435 4886 vestra
2469 4832 2658 4903 gloria,
2683 4832 2972 4902 etkhonore,
3014 4848 3074 4885 ac
3102 4833 3280 4887 ltvtitia
3316 4845 3404 4888 :et

1805 4906 1966 4975 gavisi
1994 4922 2170 4959 sumus
2202 4906 2254 4958 in
2279 4905 2491 4956 introitu
2516 4921 2712 4958 eorum.

1877 4975 1943 5029 Et
1966 4978 2261 5046 scripsimus
2291 4991 2404 5043 qua:
2427 4976 2491 5026 ab
2519 4977 2593 5030 eis
2619 4985 2763 5029 erant
2786 4975 2943 5040 dicta,
2967 4975 3021 5028 in
3053 4976 3286 5046 conciliis
3308 4993 3401 5046 po-

1806 5050 1943 5118 puli,
1977 5050 2050 5103 sic
2072 5044 2099 5100 7:
2133 5046 2421 5118 Numenius
2443 5047 2701 5113 Antiochi,
2734 5058 2778 5100 et
2807 5047 3075 5114 Antipater
3097 5044 3315 5100 Iasonis
3338 5050 3406 5116 [i-

1808 5115 1932 5181 lius,
1973 5119 2129 5189 legati
2168 5115 2494 5189 Judn'orum,
2541 5128 2788 5189 venerunt
2829 5118 2897 5170 ad
2941 5134 3055 5182 nos,
3105 5115 3404 5172 renovantes

1806 5187 2070 5244 nobiscum
2096 5187 2372 5257 amicitiam
2401 5188 2693 5257 pristinam.

1879 5260 1945 5319 Et
1977 5259 2170 5330 placuit
2209 5253 2410 5326 populo
2437 5253 2667 5328 excipere
2690 5261 2822 5314 viros
2850 5260 3092 5329 gloriose,
3135 5268 3183 5314 et
3218 5275 3410 5331 ponere

1807 5331 2094 5402 exemplum
2141 5342 2443 5402 sermonum
2477 5345 2655 5383 eorum
2711 5331 2763 5384 in
2796 5331 3090 5402 segregatis
3142 5331 3322 5402 populi
3349 5332 3386 5384 li
3399 5360 3418 5372 -

1808 5403 1932 5464 bris,
1951 5399 2016 5454 ut
2043 5401 2108 5453 sit
2136 5399 2203 5474 ad
2231 5399 2530 5474 memoriam
2560 5403 2755 5474 populo
2778 5399 3186 5474 Spartiatarum.
3211 5399 3411 5456 Exem-

1805 5473 1949 5543 plum
1975 5480 2145 5526 autem
2185 5469 2371 5523 horum
2415 5469 2717 5543 scripsimus
2766 5469 2971 5530 Simoni
3015 5489 3205 5545 magno
3234 5489 3406 5528 sacer-

1802 5545 1932 5598 deti.

1879 5615 2004 5669 Post
2029 5613 2139 5668 haec
2169 5622 2343 5668 autem
2383 5613 2521 5668 misit
2545 5615 2728 5671 Simon
2783 5615 3103 5671 Numenium
3165 5615 3405 5680 Romam,

1803 5686 2070 5761 habentem
2122 5684 2360 5761 clypeum
2404 5702 2620 5741 aureum
2673 5705 2938 5761 magnum,
2968 5687 3142 5761 pondo
3170 5703 3408 5742 aurarum

1804 5760 1964 5822 mille,
1997 5758 2065 5812 ad
2089 5759 2419 5812 statuendam
2445 5773 2559 5812 cum
2606 5763 2675 5816 eis
2721 5758 3034 5817 societatem.
3066 5759 3191 5816 Cum
3234 5773 3409 5814 autem

1806 5830 2032 5887 audisset
2070 5830 2295 5902 populus
2331 5828 2599 5886 Romanus
3411 5857 3413 5859 ί
