3918 6192
155 124 250 180 501

1326 110 1534 170 LIBER
1574 109 1616 168 ll
1656 109 2230 170 MACIIABEORUM.

3336 119 3448 175 50‘!

153 239 442 301 (iazaram,
465 244 507 289 et
525 249 705 299 arcem,
735 247 851 302 qua:
871 239 944 285 cst
971 232 1020 284 in
1053 228 1158 301 [AL
1191 237 1293 284 Iac.
1317 227 1393 299 in]
1415 226 1732 293 Jerusalem,
1766 232 1814 290 Α
1844 243 1956 282 ecce
1983 229 2239 306 exercitus
2261 230 2498 301 copiosus
2520 232 2571 284 in
2599 231 2801 306 obviam
2827 231 2942 306 illis
2959 231 3210 306 peditum,
3229 244 3273 289 et
3301 241 3443 306 equi-

147 312 393 363 ririsates
420 307 695 376 regnimei.
861 375 868 376 ί
1049 372 1061 376 Α
1119 372 1199 376 __
1297 371 1306 376 _
1414 359 1416 361 .

231 380 393 434 Fines
433 371 597 432 earum
626 375 927 437 desolastis,
957 383 1004 427 et
1035 372 1224 442 fecistis
1255 371 1462 442 plagam
1495 387 1738 442 magnam

149 455 203 506 in
252 461 412 518 terra,
445 460 490 504 et
538 447 784 502 dominati
828 446 952 500 estis
995 462 1084 516 per
1116 445 1228 498 loca
1278 445 1439 497 multa
1485 444 1538 496 in
1577 458 1736 515 regno

163 542 283 576 ησσ-

145 541 283 577 νησο-

217 595 378 647 Νιιηε
412 609 528 664 ergo
574 591 766 664 tradite
817 589 1064 664 civitates,
1120 605 1252 664 quas
1301 587 1639 664 occupasti}!
1687 595 1735 639 ει

143 666 330 718 tributa
372 657 597 720 locorum
622 703 637 731 ,
683 663 736 715 in
779 660 965 732 quibus
993 657 1245 712 dominati
1280 660 1401 712 estis
1429 666 1571 711 extra
1601 657 1738 727 ﬁnes,

144 734 524 873 Jl‘g'ifieautem,
557 808 673 860 date
695 821 787 876 pro
819 802 924 856 illis
959 804 1236 875 quingenta
1266 800 1460 876 talenta
1491 800 1726 876 argenti,

148 890 188 932 et
216 872 520 942 eaterminii,
545 872 1112 948 quod'ea‘terminastis,
1135 883 1181 926 et
1215 873 1519 948 tributorum
1551 872 1724 924 civita-

147 963 244 1002 tum
283 951 389 1004 alia
421 943 610 1004 talenta
650 948 934 1018 quingenta
964 963 980 1000 :
1016 947 1094 1000 sin
1133 953 1324 1008 autem,
1353 943 1612 996 veniemus
1639 983 1652 1009 ,
1681 951 1729 998 et

147 1023 540 1092 expugnabimus
561 1037 669 1074 sos.

216 1085 295 1145 ΕΓ
317 1094 445 1148 venit
476 1090 792 1146 Atlienobius
835 1089 1030 1142 amicus
1074 1088 1206 1157 regis
1248 1087 1298 1138 in
1339 1085 1648 1152 Jerusalem,
1680 1094 1726 1139 et

148 1166 488 1237 viditgloriam
520 1162 774 1237 Simonis,
800 1171 846 1214 et
869 1160 1157 1237 claritatem
1181 1159 1233 1210 in
1256 1174 1388 1237 auro
1411 1168 1457 1211 et
1485 1165 1720 1237 argento,

150 1247 187 1286 el
231 1229 535 1305 apparatum
579 1234 848 1305 c0piosum
880 1248 899 1286 .'
949 1242 995 1285 et
1029 1230 1326 1301 obstupuit,
1369 1239 1416 1283 et
1459 1229 1636 1283 retulit
1678 1230 1724 1282 ei

149 1308 279 1361 verba
309 1311 459 1363 renis.

215 1329 279 1433 ἕξ
302 1329 557 1451 :égpfindit
582 1381 630 1433 ei
661 1378 845 1434 Simon
871 1418 886 1441 ,
915 1373 1250 1451 el-_di.rit_ei_:
1285 1370 1466 1442 Neque
1496 1372 1721 1451 alienam

148 1460 323 1504 terram
366 1442 695 1520 sumpsimus,
725 1465 890 1518 neque
913 1448 1088 1521 aliena
1115 1445 1404 1521 detinentus
1433 1459 1457 1521 :_
1490 1443 1580 1521 sed
1612 1442 1720 1521 lite-

147 1525 400 1576 reditatem
439 1514 643 1592 patrum
681 1514 1007 1584 nostrorum,
1041 1532 1157 1586 quae
1187 1517 1380 1586 injuste
1406 1515 1467 1566 ab
1493 1514 1718 1569 inimicis

146 1595 320 1648 nostris
360 1595 527 1664 aliquo
555 1604 784 1663 tempore
814 1599 1169 1664 possessaest.

207 1665 316 1720 .V'os
345 1657 456 1719 vero
497 1657 695 1733 tempus
726 1657 987 1728 habentes,
1013 1660 1332 1712 vindicamus
1355 1657 1712 1712 ha'retlitatem

141 1746 337 1804 patrum
367 1751 670 1792 nostrorum.

207 1808 344 1861 Nam
371 1811 428 1862 de
451 1808 639 1880 Joppe,
672 1817 720 1882 et
750 1804 980 1870 Gazam,
1005 1819 1120 1874 qua:
1148 1801 1462 1882 expostulari,
1497 1800 1598 1871 ipsi
1625 1801 1713 1870 fa-

140 1881 332 1932 ciebant
361 1882 406 1934 in
435 1882 625 1951 papula
655 1880 863 1952 plagam
900 1891 1167 1945 magnam,
1193 1880 1321 1952 etnin
1353 1880 1560 1944 regione
1595 1887 1715 1952 nos-

139 1961 210 2001 tra
241 1969 260 2004 :
292 1941 470 2004 horum
503 1941 691 2004 damus
719 1941 915 2003 talenta
959 1941 1184 2001 centum.
1225 1941 1290 1997 Et
1318 1941 1424 1997 non
1448 1941 1712 2013 respondit

138 2023 176 2072 ei
199 2022 501 2076 .-|thcnobius
527 2023 754 2077 verbum.

207 2092 449 2148 Reversus
483 2105 651 2149 autem
689 2109 818 2166 cum_
834 2091 927 2166 ira
967 2089 1038 2166 ad
1090 2103 1282 2166 regem,
1321 2085 1712 2166 reuuntiavitnei

145 2168 285 2217 verba
315 2167 430 2232 ista,
465 2177 506 2220 et
533 2166 754 2236 gloriam
782 2163 1014 2218 Simonis
1035 2201 1049 2226 ,
1074 2170 1120 2215 et
1149 2160 1384 2213 universa
1411 2172 1530 2227 qum
1559 2158 1705 2222 vidit,

137 2244 178 2286 et
206 2237 365 2290 iratus
391 2247 461 2292 est
489 2254 578 2291 rex
605 2238 682 2289 ira
711 2251 918 2306 nmgna.

198 2307 439 2380 Tryphon
458 2319 625 2362 autem
649 2303 927 2380 fugit'navi
949 2305 1000 2358 in
1029 2303 1367 2380 Uri/iasiada.

199 2373 555 2433 Et'constituit
588 2373 679 2434 res:
703 2373 1040 2432 Cendebwum
1081 2375 1263 2428 ducent
1292 2373 1636 2436 maritimum,
1663 2381 1709 2424 et

133 2451 398 2522 exercitum
425 2453 649 2522 peditum
677 2459 722 2504 et
751 2450 976 2517 equitum
1008 2447 1149 2501 dedit
1175 2447 1274 2499 illi.
1387 2517 1402 2522 _
1472 2515 1482 2522 .
1618 2515 1620 2517 _

199 2520 262 2572 Et
319 2513 572 2577 mandavit
615 2523 698 2576 illi
729 2513 929 2574 movere
960 2530 1131 2572 castra
1166 2524 1344 2570 contra
1376 2515 1561 2586 facient
1601 2513 1705 2567 Ju-

131 2589 251 2643 tltl‘tB
281 2609 300 2645 :
325 2605 372 2647 et
403 2595 660 2649 mandavit
690 2594 734 2646 ei
765 2591 1025 2660 wdiﬁcare
1059 2588 1341 2660 Gedorem,
1375 2599 1420 2641 et
1449 2589 1710 2641 obstruere

131 2677 204 2723 po.
224 2674 300 2714 tas
329 2667 561 2733 civitatis,
597 2676 642 2720 et
673 2663 929 2719 debellare
951 2660 1222 2732 populum.
1252 2659 1362 2713 Rea:
1389 2672 1558 2713 autem
1591 2675 1705 2728 per-

126 2735 426 2805 seuucbatur
450 2737 795 2805 Tryphonem.

194 2803 258 2858 Et
299 2801 859 2875 pervenit'Cendeluvus
887 2804 1152 2858 Jamnianr
1176 2845 1190 2867 ,
1223 2811 1270 2856 et
1303 2801 1452 2872 erepit
1497 2801 1706 2875 irritare

130 2873 188 2940 pl
207 2873 337 2940 bern,
367 2891 412 2932 et
440 2880 740 2933 conculcare
768 2876 1031 2939 Judaram,
1065 2886 1110 2928 et
1140 2875 1400 2943 captivare
1429 2873 1698 2942 papulum,

128 2957 172 2996 et
201 2948 497 3020 interﬁcere,
531 2961 575 3003 et
605 2951 868 3020 wdiﬁcare
896 2947 1169 3003 Gedorem.

1845 309 1972 373 tum,
2002 309 2052 353 et
2072 301 2264 373 ﬂuvius
2288 311 2486 357 torrens
2513 312 2618 356 erat
2650 303 2783 358 inter
2810 305 3033 356 medium
3061 305 3311 373 ipsorum.

1917 370 1984 445 Et
2007 372 2230 445 admovit
2264 381 2432 445 castra
2459 385 2638 428 contra
2676 376 2857 443 faciem
2889 370 3233 445 eorum'ipse,
3264 386 3314 430 et
3346 394 3439 444 po-

1842 443 1999 516 pulus
2027 444 2160 511 ejus,
2194 454 2239 496 et
2284 444 2406 496 vidit
2441 446 2687 516 papulum
2716 445 3058 515 trepidantem
3082 443 3151 499 ad
3181 443 3436 516 transfre-

1841 515 2058 567 tandum
2089 525 2383 580 torrentem,
2413 527 2456 568 et
2481 515 2830 586 transfretarit
2853 518 3048 586 primus
3080 534 3097 572 .'
3123 528 3169 571 et
3199 520 3436 574 viderunt

1839 601 1956 657 eum
1982 586 2098 648 viri,
2133 595 2180 639 et
2210 588 2523 641 transierunt
2554 599 2665 657 post
2692 605 2829 642 eum.

1911 655 1976 710 Et
2007 658 2181 710 divisit
2221 659 2495 726 populum,
2540 655 2586 712 et
2633 661 2829 730 equites
2866 660 2919 712 in
2951 659 3117 712 medio
3157 661 3431 730 peditum:

1835 739 1946 781 erat
1977 739 2151 780 autem
2181 730 2441 796 equitatus
2465 731 2884 784 adversariorum
2916 731 3156 798 copiosus
3187 733 3357 787 nimis.

1907 798 1976 853 Et
2004 799 2423 871 exclamaverunt
2450 803 2613 854 sacris
2641 802 2796 868 tubis,
2838 811 2882 855 et
2915 804 2966 854 in
3009 803 3186 871 fugam
3217 819 3429 858 conver-

1834 886 1924 944 sus
1963 881 2034 944 est
2066 869 2400 944 Cendebtvus,
2447 882 2497 925 et
2545 883 2715 927 castra
2742 877 2858 944 ejus
2888 888 2905 926 :
2937 883 2981 926 el
3011 869 3318 927 ceciderunt
3365 893 3431 930 ea:

1831 943 1904 995 eis
1928 943 2075 997 multi
2105 942 2360 998 vulnerati
2387 959 2404 996 :
2428 945 2623 997 residui
2644 942 2812 998 autem
2831 946 2881 998 in
2910 944 3250 999 munitionem
3279 947 3429 1017 fuge.

1831 1023 1970 1068 runt.

1833 1100 1840 1108 '
1902 1083 2049 1138 Tunc
2079 1086 2374 1141 vulneratus
2403 1099 2475 1143 est
2495 1086 2666 1141 Judas
2693 1091 2855 1158 frater
2893 1085 3119 1139 Joannis
3149 1103 3164 1139 :
3197 1086 3428 1143 Joannes

1827 1165 2000 1230 autem
2027 1158 2289 1230 insecutus
2317 1168 2388 1214 est
2421 1177 2527 1223 eos,
2561 1161 2722 1213 donec
2766 1160 2897 1211 venit
2929 1159 3234 1228 Cedronem,
3268 1177 3423 1230 quam

1827 1227 2101 1294 aediﬁcavit
2125 1245 2143 1282 :

1899 1296 1973 1373 Et
1998 1303 2244 1369 fugerunt
2293 1318 2451 1371 usque
2499 1301 2568 1354 ad
2606 1311 2794 1373 turres,
2843 1316 2958 1368 qute
2987 1311 3135 1354 erant
3180 1301 3240 1373 in
3284 1303 3425 1373 agris

1824 1369 1995 1442 Azoti,
2021 1381 2067 1424 et
2095 1369 2473 1426 succendit'eas
2515 1375 2643 1442 igni.
2672 1372 2739 1425 Et
2767 1373 3064 1424 ceciderunt
3090 1387 3152 1425 ea:
3182 1372 3289 1426 illis
3315 1369 3420 1425 duo

1824 1441 1989 1494 millia
2009 1443 2259 1510 virorum,
2283 1453 2330 1497 et
2357 1441 2587 1498 reversus
2609 1453 2682 1497 est
2711 1444 2764 1496 in
2787 1442 3029 1496 Judrvam
3053 1444 3104 1494 in
3128 1460 3270 1511 pace.

1895 1512 1963 1564 Et
1994 1511 2304 1584 Ptolemreus
2344 1515 2482 1584 ﬁlius
2511 1514 2676 1567 Abobi
2721 1515 3033 1568 constitutus
3077 1523 3184 1567 erat
3221 1517 3326 1568 dua:
3363 1514 3417 1567 in

1823 1597 2003 1653 campo
2057 1582 2306 1650 Iericho,
2345 1582 2408 1640 'et
2461 1586 2680 1640 habebat
2746 1595 3057 1656 argentum,
3109 1593 3158 1638 et
3228 1601 3411 1639 aurum

1745 1636 1791 1697 Β
1819 1636 2036 1708 mullum

1890 1724 2021 1797 Erat
2047 1729 2178 1780 enim
2217 1743 2369 1797 gener
2393 1729 2583 1781 summi
2611 1727 2915 1781 sacerdotis.

1891 1795 1956 1850 Et
1987 1795 2270 1872 exaltatum
2301 1810 2371 1854 es!
2400 1816 2487 1854 cor
2517 1801 2652 1872 ejus,
2684 1810 2729 1852 et
2760 1799 2960 1872 voltbat
2990 1796 3218 1852 obtinere
3246 1800 3414 1872 regio-

1817 1884 1962 1936 nem,
1994 1879 2039 1923 et
2069 1870 2325 1940 cogitabat
2368 1873 2548 1924 dolum
2579 1871 2824 1924 adversus
2859 1871 3159 1938 Simonem,
3189 1879 3233 1923 et
3277 1870 3414 1940 ﬁlios

1815 1943 1950 2010 ejus,
1979 1951 2045 2008 ,ut
2075 1941 2272 1996 tolleret
2305 1960 2411 1997 cos.

1887 2011 2071 2066 Simon
2109 2021 2277 2068 autem
2297 2059 2311 2079 ,
2350 2015 2714 2079 perambulans
2743 2014 2969 2068 civitates
2989 2055 3001 2077 ,
3033 2029 3150 2080 qua:
3185 2024 3328 2067 erant
3359 2014 3412 2068 in

1814 2082 2254 2155 regioneludtete,
2281 2097 2329 2138 et
2357 2087 2959 2155 sollicitudinemgerens
2981 2100 3182 2147 earum,
3201 2084 3416 2137 descen-

1814 2154 1887 2206 dit
1916 2155 1966 2207 in
1988 2152 2204 2210 Jericho
2232 2156 2360 2226 ipse,
2385 2168 2430 2209 et
2457 2152 2950 2223 Mat/iathias'ﬁlius
2982 2157 3115 2226 ejus,
3141 2165 3187 2207 et
3217 2157 3407 2221 Judas,

1811 2242 1952 2279 anno
1979 2228 2256 2281 centesimo
2284 2229 2664 2296 septuagesimo
2710 2227 2948 2295 septimo,
2988 2242 3160 2279 mense
3192 2228 3409 2280 undeci-

1813 2312 1895 2348 mo
1919 2312 1937 2349 :
1964 2298 2046 2348 hic
2072 2306 2146 2351 est
2177 2299 2367 2350 mensis
2393 2298 2612 2351 Sabuth.

1883 2365 1951 2420 Et
1977 2369 2199 2436 suscepit
2227 2385 2315 2422 eos
2345 2367 2487 2438 ﬁlius
2516 2367 2676 2421 Abobi
2709 2368 2761 2419 in
2805 2365 3264 2431 munitiunculam,
3293 2382 3408 2438 qua:

1814 2447 2026 2491 vocatur
2056 2438 2238 2504 Doch,
2293 2437 2412 2492 cum
2438 2439 2580 2504 dolo,
2627 2455 2782 2508 quam
2827 2437 3147 2504 a’di/icarit:
3189 2444 3236 2489 et
3287 2437 3406 2504 fecit

1818 2511 2196 2582 eisiconvivium
2224 2527 2484 2582 magnum,
2518 2521 2568 2565 et
2593 2509 2860 2582 abscondit
2888 2509 2994 2582 illic
3017 2508 3171 2561 riros.

1887 2581 1950 2634 Et
1973 2599 2087 2634 cum
2119 2578 2400 2636 inebriatus
2435 2593 2564 2636 esset
2609 2581 2790 2636 Simon
2820 2590 2867 2634 et
2891 2580 2988 2648 ﬁlii
3015 2583 3150 2650 ejus,
3184 2578 3404 2632 surrexit

1812 2651 2124 2708 Ptolemreus
2154 2670 2271 2706 cum
2297 2655 2427 2717 suis,
2453 2664 2500 2706 et
2545 2662 2874 2723 sumpserunt
2903 2667 3048 2704 arma
3079 2667 3193 2712 sua,
3247 2650 3404 2723 etin-

1808 2733 2072 2780 traverunt
2115 2726 2168 2780 in
2209 2727 2494 2779 convivium
2519 2767 2534 2792 ,
2584 2733 2634 2778 et
2663 2720 2972 2776 occiderunt
3003 2737 3150 2790 eum,
3183 2730 3227 2774 et
3273 2720 3403 2774 duos

1806 2795 1946 2868 ﬁlios
1977 2799 2110 2868 ejus,
2144 2806 2192 2849 ct
2221 2798 2475 2866 quosdam
2506 2811 2694 2866 pueros
2730 2798 2864 2868 ejus.

1879 2866 1946 2918 Et
1975 2861 2093 2935 {Ecit
2115 2861 2464 2938 deceptionem
2495 2861 2816 2936 inagnamin
2849 2863 3018 2919 Israel
3042 2905 3057 2933 ,
3100 2871 3147 2916 et
3174 2861 3405 2917 reddidit

1804 2938 1946 3010 mala
1972 2956 2065 3010 pro
2100 2940 2266 3010 bonis.

198 3017 262 3070 Et
297 3005 558 3076 collocavit
586 3022 693 3076 illic
711 3005 913 3090 'equites
939 3059 952 3084 ,
981 3027 1028 3072 et
1058 3016 1393 3090 exercitum:
1424 3024 1478 3090 ut
1519 3022 1708 3085 egressi
1734 3025 1780 3086 ο
1850 3081 1860 3090 _
1885 3008 1955 3062 Et
1972 3005 2191 3090 scripsit
2205 3009 2323 3090 haec
2351 3009 2683 3090 Ptolemaeus,
2715 3009 2927 3090 et‘misit
2951 3007 3077 3088 regi,
3103 3015 3155 3088 ut
3184 3005 3404 3090 mitteret

127 3092 525 3154 permnbalarent
557 3095 690 3148 viam
715 3088 937 3156 ludicre,
964 3090 1094 3143 sicut
1117 3088 1384 3142 conszituit
1412 3089 1457 3141 ei
1487 3103 1598 3142 rex.

727 3274 953 3332 CAPUT
983 3274 1123 3331 XVI.

194 3427 256 3482 Et
283 3433 508 3486 ascendit
537 3430 767 3486 Joannes
792 3433 853 3486 de
879 3431 1120 3497 Gazaris,
1154 3440 1202 3486 et
1225 3433 1478 3486 nuntiavit
1503 3433 1707 3490 Simoni

137 3502 255 3574 patri
282 3519 396 3570 suo,
435 3521 550 3572 quae
575 3506 695 3574 fecit
726 3502 1037 3560 Cendebazus
1064 3504 1118 3556 in
1149 3503 1342 3574 populo
1380 3505 1632 3574 ipsorum.

197 3570 258 3624 Et
303 3570 493 3630 vocavit
533 3570 715 3632 Simon
747 3576 878 3630 duos
908 3575 1047 3644 ﬁlios
1093 3570 1343 3643 seniores,
1389 3570 1608 3640 Jutlam,
1660 3588 1708 3634 et

136 3637 392 3717 Joannem,
439 3656 487 3700 et
539 3649 611 3701 ait
651 3646 757 3700 illis
789 3665 807 3701 :
835 3637 969 3717 Ego,
1001 3656 1050 3702 et
1081 3647 1268 3711 fratres
1295 3637 1415 3713 mei,
1448 3659 1494 3702 et
1521 3637 1705 3704 domus

138 3716 279 3778 putris
310 3720 403 3773 mei
431 3720 841 3789 expugnavimus
868 3716 1035 3773 hostes
1063 3717 1233 3773 Israel
1270 3719 1332 3772 ab
1363 3720 1704 3776 adolescentia

139 3798 276 3853 usque
317 3790 366 3843 in
408 3790 546 3844 [tunc
577 3791 711 3843 diem
745 3805 763 3842 :
794 3799 840 3844 et
883 3800 1241 3860 prosperatum
1269 3801 1344 3846 est
1375 3792 1428 3844 in
1467 3792 1704 3845 manibus

143 3860 306 3930 nostris
335 3861 551 3916 liberare
578 3860 749 3915 Israel
783 3863 1073 3930 aliquoties.

204 3929 346 3985 Nunc
371 3944 544 3987 autem
589 3935 734 3987 senui
761 3950 778 3986 :
817 3929 909 3986 sed
939 3940 1096 3986 estote
1129 3931 1241 3986 loco
1267 3946 1399 3998 meo,
1430 3940 1478 3987 et
1516 3933 1703 4001 fratres

149 4001 245 4064 mei,
273 4012 313 4078 et
359 4005 577 4078 egressi,
600 4013 826 4078 pugnate
865 4019 962 4075 pro
1011 4014 1160 4075 gente
1199 4012 1375 4059 nostra
1402 4021 1420 4059 :
1448 4006 1704 4060 auxilium

150 4086 241 4124 vero
261 4075 319 4129 de
344 4075 467 4131 caelo
497 4075 756 4130 vobiscum
777 4076 864 4129 sit.

209 4143 262 4197 Et
288 4148 430 4218 elegit
450 4149 514 4201 de
538 4148 747 4217 regione
773 4147 952 4217 viginti
982 4147 1151 4202 millia
1180 4147 1405 4220 virorum
1433 4146 1704 4220 belligera-

156 4223 308 4291 tfnum,
336 4215 382 4273 et
409 4215 613 4291 equites
635 4235 655 4273 :
684 4229 732 4274 et
764 4215 986 4291 profecti
1015 4229 1137 4276 sunt
1161 4217 1230 4272 ad
1252 4215 1589 4275 Cendebwum
1614 4236 1630 4274 :
1659 4229 1705 4275 et

157 4286 426 4344 dormierunt
448 4286 511 4344 in
536 4289 742 4344 Modin.

214 4356 265 4411 Et
307 4371 636 4418 surrexerunt
679 4378 849 4430 mane,
898 4373 945 4418 et
975 4363 1210 4420 abierunt
1251 4363 1307 4418 in
1338 4380 1578 4437 campum
1610 4383 1627 4420 .°
1657 4374 1704 4420 et

1813 3081 1860 3134 ei
1886 3083 2170 3136 exercitum
2197 3081 2250 3135 in
2281 3083 2560 3146 auxilium,
2591 3090 2637 3135 et
2670 3079 2894 3134 traderet
2935 3079 2981 3132 ei
3025 3078 3306 3150 regionem,
3355 3086 3404 3130 et

1813 3151 2042 3207 civitates
2070 3169 2270 3218 eorum,
2304 3165 2353 3208 et
2379 3153 2616 3207 tributa.

1885 3223 1951 3276 Et
1984 3225 2119 3278 misit
2145 3225 2276 3278 alios
2307 3225 2360 3278 in
2391 3223 2654 3278 Gazaram
2684 3221 2865 3277 tollere
2891 3221 3146 3277 Joannem
3175 3235 3190 3272 :
3224 3229 3273 3273 et
3304 3220 3370 3273 tri
3381 3251 3400 3264 -

1811 3295 1960 3350 bunis
1988 3296 2125 3351 misit
2153 3296 2422 3366 epistolas,
2451 3306 2504 3350 ut
2529 3295 2755 3350 venirent
2786 3294 2855 3347 ad
2881 3311 2954 3363 se,
2984 3303 3030 3348 et
3060 3292 3206 3345 daret
3229 3291 3300 3346 eis
3317 3308 3406 3345 ar-

1807 3376 2038 3440 gen_tum,
2067 3377 2118 3422 et
2138 3384 2342 3434 aurum,
2377 3378 2423 3422 et
2453 3369 2609 3420 dona.

1882 3437 1949 3492 Et
1999 3441 2133 3494 alios
2192 3441 2329 3494 misit
2387 3455 2642 3504 occupare
2693 3436 3020 3506 Jerusalem,
3081 3445 3127 3491 et
3177 3446 3402 3490 montem

1809 3511 2006 3580 templi.

1881 3578 1948 3637 Et
1969 3600 2292 3653 pra'currens
2320 3583 2554 3653 quidam,
2584 3581 2839 3636 nuntiavit
2859 3579 3055 3635 Joanni
3085 3581 3137 3653 in
3167 3578 3402 3643 Gazam,

1807 3654 1927 3723 quia
1953 3652 2103 3723 periit
2136 3667 2280 3724 pater
2308 3652 2442 3726 ejus,
2467 3666 2513 3708 et
2548 3655 2734 3722 fratres
2775 3655 2916 3724 ejus,
2958 3663 3006 3705 et
3045 3652 3164 3717 quia
3194 3652 3330 3704 misit
3359 3661 3404 3704 te

1805 3742 2006 3796 quoque
2039 3727 2284 3796 interﬁci.
2655 3762 2662 3771 -

1883 3797 1950 3852 Ut
1985 3795 2182 3850 audivit
2223 3808 2411 3865 autem,
2445 3796 2762 3850 vehementer
2796 3795 2998 3863 expavit
3030 3809 3048 3848 :
3093 3805 3139 3848 et
3167 3809 3404 3863 compre-

1807 3868 1983 3920 hendit
2014 3869 2171 3934 uiros,
2195 3871 2282 3937 qui
2308 3879 2549 3923 verterant
2581 3867 2792 3935 perdere
2821 3882 2958 3929 ettttt,
2988 3875 3037 3920 et
3067 3867 3252 3919 occidit
3280 3882 3365 3920 eos
3389 3882 3409 3920 :

1806 3940 2040 4009 cbgnorit
2071 3940 2206 3993 enim
2228 3941 2356 4010 quia
2376 3941 2671 4010 quwrtbant
2697 3954 2813 3992 eum
2846 3937 3079 4010 perdere.

1879 4010 1946 4063 bit
1977 4020 2164 4064 cwtera
2193 4008 2490 4065 sermonum
2531 4011 2784 4074 Ioannis,
2829 4019 2876 4062 et
2906 4008 3155 4064 bellorum
3191 4011 3320 4080 ejus,
3359 4018 3410 4062 rt

1807 4081 2060 4136 bonarum
2090 4083 2358 4149 virtutum,
2413 4082 2597 4154 quibus
2644 4082 2846 4153 fortiter
2890 4083 3068 4152 gessit,
3108 4091 3154 4134 et
3198 4080 3408 4150 a'diﬁeii

1805 4168 2096 4225 murorum,
2131 4171 2256 4225 quos
2278 4156 2556 4222 exstruxit,
2581 4165 2630 4210 et
2659 4170 2831 4208 rerum
2859 4164 3116 4223 gestarum
3143 4155 3258 4223 ejus
3282 4168 3300 4203 :

1877 4224 2016 4279 Ecce
2041 4222 2151 4280 haec
2181 4227 2376 4296 scripta
2416 4237 2539 4281 sunt
2591 4228 2643 4279 in
2693 4225 2824 4279 libro
2862 4222 3081 4296 "dierum
3129 4222 3402 4275 sacerdotii

1807 4298 1946 4368 ejus,
1979 4313 2042 4351 ea:
2065 4315 2168 4368 quo
2200 4295 2366 4369 factus
2404 4298 2476 4353 est
2517 4299 2758 4367 princeps
2791 4295 3120 4349 sacerdotum
3160 4303 3270 4362 post
3308 4308 3404 4361 pa-

1810 4378 1938 4422 trem
1963 4385 2134 4424 suum.

162 4497 2994 4529 MM

1045 4613 1526 4722 LIBER
1608 4616 1793 4725 SE
1808 4620 1898 4724 Ο
1919 4619 2229 4727 UND
2255 4621 2459 4730 US.

632 4885 862 4947 CAPUT
892 4887 1182 4946 PRIMUM.

231 5022 488 5093 Fratribus,
520 5030 614 5098 qui
634 5037 755 5082 sunt
775 5044 866 5100 per
895 5022 1470 5100 /Eggptum,Juda‘is,
1497 5027 1717 5100 salutem

176 5091 310 5171 (licunt
332 5091 543 5167 fratres,
571 5100 661 5168 qui
688 5091 806 5152 sunt
833 5100 887 5171 in
915 5091 1286 5170 Jerosolgmis,
1310 5110 1357 5152 et
1387 5091 1494 5171 [ΑΙ.
1513 5107 1618 5154 lac.
1646 5099 1714 5170 etj

173 5160 396 5242 Jutlai,et
422 5171 512 5242 qui
527 5160 606 5242 in"
623 5172 832 5242 regione
851 5169 1074 5236 Juda'tv,
1101 5160 1146 5224 et
1167 5160 1348 5242 pacem
1378 5160 1587 5225 bonam.

236 5235 496 5308 Benefaciat
522 5239 665 5295 vobis
680 5235 867 5307 'Deus,
909 5251 956 5296 et
984 5235 1270 5297 meminerit
1296 5244 1582 5296 testamenti
1608 5244 1713 5306 sui,

181 5310 484 5384 (prodlocutus
507 5321 582 5365 est
604 5313 673 5365 ad
698 5313 808 5384 {AL
835 5323 937 5368 tac.
965 5311 1056 5384 ad]
1083 5313 1366 5383 Abraham,
1390 5323 1437 5368 et
1467 5312 1640 5383 Isaac,
1667 5324 1714 5368 et

181 5380 605 5454 Jacob,servorum
633 5380 846 5438 suorum
867 5380 1103 5454 ﬁdelium
1137 5402 1154 5439 :

241 5449 287 5503 Et
303 5453 369 5524 det
393 5455 531 5506 vobis
556 5470 643 5508 cor
665 5449 927 5522 omnibus,
955 5465 1010 5509 ut
1049 5456 1233 5510 colatis
1261 5473 1399 5521 eum,
1433 5466 1481 5509 et
1513 5456 1722 5524 faciatis

195 5523 271 5598 ejus
291 5522 581 5598 voluntatem
607 5528 761 5580 corde
785 5544 1002 5598 magno,
1033 5536 1082 5580 et
1120 5529 1292 5582 animo
1325 5522 1536 5580 volenti.

247 5594 486 5675 tidaperiat
527 5612 616 5650 cor
644 5594 954 5654 vestrum'in
982 5597 1093 5671 lege
1130 5617 1247 5669 sua,
1292 5609 1338 5655 et
1366 5599 1419 5653 in
1451 5598 1723 5669 prwceptis

201 5667 288 5733 suis,
313 5677 349 5721 et
376 5667 526 5737 faciat
553 5683 752 5739 pacem.

1732 4893 1786 4952 D

1886 4890 2149 4972 Exaudiat
2174 4896 2429 4972 orationes
2471 4904 2712 4972 vestras,
2745 4904 2794 4950 et
2844 4892 3208 4949 reconcilietur
3245 4899 3408 4972 vobis,

1821 4980 1910 5016 nec
1935 4981 2024 5018 vos
2052 4964 2253 5020 deserat
2279 4968 2332 5020 in
2361 4978 2582 5035 tempere
2609 4968 2764 5022 malo.

1993 5053 2127 5089 nunc
2153 5038 2239 5090 hic
2262 5054 2436 5090 sumus
2465 5047 2668 5092 orantes
2692 5055 2789 5109 pro
2815 5035 2976 5090 vobis.

1895 5105 2160 5180 Regnante
2177 5109 2457 5180 Demetrio,
2477 5125 2612 5162 anno
2635 5105 2907 5180 centesimo
2920 5111 3236 5180 sexagesimo
3259 5128 3415 5177 nono,

1820 5194 1910 5232 nos
1937 5176 2112 5230 Jurlwi
2135 5179 2436 5245 scripsimus
2466 5179 2601 5233 vobis
2640 5181 2693 5233 in
2733 5176 3082 5245 tribulatione,
3109 5193 3157 5233 et
3198 5176 3414 5248 impetu,

1818 5249 1904 5318 qui
1930 5248 2218 5317 supervenit
2246 5251 2460 5302 nobisin
2484 5251 2595 5304 istis
2619 5252 2792 5318 annis,
2820 5266 2885 5303 ex
2900 5267 3000 5320 quo
3026 5253 3233 5307 recessit
3252 5248 3417 5309 Jason

1818 5338 1848 5372 a
1872 5328 2049 5391 sancta
2078 5330 2214 5371 terra
2234 5360 2248 5380 ,
2279 5329 2323 5373 et
2353 5337 2384 5391 tt
2412 5337 2588 5391 regno.

1894 5389 2112 5442 Portam
2141 5389 2540 5465 succenderunt,
2559 5401 2604 5465 et
2632 5391 3242 5465 eﬂ'uderuntsanguinem
3265 5397 3421 5452 inno-

1823 5469 2062 5535 €071“?!th
2094 5469 2138 5512 et
2161 5463 2422 5535 oravimus
2454 5463 2522 5515 ad
2547 5462 2851 5531 Dominum,
2887 5475 2932 5517 et
2953 5462 3186 5519 exauditi
3215 5485 3416 5535 sumus,

1824 5542 1869 5585 et
1899 5531 2176 5606 obtulimus
2201 5533 2538 5598 sacriﬁcium,
2595 5544 2644 5587 et
2671 5536 3038 5606 similaginem,
3091 5547 3137 5592 et
3181 5531 3423 5594 accendi;

1828 5619 1945 5676 mus
1975 5603 2228 5676 lucernas,
2260 5614 2305 5655 et
2333 5606 2700 5674 proposuimus
2726 5603 2905 5676 panes.

1897 5671 1967 5728 Et
1993 5689 2130 5729 nunc
2160 5671 2478 5745 frequentate
2507 5677 2613 5734 dies
2627 5671 2959 5751 Scenopegia:
2987 5682 3178 5738 mensis
3210 5680 3415 5738 Casteu.
