3918 6192
135 237 224 292 505
1250 235 1450 292 LIBER
1489 235 1532 291 11
1572 235 1651 292 MA

1788 237 2150 296 \BlEORUM.

3249 241 3354 299 506

131 365 279 430 erant,
303 357 677 430 restituerentur,
717 352 939 406 Domino
963 370 1075 406 cum
1101 357 1239 408 omni
1272 355 1647 424 tranquillitate
1678 358 1725 414 Α
1756 354 2052 411 tlinaturus.
2095 356 2217 410 Non
2254 357 2457 412 ntodica
2489 373 2604 412 vero
2634 374 2725 430 per
2771 359 3059 412 universam
3092 356 3351 412 ciuitatem

138 429 342 495 propitio
361 429 481 494 facto
499 427 614 478 illis.

198 493 404 569 Itemque
427 495 677 550 ablasoue
697 493 944 569 Cyrenaeo
973 498 1199 568 quinque
1244 498 1385 552 libris
1417 514 1526 551 com
1536 513 1653 567 prc-

126 569 267 624 hensa
285 568 552 623 tentavitnus
578 584 666 620 nos
697 583 797 620 uno
823 568 1080 622 columine
1107 571 1349 622 breuiare.

187 640 535 694 Considerantes
575 639 707 692 enim
749 641 1127 693 multitudinem
1168 641 1418 693 librorunt
1447 649 1491 692 et
1524 640 1655 710 diffi-

124 711 330 764 cultatem
377 710 640 782 volentibus
688 712 898 782 aggredi
953 714 1277 765 narrationes
1320 713 1654 766 historiarum

123 791 297 852 propter
323 781 678 835 multitudinem
709 781 902 846 rerum,

179 852 447 926 Curavimus
471 854 742 926 rolentibus
795 855 1002 921 quidem
1034 855 1217 926 legere,
1252 865 1307 908 ut
1334 865 1462 909 esset
1493 856 1653 908 animi

118 922 386 978 oblectatio:
423 925 658 978 studiosis
707 941 842 989 uero,
903 922 1112 995 facilius
1159 929 1356 992 possint
1395 927 1654 980 memoria:

118 996 427 1069 commendare
456 1013 472 1049 :
502 997 732 1050 omnibus
771 1007 944 1051 autem
988 998 1274 1069 legentibus
1304 999 1499 1052 utilitas
1531 1015 1654 1052 con-

118 1067 296 1135 feratur.

172 1135 228 1188 Et
253 1136 382 1192 nobis
409 1140 610 1208 quidem
639 1139 785 1206 ipsis,
815 1142 902 1210 qui
933 1142 1027 1194 hoc
1057 1157 1188 1210 Opus
1206 1141 1466 1196 breviantli
1494 1158 1652 1194 causa

115 1211 402 1283 suscepimus.
431 1227 526 1283 non
551 1211 757 1278 facilem
785 1214 1032 1271 laborem.
1059 1215 1214 1267 immo
1245 1230 1362 1267 vero
1394 1215 1651 1283 negotium

114 1279 284 1355 plenum
313 1282 615 1355 vigiliarum,
641 1293 687 1336 et
718 1284 925 1336 sudoris
956 1286 1351 1355 assumpsimus.

169 1352 382 1428 Sicutlti,
410 1353 495 1428 qui
518 1367 812 1423 pra’parant
836 1352 1142 1428 convicium,
1174 1370 1221 1410 et
1245 1367 1485 1428 quaerunt
1516 1357 1652 1410 alio-

112 1436 201 1499 rum
229 1422 465 1499 rolu‘ntati
493 1422 674 1499 parere
726 1438 934 1494 propter
971 1422 1266 1482 multorum'
1297 1433 1541 1499 gratiam,
1582 1431 1650 1482 li-

113 1491 251 1544 benter
275 1495 483 1548 laborem
495 1491 835 1553 sustinemus.

113 1632 122 1643 .
173 1562 416 1644 feritatem
434 1568 635 1644 quidem
648 1568 710 1619 de
732 1570 949 1644 singulis
968 1581 1133 1624 aucto.
1155 1573 1267 1625 ibus
1291 1573 1647 1639 concedentes,

109 1641 185 1710 ipsi
225 1647 379 1689 autem
434 1641 714 1692 secundum
759 1641 933 1694 datam
993 1651 1214 1710 formam
1263 1644 1495 1697 brevitati
1540 1655 1649 1698 stu-

107 1705 260 1761 dentes.

163 1778 287 1832 Sicut
313 1781 438 1834 enim
469 1797 614 1836 nocte
636 1783 821 1837 domus
846 1788 1122 1839 architecto
1155 1788 1220 1840 de
1247 1789 1477 1841 universa
1507 1797 1646 1842 strn-

106 1856 221 1929 ctura
243 1855 516 1929 curandum
563 1865 637 1907 est
663 1871 680 1908 :
706 1858 750 1908 ei
774 1872 913 1919 vero,
960 1860 1046 1924 qui
1083 1861 1296 1929 pingere
1333 1870 1498 1920 curat,
1535 1876 1649 1927 qua:

102 1926 200 1996 apta
225 1935 329 1976 sunt
353 1926 419 1976 ad
445 1937 709 1994 ornatum,
739 1930 1049 1996 exquirenda
1082 1926 1196 1983 sunt
1233 1947 1250 1984 :
1291 1932 1360 1984 ita
1390 1926 1647 1985 a‘stimttn-

103 1989 198 2073 ἄειρε
220 2004 284 2046 est
308 2005 350 2048 et
371 1999 419 2049 in
447 1997 620 2052 nobis.

156 2059 328 2144 Etenim
353 2069 672 2144 intellectum
711 2070 974 2144 colligere,
1004 2081 1050 2126 et
1082 2075 1324 2128 ordinare
1341 2092 1644 2139 sermonem,

100 2139 134 2210 et
151 2137 374 2218 curiosius
410 2152 587 2208 partes
612 2137 856 2218 singulas
878 2137 1111 2215 quasque
1148 2149 1454 2218 disquirere,
1487 2137 1648 2202 histo-V-

99 2215 394 2280 rueﬁcongruit
413 2213 645 2266 auctori.

153 2271 422 2354 Brecitatem
474 2301 595 2338 rcro
639 2285 882 2340 dictionis
931 2290 1152 2354 sectari,
1204 2301 1248 2343 et
1300 2291 1650 2345 cxsecutioncs

96 2359 231 2428 rerum
257 2352 423 2418 citare,
456 2357 712 2411 brevianti
734 2359 1117 2412 concedemlum
1140 2352 1253 2416 est.

157 2417 272 2472 Iliuc
300 2417 418 2500 ergo
445 2430 804 2484 narrationem
834 2432 1133 2496 incipiemus
1161 2450 1178 2486 .·
1227 2435 1288 2486 de
1338 2432 1652 2500 l’rtcfatione

101 2496 472 2568 tantumdirisse
497 2502 716 2568 sufficiat
741 2517 758 2554 :
779 2503 994 2554 stultum
1030 2505 1213 2557 etenim
1242 2517 1313 2558 est
1343 2496 1464 2558 ante
1489 2505 1651 2558 histo-

99 2567 201 2614 riam
226 2567 444 2640 effluere,
473 2571 532 2624 in
560 2567 675 2641 ipsa
702 2583 870 2625 autem
901 2574 1118 2628 historia
1143 2577 1396 2648 succingi.

667 2685 892 2742 CAPUT
949 2685 1038 2742 Ill.

149 2771 291 2853 Igitur
311 2795 418 2831 cum
449 2790 641 2834 sancta
687 2781 862 2836 civitas
893 2782 1211 2836 habitaretur
1259 2784 1311 2838 in
1337 2785 1474 2838 omni
1504 2802 1649 2853 pace,

91 2841 201 2927 leges.
217 2849 572 2927 etiamad/suc
604 2855 791 2919 optime
839 2853 1232 2927 custodirentur,
1267 2865 1474 2926 prOpter
1503 2841 1652 2910 Unice

89 2918 303 2998 pontiﬁcis
328 2925 603 2998 pietatem,
630 2918 678 2998 et
709 2927 907 2977 animos
933 2926 1052 2977 odio
1083 2918 1322 2979 habentes
1349 2918 1506 2989 mala,

143 2985 336 3065 Fiebat;
359 3004 408 3044 ut
451 3005 506 3047 et
537 2985 637 3061 ipsi
669 3012 827 3064 reges,
862 3007 908 3049 et
939 2998 1196 3065 principes
1257 2999 1423 3050 locum
1453 2985 1652 3053 summo

85 3055 242 3136 honore
262 3064 472 3132 dignum
513 3055 780 3130 ducerent,
809 3055 855 3121 et
885 3055 1128 3136 templum
1161 3069 1399 3122 maximis
1427 3073 1652 3124 muneri-

85 3128 155 3181 bus
181 3128 502 3190 illustrarent
535 3155 553 3191 :

141 3200 210 3255 Ita
239 3218 286 3258 ut
321 3209 578 3264 Seleucus
629 3211 763 3264 Asia!
798 3228 888 3264 rex
935 3213 998 3265 de
1049 3211 1338 3266 redditibus
1367 3213 1473 3266 suis
1520 3230 1652 3276 pra:-

81 3281 208 3355 staret
247 3294 412 3335 omnes
475 3292 718 3351 sumptus
769 3285 836 3335 ad
892 3285 1230 3337 ministerium
1278 3285 1652 3352 sacrificiorum

83 3357 374 3409 pertinentes.

137 3417 298 3499 Simon
324 3435 506 3478 autent
541 3425 607 3478 de
637 3425 772 3499 tribu
809 3425 1084 3499 Benjamin
1134 3427 1441 3497 prtepositus
1475 3428 1653 3495 templi

81 3493 370 3570 constitutus,
414 3496 816 3570 contendebat,
860 3493 1144 3551 ob'sisfente'
1174 3493 1271 3550 sibi
1301 3499 1534 3570 principe
1561 3493 1653 3553 sa-

79 3562 321 3639 ίθνέθινηι.
351 3568 597 3638 iniquum
617 3569 818 3639 aliquid
847 3570 898 3621 itt
925 3572 1128 3622 civitate
1150 3562 1339 3622 mol'ri.

109 3630 361 3712 .Sed_e_um
386 3630 596 3693 vincere
622 3630 808 3694 Oniam
834 3657 934 3693 non
962 3650 1150 3712 posset,
1173 3641 1304 3694 renit
1333 3641 1403 3693 ad
1435 3642 1650 3712 Apollo-

77 3705 191 3784 nium
218 3705 478 3784 Tharsceaz
511 3712 705 3784 filium,
753 3714 842 3782 qui
871 3729 929 3766 eo
956 3705 1181 3784 tempore
1226 3722 1332 3765 erat
1358 3705 1654 3766 dux-Coele-

78 3781 220 3840 8yrt'tr,
251 3789 293 3830 et
327 3781 604 3836 Phoenicis
637 3799 654 3835 :

131 3844 471 3908 Etnuntiauit
526 3855 595 3914 ei.
653 3856 883 3924 pecuniis
935 3853 1394 3908 innumerabilibus
1444 3853 1653 3922 plenum

76 3931 159 3970 esse
182 3925 418 3978 wrarium
447 3924 826 3996 Jerosolgmis,
855 3936 901 3980 et
926 3942 1218 3979 communes
1240 3926 1412 3989 capias
1441 3926 1654 3978 immen-

74 4002 142 4041 sas
164 4007 281 4056 esse,
302 4012 417 4063 qua:
447 4013 557 4050 non
591 3999 844 4063 pertinent
872 3999 939 4051 ad
965 3999 1219 4050 rationem
1247 3998 1618 4065 sacrificiorum
1636 4010 1654 4047 .·

72 4074 164 4140 esse
183 4075 342 4119 autem
372 4068 628 4135 possibile
649 4070 743 4122 sub
767 4078 1016 4140 potestate
1039 4069 1174 4135 regis
1197 4069 1380 4140 cadere
1402 4067 1652 4140 universa.

131 4131 344 4212 Cumque
371 4131 728 4212 retulissetad
757 4131 924 4212 regem
956 4131 1283 4212 Apollonius,
1318 4139 1379 4190 de
1403 4139 1652 4212 pecuniis,

72 4216 167 4268 (μίαν
190 4209 373 4264 delata:
405 4220 581 4272 erant,
615 4209 704 4264 ille
749 4209 968 4265 accitum
1005 4209 1367 4274 Heliodorum,
1424 4211 1511 4277 qui
1543 4220 1654 4264 erat

72 4289 199 4344 Iuper
222 4283 431 4360 negotia
462 4285 600 4351 ejus,
633 4283 770 4337 misit
800 4300 915 4336 cum
945 4282 1220 4346 mandatis,
1272 4291 1326 4334 ut
1351 4283 1653 4350 praedictam

74 4361 319 4419 pecuniam
349 4363 757 4419 transportarct.

127 4417 413 4496 Statimque
439 4417 764 4496 Heliodorus
794 4427 888 4480 iter
916 4435 989 4481 est
1015 4442 1308 4495 aggressus,
1347 4425 1515 4490 specie
1539 4425 1656 4494 qui-

72 4487 166 4591 dem
192 4487 336 4559 quasi
363 4514 459 4568 per
491 4495 846 4566 Ctelesgriam,
891 4509 936 4552 et
971 4487 1246 4580 Ph'ae'nicen
1276 4487 1501 4578 ciuitates
1530 4487 1654 4591 e'siret
1681 4527 1733 4591 D

73 4575 325 4634 Peragratu
334 4586 428 4624 rus
477 4585 497 4622 :

70 4643 246 4691 cturus.

133 4705 234 4785 Sed
261 4726 386 4785 cum
409 4712 626 4785 venisset
657 4709 1058 4784 Jerosolymam,
1083 4722 1127 4765 et
1159 4712 1375 4785 benigne
1394 4729 1424 4765 a
1455 4729 1654 4766 summo

67 4781 338 4853 facerdote,
371 4784 427 4836 in
461 4784 668 4837 civitate
711 4795 837 4837 esset
865 4781 1131 4853 Exceptus,
1176 4781 1400 4837 narravit
1429 4785 1490 4837 de
1531 4785 1652 4837 dato

64 4850 247 4926 iudicio!
271 4856 620 4926 pecuniarum
651 4871 668 4908 :
699 4864 766 4914 et.
809 4859 957 4926 cujus
987 4850 1062 4909 rei
1093 4856 1263 4925 gratia
1288 4857 1504 4920 adesset,
1530 4872 1655 4922 ape-

63 4922 200 4996 ruit:
231 4924 588 4996 interrogabat
613 4937 810 4992 autem,
842 4922 886 4981 si
917 4943 1033 4981 rere
1063 4922 1173 4979 hac
1203 4928 1271 4978 ita
1303 4936 1488 4980 essent.

126 4989 266 5068 Tunc
299 4989 537 5051 summus
565 4989 805 5052 sacerdos
852 4999 1073 5052 ostendit
1101 4998 1331 5067 deposita
1374 5013 1483 5052 esse
1518 4996 1650 5068 lucc,

60 5069 100 5114 et
129 5067 381 5140 uictualia
411 5070 714 5140 viduarum,
733 5079 780 5140 et
811 5069 1150 5140 pupillorum.

128 5135 384 5202 Quendam
416 5156 531 5194 vero
559 5156 669 5194 esse
697 5135 915 5194 llircani
943 5141 1118 5194 Tobia:
1138 5140 1232 5192 riri
1254 5140 1402 5192 valde
1427 5140 1647 5195 eminen-

59 5206 116 5258 lis
138 5249 152 5270 ,
186 5212 238 5264 in
270 5211 359 5265 his
387 5251 402 5273 ,
434 5229 550 5280 quae
597 5213 848 5266 detulerat
889 5213 1075 5284 impius
1132 5211 1316 5266 Simon
1349 5227 1366 5264 :
1422 5213 1655 5284 universa

60 5288 169 5330 aute
189 5298 223 5332 η
267 5285 475 5356 argenti
505 5283 697 5339 talenta
724 5299 834 5340 esse
853 5283 1226 5356 quadringenta
1252 5327 1266 5350 ,
1309 5291 1356 5338 et
1397 5284 1512 5336 auri
1550 5283 1652 5338 du-

61 5363 219 5403 centa.

122 5419 312 5496 Decipi
351 5440 470 5480 vero
500 5443 618 5494 eos,
656 5428 745 5496 qui
777 5427 1110 5482 credidissent
1141 5427 1289 5494 loco,
1341 5438 1388 5480 et
1427 5427 1644 5496 templo,

59 5493 330 5568 quodper
364 5493 937 5552 universum-mundum
973 5493 1282 5563 honoratur,
1319 5514 1414 5568 pro
1443 5493 1538 5552 sui
1564 5493 1647 5552 υεὲ

57 5566 348 5642 uenatione,
376 5576 421 5617 ct
441 5571 706 5642 sanctitate
735 5571 944 5642 omnino
972 5569 1281 5642 impossibile
1301 5566 1429 5624 esse.

123 5637 186 5712 At
227 5636 326 5689 ille
352 5654 445 5712 pro
471 5641 572 5703 his,
602 5658 716 5712 quae
744 5641 959 5696 habebat
986 5636 1052 5694 in
1065 5642 1318 5696 mandatis
1341 5659 1371 5694 a
1399 5655 1533 5711 rege,
1565 5638 1648 5693 di-

58 5705 192 5787 cebat
224 5705 377 5787 omni
410 5725 580 5775 genere
606 5705 712 5787 regi
739 5730 799 5787 ea
828 5730 934 5787 esse
963 5713 1258 5787 deferenda:

121 5776 432 5833 Comtilula
458 5792 625 5840 autem
655 5776 740 5840 die
770 5784 992 5840 intrabat
1021 5776 1083 5839 de
1108 5785 1188 5838 his
1213 5783 1528 5842 Heliodorus
1557 5797 1646 5835 or-

555 4584 729 4622 revera
777 4581 949 4623 autem
979 4570 1111 4641 regis
1139 4570 1458 4640 propositum
1486 4573 1652 4638 perfe-

1757 437 1865 480 erat
1907 429 2207 494 trepidatio.

1832 502 2135 554 Sacerdotes
2181 510 2351 554 autem
2378 509 2498 553 ante
2541 502 2701 555 altare
2730 518 2844 554 cum
2881 501 3026 553 stolis
3058 500 3354 554 sacerdota-

1756 570 1888 624 libus
1908 573 2229 640 jactaveruut
2259 589 2332 636 se,
2369 581 2413 625 et
2441 572 2746 625 im'ocabant
2771 573 2835 625 de
2858 571 2984 626 ca'lo
3014 589 3148 633 cum,
3181 573 3268 639 qui
3292 573 3356 625 de

1755 642 2002 708 depositis
2033 644 2192 714 legem
2219 644 2412 714 posuit,
2439 654 2490 696 ut
2520 645 2620 710 his,
2651 645 2740 714 qui
2763 645 3104 714 deposuerant
3132 660 3212 708 ea,
3244 643 3353 698 sal-

1754 729 1815 766 va
1843 715 2144 767 custodiret.

1823 784 1943 856 lam
1967 803 2081 838 vero
2108 787 2198 856 qui
2222 786 2418 841 ridebat
2445 787 2632 840 summi
2661 785 2942 841 sacerdotis
2964 785 3156 839 uultum
3185 795 3350 840 mente

1753 855 2148 928 uulnerabatur:
2173 862 2330 928 facies
2353 859 2510 922 enim,
2541 868 2587 910 et
2611 858 2751 912 color
2781 859 3087 910 immutatus
3116 856 3351 911 declara-

1755 925 1838 979 bat
1871 929 2122 981 internum
2168 925 2324 983 animi
2357 928 2586 982 dolorem
2615 945 2632 981 :

1827 996 2151 1065 Circumfust
2175 1002 2306 1055 enint
2329 1010 2436 1055 erat
2459 1000 2695 1053 mtestitia
2719 999 2958 1068 qutctlum
2981 1000 3112 1062 viro,
3147 1009 3192 1053 et
3220 998 3350 1052 hor-

1753 1085 1842 1123 ror
1867 1073 2118 1142 corporis,
2157 1090 2246 1140 per
2281 1088 2432 1140 quem
2463 1072 2764 1141 manifestis
2805 1071 3176 1140 aspicientibus
3203 1071 3353 1124 dolor

1754 1141 1929 1194 cordis
1961 1141 2068 1208 ejus
2092 1144 2416 1212 efficiebatur.

1826 1214 1930 1265 Alii
1958 1217 2112 1266 etiam
2135 1215 2382 1284 gregatim
2408 1215 2471 1267 de
2500 1213 2734 1266 domibus
2762 1213 3109 1282 con/luebant,
3147 1212 3351 1280 publica

1753 1284 2129 1356 supplicatione
2157 1287 2506 1351 obsecrantes,
2541 1302 2635 1355 pro
2659 1302 2715 1339 eo
2741 1286 2880 1356 quod
2923 1287 2976 1339 in
3005 1293 3350 1356 contemplans

1754 1353 1902 1408 locus
1925 1368 2053 1410 esset
2085 1368 2349 1411 venturus.

1825 1426 2178 1495 Accinctwque
2218 1430 2456 1482 mulieres
2511 1426 2692 1482 ciliciis
2747 1437 2955 1497 pectus,
3014 1446 3102 1496 per
3153 1427 3352 1498 plateas

1753 1499 2111 1571 confluebant:
2139 1499 2228 1571 sed
2253 1514 2296 1552 et
2319 1501 2560 1571 uirgines,
2594 1516 2709 1569 qute
2732 1500 2983 1552 conclusa:
3011 1510 3176 1564 erant,
3228 1516 3349 1568 pro-

1755 1569 2025 1623 currebant
2052 1571 2119 1623 ad
2156 1569 2345 1625 Oniam
2367 1569 2530 1624 {alite
2568 1582 2740 1624 autem
2777 1571 2845 1624 ad
2875 1586 3084 1624 muros:
3113 1571 3350 1640 quaedam

1755 1656 1872 1712 rero
1901 1657 1990 1708 per
2017 1644 2264 1712 fenestras
2296 1641 2629 1709 aspiciebant.

1830 1710 2090 1766 Universa:
2117 1723 2284 1767 autem
2317 1713 2678 1785 protendentes
2717 1729 2898 1766 manus
2927 1713 2978 1766 in
3012 1713 3194 1766 cmlum
3215 1756 3228 1781 ,
3263 1712 3354 1767 de-

1753 1785 2116 1854 precabantur.

1827 1854 1956 1908 Erat
1987 1857 2122 1910 enim
2152 1858 2338 1910 misera
2365 1857 2644 1910 commisla:
2679 1855 3025 1909 multitudinis
3044 1897 3057 1922 ,
3097 1864 3145 1910 et
3176 1858 3352 1926 magni

1751 1927 2034 1980 sacerdotis
2063 1929 2115 1980 in
2147 1945 2310 1996 agone
2337 1928 2601 1981 constituti
2633 1927 2965 1994 exspectatio.

1826 1996 1893 2050 Et
1929 1999 1983 2051 hi
2022 2000 2224 2061 quidem
2268 2000 2570 2052 invocabant
2612 2000 3008 2068 o.t.nipotentem
3057 1996 3256 2062 Deum,
3294 2006 3348 2053 ut

1752 2070 1948 2122 credita
1976 2071 2070 2124 sibi
2101 2071 2199 2138 his,
2232 2072 2320 2142 qui
2349 2072 2694 2135 crediderant,
2729 2086 2844 2123 cum
2875 2071 3016 2123 omni
3057 2069 3354 2144 integritate

1754 2153 2175 2194 CONSH'i'ﬂt'C‘tUUT
2185 2181 2197 2194 .

1825 2211 2143 2265 Heliodorus
2196 2224 2408 2277 autem,
2476 2213 2616 2274 quod
2675 2213 3004 2277 decreverat,
3053 2213 3348 2282 perficiebat

1753 2283 1930 2336 eodem
1972 2285 2083 2337 loco
2129 2286 2236 2352 ipse
2266 2300 2379 2337 eam
2424 2285 2728 2338 satellitibus
2767 2286 2906 2338 circa
2927 2286 3170 2338 terarium
3215 2301 3349 2355 prte-

1755 2371 1895 2407 88188.

1825 2424 1933 2480 Sed
1958 2426 2168 2497 spiritus
2201 2427 2562 2494 omnipotentis
2594 2425 2685 2479 Dei
2715 2442 2958 2498 magnam
2985 2426 3112 2498 fecit
3131 2441 3241 2478 sure
3264 2443 3348 2479 oso

1755 2499 2000 2552 teusionis
2045 2499 2382 2561 evidzntiam,
2416 2500 2488 2550 ita
2519 2508 2573 2550 ut
2604 2497 2819 2561 omnes,
2870 2497 2961 2566 qui
3001 2497 3115 2549 ausi
3146 2500 3355 2566 fuerant

1755 2585 1934 2636 parere
1965 2571 2032 2634 ei,
2065 2577 2266 2622 ruentes
2289 2569 2380 2620 Ι)οὲ
2411 2570 2612 2632 virtute,
2643 2570 2694 2622 in
2721 2569 3135 2634 dissolutionem,
3165 2579 3209 2622 et
3241 2573 3352 2640 for-

1754 2640 2001 2695 midinem
2031 2651 2457 2695 conrerterentur.

1826 2713 2081 2784 Apparuit
2109 2713 2242 2764 enim
2272 2713 2377 2765 illis
2418 2712 2631 2782 quidam
2662 2728 2822 2784 equus
2851 2711 3127 2784 terribilem
3159 2711 3350 2764 habens

1755 2783 2039 2846 sessorem,
2087 2785 2293 2846 optimis
2324 2785 2650 2853 aperitncntis
2696 2783 2982 2836 adornatus
3008 2798 3027 2836 :
3060 2783 3202 2846 isque
3233 2798 3349 2834 cum

1755 2856 1948 2923 impetu
1993 2855 2278 2908 Heliodoro
2319 2857 2514 2921 priores
2567 2855 2731 2908 calces
2761 2855 2896 2908 elisit
2927 2872 2939 2906 :
2986 2856 3071 2924 qui
3105 2864 3278 2906 autem
3308 2853 3355 2906 ei

1755 2927 1986 2991 sedebat,
2009 2927 2274 2980 videbatur
2299 2943 2442 2980 arma
2473 2926 2658 2979 habere
2679 2942 2860 2978 aurea.

1827 2999 1933 3050 Alii
1980 2999 2132 3051 etiam
2160 3006 2514 3069 apparuerunt
2555 2998 2657 3050 duo
2697 2999 2911 3060 juvenes
2950 2997 3131 3048 virtute
3157 2995 3349 3056 decori,

1759 3071 1937 3139 optimi
1959 3071 2127 3142 gloria
2145 3111 2158 3130 ,
2187 3071 2498 3136 speciOsique
2537 3070 2727 3142 tnuictu
2750 3085 2768 3142 ς
2794 3069 2882 3135 qui
2907 3069 3348 3142 circumsteterunt

1676 3133 1722 3198 C
1757 3133 1902 3204 eam,
1932 3133 1980 3193 ei
2006 3157 2068 3193 ea:
2108 3133 2321 3209 utraque
2352 3133 2496 3211 parte
2535 3133 2904 3210 flagellabant,
2949 3141 3057 3192 sine
3085 3137 3348 3192 intermis-

1757 3211 1901 3264 sione
1927 3213 2097 3264 multis
2127 3213 2293 3280 plagis
2332 3212 2671 3264 rerberantes.

1831 3284 2013 3336 Subito
2049 3293 2220 3335 autem
2259 3282 2574 3336 Heliodorus
2603 3281 2826 3335 concidit
2863 3283 2914 3336 in
2957 3291 3164 3338 terram.
3208 3297 3351 3333 eum-

1756 3369 1852 3426 que
1894 3356 2056 3408 multa
2085 3353 2304 3422 caligine
2331 3355 2702 3421 circumfusum
2744 3362 3027 3426 rapuerunt
3056 3394 3070 3417 ,
3117 3361 3266 3423 atque
3296 3352 3350 3405 in

1758 3424 1886 3477 sella
1917 3426 2196 3493 gestatoria
2229 3429 2450 3494 po.itum
2482 3428 2764 3496 ejeceruut.

1834 3496 1895 3548 lit
1920 3499 1984 3562 is,
2014 3497 2102 3566 qui
2130 3514 2241 3549 cum
2269 3498 2440 3548 multis
2467 3494 2782 3559 cursoribus,
2809 3506 2854 3548 et
2879 3494 3185 3548 satellitibus
3213 3509 3347 3565 prte-

1756 3567 1954 3620 dictum
1995 3569 2253 3634 ἰηςινεδινε
2293 3579 2366 3620 est
2401 3570 2676 3622 a'rarinm.
2711 3567 3036 3637 portabatur,
3079 3566 3224 3620 nullo
3254 3567 3353 3620 sibi

1756 3639 2013 3690 auxilium
2036 3641 2246 3706 ferente,
2284 3639 2553 3705 manifesta
2586 3637 2676 3690 Dei
2703 3641 2912 3707 cognita
2941 3640 3126 3691 virtute
3152 3653 3168 3689 :

1832 3709 1896 3762 Et
1936 3709 2024 3764 ille
2049 3709 2250 3776 quidem
2280 3727 2368 3780 per
2402 3712 2627 3762 divinam
2663 3711 2898 3763 virtutem
2919 3709 3127 3781 jacebat
3153 3717 3355 3778 mutus,

1758 3790 1907 3846 atque
1937 3783 2073 3833 onmi
2098 3799 2186 3849 spe
2217 3796 2261 3834 et
2291 3783 2453 3833 salute
2485 3783 2741 3849 privatus.

1831 3800 1907 3844 pte
1937 3800 2073 3833 omni
2098 3800 2186 3849 t'pe
2217 3800 2261 3834 et
2291 3800 2453 3833 satme
2501 3800 2741 3834 )rtvatus.

1831 3851 1905 3905 Hi
1945 3863 2115 3905 autem
2166 3851 2445 3904 Dominum
2477 3800 2859 3918 benedictbant,
2891 3852 3014 3922 quia
3043 3851 3353 3921 magnifica-

1758 3923 1841 3976 bat
1871 3925 2036 3976 locum
2067 3940 2216 3975 suum
2241 3939 2258 3975 :
2287 3932 2331 3974 et
2357 3925 2635 3989 templum,
2683 3924 2820 3992 quod
2850 3924 3007 3990 paulo
3030 3935 3148 3976 ante
3171 3925 3354 3978 timore

1758 4011 1818 4047 ac
1841 3993 2062 4047 tumultu
2085 4004 2191 4065 erat
2222 3992 2456 4065 plenum,
2480 4005 2757 4065 apparente
2785 3996 3136 4065 omnipotente
3167 3992 3350 4048 Domi-

1759 4083 1848 4121 no.
1869 4065 2061 4132 gaudio
2091 4073 2136 4118 et
2168 4064 2350 4118 la'titia
2380 4064 2644 4131 impletum
2669 4076 2759 4120 est.

1830 4136 1976 4190 Tunc
2024 4143 2138 4190 vero
2191 4153 2252 4189 ex
2295 4136 2474 4189 amicis
2527 4135 2800 4190 lleliodori
2837 4137 3049 4206 quidant
3102 4137 3352 4207 rogabant

1758 4208 2023 4278 confestim
2074 4208 2257 4260 Oniam
2286 4249 2299 4272 ,
2359 4220 2411 4258 ut
2468 4208 2722 4261 invocaret
2771 4211 3126 4272 Altissimum,
3176 4219 3231 4261 ut
3271 4210 3350 4261 vi-

1757 4290 1863 4333 tam
1911 4280 2124 4333 donaret
2182 4282 2272 4345 ei,
2325 4279 2412 4348 qui
2458 4280 2513 4332 in
2560 4296 2800 4349 supremo
2845 4283 3031 4351 spiritu
3071 4289 3178 4334 erat
3229 4296 3352 4332 con-

1757 4354 1985 4405 stitutus.

1831 4423 2172 4477 Considerans
2201 4433 2373 4476 autem
2413 4439 2643 4475 suntmus
2677 4422 2921 4476 sacerdos
2942 4462 2956 4484 ,
2990 4437 3051 4472 ne
3088 4424 3216 4484 forte
3259 4437 3351 4474 rex

1758 4496 2110 4564 suspicaretur
2141 4496 2393 4548 malitiam
2427 4494 2653 4560 aliquam
2679 4509 2741 4546 ea:
2769 4493 2968 4564 Ιυιιίιιίε
2999 4488 3348 4564 circ1_llelio-

1758 4560 1942 4621 dorum
1981 4576 2425 4632 consummatam,
2459 4565 2639 4618 obtulit
2687 4580 2778 4634 pro
2805 4561 2971 4616 salute
3004 4561 3098 4615 viri
3127 4560 3348 4615 hostiant

1757 4639 2055 4694 salutarem.

1829 4711 2057 4779 Cumque
2094 4725 2322 4762 summus
2371 4707 2610 4761 sacerdos
2650 4715 2907 4779 exureret,
2947 4703 3120 4779 iidem__
3145 4705 3353 4769 iurenes

1757 4783 1947 4836 eisdem
1973 4775 2193 4835 uestibus
2223 4780 2428 4844 amicti,
2462 4788 2689 4831 (tslttttlt’s
2723 4775 3000 4829 Heliodoro
3021 4817 3034 4837 ,
3067 4776 3307 4828 (lis'erunt
3328 4794 3346 4831 :

1762 4852 1907 4908 Onia:
1934 4853 2188 4907 sacerdoti
2215 4853 2405 4922 gratias
2432 4865 2560 4918 age:
2583 4865 2701 4902 nam
2725 4857 2930 4919 propter
2959 4861 3076 4899 cum
3098 4845 3347 4901 Dominus

1757 4925 1847 4978 tibi
1875 4927 2031 4978 vitam
2053 4925 2280 4977 donarit.

1833 4995 1908 5050 Tu
1947 5006 2114 5050 autent
2149 5013 2179 5047 a
2235 4993 2338 5048 Deo
2381 4994 2717 5065 flagellatus.
2759 4990 2940 5065 nuntia
2972 4987 3204 5042 omnibus
3239 5005 3349 5042 ma-

1755 5067 1934 5139 gnalitt
1965 5068 2090 5133 Dei,
2125 5076 2171 5119 ct
2207 5061 2438 5139 potestati
2456 5081 2527 5120 nt.
2560 5061 2626 5115 Et
2666 5063 2744 5115 Itis
2775 5063 2954 5130 dictis,
2995 5078 3098 5114 non
3143 5077 3349 5132 compa-

1754 5150 2148 5264 ruwbiiiidorus
2187 5218 2354 5262 autent
2376 5248 2388 5267 ,
2422 5205 2585 5258 hostia
2618 5201 2724 5256 Deo
2771 5204 2976 5270 oblata,
3009 5213 3055 5256 et
3085 5203 3214 5257 cotis
3241 5219 3352 5256 ma-

1759 5285 1872 5350 gnis
1904 5279 2165 5348 promissis
2191 5281 2255 5340 ei,
2284 5281 2371 5349 qui
2403 5275 2564 5350 vivere
2587 5274 2664 5326 illi
2693 5277 2959 5350 concessit,
2991 5285 3034 5329 et
3065 5274 3212 5328 Onia:
3233 5291 3355 5344 gra-

1759 5346 1857 5423 tias
1884 5346 2059 5423 agens,
2093 5346 2561 5423 recepto'exercitn,
2589 5346 2861 5416 repedabat
2884 5348 2953 5401 ad
2982 5363 3169 5423 regem.

1827 5416 2134 5475 Testabatur
2169 5431 2336 5474 autem
2376 5416 2608 5490 onmibus
2652 5433 2712 5470 ea
2753 5435 2868 5490 qua:
2913 5419 3006 5472 sub
3040 5416 3212 5471 oculis
3243 5417 3352 5470 suis

1753 5494 1949 5547 uiderat
1980 5508 2134 5563 opera
2161 5493 2333 5562 magni
2370 5489 2483 5542 Dei.

1827 5563 1953 5617 Cum
1977 5560 2146 5616 autem
2173 5560 2265 5618 rei:
2291 5564 2650 5630 interrogasset
2683 5561 3041 5627 Heliodorum,
3073 5560 3188 5632 quis
3225 5567 3351 5613 esset

1755 5647 1908 5707 aptus
1937 5634 2120 5707 adhuc
2133 5633 2287 5707 semel
2313 5633 2695 5701 Jerosolymam
2728 5634 2881 5707 mitti,
2917 5635 3028 5707 ait:

1831 5707 1890 5761 Si
1916 5723 2066 5778 quem
2101 5705 2257 5762 habes
2283 5707 2516 5778 hostem,
2554 5716 2644 5760 aut
2673 5706 2816 5777 regni
2858 5708 2931 5760 tui
2972 5703 3348 5778 insidiatorem,

1757 5779 1900 5832 mitte
1930 5777 2101 5846 illuc,
2149 5789 2195 5833 et
2249 5777 2571 5851 flagellatam
2625 5795 2740 5832 eum
2793 5778 3034 5851 recipies,
3087 5777 3130 5832 si
3179 5785 3348 5829 tamen
