3918 6192
66 263 137 323 50)
1201 253 1406 310 LIBER
1446 253 1488 310 ll
1530 250 2108 311 MACIIABEORUII.

120 376 295 448 Itaque
345 375 653 431 Ptolemaus
683 375 734 428 in
780 374 1001 448 quodam
1047 371 1180 448 atrio
1219 372 1438 448 positum
1472 371 1620 440 quasi
1647 373 1701 436 Α
1806 371 1998 448 Verum
2047 387 2149 426 non

68 443 379 521 refrigerandi
426 449 590 518 gratia
637 461 801 515 regem
848 445 1007 511 adiit,
1053 454 1099 496 et
1145 443 1359 497 deduxit
1408 461 1438 496 a
1492 459 1613 497 sen-

70 533 201 580 ιεηιια
227 538 246 575 .'

122 592 180 646 Et
209 591 500 645 Menelaum
523 589 728 660 quidem
752 586 1246 660 universazrnalitice
1269 601 1414 660 reum
1443 587 1618 660 crimi-

69 666 184 723 nibus
207 662 425 716 absolvit
459 657 708 716 :miseros
728 670 923 725 autem,
947 659 1054 729 qui,
1085 658 1288 712 etiamsi
1315 657 1462 725 apud
1487 658 1618 729 Scy-

67 741 149 793 t/ias
191 749 398 788 causam
453 734 732 798 dixissent,
765 728 1062 786 innocentes
1099 729 1487 802 judicarentur,
1523 728 1620 784 hos

70 816 190 863 morte
214 806 500 859 damnas-it.

115 876 208 931 Cito
232 893 351 948 ergo
382 879 639 956 injustam
675 891 878 956 pinnam
919 874 1206 938 dederunt,
1252 872 1342 943 qui
1373 887 1467 953 pro
1494 871 1618 924 citi-

71 960 154 1012 tatc,
175 958 217 1002 et
234 945 451 1019 populo,
474 956 523 1000 et
523 945 710 1019 _sacris
734 946 867 1000 uasis
890 962 1101 1019 causam
1126 945 1381 1019 prosecuti
1402 952 1545 1019 sunt.

119 1014 263 1086 Quam
287 1014 348 1073 ob
376 1035 485 1072 rem
519 1017 667 1088 Tyrii
698 1034 897 1088 quoque
919 1017 1200 1087 indignati,
1232 1032 1356 1086 erga
1387 1014 1622 1083 sepultu-

73 1110 146 1146 ram
173 1107 337 1145 eorum
368 1089 727 1144 liberalissimi
755 1089 1082 1144 exstiterunt.

119 1162 362 1216 Menelaus
408 1171 611 1226 autem,
657 1169 868 1233 prapter
917 1176 1117 1233 eorum,
1149 1159 1234 1228 qui
1284 1158 1339 1212 in
1393 1159 1623 1233 potentia

69 1245 193 1300 erant,
221 1236 519 1300 avaritiam,
553 1230 887 1301 permanebat
919 1232 968 1285 in
1002 1239 1280 1302 potestate,
1317 1247 1548 1285 crescens
1569 1230 1622 1284 in

72 1308 224 1363 malitia
252 1306 318 1361 ad
346 1304 572 1362 insidias
604 1305 821 1359 ciuiuus.

658 1438 889 1498 CAPUT
939 1440 1000 1495 V.

123 1580 298 1636 Eodem
337 1589 571 1649 tempore
623 1578 905 1634 Antiochus
933 1577 1210 1632 secundam
1244 1576 1626 1647 profectionem

75 1655 233 1723 paravit
256 1653 308 1707 in
340 1651 656 1722 .-Egyptttm.

120 1724 320 1794 Contigit
351 1719 522 1777 autem
549 1739 638 1793 per
667 1722 956 1776 universam
977 1721 1422 1794 .Ierosolgmorum
1445 1719 1625 1794 civita-

72 1811 142 1850 tem
163 1778 314 1848 rideri
345 1794 524 1848 diebus
549 1778 908 1866 quadraginta
934 1811 1023 1864 per
1053 1811 1098 1866 at
1119 1778 1394 1861 ravequitcs
1421 1790 1623 1866 discur-
1654 1778 1700 1840 Β

69 1879 215 1932 rentes,
246 1876 455 1921 auratas
482 1865 648 1920 stolas
671 1863 940 1932 habentes,
970 1874 1014 1922 et
1044 1863 1227 1930 hastis,
1253 1866 1400 1933 quasi
1430 1864 1620 1917 cohor-

72 1953 136 2004 tes,
161 1948 402 1993 armatos.

123 2010 173 2064 Et
198 2026 375 2064 cursus
397 2024 646 2079 equorum
677 2025 766 2077 per
799 2008 1004 2063 ordines
1025 2007 1265 2078 digestos,
1299 2018 1344 2061 et
1373 2021 1623 2079 congres-

72 2084 202 2136 siones
223 2083 330 2149 ﬁeri
361 2078 617 2147 cominus,
641 2090 686 2135 et
708 2091 972 2134 scutorum
1006 2089 1193 2144 motus,
1223 2090 1267 2131 et
1294 2078 1622 2149 galeatorum

73 2154 413 2207 multitudinem
455 2151 650 2222 gladiis
681 2152 954 2219 districtis,
986 2162 1034 2206 et
1078 2151 1297 2204 telorum
1331 2153 1533 2220 jactus,
1573 2157 1622 2203 et

72 2241 307 2279 aureorum
331 2240 595 2279 armorum
627 2223 978 2295 splendorem,
1012 2224 1278 2293 omnisque
1309 2222 1512 2292 generis
1544 2223 1622 2273 loc

71 2314 277 2353 ru'arum.

125 2371 432 2441 QuaprOpter
457 2384 633 2424 omnes
663 2365 911 2442 regabant
944 2367 994 2421 in
1022 2366 1209 2421 bonum
1238 2375 1470 2419 monstra
1492 2379 1619 2420 con-

74 2454 186 2495 l‘t’i'll.

123 2514 215 2567 Sed
239 2529 356 2567 eum
382 2513 551 2585 falsus
579 2527 757 2565 rumor
778 2513 985 2585 exisset,
1022 2522 1282 2581 tamquam
1307 2510 1410 2585 cita
1441 2523 1620 2585 exces-

69 2586 181 2639 sisset
222 2580 535 2651 Antiochus,
583 2585 864 2654 assumptis
913 2582 1080 2638 lason
1123 2580 1224 2636 non
1265 2581 1446 2654 minus
1484 2580 1624 2654 mille

71 2659 163 2710 ciris
187 2700 200 2723 ,
243 2667 447 2730 repente
495 2651 772 2730 aggressus
812 2664 883 2730 est
923 2656 1179 2709 civitatem
1204 2696 1230 2730 ,_
1249 2660 1296 2706 et
1329 2651 1522 2730 civibus
1553 2652 1623 2704 ad

71 2744 240 2781 murum
261 2723 672 2793 convolantibus,
695 2728 766 2780 ad
786 2725 1023 2783 ultimum
1046 2725 1370 2796 apprehensa
1391 2723 1619 2791 civitate,

69 2799 310 2872 Menelaus
336 2801 469 2872 fugit
499 2804 551 2855 in
575 2814 789 2872 arcem

118 2869 268 2926 lason
312 2868 433 2927 vero
466 2889 568 2926 non
598 2870 840 2944 parcebat
870 2871 922 2924 in
953 2870 1095 2925 ccede
1130 2868 1325 2924 ciuibus
1355 2868 1464 2944 suis
1490 2883 1508 2920 :
1533 2883 1624 2921 nec

66 2945 290 3013 cogitabat
319 2941 713 3014 prosperitatem
738 2941 1014 2996 adversum
1035 2951 1286 3014 cognatos
1305 2941 1496 2993 malum
1518 2955 1625 2993 esse

65 3013 342 3083 maximum,
373 3015 635 3070 arbitrans
665 3015 957 3069 hostiumet
988 3013 1108 3068 non"
1127 3013 1312 3066 civium
1348 3027 1401 3066 se
1431 3021 1626 3079 tr0pcea

63 3097 331 3156 capturum.

3210 260 3314 317 510

2231 380 2401 449 ropter
2441 372 2635 449 locum,
2680 384 2920 443 gentem;
2964 375 3055 428 sed
3105 390 3315 449 propter

1721 453 1946 523 gentem,
1973 444 2143 497 locum
2172 444 2320 523 _Deus_
2341 444 2510 514 elegit.

1795 515 2027 592 Ideoque
2065 527 2111 568 et
2166 516 2274 587 ipse
2303 516 2444 568 locus
2490 516 2746 592 particeps
2796 521 2962 592 factus
3011 527 3083 572 est
3136 522 3317 592 papuli

1725 588 1980 665 malorum
2012 596 2231 665 :postea
2264 598 2439 665 gutem
2484 588 2571 665 fiet
2611 590 2782 665 socius
2826 590 3105 665 bonorum,
3137 588 3317 665 'et'qui

1723 659 1999 729 derelictus
2046 659 2098 710 in
2141 659 2223 711 ira
2251 657 2347 729 Dei
2378 660 2746 729 omnipotentis
2778 669 2874 726 est,
2899 662 3083 714 iterum
3115 665 3165 716 in
3197 657 3312 717 nia-

1759 735 1809 787 ηί
1850 727 2064 783 Domini
2093 727 2530 784 reconciliatione
2558 747 2676 784 cum
2701 748 2902 786 summa
2923 732 3090 803 gloria
3118 739 3314 791 exalta-

1756 818 1882 862 itur.

1795 874 1970 947 Igitur
2000 871 2288 947 Antiochus
2318 872 2459 947 mille
2473 882 2532 947 ‘et
2557 874 2864 947 octingentis
2884 876 3066 932 ablatis
3099 877 3162 933 de
3195 888 3316 934 tem-

1725 950 1812 1019 plo
1830 943 2072 1009 talentis,
2099 944 2340 1019 uelociter
2365 943 2983 1019 Antiochiam'regressus
3015 960 3110 1012 est,
3137 952 3315 1005 existi-

1725 1015 1872 1075 iuaus
1898 1032 1950 1093 se
1976 1033 2090 1093 pra:
2111 1015 2352 1093 superbia
2383 1024 2574 1093 terram
2600 1017 2670 1070 ad
2694 1015 3066 1089 nauigandum,
3095 1024 3308 1093 pelagus

1724 1109 1842 1147 vero
1872 1089 1941 1143 ad
1969 1090 2067 1144 iter
2097 1088 2356 1158 agendum
2389 1087 2734 1141 deducturum
2761 1087 2974 1163 propter
2996 1087 3178 1146 mentis
3206 1087 3314 1148 cla-

1726 1167 1938 1219 tionem.

1799 1233 2029 1306 Reliquit
2059 1240 2233 1306 autem
2265 1241 2312 1285 et
2352 1232 2768 1306 pra'positoshad
2809 1232 3146 1304 afﬂigendam
3194 1253 3318 1306 qen-

1729 1318 1829 1362 tem
1860 1322 1877 1360 :
1903 1303 2244 1379 Jerosolgmis
2275 1305 2502 1379 quidem
2555 1303 2870 1379 Philippum
2913 1303 3097 1375 genere
3140 1303 3316 1379 Pliry-

1728 1396 1863 1451 gem,
1894 1372 2130 1430 moribus
2155 1372 2504 1429 crudeliorem
2538 1391 2596 1428 eo
2633 1372 2766 1446 ipso,
2800 1392 2830 1429 a
2861 1372 2960 1446 quo
3006 1372 3319 1434 constitutis

1728 1462 1800 1507 est
1831 1467 1848 1506 .'

1803 1522 1870 1576 In
1912 1518 2145 1574 Carisius
2185 1526 2361 1593 autem
2392 1518 2771 1593 Andronicum,
2797 1528 2852 1593 et
2884 1518 3203 1593 Menelaum,
3231 1523 3322 1593 qui

1730 1595 1937 1668 grai'ius
1961 1608 2114 1661 quam
2140 1591 2314 1668 cateri
2345 1590 2674 1643 imminebant
2704 1590 2921 1668 civibus.
2969 1587 2992 1604 ⁹

1803 1660 2030 1732 Cumque
2062 1661 2333 1733 appositus
2361 1672 2488 1733 esset
2518 1672 2696 1715 contra
2724 1660 2959 1724 Iudaeos,
2994 1665 3132 1716 misit
3168 1666 3317 1719 odio-

1729 1755 1844 1793 sum
1895 1731 2181 1806 princip'lm
2230 1731 2567 1806 Apollonium
2607 1750 2723 1806 cum
2769 1734 2996 1787 exercitu
3044 1737 3225 1804 u'ginti
3273 1746 3320 1788 et

1728 1804 1931 1863 duobus
1959 1804 2212 1875 millibus,
2246 1805 2551 1874 pracipieus
2579 1805 2623 1857 ei
2665 1821 2838 1858 omnes
2873 1806 3118 1875 perfecta:
3154 1807 3321 1861 a'tatis

1727 1879 2053 1949 interﬁcere;
2089 1874 2332 1949 mulieres
2363 1892 2423 1949 a_c
2442 1875 2660 1943 jurenes
2685 1876 2921 1930 ven-dire.

1798 1944 1902 2019 Qui
1949 1965 2064 2002 cum
2111 1948 2323 2019 venisset
2371 1944 2776 2015 Jerosot’gmam,
2813 1964 2988 2017 pacem
3031 1947 3310 2016 simulans,

1723 2018 2113 2093 qiiieeitiusque
2163 2021 2230 2071 ad
2277 2018 2415 2070 diem
2466 2029 2699 2093 sanctum
2739 2019 2939 2073 sabbati
2974 2035 2990 2072 :
3021 2029 3066 2073 et
3095 2031 3218 2074 tunc
3247 2023 3322 2092 fc-

1725 2091 1878 2149 riatis
1903 2091 2107 2147 ludceis
2133 2106 2277 2162 arma
2302 2105 2488 2159 capere
2515 2091 2626 2162 suis
2657 2093 2921 2162 pra'cepit.

1800 2167 2088 2232 Omnesque
2107 2163 2192 2234 qui
2208 2161 2274 2214 ad
2302 2159 2648 2234 spectaculum
2677 2159 3052 2231 processerant,
3084 2163 3319 2216 trucida-

1725 2239 1838 2292 vit:
1885 2246 1933 2292 et
1987 2236 2241 2287 civitatem
2294 2247 2410 2307 cum
2451 2233 2664 2285 armatis
2694 2234 3017 2302 discurrens,
3066 2235 3320 2307 ingentem

1728 2307 2105 2362 multitudinem
2131 2304 2366 2377 peremit.

1796 2379 1963 2435 ludas
1986 2373 2158 2430 autem
2181 2373 2536 2438 Mue/urbicus,
2561 2375 2648 2443 qui
2672 2374 2899 2428 decimus
2923 2376 3092 2444 fuerat
3109 2418 3122 2438 ,
3153 2393 3318 2430 seces-

1725 2461 1863 2507 serat
1889 2452 1942 2503 in
1974 2449 2232 2503 desertum
2263 2449 2428 2498 locum
2452 2487 2464 2509 ,
2495 2447 2662 2513 ibique
2709 2447 2840 2499 inter
2868 2447 3006 2514 feras
3057 2448 3210 2500 citam
3259 2444 3313 2504 in

1727 2523 1980 2577 montibus
2010 2536 2126 2573 cum
2155 2519 2264 2572 suis
2293 2521 2472 2586 agebat
2498 2533 2515 2570 :
2556 2526 2601 2570 ct
2646 2518 2749 2583 feni
2775 2517 2885 2570 cibo
2917 2529 3172 2573 vescentes
3197 2561 3210 2585 ,
3235 2522 3323 2577 dc-

1729 2594 2062 2651 ntorabautur
2086 2632 2101 2660 ,
2134 2607 2197 2645 ne
2225 2589 2508 2661 participes
2540 2600 2704 2642 essent
2735 2590 3188 2659 coinquinationis.

2332 2703 2561 2760 CAPUT
2605 2704 2690 2758 VI.

1802 2803 1906 2859 Sed
1957 2819 2062 2856 non
2098 2799 2477 2872 postqmultum
2523 2798 2764 2872 temporis
2820 2799 2958 2872 misit
2999 2816 3104 2872 _re:c
3153 2817 3325 2856 senem

1726 2874 2000 2946 quemdam
2030 2869 2399 2946 Antiochenam
2419 2911 2435 2937 ,
2487 2871 2576 2946 qui
2609 2869 2956 2946 Acorripelleret
2981 2869 3198 2926 luda'os
3226 2915 3239 2938 ,
3270 2883 3325 2929 ut

1727 2939 1783 3002 se
1811 2951 2149 3013 transferrent
2179 2961 2211 2995 a
2243 2942 2424 3008 patriis
2455 2951 2501 2996 et
2523 2939 2618 2995 Dei
2641 2943 2857 3013 legibus.

1802 3011 2172 3072 Contaminare
2201 3017 2355 3067 etiam
2398 3014 2535 3081 quod
2582 3014 2634 3065 in
2663 3011 3005 3083 Jerosolgmis
3046 3023 3156 3066 erat
3201 3022 3327 3067 temo

1731 3091 1873 3163 plum
1899 3129 1915 3155 ,
1965 3097 2012 3142 et
2048 3087 2410 3163 cognominare
2434 3083 2578 3137 locis
2604 3083 2831 3163 ngmpii
2855 3100 2874 3163 ί
2899 3094 2945 3137 et
2974 3086 3026 3138 in
3055 3085 3286 3163 arizitn
3309 3126 3325 3152 ,

119 3158 179 3235 lg‘t
201 3161 547 3230 principatum
572 3158 778 3235 quidem
804 3175 910 3235 non
935 3157 1177 3235 obtinuit,
1211 3156 1365 3224 ﬁnem
1396 3170 1512 3235 vero
1540 3153 1624 3208 in-
1653 3175 1693 3235 ς
1730 3153 1824 3235 'pro
1951 3153 2179 3213 erant'hi
2202 3201 2216 3226 ,
2258 3158 2346 3228 qui
2394 3156 2564 3210 locum
2618 3153 3013 3223 inhabitabant,
3045 3154 3189 3210 locis
3233 3157 3328 3210 lto—

62 3229 560 3307 sidiarum__suarutn
587 3229 963 3307 confusionem
1001 3231 1226 3299 accepit,
1278 3239 1323 3280 et
1371 3229 1624 3298 profugus

64 3303 225 3354 iterum
250 3303 374 3357 abiit
397 3303 447 3356 in
479 3303 827 3355 Ammaniten.

120 3375 192 3427 Ad
215 3375 470 3440 ultimum,
497 3375 550 3427 in
572 3391 626 3428 es
641 3375 791 3428 ilium
812 3373 897 3425 sui
918 3370 1189 3426 conclusus
1220 3369 1283 3423 ab
1313 3370 1469 3424 Areto
1494 3369 1624 3421 Ara--

61 3442 158 3517 bum
182 3455 422 3516 tyranno,
452 3446 655 3517 fugiens
686 3447 749 3498 de
769 3445 972 3497 civitate
1000 3445 1053 3497 in
1076 3444 1352 3517 civitatem,
1386 3441 1623 3517 omnibus

59 3513 271 3589 odiosus,
302 3529 356 3571 ut
401 3513 824 3589 refuga_legum,
865 3526 911 3568 et
953 3514 1304 3579 exsecrabilis,
1339 3525 1389 3566 ut
1438 3513 1624 3582 putria:

61 3587 222 3660 civium
252 3589 436 3655 hostis,
461 3587 534 3641 in—
553 3587 844 3660 .Egyptum
868 3597 1107 3660 extrusus
1134 3596 1206 3639 est
1241 3599 1259 3638 :

123 3658 179 3730 Et
206 3662 293 3728 qui
318 3665 505 3716 multus
535 3660 597 3715 de
626 3658 795 3730 patria
822 3675 917 3712 sua
944 3659 1236 3730 expulerat,
1267 3671 1476 3728 peregre
1501 3672 1620 3730 peAr-_

54 3726 129 3793 iit,
157 3726 554 3786 Lacedaemonas
585 3726 845 3803 profectus
868 3769 882 3796 ,
914 3729 1063 3800 quasi
1093 3744 1186 3799 pro
1223 3726 1526 3797 agitatione
1552 3727 1624 3782 ibi

54 3802 298 3874 refugium
323 3802 593 3858 habiturus
620 3818 638 3856 :

125 3869 179 3926 l2?
206 3877 293 3943 qui
323 3876 609 3944 insepultos
633 3874 822 3928 multos
860 3872 1140 3944 abjecerat,
1171 3871 1279 3942 ipse
1308 3879 1354 3925 et
1383 3869 1624 3924 illamen-

46 3947 201 4019 tas-us,
233 3958 278 4000 et
322 3948 608 4018 insepultus
655 3945 1433 4019 abjicitur,sepulturdneque
1472 3958 1621 4012 pere-

38 4027 98 4078 θπ
115 4016 194 4089 ina
221 4033 367 4086 usus,
400 4014 448 4072 η’.
464 4035 563 4089 que
590 4014 762 4089 patrio
786 4018 1027 4089 sepulcro
1060 4014 1404 4089 participans.

124 4087 218 4141 llis
250 4084 415 4160 itaque
440 4084 618 4161 gestis,
651 4084 960 4161 suspicatus
984 4084 1066 4141 est
1099 4103 1190 4141 res:
1218 4087 1510 4161 societatem
1537 4084 1626 4161 de-

34 4173 76 4202 si?
103 4173 264 4216 rruros
291 4156 526 4226 Iudicas,
558 4170 604 4214 et
633 4162 694 4214 ob
721 4156 817 4212 hoc
839 4159 1096 4229 profectus
1137 4175 1203 4211 ex
1243 4157 1475 4227 .lz'gypto
1501 4156 1626 4223 effe-

29 4232 175 4301 I'tztis
196 4234 406 4300 animis,
437 4234 698 4286 civitatem
721 4232 928 4301 quidem
947 4231 1108 4284 armis
1139 4230 1294 4300 cepit.

124 4300 282 4358 Jussit
328 4318 497 4360 autem
540 4300 788 4358 militibus
834 4303 1143 4370 interficere,
1178 4317 1271 4354 nec
1293 4315 1502 4372 parcere
1538 4316 1626 4354 oc-

55 4378 394 4448 tu(tantibus,
423 4387 470 4432 et
494 4393 586 4448 per
611 4377 790 4430 domos
811 4373 1138 4428 ascendentes
1171 4374 1458 4448 trucidare.

104 4510 112 4518 ι
143 4441 335 4504 l’iebant
369 4441 504 4521 ergo'
534 4449 702 4504 cades
721 4450 996 4521 juvenum.
1028 4461 1088 4521 ac
1115 4447 1400 4521 seniorum,
1433 4453 1482 4498 et
1511 4460 1626 4497 mu-

81 4511 249 4590 lierum,
277 4531 322 4574 et
351 4511 591 4576 nat'orum
631 4511 958 4586 extl'rminia,
993 4518 1369 4590 virginumque,
1400 4525 1447 4570 et
1501 4531 1627 4586 par-

82 4583 287 4645 l'tdorum
315 4609 477 4649 neces.

139 4655 284 4738 Erant
308 4676 478 4720 autem
505 4677 614 4723 toto
645 4664 819 4719 triduo
846 4665 1110 4738 octaginta
1152 4664 1321 4718 millia
1353 4665 1634 4737 interfecti,

77 4732 388 4850 ngidraginta
424 4740 592 4795 millia
630 4738 806 4806 uincti,
843 4753 942 4792 non
964 4732 1154 4792 'minus
1211 4747 1385 4791 autem
1419 4732 1633 4792 venum;

108 4813 184 4858 αιι,

135 4875 229 4934 Sed
258 4899 349 4937 nec
373 4888 474 4940 ista
503 4883 763 4955 sufficiunt
792 4899 811 4937 :
831 4898 987 4938 ausus
1009 4893 1082 4955 est
1107 4881 1263 4955 etiam
1292 4881 1487 4955 intrare
1507 4891 1631 4936 teni-

242 4938 475 5032 ιιηίυειῖεᾳ
509 4938 663 5032 ite'ira
707 4956 957 5032 sanctius,
994 4953 1237 5007 Menelao
1279 4953 1511 5023 ductore,
1543 4956 1634 5024 qui

72 5009 242 5100 Wffin,
267 5009 320 5081 et
337 5009 641 5098 pttt'ritefuit
673 5027 904 5095 proditor
928 5042 946 5080 :

231 5088 458 5157 scelestis
515 5088 749 5154 manibus
796 5115 1000 5152 sumens
1029 5093 1520 5165 sancta'vasa,qua2
1561 5098 1626 5151 ab

67 5151 171 5242 {4'}?
211 5173 433 5242 regibus,
464 5183 512 5227 et
552 5171 842 5225 civitatibus
881 5179 1024 5223 erant
1073 5179 1239 5238 posita
1278 5169 1346 5222 ad
1373 5151 1630 5242 'o'rnatum

62 5220 175 5313 ίθεξ.
205 5254 246 5296 et
267 5220 491 5313 glorititn
1219 5220 1629 5295 contamina

117 5300 212 5366 Ita
240 5300 494 5372 alienatus
534 5324 701 5369 mente
759 5300 1041 5366 Antiochus
1062 5353 1076 5375 ,
1111 5300 1214 5366 non
1245 5313 1630 5379 considerabat,

223 5399 429 5470 propter.
460 5395 672 5457 peccata
692 5385 1035 5478 habitantia":
1063 5385 1344 5478 civitatein,
1377 5375 1636 5478 modicum

213 5453 383 5550 fuerat
405 5453 578 5542 iratus
607 5475 626 5524 ;
659 5466 871 5528 propter
899 5455 1035 5526 quod
1074 5465 1122 5510 et
1160 5456 1351 5509 accidit
1385 5457 1522 5508 circa
1557 5458 1638 5510 lo-

73 5518 178 5601 ”"_I
205 5518 466 5601 despectio.

106 5591 363 5673 filioquin
385 5605 486 5658 nisi
509 5603 805 5673 contigisset
840 5615 923 5654 eos
953 5598 1132 5673 multis
1161 5601 1384 5670 peccatis
1415 5615 1524 5673 esse
1555 5597 1634 5651 in-

42 5651 821 5760 «arguareuesani,
843 5651 939 5754 '91};
965 5651 1185 5760 manu:
1201 5651 1274 5753 sit
1324 5651 1630 5760 esensis

295 5746 688 5830 “spoliandum
714 5730 978 5830 aerarium,
995 5744 1148 5830 etiam
1160 5742 1250 5825 hic
1278 5745 1454 5830 statim
1475 5741 1634 5830 φάρει

54 5801 132 5847 "e
147 5827 220 5872 διε
238 5801 544 5892 ﬂagellatus,
567 5827 615 5876 et
636 5816 870 5889 repulsus
894 5801 1073 5887 utique
1092 5815 1274 5886 fuisset
1296 5814 1359 5873 ab
1381 5812 1625 5872 audacia.

1729 3231 1954 3288 svitalis.

1796 3253 1954 3287 ιιαιη.

1757 3253 2038 3358 pPessima
2081 3309 2250 3356 autem
2307 3308 2354 3355 et
2395 3299 2643 3354 unirersis
2689 3299 2859 3370 gravis
2909 3307 3016 3353 erat
3071 3299 3322 3353 malorum

1724 3377 1948 3431 incursio
1972 3392 1991 3433 .'

1799 3447 1940 3502 Nam
1979 3444 2228 3515 tentplum
2257 3443 2468 3498 luxuria
2496 3487 2510 3510 ,
2544 3451 2592 3496 et
2613 3441 3071 3497 comessationibus
3100 3444 3327 3515 gentium

1725 3531 1832 3574 erat
1855 3514 2100 3590 plenum,
2145 3528 2192 3572 ct
2215 3516 2550 3590 scortaritium
2577 3530 2693 3590 cum
2714 3514 3066 3590 meretricibus
3100 3514 3117 3567 ξ
3145 3531 3319 3590 saera-

1727 3586 1895 3658 tisque
1946 3590 2142 3644 a'dibus
2197 3587 2438 3642 mulieres
2489 3603 2545 3640 se
2600 3587 2738 3641 ultro
2786 3587 3126 3657 ingerebant,
3191 3586 3330 3640 intro

1727 3668 1949 3734 ferentes
1970 3678 2029 3715 ea
2052 3703 2066 3726 ,
2096 3676 2212 3730 qtth
2237 3676 2352 3734 non
2381 3658 2583 3734 licebat.

1801 3734 1976 3788 Altare
2005 3726 2161 3788 etiam
2190 3730 2401 3803 plenum
2431 3739 2540 3783 erat
2567 3729 2794 3797 illicitis,
2842 3743 2957 3799 qua:
2983 3726 3180 3800 legibus
3211 3746 3330 3800 pro--

1726 3805 2053 3861 hibebantur.

1801 3877 1982 3946 Neque
2025 3883 2196 3930 autem
2240 3873 2452 3928 sabbata
2511 3871 2930 3946 custodiebantur
2946 3914 2977 3946 ,_
3014 3887 3190 3946 neque
3225 3873 3333 3928 dies

1726 3941 1977 4004 solemnes
2027 3947 2186 4016 patrii
2234 3947 2571 4016 servabantur
2591 3985 2605 4008 ,
2631 3959 2726 4016 nec
2756 3943 3056 4016 simpliciter
3079 3941 3330 3998 Iudicum

1728 4037 1782 4075 se
1811 4036 1920 4073 esse
1947 4013 2217 4088 quisquam
2243 4014 2365 4087 [AL
2398 4013 2645 4084 quisque]
2676 4013 3036 4088 conﬁtebatur.

1800 4087 2133 4144 Ducebantur
2175 4097 2345 4142 autem
2397 4103 2514 4140 cum
2559 4103 2739 4140 amara
2783 4087 3085 4142 necessitate
3128 4087 3180 4140 in
3243 4088 3328 4142 die

1729 4163 1918 4217 natalis
1975 4160 2112 4230 regis
2165 4159 2232 4214 ad
2284 4159 2600 4230 sacrificia:
2650 4168 2732 4224 et,
2784 4174 2898 4213 cum
2963 4157 3134 4230 Liberi
3183 4174 3332 4212 sacra

1729 4228 2113 4290 celebrarentur
2136 4270 2152 4299 ,
2183 4231 2492 4304 cogebantur
2523 4229 2713 4286 hedera
2761 4231 2996 4285 coronati
3020 4228 3204 4283 Libero
3232 4231 3336 4284 cir-

1729 4323 1890 4361 curre.

1802 4379 2258 4448 Decretumautem
2279 4377 2403 4430 exiit
2431 4376 2482 4429 in
2506 4376 2768 4448 proximas
2790 4373 3058 4448 gentilium
3077 4371 3327 4448 civitates,

1728 4449 2115 4523 suggerentibus
2175 4443 2513 4514 Ptolemcvis,
2557 4457 2612 4502 ut
2655 4443 2978 4523 pari'modo
3008 4452 3054 4497 et
3106 4444 3202 4509 ipsi
3234 4443 3329 4494 ad-

1739 4519 1916 4578 versus
1941 4521 2157 4577 Judwos
2213 4531 2454 4591 agtrent,
2498 4527 2551 4574 ut
2583 4519 2977 4591 sacriﬁcarent:

1663 4575 1716 4636 Ῐ)
1947 4575 2150 4660 autem,
2179 4575 2270 4664 qui
2321 4575 2516 4646 nollbnt
2570 4575 2791 4664 transire
2820 4590 2904 4664 ad_
2927 4587 3159 4664 instituta
3209 4602 3332 4658 gen-

1741 4667 1898 4734 tium,
1933 4659 2275 4734 interficerent
2307 4682 2326 4717 :
2354 4673 2460 4718 erat
2493 4679 2617 4733 ergo
2644 4662 2814 4715 videre
2835 4659 3114 4712 miseriam.

1811 4728 1944 4792 Duce
1970 4728 2107 4792 enim
2139 4738 2373 4790 mulieres
2402 4728 2588 4789 delati}:
2637 4740 2753 4788 sunt
2786 4741 2932 4784 natos
2963 4745 3082 4783 suos
3112 4728 3333 4782 circurn-

1737 4812 1928 4866 cidisse
1978 4827 1995 4865 :
2039 4826 2198 4882 quas,
2246 4807 2530 4878 infantibus
2577 4805 2645 4857 ad
2685 4802 2844 4856 ubera
2893 4802 3185 4871 suspensis,
3220 4816 3335 4854 cum

1736 4885 1936 4958 publice
1985 4880 2075 4956 per
2131 4885 2387 4939 ciritatem
2443 4880 2942 4945 circumduxissent,
3010 4890 3100 4945 per
3161 4887 3336 4925 muros

1735 4961 1889 5030 prwci
1897 4959 1946 5027 pi
1953 4967 2199 5012 taeerunt.

1806 5017 1911 5085 Alii
1960 5047 2077 5084 vero
2116 5030 2183 5082 ad
2213 5029 2474 5096 prox—imas
2518 5031 2755 5078 coeuntes
2799 5018 3076 5096 speluncas
3103 5055 3128 5096 ,_
3177 5027 3224 5072 ct
3257 5017 3340 5070 la-

1736 5112 1899 5157 tenter
1943 5102 2141 5156 sabbati
2189 5091 2324 5152 diem
2379 5096 2692 5151 celebrantes
2741 5109 2857 5144 cum
2911 5091 3128 5143 indicati
3177 5100 3337 5144 essent

1739 5175 2020 5244 Philippo,
2053 5172 2277 5241 flammis
2311 5167 2543 5244 succensi
2569 5176 2722 5228 sunt,
2741 5234 2752 5244 _
2779 5180 2836 5214 ea
2865 5161 3002 5232 quod
3036 5163 3338 5244 uerebantur

1741 5234 1950 5318 prapt'er
2007 5234 2313 5318 religionem
2360 5247 2406 5292 et
2463 5234 2837 5292 obseruantiam
2867 5274 2882 5299 ,
2935 5250 3092 5286 ntanu
3140 5234 3341 5286 sibimet

1742 5315 1998 5371 auxilium
2030 5317 2182 5382 ferre.

1819 5376 2040 5440 Obsecro
2067 5393 2236 5435 autem
2258 5397 2372 5450 eos,
2401 5379 2488 5451 qni
2515 5378 2652 5432 hunc
2681 5376 2866 5430 librum
2900 5376 3078 5451 lecturi
3109 5385 3248 5439 sunt,
3278 5393 3341 5430 ne

1744 5458 2112 5512 abhorrescant
2145 5463 2352 5523 prapter
2396 5450 2638 5504 adversos
2689 5465 2838 5523 casus
2861 5489 2876 5515 ,
2925 5450 3016 5503 sed
3041 5458 3335 5523 _reputent,

1745 5548 1836 5593 ea,
1867 5542 1980 5594 quae
2001 5518 2298 5580 acciderunt
2321 5563 2336 5586 .
2392 5540 2492 5576 non
2519 5523 2586 5576 ad
2618 5521 2918 5592 interitum,
2961 5519 3050 5574 sed
3103 5518 3172 5573 ad
3219 5535 3336 5574 cor-

1743 5604 2029 5672 reptionem
2050 5612 2165 5672 esse
2181 5596 2381 5665 generis
2407 5595 2589 5649 nostri.

1817 5671 2016 5726 Etenim
2059 5663 2221 5719 multo
2263 5674 2490 5737 tempore
2528 5683 2630 5721 non
2676 5665 2842 5721 sinere
2874 5663 3228 5737 peccatoribus
3273 5680 3336 5718 ex

1738 5742 1989 5818 sententia
2020 5753 2204 5818 agere,
2233 5739 2322 5818 sed
2351 5736 2525 5794 statim
2557 5739 2780 5795 ultiones
2826 5736 3067 5794 adhibere
3092 5779 3106 5808 ,
3164 5739 3339 5809 magni

1739 5813 1970 5887 beneficii
1990 5807 2069 5870 esi
2093 5807 2366 5867 indicium.
