3918 6192
548 226 649 284 511

1554 222 1614 278 S.
1656 216 2037 278 IIIERONYMI
2078 214 2311 274 DIVINA
2350 215 2833 274 BIBLIOTHECA.

3711 222 3805 278 512

622 344 747 400 Non
792 346 961 415 enim,
988 346 1121 401 sicut
1169 344 1224 399 in
1249 342 1369 398 aliis
1395 340 1691 415 nationibus
1711 335 2021 415 ,__Dom_inus
2050 354 2147 415 pa-
2172 337 2221 398 Α
2322 332 2561 415 Dicentes
2608 350 2645 415 :_
2676 334 2930 415 Dominus
2981 333 3143 415 Deus_
3173 334 3400 415 aspiciet
3440 333 3729 415 veritatem,
3766 351 3806 395 et

550 416 733 490 tienter
759 408 1048 490 exspectat,
1081 426 1136 471 ut
1162 433 1248 470 eas
1270 461 1284 483 ,
1309 431 1429 468 cum
1462 411 1663 490 .ludicii
1702 410 1811 464 dies
1846 408 2141 475 advenerit,

552 487 609 542 iit
638 487 970 563 plenitudine
988 487 1527 563 peccatorumpuniat
1557 501 1589 563 :_
1806 553 1818 563 _
1896 553 1907 563 ο

624 551 710 614 Ita
732 570 778 613 et
801 561 855 615 in
885 551 1030 615 nobis
1068 562 1285 624 statuit,
1312 551 1366 613 in
1393 557 1616 630 peccatis
1656 553 1843 608 nostris
1888 553 1946 606 in
1990 551 2147 621 ﬁnem

554 629 807 686 devolutis
830 672 845 697 ,
890 633 962 686 ita
986 632 1190 686 demunt
1213 631 1267 685 in
1294 629 1657 684 nosvindicet.

623 695 849 771 Pr0pter
871 703 1011 774 quod
1050 719 1333 774 numquam
1362 701 1571 773 quidem
1597 716 1631 774 ᾳ
1669 697 1813 774 nobis
1852 695 2150 774 misericor-

551 770 692 825 diam
720 767 870 828 suam
883 767 1088 831 amovet
1112 792 1131 830 :
1156 767 1441 845 corripiens
1464 787 1580 826 vero
1597 772 1648 825 in
1665 770 1888 824 adversis
1904 767 2149 839 papulum

547 859 703 921 Iutth
722 862 830 921 non
852 847 1181 921 derelinquit.
1424 916 1435 921 ,
1463 916 1475 921 _
1693 912 1705 921 ,
1846 911 1874 921 ν.
2035 910 2065 921 ..

624 914 733 970 Sed
760 918 869 993 Itth
894 920 1037 993 nobis
1061 910 1134 973 ad
1181 916 1629 993 commonitionem
1686 911 1975 993 legentium.
2011 910 2149 964 dicta

550 985 655 1057 sint
687 992 885 1057 paucis.
913 988 1036 1044 lam
1065 1000 1238 1043 autem
1266 989 1571 1043 veniendum
1592 995 1665 1039 est
1686 988 1753 1038 ad
1776 985 2148 1057 narrationem.

625 1053 796 1130 Igitur
825 1060 1107 1116 Eleazarus
1138 1077 1275 1115 unus
1302 1060 1365 1114 de
1394 1057 1702 1129 primoribus
1725 1053 2056 1130 scribarum,
2075 1055 2151 1107 vir

553 1124 704 1184 attaie
734 1143 1003 1199 provectus
1028 1175 1042 1200 ,
1076 1142 1124 1187 et
1155 1134 1298 1186 vultu
1327 1124 1546 1185 decorus
1570 1172 1586 1196 ,
1637 1134 1814 1199 aperto
1868 1141 1955 1180 ore
2002 1124 2151 1178 hians

559 1201 963 1275 compellebatur
989 1220 1197 1259 carnem
1222 1204 1492 1275 porcinam
1521 1202 1854 1275 manducare.

632 1267 696 1327 At
721 1274 809 1328 ille
833 1267 1257 1350 gloriosissimam
1285 1285 1502 1350 mortem
1541 1271 1705 1350 magis
1731 1285 1885 1350 quam
1911 1267 2153 1350 adibilent

557 1347 712 1419 vitam
738 1340 1109 1419 complectens.
1139 1340 1664 1419 voluntarieprteibat
1691 1344 1762 1395 ad
1813 1340 2151 1419 supplicium.

629 1412 1071 1491 Intuens'autem,
1102 1412 1528 1491 quemadntodem
1575 1423 1828 1491 oporteret
1875 1412 2152 1491 accedere,

558 1489 812 1562 patienter
854 1481 1143 1559 sustinens,
1186 1488 1455 1544 destinavit
1501 1481 1616 1543 non'
1660 1484 1928 1538 admittere
1974 1481 2156 1535 illicita

562 1573 770 1686 prolpter
790 1562 910 1616 vita:
939 1579 1185 1616 amorem.

695 1633 713 1686 i
756 1643 961 1686 autent.
990 1633 1078 1686 aui
1124 1633 1393 1686 astabant.
1439 1630 1618 1686 iniqua
1664 1627 1893 1681 miserati

695 1633 713 1686 i
756 1643 961 1700 autent,
990 1633 1078 1702 qui
1124 1633 1393 1694 astabant,
1439 1630 1625 1702 iniqua
1664 1630 1991 1702 miseratione
2021 1641 2159 1679 cont-

558 1703 713 1768 mati,
746 1697 956 1775 propter
975 1697 1242 1775 antiquam
1288 1703 1384 1756 riri
1432 1697 1713 1775 amicitiam
1733 1742 1748 1765 ,
1776 1697 2014 1775 tollentes
2043 1712 2158 1775 eum

562 1768 757 1829 secreto
792 1768 1042 1844 rogabant
1073 1768 1254 1841 afferri
1282 1788 1482 1835 carnes,
1515 1771 1701 1842 quibus
1726 1770 1859 1844 vesci
1881 1768 1926 1823 ei
1952 1768 2157 1844 licebat,

559 1854 615 1898 ut
642 1840 973 1899 simularietur
994 1840 1369 1913 manducasse,
1420 1840 1553 1899 sicut
1597 1859 1691 1899 rex
1734 1842 2070 1912 imperaverat
2096 1840 2161 1895 de

564 1915 809 1983 sacrificii
838 1916 1074 1971 carnibtts
1100 1932 1119 1971 :

640 1984 729 2051 Ut,
748 1986 859 2058 hoc
883 1988 1046 2058 facto,
1074 2005 1108 2042 a
1143 1995 1306 2041 morte
1333 1986 1637 2041 liberaretur
1665 2001 1685 2041 :
1718 1992 2005 2058 etprapter
2029 1992 2162 2038 vete-

564 2072 671 2111 rem
706 2057 803 2111 viri
832 2055 1132 2125 amicitiam,
1166 2060 1300 2113 lianc
1330 2060 1382 2112 in
1403 2075 1459 2111 eo
1478 2058 1735 2127 faciebant
1763 2055 2158 2110 humanitatem.

637 2129 702 2181 At
732 2127 819 2184 ille
845 2131 1074 2201 cogitare
1104 2131 1253 2198 carpit
1271 2131 1437 2184 (etatis
1485 2147 1546 2183 ac
1601 2128 1877 2201 senectutis
1906 2144 2013 2201 suce
2035 2128 2162 2201 enti-

566 2201 793 2255 nentiam
837 2198 1083 2272 dignam,
1141 2212 1190 2257 et
1246 2200 1489 2273 ingenita:
1550 2199 1832 2255 nobilitatis
1884 2198 2159 2265 canitiem,

564 2280 715 2341 atque
735 2289 767 2325 a
807 2287 969 2343 puero
996 2275 1205 2343 optima:
1234 2273 1634 2327 conversationis
1660 2280 1808 2325 actus
1838 2285 1879 2343 :7
1902 2281 1953 2325 et
1981 2286 2164 2323 secun-

565 2343 688 2395 dum
724 2342 928 2414 sancta:
972 2342 1035 2397 et
1070 2361 1103 2398 a
1132 2343 1243 2398 Deo
1273 2345 1497 2398 condita:
1539 2343 1667 2414 legis
1717 2342 2033 2407 constituta,
2076 2358 2162 2395 re-

562 2413 772 2485 spondit
791 2416 896 2468 cito
914 2458 929 2482 ,
964 2415 1141 2470 dicens
1168 2458 1184 2482 ,
1211 2415 1455 2483 prtemitti
1476 2432 1529 2468 se
1550 2413 1679 2468 velle
1702 2415 1753 2468 in
1780 2414 2059 2483 infernum.

640 2483 762 2538 Non
783 2488 920 2539 enint
950 2488 1118 2541 artatis
1148 2496 1337 2541 nostra:
1361 2487 1572 2554 dignum
1596 2497 1693 2552 est,
1716 2486 1902 2556 inquit,
1933 2486 2163 2555 fingere:

565 2566 622 2610 ut
650 2556 800 2612 ntulti
850 2557 1256 2614 adolescentium
1283 2602 1298 2628 ,
1348 2559 1658 2611 arbitrantes
1709 2556 2020 2610 Eleazarum
2072 2572 2167 2610 no-

569 2629 784 2697 naginta
846 2646 1103 2684 annorum
1168 2629 1412 2685 transisse
1487 2628 1558 2682 ad
1613 2630 1770 2683 vitam
1847 2629 2167 2700 alienigena-

565 2715 680 2753 runt
708 2718 729 2754 .'

639 2768 709 2846 Et
762 2772 863 2845 ipsi
919 2782 1345 2846 praptenmeam
1391 2772 1806 2846 simulationem,
1858 2779 1904 2825 et
1954 2783 2167 2842 propter

571 2842 826 2915 modicum
847 2842 1195 2915 corruptibilis
1225 2847 1339 2899 vita:
1368 2853 1567 2915 tempus
1590 2843 1913 2913 decipiantur
1933 2885 1948 2907 ,
2000 2854 2045 2896 et
2074 2861 2165 2915 per

568 2912 668 2997 hoc
696 2918 983 2985 maculam,
1004 2912 1171 2989 atque
1190 2912 1589 2972 exsecrationem
1619 2912 1744 2969 mea:
1767 2915 2014 2969 senectuti
2044 2912 2166 2970 con-

569 3001 791 3055 qutram.

646 3056 785 3133 Nam
811 3100 825 3125 ,
853 3060 949 3133 etsi
974 3062 1026 3113 in
1046 3061 1287 3133 prtesenti
1316 3069 1542 3130 tempore
1587 3057 1858 3133 suppliciis
1897 3057 2165 3133 hominum

2188 1735 2236 1796 B

2250 404 2601 460 consolabitur
2626 406 2683 459 in
2712 406 2858 459 nobis
2879 448 2894 470 ,
2924 407 3354 474 quemadmodum
3380 407 3437 460 in
3484 410 3809 474 protestatiotte

2250 478 2434 602 gantici
2456 477 2741 532 declaravit
2772 476 3019 549 Moyses:
3063 476 3131 531 Et
3180 479 3232 532 in
3271 478 3433 533 servis
3459 478 3568 534 suis
3610 482 3809 537 consola-

2282 559 2407 602 itur.

2282 550 2407 603 itur.

2324 619 2534 693 Mortuo
2563 622 2737 693 itaque
2763 621 2858 675 illo
2884 622 3051 693 primo
3070 663 3083 686 ,
3115 622 3210 675 Itoc
3237 622 3389 675 modo
3419 631 3702 690 sequentem
3739 626 3815 680 de-

2251 692 2507 765 ducebant
2542 692 2611 744 ad
2641 692 3001 747 illudendum:
3043 703 3124 755 et,
3176 703 3291 753 cute
3345 693 3536 760 capitis
3574 695 3681 765 ejus
3719 712 3814 751 cum

2252 763 2459 833 capillis
2488 765 2765 829 abstracta,
2794 765 3206 837 interrogabant,
3237 766 3278 818 si
3311 763 3646 820 titanducaret
3664 774 3815 837 prius,

2250 852 2404 907 quam
2434 845 2539 889 toto
2569 851 2785 902 corpore
2812 853 2901 904 per
2930 836 3155 890 membra
3181 837 3387 907 singula
3412 836 3698 907 puniretur.

2326 908 2389 960 At
2422 908 2540 970 ille,
2567 908 2883 977 respondens
2909 909 3079 978 patria
3104 923 3223 961 voce
3241 950 3252 967 ,
3280 906 3415 960 dixit
3445 923 3465 960 :
3492 906 3610 961 Non
3632 910 3817 979 faciam.

2263 977 2489 1047 Propter
2513 981 2651 1047 quod
2687 988 2734 1032 et
2779 981 2895 1045 iste,
2920 981 3149 1050 sequenti
3194 979 3342 1044 loco,
3397 980 3555 1049 primi
3600 977 3823 1036 tormenta

2252 1052 2476 1118 suscepit
2504 1067 2523 1104 .'

2262 1164 2268 1172 .
2326 1120 2396 1193 Et
2420 1124 2473 1175 in
2498 1122 2677 1175 ultimo
2699 1122 2885 1193 spiritu
2909 1124 3247 1189 constitutus,
3274 1121 3349 1174 sic
3371 1121 3485 1193 ait:
3511 1120 3587 1175 Tu
3614 1122 3819 1193 quidem,

2255 1191 2642 1265 scelestissinte,
2676 1191 2735 1247 in»
2775 1197 3018 1265 prtesenti
3048 1196 3151 1248 t-ita
3175 1209 3293 1265 nos
3332 1192 3510 1263 perdis
3557 1209 3576 1247 :
3618 1191 3701 1247 sed
3730 1197 3825 1249 Rex

2256 1264 2435 1318 mundi
2461 1265 2728 1335 defunctos
2760 1264 2850 1319 nos
2887 1283 2985 1335 pro
3013 1266 3121 1321 suis
3165 1264 3362 1336 legibus
3407 1265 3463 1317 itt
3509 1269 3826 1321 teterntevitte

2255 1339 2679 1389 resurrectionem
2703 1338 2989 1392 suscitabit.

2334 1406 2461 1460 Post
2493 1411 2629 1460 hunc
2668 1409 2843 1462 tertius
2874 1409 3145 1477 illuditur,
3196 1407 3519 1477 et-linguam
3565 1408 3828 1476 postulatus

2259 1479 2359 1550 cito
2380 1480 2626 1550 protulit,
2658 1488 2703 1532 ει
2729 1496 2913 1534 ntantts
2939 1489 3233 1535 constanter
3251 1478 3490 1550 extendit
3511 1492 3530 1530 :

2337 1547 2401 1602 Et
2418 1567 2539 1623 cum
2580 1551 2774 1619 fiducia
2800 1554 2875 1606 ait
2902 1568 2921 1605 :
2954 1552 3000 1605 Ε
3024 1552 3150 1607 coelo
3181 1552 3281 1604 ista
3311 1547 3584 1623 possideo,
3608 1551 3691 1623 sed
3714 1568 3825 1623 pro-

2260 1630 2373 1690 pter
2401 1620 2497 1674 Dei
2519 1623 2655 1689 leges
2708 1639 2845 1677 ttttnc
2891 1626 3003 1677 lucc
3058 1626 3171 1694 ipsa
3218 1621 3479 1689 despicio,
3523 1620 3825 1689 quoniainab

2258 1693 2376 1766 ipso
2398 1709 2476 1745 me
2503 1710 2562 1746 ea
2583 1705 2905 1763 recepturum
2924 1693 3121 1766 spero:

2334 1761 2421 1816 Ita
2465 1773 2520 1817 ut
2568 1761 2766 1838 rer,et
2790 1769 2876 1834 qui
2897 1761 3013 1818 cum
3036 1767 3147 1838 ipso
3173 1762 3692 1838 eran_t_,_mirarentur
3713 1764 3829 1818 ado-

2262 1836 2502 1909 lescentis
2523 1837 2778 1905 animum,
2804 1841 2942 1908 quod
2970 1835 3230 1909 tamquam
3257 1835 3481 1890 nihilum
3509 1836 3706 1892 duceret
3730 1852 3833 1889 cru-

2262 1907 2445 1961 cintus.

2338 1976 2405 2032 Et
2452 1978 2549 2033 hnc
2590 1979 2663 2032 ita
2715 1981 2989 2051 defuncto,
3041 1990 3280 2051 quartum
3330 1977 3579 2033 vexabant
3623 1978 3833 2033 similiter

2265 2059 2581 2120 torquentes.

2336 2122 2590 2195 Elpeum
2629 2124 2745 2195 jam
2793 2134 2922 2179 esset
2958 2125 3026 2178 ad
3082 2135 3333 2191 mortem,
3378 2123 3455 2176 sic
3501 2122 3612 2176 ait:
3667 2121 3827 2195 Potius

2265 2203 2338 2248 est
2360 2194 2422 2247 ab
2451 2192 2746 2250 hominibus
2788 2198 2941 2251 morti
2982 2198 3130 2251 datos
3160 2211 3302 2262 spem
3327 2204 3621 2264 exspectare
3657 2212 3686 2246 a
3706 2193 3796 2247 Dea
3815 2236 3831 2255 ,

2263 2265 2449 2338 iterum
2477 2266 2540 2320 ab
2562 2266 3072 2338 ipsoresttscitandos
3096 2284 3115 2324 :
3155 2270 3245 2323 tibi
3274 2269 3411 2321 enim
3455 2266 3747 2321 resurrectio
3771 2268 3833 2318 ad

2264 2337 2423 2390 vitam
2449 2354 2551 2391 non
2576 2338 2693 2394 erit.

2438 2424 2553 2491 cum
2574 2411 2917 2492 admovissent
2938 2414 3207 2487 quintum,
3238 2411 3490 2467 vexabant
3517 2426 3650 2465 eum.
3668 2406 3833 2475 Atiiie,

2264 2496 2540 2552 resprcsens
2568 2497 2621 2535 τη
2640 2500 2755 2537 eum
2772 2525 2787 2552 ,

2338 2551 2515 2606 Dixit:
2541 2552 2851 2611 Potestatem
2872 2558 3005 2612 inter
3025 2557 3256 2613 homines
3267 2554 3485 2619 habens,
3516 2568 3628 2607 cum
3654 2553 3718 2606 sis
3738 2567 3839 2606 eor-

2266 2624 2559 2693 ruptibilis,
2599 2626 2743 2701 _facis
2784 2629 2923 2701 quod
2951 2631 3024 2685 vis
3056 2646 3075 2685 :
3116 2629 3220 2683 noli
3267 2636 3441 2681 autem
3491 2634 3668 2695 putare
3696 2638 3836 2695 genus

2268 2704 2502 2750 nostrum
2522 2713 2553 2749 a
2587 2694 2696 2751 Deo
2726 2694 2837 2756 esse
2860 2701 3161 2756 derelictum
3181 2717 3199 2753 :

2338 2764 2419 2819 Tu
2448 2778 2619 2841 autem
2636 2771 2888 2837 patienter
2913 2776 3109 2828 sustine
3127 2818 3141 2840 ,
3173 2780 3219 2827 et
3247 2768 3436 2823 videbis
3454 2775 3839 2841 magnantpotc-

2265 2845 2450 2909 statem
2473 2840 2635 2907 ipsius
2653 2881 2668 2905 ,
2691 2843 2913 2908 qualiter
2935 2858 2981 2898 te
3005 2887 3020 2907 ,
3051 2855 3097 2899 et
3119 2858 3291 2899 semen
3323 2853 3467 2894 tuum
3492 2839 3751 2909 torquebit.

2342 2907 2468 2963 Post
2494 2909 2631 2963 hunc
2659 2912 2911 2969 ducebant
2939 2926 3141 2971 sextum
3161 2957 3175 2980 ,
3208 2923 3255 2969 ct
3285 2914 3328 2966 is
3354 2954 3368 2975 ,
3402 2912 3535 2966 mori
3579 2907 3838 2980 incipiens,

2267 2980 2342 3055 sic
2369 2983 2443 3034 ait
2467 2998 2485 3055 ς
2515 2980 2645 3037 Noli
2671 2987 2866 3052 frustra
2894 3004 3065 3042 errare
3087 3003 3104 3042 :
3126 3003 3220 3040 nos
3250 2986 3385 3039 cnint
3407 2994 3618 3055 propter
3644 2987 3840 3034 nistnet-

2269 3053 2410 3129 ipsos
2457 3052 2567 3129 hinc
2586 3126 2598 3129 _
2620 3060 2874 3125 patimur,
2907 3068 3172 3129 peccantes
3220 3058 3295 3129 in,
3321 3052 3486 3129 Deum
3516 3062 3771 3117 nostrum,
3797 3058 3841 3103 et

571 3126 766 3203 eripior
786 3122 917 3203 ,sed
946 3122 1157 3186 manum
1204 3122 1581 3203 Ontnipotentis
1606 3122 1698 3184 nec
1726 3131 1868 3184 vivus
1894 3174 1909 3199 ,
1939 3147 2034 3184 nec
2076 3131 2166 3186 de-
2195 3122 2241 3186 C
2270 3122 2429 3203 digga
2458 3125 2803 3182 admiratione
2834 3122 2969 3199 faeta
2988 3142 3103 3203 sunt
3131 3131 3185 3203 in
3212 3128 3357 3182 nobis
3383 3143 3402 3181 :

573 3201 785 3271 functus
816 3200 1081 3271 effugiant.

652 3268 823 3342 Quam
862 3268 939 3325 ob'
971 3288 1081 3326 rem
1128 3274 1331 3342 fortiter
1382 3274 1485 3327 vita
1531 3274 1860 3342 excedenda,
1913 3282 2173 3328 senectute

572 3339 789 3413 quidem
818 3342 1005 3412 dignus
1036 3339 1299 3413 apparebo
1327 3360 1346 3397 :
1420 3398 1425 3407 ,

644 3410 1080 3486 Adulescentibus
1101 3410 1272 3468 autent
1299 3415 1593 3483 exemplum
1613 3416 1747 3485 forte
1769 3417 2057 3486 relinquam
2085 3462 2100 3485 ,
2130 3420 2175 3473 si

578 3493 819 3559 prompto
847 3485 1056 3559 animo,
1082 3501 1144 3539 ac
1175 3485 1376 3555 fortiter
1400 3503 1492 3554 pro
1524 3487 1842 3559 gravissimis
1869 3504 1930 3559 ac
1957 3490 2175 3542 sanctis-

575 3553 719 3629 simis
772 3554 972 3629 legibus
1022 3553 1235 3611 honesta
1286 3553 1465 3629 morte
1513 3553 1815 3629 perfuttgar.
1869 3557 1971 3613 His
2023 3559 2175 3615 dictis

578 3624 848 3749 coﬂestim
875 3627 944 3680 ad
960 3629 1273 3699 supplicium
1301 3624 1623 3684 trahebatur;

708 3697 724 3748 i
753 3709 927 3749 autem
945 3740 960 3749 .
992 3701 1082 3749 aui
1110 3715 1227 3749 eum
1249 3699 1535 3749 ducebant-
1568 3710 1613 3749 et

638 3697 724 3777 i
753 3709 927 3777 autent
945 3740 973 3777 ,Α
992 3697 1082 3770 qui
1110 3715 1227 3753 eunt
1249 3699 1535 3777 ducebant,
1568 3710 1613 3755 et
1640 3698 1800 3772 paulo
1826 3710 1946 3755 ante
1968 3702 2176 3777 fuerant

578 3769 807 3845 mitiores
830 3816 844 3840 ,
874 3771 929 3825 in
956 3769 1089 3845 iram
1117 3773 1353 3826 conversi
1377 3781 1501 3826 sunt
1524 3769 1733 3845 propter
1753 3769 2010 3828 sermones
2038 3773 2177 3829 abeo

579 3838 777 3964 gictqs,
826 3838 953 3913 quos
982 3844 1062 3899 illi
1121 3859 1210 3913 per
1252 3838 1631 3917 arrOgantiitm'
1660 3844 1891 3915 prolatos
1949 3845 2175 3901 arbitra-

615 3926 682 3963 an
712 3927 793 3964 ur.

615 3919 793 3968 antur.

654 3980 790 4061 Sed,
822 4002 940 4039 cum
968 3986 1139 4061 plagis
1167 3986 1529 4057 perimerelttr,
1572 3988 1850 4061 ingemuit,
1898 3998 1963 4061 et
1991 3988 2127 4044 dixit
2156 4005 2177 4044 :

580 4051 846 4132 Domine,
887 4051 981 4128 qui
1002 4051 1415 4113 Ita'bes'sanctam
1442 4051 1743 4124 scientiam,
1794 4051 2067 4132 manifeste
2123 4069 2181 4115 tu

581 4126 716 4199 scis,
749 4129 870 4196 quia
885 4126 909 4194 ,⁷
933 4145 1052 4182 cum
1082 4146 1114 4182 a
1152 4141 1315 4183 ntorte
1344 4146 1542 4199 possem
1571 4132 1779 4185 liberari
1798 4174 1812 4195 ,
1859 4126 2019 4186 duros
2063 4148 2176 4185 cor-

583 4198 725 4275 peris
750 4200 976 4254 sustineo
1000 4201 1205 4275 dolores
1222 4215 1242 4253 :
1264 4198 1546 4275 secundum
1568 4203 1796 4256 animam
1824 4221 1940 4259 vero
1970 4213 2179 4275 propter

580 4267 814 4342 timerent
842 4281 985 4325 tuum
1012 4270 1227 4326 libenter
1254 4272 1364 4326 haec
1393 4274 1582 4342 patior.

655 4338 722 4393 Et
753 4342 847 4397 iste
866 4343 1071 4412 quidem
1121 4344 1218 4396 hoc
1247 4338 1402 4398 modo
1422 4344 1526 4398 vita
1565 4344 1781 4400 decessit
1807 4387 1823 4411 ,
1876 4363 1979 4401 non
2008 4348 2177 4401 solum

570 4413 879 4488 jupenibus,
904 4418 994 4469 sed
1018 4427 1064 4469 et
1092 4417 1342 4469 universa:
1369 4417 1832 4488 gentiqmemoriam
1857 4418 2040 4472 mortis
2069 4433 2179 4473 sua:

579 4481 650 4539 ad
674 4487 967 4558 exemplum
998 4487 1201 4543 virtutis
1225 4498 1272 4542 et
1300 4481 1623 4560 fortitudinis
1644 4486 2031 4560 derelinquens.

1191 4606 1421 4666 CAPUT
1462 4607 1574 4664 VH.

650 4696 880 4772 Contigit
904 4706 1074 4754 autem
1106 4708 1156 4754 et
1176 4709 1372 4772 septem
1402 4701 1590 4772 fratres
1618 4718 1725 4756 una
1753 4717 1869 4755 cum
1899 4709 2061 4756 matre
2086 4719 2183 4757 sua

581 4771 929 4856 appreltensos
959 4770 1205 4855 compelli
1231 4770 1264 4826 a
1314 4770 1430 4856 rege
1454 4772 1602 4856 edere
1648 4785 1829 4828 contra
1872 4774 1953 4845 fas
2001 4789 2182 4829 carnes

584 4841 854 4915 porcinas,
886 4841 1104 4915 flagris,
1132 4852 1180 4897 et
1213 4841 1408 4899 laureis
1433 4846 1710 4901 cruciatos.

659 4909 805 4967 Unus
827 4909 995 4967 autem
1022 4931 1087 4969 ex
1113 4916 1368 4988 illis,qui
1396 4926 1506 4971 erat
1530 4919 1728 4988 primus
1747 4961 1761 4985 ,
1793 4916 1867 4971 sic
1896 4918 1968 4970 ait
1998 4933 2017 4971 :
2045 4915 2181 4983 Quid

578 4988 770 5061 quieris
797 5026 812 5051 ,
862 4996 911 5061 et
963 4988 1092 5057 quid
1130 4988 1209 5061 vis
1238 4987 1434 5061 discere
1470 4987 1742 5061 ,afnobis?
1789 4988 1959 5061 parati
1998 5004 2177 5043 sutttus

581 5056 736 5131 mori,
760 5058 949 5131 magis,
975 5055 1137 5127 quani
1157 5060 1355 5128 patrias
1383 5059 1479 5114 Dei
1517 5060 1651 5128 leges
1674 5055 2027 5131 prwvaricari.

654 5124 1029 5216 Iratus'itaqu'e
1056 5124 1166 5186 rex'
1179 5131 1342 5215 jussit
1371 5124 1690 5216 sartagines,
1733 5142 1783 5187 et
1832 5130 1963 5186 ollas
2008 5147 2177 5188 aeneas

580 5201 857 5271 succendi:
885 5201 1069 5271 quibus
1090 5201 1267 5257 statim
1291 5201 1578 5270 succensis,

651 5268 918 5341 Jussitei,
959 5277 1051 5345 qui
1079 5276 1222 5345 prior
1251 5279 1420 5341 fuerat
1482 5268 1714 5343 locutus,
1756 5277 2020 5347 amputari
2071 5274 2176 5330 lin-

583 5358 742 5414 guaat
775 5359 794 5398 :
823 5352 894 5410 et,
948 5355 1063 5399 cute
1110 5347 1297 5407 capitis
1342 5346 1644 5414 abstracta,
1705 5346 1931 5402 summus
1978 5364 2179 5417 quoque

584 5430 768 5469 manus
808 5424 871 5491 et_
897 5417 1050 5491 pedes
1076 5420 1123 5473 ei
1138 5489 1145 5491 Α
1174 5417 1450 5486 prwscindi
1465 5459 1481 5485 ,
1528 5420 1726 5475 cieteris
1774 5423 1887 5491 ejus
1937 5420 2186 5489 fratribus

583 5494 631 5540 et
666 5495 835 5542 matre
854 5488 1263 5556 inspicientibus.

657 5557 755 5623 Et,
780 5575 899 5634 cum
926 5561 1038 5630 jam
1065 5576 1157 5633 per
1197 5560 1370 5634 omnia
1390 5560 1591 5618 inutilis
1617 5566 1786 5633 factus
1818 5570 1983 5627 esset,
2022 5564 2185 5634 jussit

580 5630 751 5703 ignem
784 5630 1077 5703 admoveri,
1110 5643 1157 5687 et
1198 5632 1369 5686 adhuc
1388 5630 1669 5703 spirantem
1700 5636 1887 5688 torreri
1934 5634 1986 5687 in
2018 5630 2187 5688 sarta-

579 5701 700 5768 giae
730 5715 749 5752 :
790 5702 848 5754 in
888 5718 988 5771 qua
1030 5720 1147 5758 cunt
1194 5703 1286 5756 diu
1330 5701 1687 5768 cruciaretur,
1729 5706 1897 5761 cteteri
1925 5722 2027 5761 una
2072 5721 2187 5761 cum

579 5777 746 5824 matre
774 5771 988 5827 invicem
1017 5790 1071 5829 se
1099 5773 1442 5829 hortabantur
1466 5776 1597 5830 mori
1617 5775 1857 5845 fortiter,

2350 3194 2425 3249 Tit
2453 3204 2631 3272 autem
2670 3215 2733 3254 ne
2757 3193 3017 3256 existimes
3048 3202 3139 3255 tibi
3164 3202 3377 3272 impune
3407 3201 3646 3271 futurum
3668 3239 3683 3263 ,
3720 3193 3839 3266 quod

2273 3277 2453 3343 con_tra
2481 3265 2645 3323 Deum
2674 3288 2909 3343 pugnare
2939 3274 3240 3328 tentaveris.

2348 3340 2525 3411 Supra
2561 3340 2779 3396 modum
2820 3355 2995 3397 autent
3021 3354 3189 3398 mater
3218 3340 3513 3405 mirabilis,
3545 3349 3593 3395 et
3623 3340 3841 3411 bonorum

2274 3412 2523 3488 memoria
2552 3414 2734 3483 ιίίθηαν
2768 3432 2884 3484 qua:
2908 3426 3181 3488 pereuntes
3208 3424 3407 3480 septem
3430 3414 3571 3488 filios
3594 3410 3685 3464 sub
3709 3410 3840 3462 tritius

2276 3481 2380 3535 diei
2408 3481 2635 3554 tempore
2666 3481 2992 3555 conspiciens
3017 3527 3033 3550 ,
3078 3487 3209 3541 bona
3229 3487 3407 3540 animo
3433 3481 3633 3556 ferebat
3660 3489 3842 3554 prop!"

2276 3569 2442 3633 spent,
2466 3571 2621 3633 quant
2650 3557 2713 3633 in
2736 3556 2907 3611 Deunt
2922 3559 3150 3633 habebat
3176 3574 3194 3611 :
3574 3626 3585 3633 _
3677 3628 3691 3633 _
3766 3622 3777 3633 ,

2349 3624 2608 3698 Singulos
2650 3629 2869 3683 illorum
2912 3629 3224 3683 hortabatur
3272 3643 3398 3683 voce
3445 3626 3619 3698 patria
3664 3624 3842 3698 fortiter

2275 3694 2473 3778 repleta
2513 3700 2812 3778 sapientia:
2839 3711 2885 3755 et
2919 3702 3157 3772 feminea:
3191 3694 3497 3772 cogitationi
3525 3694 3839 3751 masculinum

2278 3783 2511 3822 antntunt
2538 3788 2769 3827 inserens
2796 3788 2814 3826 .'

2351 3837 2498 3916 Dixit
2527 3841 2597 3895 ad
2627 3859 2712 3897 eas
2738 3860 2757 3897 :
2791 3842 2985 3898 Nescio
3014 3844 3243 3915 qualiter
3279 3843 3333 3897 in
3375 3851 3523 3916 utero
3561 3857 3670 3896 meo
3696 3852 3840 3916 appaj

2278 3911 2458 3988 ruistis
2481 3930 2500 3966 :
2549 3931 2711 3979 neque
2760 3917 2894 3969 enim
2919 3987 2923 3988 ν
2946 3910 3309 3988 egospiritunt
3339 3921 3387 3968 et
3418 3915 3650 3969 animant
3679 3910 3841 3988 donari

2278 3982 2421 4037 vobis
2447 4028 2461 4052 ,
2495 3994 2542 4069 et
2581 3988 2774 4053 vitam,
2806 3995 2855 4041 et
2881 3982 3212 4058 singulorum
3239 3988 3466 4040 membra
3498 4001 3602 4039 non
3633 3999 3722 4054 ego
3747 3982 3843 4050 ipsa

2279 4071 2511 4126 compegt
2538 4074 2557 4112 :

2354 4123 2627 4183 sed—enim
2654 4130 2839 4184 mundi
2863 4129 3100 4195 Creator,
3123 4131 3214 4201 qui
3243 4130 3488 4199 formavit
3518 4123 3739 4180 hominis
3764 4136 3843 4202 na-

2281 4201 2561 4277 tivitatem,
2595 4202 2783 4277 quique
2826 4203 3074 4277 omnium
3101 4202 3611 4277 invenitoriginent,
3643 4207 3686 4250 et
3712 4201 3846 4277 spri-

2280 4283 2389 4328 tum
2421 4272 2560 4325 vobis
2615 4276 2801 4326 iterum
2846 4289 2967 4326 cum
3004 4273 3369 4327 misericordia
3412 4274 3590 4327 reddet
3619 4280 3664 4324 et
3686 4272 3841 4327 vitam,

2280 4346 2413 4400 sicut
2438 4360 2577 4416 nunc
2606 4346 2941 4415 vosmetipsos
2965 4344 3231 4414 despicitis
3259 4354 3473 4416 propter
3499 4343 3632 4413 leges
3657 4341 3776 4416 ejus;

2353 4415 2642 4470 Antiochus
2672 4405 2847 4470 autem
2871 4456 2886 4481 ,
2934 4405 3190 4470 contemni
3219 4405 3273 4470 se.
3304 4405 3844 4487 arbitratus,qsi'tuul.et

2209 4508 2263 4570 ι)
2287 4487 2649 4556 exprobrantis
2678 4503 2799 4543 voce
2826 4488 3253 4570 despectui-cum
3287 4488 3463 4570 adhuc
3501 4485 3846 4570 adolqscen‘t‘itlr

2285 4554 2609 4627 superesset,
2641 4575 2745 4612 non
2783 4554 2951 4612 solum
2982 4557 3147 4611 verbis
3186 4556 3515 4621 hortabatur,
3559 4554 3646 4627 sed
3675 4560 3716 4605 et
3744 4562 3844 4601 tum

2276 4625 2582 4705 jurarnento
2611 4629 2924 4705 afﬁrmabat,
2955 4646 3007 4705 se
3034 4628 3247 4705 divitem
3275 4640 3323 4705 et
3354 4631 3559 4705 beatum
3572 4625 3842 4705 facturum,

2284 4695 2333 4758 et
2361 4695 2678 4757 translatum
2707 4718 2739 4755 a
2769 4695 2952 4772 patriis
2982 4701 3178 4771 legibus
3207 4702 3432 4756 anticunt
3463 4695 3780 4758 habiturum,
3805 4695 3843 4742 et

2284 4792 2365 4830 res
2393 4774 2716 4846 necessarias
2749 4774 2796 4827 ei
2821 4772 3185 4846 prwbiturum.
3600 4842 3611 4846 Α
3687 4835 3713 4846 __

2358 4846 2462 4902 Sed
2488 4844 2558 4897 ad
2588 4844 2700 4898 hmc
2728 4840 2843 4898 cum
2872 4842 3176 4898 adolescens
3219 4859 3551 4915 nequaquam
3593 4840 3846 4915 inclinare.

2284 4927 2370 4974 tur
2397 4960 2412 4982 ,
2464 4918 2664 4971 vocavit
2712 4933 2807 4971 rex
2836 4925 3052 4969 matrem
3076 4956 3092 4982 ,
3135 4928 3182 4972 et
3211 4904 3465 4971 suadebat
3492 4915 3537 4970 ei
3565 4955 3580 4979 ,
3608 4918 3664 4965 ut
3690 4904 3843 4961 adole-

2260 4990 2446 5046 scenti
2471 4991 2616 5058 fieret
2646 4989 2699 5042 in
2726 4988 2965 5041 salutem.

2356 5061 2485 5116 Cum
2513 5069 2684 5114 autent
2714 5061 2889 5113 ntultis
2931 5074 3045 5112 eam
3093 5060 3255 5114 verbis
3286 5068 3419 5113 esset
3448 5060 3712 5117 hortatus,
3741 5060 3844 5118 pm'

2284 5136 2424 5188 misit
2453 5148 2727 5186 suasuram
2757 5148 2812 5185 se
2834 5129 2948 5199 ﬁlio
2984 5147 3106 5184 suo.

2358 5203 2544 5274 Itaque
2584 5204 2834 5257 inclinata
2862 5202 2931 5254 ad
2957 5202 3109 5274 illud,
3150 5202 3373 5255 irridens
3406 5201 3669 5274 crudelem
3694 5209 3841 5270 tyranc

2286 5294 2409 5332 nunt
2434 5271 2553 5341 {ait
2583 5276 2755 5342 patria
2784 5288 2940 5327 voce:
2972 5271 3083 5327 Fili
3111 5274 3183 5327 mi
3206 5319 3220 5340 ,
3266 5274 3516 5328 miserere
3540 5273 3657 5335 mei,
3686 5283 3782 5345 «μα’
3804 5274 3840 5345 te

2286 5351 2340 5402 in
2367 5359 2515 5402 utero
2543 5363 2720 5399 novem
2751 5345 3012 5399 mensibus
3044 5346 3269 5413 portasi,
3298 5353 3349 5397 et
3371 5344 3456 5398 lac
3484 5347 3700 5399 triennio
3721 5343 3834 5402 deut,

2285 5431 2336 5475 et
2364 5418 2501 5486 alui,
2530 5429 2578 5472 et
2610 5419 2662 5471 in
2688 5426 2895 5472 aetatem
2920 5417 3072 5468 istaut
3099 5415 3338 5487 perduxi.
3518 5470 3525 5476 ,

2366 5475 2528 5557 Peto,
2563 5497 2680 5541 nate
2704 5531 2719 5555 ,
2756 5499 2808 5543 ut
2835 5488 3062 5555 aspicias
3087 5475 3153 5561 ad
3180 5486 3364 5561 uelum
3391 5498 3439 5541 et
3468 5498 3660 5540 terram
3683 5526 3696 5546 ,
3723 5475 3838 5561 etuti

2288 5564 2462 5617 omnia
2491 5552 2606 5632 quin
2636 5552 2791 5614 inrcis
2832 5552 2958 5632 sunt
2979 5574 2998 5613 :
3026 5570 3075 5612 et
3113 5559 3374 5626 intelligas
3400 5601 3415 5626 ,
3457 5562 3585 5630 quia
3622 5574 3682 5612 ex
3706 5552 3838 5610 nihilo

2288 5636 2409 5706 fecit
2431 5630 2525 5688 illa
2551 5632 2714 5698 Deus,
2748 5642 2796 5685 et
2820 5630 3089 5706 hominum
3110 5645 3270 5706 genus
3295 5644 3312 5681 :

2362 5703 2447 5759 Ita
2475 5708 2585 5774 ﬁet,
2616 5713 2673 5759 ut
2704 5720 2806 5757 non
2832 5702 3010 5756 timeas
3038 5700 3334 5774 carnificem
3358 5701 3537 5774 istum,
3568 5701 3656 5757 sed
3683 5699 3840 5773 dignus

2291 5777 2536 5846 fratribus
2567 5777 2668 5833 tuis
2692 5774 2906 5845 effectus
2933 5773 3211 5843 particeps,
3239 5773 3445 5842 suscipe
3469 5784 3702 5839 mortem,
3729 5778 3774 5824 ut
3797 5778 3838 5815 nt
