3918 6192
130 283 211 336 tll'l
1265 275 1466 338 LIBER
1504 275 1547 337 ll
1587 275 2166 339 MACHABAIOBUM.

188 392 333 444 λυ(ίωὶ
385 409 522 456 vero,
577 392 663 462 qui
707 390 934 462 tenebant
971 397 1304 462 opportunas
1345 391 1676 462 munitiones,
1707 393 1757 454 Δ

130 468 305 533 fugatos
337 465 398 517 ab
424 459 766 532 Jerosolymis
791 459 1158 529 suscipiebant,
1201 471 1248 516 et
1281 459 1472 517 bellare
1510 472 1678 517 tenta-

130 533 250 586 bant.

187 605 251 658 lli
272 623 375 658 rero
405 605 494 676 qui
516 615 662 658 erant
694 620 804 657 cum
828 601 1259 674 Machabazo,pcr
1285 605 1542 659 orationes
1570 603 1681 659 Do-

126 676 569 749 minumrogantes.
588 687 642 728 ut
662 686 785 728 esset
807 675 902 729 sibi
917 676 1150 747 adjutor,
1172 676 1419 749 impetum
1447 681 1678 747 fecerunt

126 747 165 799 in
187 747 470 802 munitiones
510 746 873 801 lduma‘orum.

180 817 423 887 Multaque
452 819 500 872 vi
540 819 845 884 insistentes,
879 817 990 872 loca
1027 817 1376 882 obtinuerunt,
1404 835 1680 874 occurren-

122 894 592 962 lesinteremerunt,
640 900 689 944 et
731 905 897 944 omnes
936 889 1091 944 simul
1137 907 1239 945 non
1279 892 1448 946 ntinus
1502 891 1680 962 viginti

123 960 309 1014 millibus
337 961 747 1014 trucidaverunt.

175 1031 372 1100 Quidam
390 1042 587 1097 autem,
614 1049 727 1085 citur
751 1033 1096 1102 confugissent
1120 1033 1171 1087 in
1195 1032 1322 1088 duas
1344 1041 1510 1089 turres
1533 1034 1679 1088 valde

123 1105 321 1175 munitas,
344 1120 547 1157 onmem
568 1114 875 1174 apparatum
898 1105 966 1156 ad
994 1105 1388 1175 repugnantium
1411 1105 1673 1169 habentes,

172 1173 479 1246 Machameus
529 1175 600 1229 ad
640 1173 821 1228 eorum
866 1173 1321 1246 eg'pugnationem,
1363 1177 1541 1230 relicto
1590 1177 1680 1231 Si-

121 1263 252 1311 mone,
274 1257 320 1300 et
344 1244 594 1317 Josepho,
623 1247 840 1315 itemque
863 1244 1104 1310 Zachazo,
1130 1249 1276 1314 eique
1294 1249 1383 1314 qui
1412 1263 1528 1301 cum
1553 1247 1678 1317 ipsis

116 1328 245 1390 erant,
276 1319 398 1372 satis
442 1318 642 1383 multis,
673 1318 777 1389 ipse
801 1319 871 1372 ad
897 1334 1003 1382 eas,
1032 1333 1145 1390 qua:
1181 1319 1404 1390 amplius
1434 1334 1676 1389 perurge-

114 1389 226 1452 bant,
249 1406 443 1459 pugnas
466 1405 742 1444 conversus
763 1399 860 1444 est.

161 1459 225 1513 lli
251 1477 382 1532 rero,
416 1461 504 1532 qui
531 1477 649 1514 cum
677 1459 889 1515 Simone
911 1470 1055 1516 erant
1075 1502 1088 1526 ,
1121 1461 1404 1529 cupiditate
1448 1460 1610 1527 ducti,
1643 1478 1676 1515 a

109 1531 394 1600 quibusdam,
429 1533 514 1602 qui
536 1533 586 1585 in
619 1533 849 1584 turribus
885 1543 1052 1600 erant,
1085 1535 1229 1588 suasi
1265 1541 1386 1585 sunt
1417 1535 1674 1601 pecunia:

108 1613 139 1656 et
157 1606 464 1672 septuaginta
489 1602 723 1657 millibus
753 1602 1074 1658 didrachmis
1095 1604 1339 1673 acceptis,
1367 1604 1673 1658 dimiserunt

106 1677 316 1745 quasdam
346 1673 594 1745 effugere.

157 1744 269 1799 Cum
290 1744 470 1800 autem
491 1745 794 1801 Machabtco
823 1747 1115 1800 nuntiatum
1147 1757 1272 1801 esset
1301 1750 1437 1815 quod
1477 1747 1670 1817 factum

102 1828 174 1881 est,
197 1817 503 1888 principibus
531 1820 710 1890 populi
736 1819 1079 1890 congregatis,
1109 1819 1388 1883 accusavit,
1415 1819 1552 1888 quod
1581 1835 1670 1889 pe-

101 1891 227 1941 cunia
247 1891 432 1959 fratres
461 1888 806 1943 vendidissent
835 1888 849 1953 ,
878 1890 1189 1943 adversariis
1209 1907 1386 1944 eorum
1417 1888 1665 1944 dimissis.

155 1959 255 2014 llos
283 1961 438 2030 igitur
467 1960 758 2029 proditores
786 1960 956 2027 factos
1000 1959 1276 2030 interfecit,
1319 1971 1364 2016 et
1400 1962 1668 2032 confestim

99 2031 208 2085 «litus
228 2043 385 2085 turres
407 2033 696 2100 occupavit,

155 2105 309 2156 Armis
333 2112 526 2169 autem,
551 2118 614 2155 ac
643 2102 885 2157 manibus
915 2104 1087 2157 omnia
1116 2119 1358 2174 prospere
1384 2103 1584 2174 agendo
1614 2104 1666 2156 in

96 2175 270 2246 duabus
295 2174 665 2228 munitionibus
694 2174 812 2244 plus
836 2191 988 2246 quam
1021 2175 1197 2244 viginti
1226 2173 1394 2228 millia
1422 2173 1664 2246 peremit.

157 2247 210 2297 At
242 2245 553 2310 Timotheus,
585 2247 674 2316 qui
697 2243 848 2315 prius
885 2263 918 2300 a
941 2243 1140 2317 Juda'is
1171 2245 1340 2317 fuerat
1371 2243 1665 2317 superatus,

96 2325 342 2371 convocato
378 2319 604 2372 exercitu
641 2319 924 2388 peregrina:
968 2316 1337 2388 multitudinis,
1374 2316 1666 2388 etcongre-

95 2401 191 2455 gata
212 2391 434 2459 equitatu
460 2391 679 2456 Asiana,
705 2387 913 2442 advenit
935 2389 1079 2459 quasi
1102 2387 1262 2441 armis
1279 2387 1520 2442 Judwam
1546 2387 1669 2458 cap-

93 2469 237 2513 turus.

151 2531 474 2586 Machabceus
499 2540 692 2598 autem,
719 2541 767 2586 et
787 2531 874 2602 qui
899 2548 1014 2586 cum
1039 2531 1150 2600 ipso
1177 2541 1349 2598 erant,
1382 2531 1667 2602 appmpin-

90 2614 258 2669 quante
288 2603 402 2669 illa,
441 2604 854 2671 deprecabantur
884 2602 1186 2669 Dominum,
1218 2611 1372 2672 caput
1403 2612 1540 2656 terra
1584 2619 1667 2657 as-

89 2684 350 2744 pergentes,
387 2675 683 2746 lumbosque
705 2674 890 2728 ciliciis
916 2674 1203 2746 prcucincti.

150 2747 222 2798 Ad
260 2748 441 2800 altaris
487 2744 802 2814 crepidinem
845 2744 1122 2816 provoluti,
1151 2754 1206 2797 ut
1249 2744 1346 2798 sibi
1385 2746 1664 2816 propitius,

86 2818 286 2871 inimicis
314 2827 484 2872 autem
506 2834 683 2872 eorum
715 2827 843 2871 esset
870 2817 1134 2884 inimicus,
1166 2825 1210 2869 et
1240 2816 1552 2871 aduersariis
1575 2817 1646 2870 ad
1656 2846 1671 2857 -

88 2899 311 2952 versetur,
344 2891 472 2944 sicut
499 2890 584 2943 lea:
611 2889 755 2942 dicit.

148 2957 210 3013 Et
231 2963 300 3013 ita
322 2972 437 3031 post
464 2962 771 3027 orationem,
798 2960 1013 3031 sumptis
1033 2958 1434 3031 armis,_longius
1453 2958 1518 3013 de
1545 2961 1670 3014 civi-

86 3043 174 3083 tate
192 3029 544 3099 procedentes,
568 3042 615 3087 et
645 3032 866 3097 proximi
887 3029 1117 3084 hostibus
1146 3029 1311 3096 effecti
1348 3031 1666 3085 resederunt.

147 3102 323 3156 Primo
362 3114 529 3157 autem
565 3103 690 3157 solis
740 3111 854 3156 ortu
897 3101 1098 3170 utrique
1131 3101 1496 3155 commiserunt
1539 3118 1558 3155 :
1585 3103 1670 3156 isti

83 3175 278 3246 quidem
303 3176 549 3239 victoriae,
581 3187 629 3229 et
651 3174 1011 3246 prosperitatis
1031 3188 1328 3246 sponsorem
1349 3187 1466 3246 cum
1489 3176 1671 3246 virtute

85 3243 353 3299 Dominum
395 3242 684 3302 habentes:
726 3242 805 3299 illi
850 3254 1022 3298 autem
1058 3242 1244 3298 ducem
1287 3242 1407 3298 belli
1441 3245 1671 3299 animum

83 3317 346 3372 habebant.

143 3387 270 3453 Sed,
300 3408 416 3444 cum
444 3390 711 3444 vehemens
735 3404 908 3458 pugna
931 3395 1086 3450 esset,
1117 3396 1471 3454 apparuerunt
1493 3389 1672 3442 adver-

80 3462 222 3515 sariis
244 3462 310 3516 de
329 3463 452 3516 ctelo
476 3463 567 3515 viri
590 3463 813 3531 quinque
834 3461 887 3513 in
911 3459 1073 3528 equis,
1099 3459 1258 3529 frenis
1278 3460 1449 3514 aureis
1470 3459 1668 3526 decori,

81 3531 318 3586 ducatum
348 3532 544 3587 Judwis
572 3542 874 3601 pra’stantes
901 3547 919 3584 :

145 3601 225 3657 Ex
244 3606 429 3674 quibus
453 3604 556 3658 duo
573 3599 941 3657 Machabtvum
966 3601 1192 3655 medium
1219 3599 1483 3674 habentes,
1511 3603 1671 3656 armis

77 3675 173 3728 suis
203 3673 601 3745 circumseptum
627 3676 937 3728 incolumem
967 3673 1334 3727 conservabant
1356 3689 1373 3725 :
1397 3673 1452 3726 in
1482 3674 1672 3728 adver-

77 3749 234 3801 sarios
263 3760 434 3801 autem
465 3748 590 3813 tela,
624 3757 668 3800 et
691 3746 916 3816 fulmina
928 3746 1213 3816 jaciebant,
1241 3761 1303 3816 er
1327 3760 1428 3814 quo
1453 3753 1501 3798 et
1525 3746 1672 3800 cwci-

77 3824 171 3890 tate
193 3821 422 3888 confusi,
447 3830 493 3873 et
519 3818 700 3890 repleti
724 3815 1110 3890 perturbatione
1131 3815 1399 3890 cadebant.

137 3887 411 3954 Interfecti
457 3887 583 3945 sunt
635 3887 806 3943 autem
853 3887 1030 3959 viginti
1075 3887 1242 3942 millia
1286 3888 1577 3958 quingenti,
1627 3897 1678 3943 et

75 3961 259 4026 equites
283 3964 530 4017 sexcenti.

138 4031 460 4088 Timothams
515 4049 632 4088 vero
671 4023 906 4104 confugit
952 4033 1005 4086 in
1055 4031 1314 4086 Casuram
1371 4031 1674 4100 praesidium

75 4105 349 4177 munitum,
375 4107 454 4159 cui
479 4117 698 4177 prwerat
723 4105 980 4159 Chera’as.

137 4173 701 4242 Jlachabwusbutem,
735 4188 783 4230 ct
803 4177 890 4247 qui
919 4191 1034 4230 cum
1055 4191 1115 4230 eo
1137 4183 1304 4242 erant,
1337 4173 1568 4228 (tutantes
1587 4173 1677 4230 ob-

73 4247 316 4302 sederunt
348 4250 645 4320 prccsidium
673 4247 851 4302 diebus
880 4257 1125 4320 quatuor.

133 4321 199 4371 At
230 4319 315 4386 hi,
348 4317 444 4390 qui
480 4322 619 4374 intus
661 4329 838 4387 erant,
873 4319 972 4373 loci
1000 4319 1245 4387 ﬁrmitate
1271 4317 1476 4386 confisi,
1518 4334 1677 4389 supra

76 4390 280 4462 modum
312 4389 712 4454 maledicebant,
741 4401 788 4446 'et
817 4405 1080 4462 sermones
1112 4389 1358 4462 nefandos
1380 4389 1674 4461 jactabant.

139 4461 247 4515 Sed
304 4481 419 4518 cum
447 4464 556 4518 dies
583 4465 759 4534 quinta
795 4461 1136 4526 illucesceret,
1169 4461 1350 4534 viginti
1369 4463 1586 4531 juvenes
1613 4477 1678 4514 ex

3274 287 3377 344 ΜΒ

1858 390 2195 467 (ξοριθηνθᾳιὶε
2237 391 2495 467 octoginta
2528 392 2773 467 tui/libus,
2800 403 2845 446 et
2869 397 3096 462 equitatu
3128 400 3256 449 unirl
3277 419 3379 467 ιεο⁸

1784 463 2012 539 veniebat
2041 462 2550 539 adversus_._ltula'os,_
2578 465 2877 539 existimans
2905 483 2957 518 se
2981 467 3230 520 civitatem
3268 462 3382 539 qui;

1792 534 1906 604 dem
1937 543 2142 600 captam
2168 535 2403 604 gentibus
2431 535 2782 587 habitaculmn
2806 537 3082 603 facturum,

1858 602 2125 673 Templum
2151 602 2268 658 vero
2295 607 2346 660 in
2381 607 2607 669 pecunia:
2629 616 2902 674 qutustum,
2929 602 3272 663 sicut'ca'tera
3295 611 3382 663 tle-

1782 673 1930 728 lubra
1951 677 2186 751 gentium
2216 675 2536 745 habiturum,
2566 687 2612 728 et
2644 673 2734 747 per
2762 679 2989 751 singulos
3019 697 3180 735 tmnos
3204 683 3383 737 venale

1779 748 2124 802 sacerdotium
2147 764 2166 802 :

1855 819 2126 892 ll'usquam
2169 821 2456 892 recogitans
2502 819 2594 874 Dei
2625 832 2948 889 potestatem,
2989 825 3079 876 sed
3109 834 3275 877 mente
3304 827 3381 892 ef-

1781 889 2010 966 frenatus
2032 890 2083 944 in
2099 891 2442 966 multitudine
2465 894 2712 966 peditum.
2739 906 2785 946 et
2809 897 2857 946 in
2883 893 3112 948 millibus
3133 889 3379 966 equitnm,

1780 972 1825 1011 et
1860 961 1912 1032 in
1940 962 2202 1032 octoginta
2232 960 2520 1028 elephantis
2549 967 2851 1032 confidebat.

1853 1029 2130 1103 Ingressus
2162 1043 2333 1088 autem
2358 1032 2618 1106 Juda'am,
2646 1029 2706 1088 'et
2737 1038 3058 1106 appropians
3087 1038 3374 1106 Bel/temur,

1779 1118 1893 1178 qua:
1939 1116 2048 1158 erat
2095 1106 2160 1178 in,
2189 1105 2585 1178 angustaloco,
2630 1108 2693 1159 ab
2737 1105 3065 1178 Jerosalyma
3110 1105 3379 1165 intirvullo

1778 1175 2000 1250 quinque
2026 1175 2333 1250 stadiorum,
2358 1177 2499 1250 illud
2527 1179 2821 1244 praesidium
2843 1175 3190 1250 expugnabat.

1855 1244 1922 1299 Ut
1953 1256 2121 1300 autem
2154 1245 2508 1325 Machameus,
2532 1258 2575 1301 et
2605 1251 2827 1325 quicum
2853 1244 3094 1325 caverant,
3135 1271 3378 1325 regumr-

1777 1331 1898 1395 runt
1929 1319 2218 1395 capugnari
2266 1319 2528 1395 pra'sidia,
2573 1337 2686 1372 cum
2711 1323 2832 1389 fletu
2861 1333 2908 1374 et
2947 1319 3382 1395 lacrymis'rogn-

1778 1386 1898 1469 baut
1931 1385 2230 1469 Dominum,
2261 1385 2687 1469 et.omni3_turba
2711 1385 2886 1459 simul,
2923 1406 2975 1447 ut
3011 1385 3193 1449 bonum
3224 1385 3378 1469 ange-

1779 1458 1885 1510 lum
1912 1461 2132 1512 mitteret
2156 1461 2223 1512 ad
2250 1459 2465 1514 salutem
2493 1460 2682 1516 Israel.

1852 1529 1918 1606 lit
1946 1531 2054 1600 ipse
2093 1531 2290 1606 primus
2318 1531 2670 1606 illac/labrem,
2708 1537 2926 1606 sumptis
2955 1539 3134 1605 armis,
3167 1549 3380 1594 ctvleros

1775 1599 2183 1680 adhortatusest
2209 1604 2368 1680 simul
2395 1621 2561 1680 secum
2594 1599 2876 1677 periculum
2917 1609 3087 1662 subire
3110 1599 3132 1676 ,'
3157 1621 3205 1665 et
3244 1612 3379 1680 ferre

1775 1673 2029 1742 auxilium
2063 1674 2314 1742 fratribus
2340 1675 2471 1729 suis.

1849 1741 2075 1819 Cumque
2098 1747 2288 1811 pariter
2313 1756 2554 1819 prompto
2582 1747 2756 1801 animo
2784 1749 3136 1819 procederent,
3169 1751 3382 1805 Jerusa-

1775 1813 1928 1889 lymis
1959 1819 2203 1889 apparuit
2242 1817 2534 1886 prtecedens
2569 1835 2654 1872 eos
2685 1813 2837 1888 eques
2874 1823 2924 1874 in
2964 1831 3098 1875 ueste
3123 1813 3376 1889 candida,

1771 1885 1932 1939 armis
1959 1885 2130 1940 aureis
2153 1885 2354 1940 hastam
2381 1889 2601 1942 vibrans.

1846 1954 1991 2010 Tunc
2031 1975 2204 2011 omnes
2245 1960 2401 2012 simul
2433 1960 2798 2014 benedixemnt
2842 1964 3224 2017 misericordem
3272 1964 3380 2017 Ilo-

1770 2027 1988 2104 miuum,
2033 2041 2085 2104 et
2122 2029 2743 2104 convalueruntanimis:
2783 2051 2882 2086 non
2918 2036 3086 2088 solum
3124 2039 3376 2104 homines,

1769 2099 1858 2152 sed
1887 2110 1934 2153 et
1961 2100 2144 2156 bestias
2174 2102 2540 2171 ferocissimus,
2577 2115 2621 2156 et
2655 2122 2826 2157 muros
2871 2107 3065 2174 ferreos
3096 2110 3264 2177 parati
3295 2099 3383 2178 pc;

1771 2181 1990 2226 netrarc.

1842 2239 1998 2295 Ibant
2021 2244 2180 2313 igitur
2208 2244 2452 2319 prompti,
2481 2245 2549 2319 de
2574 2244 2699 2298 caelo
2725 2248 2967 2301 habentes
2989 2248 3302 2319 adjutorem,
3334 2260 3380 2304 et

1770 2313 2094 2385 miserantem
2118 2332 2271 2385 super
2292 2331 2376 2369 eos
2398 2313 2697 2368 Dominum.

1842 2381 2071 2438 Leonum
2105 2381 2273 2460 autem
2297 2401 2438 2460 more
2466 2387 2664 2460 impetu
2687 2390 2938 2442 irruentes
2967 2390 3018 2441 in
3044 2387 3233 2455 hostes,
3259 2409 3377 2460 pro-

1769 2465 2054 2530 straverunt
2086 2473 2148 2508 ex
2187 2457 2257 2510 eis
2299 2456 2532 2510 undecim
2574 2459 2738 2512 millia
2766 2463 3015 2530 peditum,
3065 2470 3113 2513 et
3155 2456 3378 2528 equitum

1782 2526 1922 2580 mille
1946 2538 2229 2582 sexcentos.

1849 2595 2121 2671 Universos
2155 2608 2322 2653 autem
2355 2601 2407 2654 in
2445 2600 2622 2671 fugam
2653 2611 2906 2658 uerterunt
2951 2617 2969 2652 :
2996 2600 3170 2671 plures
3209 2614 3379 2658 autem

1771 2684 1835 2744 es:
1862 2669 1934 2724 eis
1949 2672 2214 2744 vulnerati
2243 2673 2370 2725 nudi
2397 2669 2687 2728 evaserunt.
2722 2675 2830 2730 Sed
2857 2685 2906 2729 et
2933 2669 3036 2744 ipse.
3058 2672 3244 2744 Lysias
3268 2685 3379 2728 tur-

1773 2743 1903 2813 piter
1932 2742 2132 2813 fugiens
2161 2745 2338 2798 erasit.

1845 2811 1914 2865 Et
1952 2811 2073 2883 quia
2115 2832 2214 2869 non
2259 2815 2548 2870 insensatus
2577 2824 2708 2882 crat,
2751 2832 2919 2871 secum
2957 2819 3067 2887 ipse
3110 2828 3379 2886 reputans,

1774 2883 1968 2958 fictam
1989 2901 2110 2955 (rga
2131 2903 2185 2940 se
2207 2887 2616 2958 diminutionem,
2653 2898 2698 2940 et
2727 2883 3013 2958 intelligens
3037 2883 3248 2943 invictos
3275 2883 3383 2943 esse

1777 2953 2058 3022 llebrwos,
2073 2959 2432 3029 omnipotentis
2465 2957 2560 3013 Dei
2587 2953 2786 3014 auxilio
2814 2953 3111 3029 innitentes,
3144 2962 3281 3014 misit
3310 2961 3380 3014 ad

1776 3041 1860 3079 (’08
1895 3041 1912 3078 .'

1849 3097 2200 3170 Promisitque
2221 3117 2276 3177 se
2295 3117 2660 3177 consensurum
2685 3103 2918 3177 omnibus
2942 3107 3215 3177 qutvjusta
3236 3113 3380 3172 sunt,

1776 3179 1820 3224 et
1848 3186 2014 3240 regem
2042 3173 2425 3242 campulsurum
2453 3174 2674 3227 amicum
2703 3175 2839 3242 ﬁeri.

1847 3242 2043 3317 Annuit
2067 3253 2238 3317 autem
2273 3243 2606 3317 Machameus
2636 3247 2870 3314 precibus
2900 3245 3090 3317 Lysiae,
3126 3248 3177 3300 in
3216 3249 3382 3302 omni-

1777 3313 1875 3388 bus
1927 3314 2138 3388 utilitati
2183 3316 2458 3388 consulens
2501 3333 2519 3371 .'
2573 3313 2997 3388 et'qucecumque
3051 3318 3384 3374 Machaba'us

1773 3385 1979 3457 scripsit
2005 3383 2177 3457 Lysiae
2199 3387 2262 3442 de
2288 3385 2515 3450 luditis,
2545 3404 2604 3442 ea
2636 3383 2726 3443 rex
2757 3383 3006 3443 concessit
3035 3407 3052 3443 :

1851 3455 1989 3509 Nam
2019 3455 2162 3532 erant
2189 3459 2396 3532 scriptae
2431 3457 2640 3532 Judaais
2661 3462 2893 3530 epistolae
2921 3478 2952 3514 a
2980 3459 3138 3532 Lysia
3172 3464 3381 3530 quidem

1774 3525 1913 3602 hunc
1956 3528 2165 3583 modum
2205 3525 2521 3585 continentes
2551 3546 2570 3585 .°
2612 3525 2794 3602 Lysias
2836 3525 3046 3602 populo'
3073 3525 3382 3590 Juda’Orum

1773 3599 2015 3655 salutem.
2372 3650 2378 3656 .

1845 3667 2103 3740 Joannes,
2126 3682 2173 3728 et
2205 3673 2476 3739 Abesalon,
2507 3676 2594 3743 qui
2620 3675 2762 3728 missi
2789 3676 2992 3745 fuerant
3021 3693 3051 3730 a
3083 3677 3220 3730 vobis
3238 3724 3250 3742 ,
3279 3687 3385 3732 tra-

1775 3743 1948 3821 dentes
1978 3746 2190 3821 scripta,
2222 3747 2574 3821 postulabunt,
2614 3755 2668 3798 ut
2698 3743 2922 3815 ea,’qua3
2950 3761 3037 3812 per
3065 3748 3186 3803 illos
3216 3751 3384 3821 signi-

1775 3815 2086 3887 ficabantur,
2119 3815 2404 3887 implerem.

1852 3886 2196 3956 Quaecumque
2225 3889 2382 3970 igitur
2415 3888 2522 3958 regi
2555 3896 2829 3970 potuerunt
2861 3888 3080 3960 perferri
3091 3934 3111 3970 ._
3128 3896 3382 3970 “exposui:

1776 3966 1823 4010 et
1844 3973 1961 4032 quia
1987 3974 2066 4032 res
2098 3959 2440 4032 permittebat,
2472 3961 2714 4014 concessit
2745 3959 2866 4031 {AL
2886 3962 3164 4032 concessi].

1851 4029 1912 4081 Si
1943 4029 2102 4100 igitur
2125 4029 2180 4108 in
2205 4034 2422 4098 negotiis
2452 4033 2607 4099 fidem
2626 4029 3048 4108 cons-erraveritt's
3073 4029 3385 4108 et'tleinceps

1778 4098 2028 4152 bonorum
2056 4100 2190 4154 vobis
2217 4118 2374 4155 causa
2403 4098 2514 4157 esse
2541 4103 2765 4158 tentubo.

1851 4169 1928 4246 _De
1971 4173 2168 4246 ca'teris
2210 4182 2382 4228 autem
2429 4191 2521 4246 per
2546 4173 2753 4246 singula
2800 4176 2950 4230 rerbo
2993 4180 3235 4233 mandari
3280 4190 3303 4216 κ
3339 4191 3385 4235 et

1777 4241 1911 4318 istis,
1937 4252 1981 4295 et
2006 4243 2086 4295 his
2100 4247 2199 4318 qui
2219 4261 2250 4298 a
2282 4262 2360 4318 me
2384 4241 2528 4300 missi
2553 4241 2690 4308 sunt,
2719 4249 2944 4318 colloqui
2970 4252 3246 4304 vobiscum.

1851 4313 1988 4390 Bene
2008 4313 2228 4390 _valele.r
2255 4317 2405 4371 Anno
2439 4320 2716 4372 centesimo
2759 4313 3155 4390 quadragesimo
3204 4330 3384 4375 octavo

1778 4385 2253 4461 mensisDioscori,
2286 4390 2370 4442 die
2398 4391 2642 4459 vigesima
2664 4401 2707 4444 et
2729 4385 2934 4461 quarta.

1854 4457 2008 4529 Regis
2039 4471 2210 4513 autem
2232 4457 2456 4528 epistola
2473 4463 2572 4515 ista
2593 4457 2881 4515 continebat
2905 4476 2924 4513 :
2953 4461 3066 4514 lies:
3105 4461 3383 4517 Antiochus

76 4529 166 4606 his,
201 4537 294 4603 qui
328 4553 441 4590 cum
469 4527 774 4589 Machabazo
799 4542 966 4598 erant,
1005 4535 1208 4606 accensi
1220 4527 1428 4585 vaniniis
1471 4541 1678 4606 propter
1703 4543 1758 4606 1)
1787 4527 1953 4606 Lytsjti’
1975 4530 2124 4600 [ταὝὶ
2154 4527 2396 4606 salutem.

75 4602 460 4675 blasphemiam,
491 4606 718 4662 uiriliter
743 4613 1062 4660 accesserunt
1087 4605 1156 4656 ad
1185 4619 1410 4671 murum,
1441 4612 1490 4656 et
1514 4605 1676 4668 feroci

75 4675 246 4729 animo
274 4679 570 4734 incedentes
597 4677 956 4732 ascendebant.

141 4745 252 4801 Sed
282 4760 333 4805 et
364 4750 456 4805 alii
491 4750 734 4804 similiter
767 4749 1126 4809 ascendentes,
1177 4756 1365 4813 turres,
1401 4753 1676 4815 portasque
1719 4793 1733 4807 .

72 4823 379 4878 succendere
405 4822 637 4895 aggressi
672 4830 810 4887 sunt,
838 4829 989 4891 atque
1039 4821 1178 4889 ipsos
1223 4818 1502 4872 maledicos
1539 4819 1676 4874 vivos

72 4903 418 4949 concremare.

135 4960 246 5016 Per
302 4967 604 5022 continuum
655 4972 830 5018 autem
887 4961 1099 5018 biduum
1151 4960 1394 5030 prwsidio
1456 4969 1674 5026 vastato,

72 5029 397 5092 Timotheum
427 5036 770 5094 occultantem
806 5051 860 5089 se
904 5036 956 5087 in
993 5033 1217 5102 quodam
1260 5039 1519 5102 repertum
1561 5032 1676 5087 loco

69 5121 394 5170 peremerunt
427 5128 446 5166 :
476 5121 523 5165 et
552 5113 768 5180 fratrem
796 5107 939 5161 illius
967 5104 1252 5172 Cherteam,
1281 5114 1328 5158 et
1357 5103 1681 5175 Apollopha-

65 5192 173 5230 nem
201 5183 528 5237 occiderunt.

135 5250 346 5336 Quibus
368 5254 545 5336 gestis,
579 5249 864 5335 inhi/mnis
897 5259 952 5336 et
974 5246 1382 5336 confefsionibus
1415 5247 1680 5336 benedice-

61 5317 182 5378 baut
217 5317 651 5396 Dorni'num,’qui
677 5317 862 5396 magna
888 5322 1006 5392 fecit
1029 5321 1084 5374 in
1111 5317 1305 5386 Israel,
1334 5327 1382 5373 et
1415 5318 1677 5375 victoriam

57 5396 204 5451 dedit
230 5396 364 5452 illis.

697 5462 927 5522 CAPUT
963 5461 1058 5518 XI.

125 5542 245 5598 Sed
271 5557 432 5610 parvo
461 5550 577 5614 post
605 5549 852 5610 tempore,
882 5535 1067 5606 Lysias
1090 5543 1405 5614 procurator
1433 5533 1592 5614 regis,
1627 5540 1673 5588 et

45 5603 412 5688 propinquus,
443 5603 508 5688 sic
531 5603 853 5688 negotiorum
880 5603 1207 5679 pprositus,
1257 5606 1478 5678 graviter
1492 5603 1676 5675 ferens
1715 5603 1720 5608 ’

45 5685 108 5747 de
140 5685 231 5742 his
262 5703 382 5757 quia
403 5685 720 5751 acciderant,

1856 4599 2016 4656 Patre
2043 4611 2220 4657 nostro
2253 4604 2384 4658 inter
2420 4604 2540 4658 deos
2570 4603 2837 4666 translato,
2879 4619 2971 4656 nos
3020 4602 3238 4656 rolentes
3275 4621 3384 4668 eos,

1783 4673 1868 4742 qui
1896 4683 2011 4746 sunt
2045 4675 2096 4728 in
2125 4688 2282 4746 regno
2314 4684 2508 4743 nostra,
2542 4675 2650 4728 sine
2691 4675 2909 4728 tumultu
2945 4690 3116 4746 agere,
3145 4685 3195 4729 et
3235 4676 3384 4730 rebus

1785 4746 1892 4817 suis
1922 4745 2164 4800 adhibere
2187 4745 2532 4817 diligentiam,

1855 4815 2160 4870 Audiuimus
2211 4814 2428 4872 Judteos
2477 4833 2579 4869 non
2631 4817 2944 4870 consensisse
2992 4818 3128 4887 patri
3168 4834 3296 4883 meo,
3333 4830 3386 4872 ut

1787 4891 2191 4957 transferrentur
2237 4889 2305 4942 ad
2354 4889 2512 4942 ritum
2561 4887 2878 4957 Grecorum.
2922 4890 3013 4941 sed
3047 4899 3214 4942 tenere
3256 4889 3386 4942 velle

1785 4956 1940 5013 suum,
1957 4960 2268 5026 institutum,
2299 4976 2360 5014 ac
2387 4969 2653 5030 propterea
2673 4956 2934 5027 postulare
2955 4977 2986 5012 a
3011 4962 3154 5014 nobis
3175 4963 3387 5015 concedi

1783 5030 1878 5084 sibi
1905 5031 2131 5098 legitima
2161 5048 2274 5085 sua.

1871 5101 2103 5158 Volentes
2141 5104 2297 5171 igitur
2341 5102 2476 5155 hanc
2503 5115 2699 5170 quoque
2747 5112 2942 5170 gentem
2987 5105 3209 5168 quietam
3253 5120 3383 5169 esse,

1785 5181 2066 5229 statuentes
2082 5173 2463 5246 judicauimus,
2496 5171 2742 5240 templum
2777 5174 2975 5226 restitui
2999 5175 3134 5246 illis,
3172 5184 3227 5228 ut
3266 5191 3387 5246 age-

1784 5254 1896 5298 rent
1920 5245 2199 5299 secundum
2233 5259 2446 5314 suorum
2468 5246 2722 5314 majorum
2749 5245 3185 5300 consuetudinem.

1858 5315 1998 5369 Bene
2026 5315 2182 5386 igitur
2219 5313 2422 5386 feceris,
2468 5314 2512 5367 si
2552 5313 2756 5386 'iniseris
2794 5315 2861 5367 ad
2896 5333 3003 5383 eos,
3037 5327 3086 5370 et
3119 5323 3384 5371 dexteram

1785 5388 1988 5442 dederis
2011 5401 2030 5439 :
2047 5383 2114 5438 'ut
2144 5383 2350 5454 cognita
2369 5393 2551 5456 nostra
2575 5384 2858 5456 voluntate,
2894 5386 3022 5443 bono
3046 5388 3219 5443 animo
3257 5390 3382 5456 sint,

1785 5468 1834 5513 et
1863 5457 2166 5512 utilitatibus
2199 5453 2425 5524 prapriis
2451 5455 2757 5509 deserviant.

1853 5528 1936 5583 Ad
1963 5527 2174 5581 Judteos
2203 5540 2321 5580 vero
2342 5524 2476 5594 regis
2508 5527 2726 5594 epistola
2755 5529 2874 5582 talis
2902 5539 3011 5584 erat
3043 5547 3060 5588 :

1855 5599 1968 5656 Rex
1991 5597 2272 5654 Antiochus
2297 5597 2496 5652 senatui
2525 5597 2852 5667 Judceorum,
2877 5610 2922 5655 ct
2945 5602 3142 5658 ueteris
3181 5601 3382 5658 Juda’is

1777 5673 2016 5728 salutent.

121 5819 152 5847 α
194 5806 435 5864 Voculas
464 5814 512 5862 et
543 5807 655 5864 istis
679 5805 878 5878 vulgati
903 5802 995 5862 alii
1025 5803 1151 5862 libri
1182 5809 1381 5872 tacent,
1413 5813 1533 5873 quae
1563 5806 1675 5858 sunt

1817 5806 1896 5852 len
1920 5794 1973 5853 in
1995 5791 2206 5861 Graeco,
2245 5789 2448 5852 τούτοις
2477 5811 2528 5847 τε
2567 5791 2650 5848 καὶ
2680 5798 2790 5854 τοῖς
2822 5791 2947 5868 παρ’
2969 5792 3114 5864 ἐμοῦ,
3155 5815 3199 5849 κ.
3246 5815 3295 5850 τ.
3329 5793 3375 5845 λ.
