3918 6192
525 266 630 322 519

1504 260 1564 314 S.
1608 255 1985 314 IIIERONYMI
2027 253 2262 312 DIVINA
2304 250 2779 312 BIBLIOTHECA.

3702 253 3789 305 5'20

525 381 534 407 '
602 380 663 435 Si
690 378 889 447 valetis,
914 378 988 433 sic
1007 376 1128 431 estis
1157 382 1210 429 ut
1233 373 1463 428 volumus
1487 389 1505 428 :
1534 373 1624 429 sed
1646 383 1691 428 et
1720 373 1819 444 ipsi
1840 373 1963 429 bene
1989 373 2122 427 rale-
2150 373 2204 433 Α
2227 366 2927 447 runtlatitudinis,sanguine
2955 365 3348 447 interfectorum
3366 366 3529 446 ﬂuere
3547 363 3788 447 videram.

528 467 662 505 mus.

600 522 739 575 Adiit
778 537 869 575 nos
900 517 1189 579 Menelaus,
1222 518 1417 584 dicens,
1450 517 1577 572 velle
1604 532 1692 570 vos
1714 516 2017 571 descendere
2055 516 2123 569 ad

526 606 736 658 vestros,
769 594 856 661 qui
879 600 995 644 sunt
1023 590 1162 659 apud
1189 606 1299 643 nos.

600 663 702 717 His
727 659 907 733 igitur,
937 662 1023 729 qui
1044 669 1330 733 commeant
1358 676 1520 730 usque
1547 660 1616 713 ad
1645 659 1781 733 diem
1808 659 2126 733 trigesimum

530 735 713 788 mensis
742 730 1015 801 Xanthici,
1046 732 1228 786 damus
1258 733 1464 786 dextras
1494 732 1810 786 securitatis.

604 803 672 858 Ut
713 801 890 857 Juda'i
931 813 1144 858 utantur
1193 805 1340 869 cibis,
1388 811 1436 856 et
1484 803 1679 873 legibus
1714 803 1842 866 suis,
1896 802 2027 856 sicut
2081 809 2129 853 et

533 877 679 946 prius
703 890 722 929 :
751 882 798 929 et
835 890 984 930 nemo
1012 890 1186 927 eorum
1227 874 1337 928 ullo
1369 872 1543 926 modo
1570 874 1856 927 molestiam
1901 872 2129 944 patiatur

534 948 599 1001 de
614 946 727 1018 his,
757 961 871 1014 qua:
896 964 986 1018 per
1010 946 1359 1018 ignorantiam
1374 952 1524 1015 gesta
1545 954 1686 1018 sunt.

600 1016 841 1071 Misimus
871 1013 1046 1071 autem
1060 1027 1109 1072 et
1138 1013 1455 1079 Menelaum,
1478 1017 1568 1086 qui
1594 1032 1681 1069 vos
1703 1013 2019 1086 alloquetur,

606 1087 808 1143 Valete.
838 1087 985 1141 Anno
1010 1088 1282 1142 centesimo
1311 1083 1704 1157 quadragesimo
1746 1095 1946 1153 octavo,
1983 1083 2134 1138 Xan-

528 1158 652 1214 thici
681 1160 867 1214 mensis
892 1160 1073 1229 quinta
1112 1159 1311 1213 decima
1338 1158 1442 1215 die.

530 1302 561 1356 ὁ
605 1230 857 1286 Miserunt
888 1227 1062 1284 autem
1086 1231 1242 1285 etiam
1265 1228 1489 1285 Romani
1517 1228 1817 1299 epistolam;
1856 1229 1931 1283 ita
1958 1243 2012 1281 se
2040 1227 2134 1281 ha-

563 1313 732 1356 entent
759 1318 779 1356 :

563 1313 732 1357 entent
759 1318 779 1357 ἔ

607 1373 827 1441 Quintus
858 1372 1154 1441 Memmius,
1186 1382 1234 1427 et
1277 1371 1422 1427 Titus
1457 1365 1704 1425 Manilius
1754 1370 1907 1442 legati
1944 1369 2138 1424 Roma-

536 1461 745 1517 norum,
777 1445 968 1517 populo
993 1442 1298 1517 Iudaeorum
1330 1445 1574 1498 salutem.

516 1565 526 1570 -
604 1510 812 1581 Deliis,
843 1510 961 1586 qua:
995 1515 1180 1587 Lysias
1210 1525 1459 1587 cognatus
1510 1513 1650 1585 regis
1694 1512 1943 1567 concessit
1971 1510 2135 1577 vobis,

536 1596 584 1642 et
615 1604 707 1643 nos
738 1587 1104 1641 concessimus.

606 1656 688 1712 De
730 1658 914 1728 quibus
950 1668 1121 1711 autent
1164 1656 1233 1710 ad
1280 1672 1449 1728 regem
1488 1655 1743 1728 judicavit
1786 1652 2134 1728 referendum,

535 1724 807 1798 confestim
834 1727 1057 1797 aliquem
1093 1728 1297 1789 mittite,
1339 1724 1639 1796 diligentius
1668 1726 1799 1798 inter
1835 1741 1923 1778 vos
1965 1724 2140 1794 confe-

537 1796 723 1865 rentes,
756 1810 810 1853 ut
850 1798 1207 1863 decernamus,
1241 1800 1374 1853 sicut
1401 1798 1635 1870 congruit
1660 1796 1798 1851 vobis
1824 1813 1842 1850 :
1870 1811 1963 1849 nos
2000 1798 2137 1850 enim

538 1870 871 1925 Antiochiam
892 1870 1207 1923 accedimus.

616 1940 847 2012 Ideoque
868 1942 1105 2011 festinate
1144 1940 1445 2007 rescribere,
1480 1949 1534 1993 ut
1560 1953 1874 2011 nosquoque
1903 1939 2131 1992 sciamus

540 2015 689 2087 cujus
713 2013 838 2068 estis
860 2012 1160 2087 voluntatis.

614 2083 755 2139 Bene
782 2082 966 2138 valete.
1010 2083 1162 2137 Anno
1193 2084 1475 2156 centesimo
1519 2081 1914 2156 quadragesimo
1940 2089 2139 2145 octavo,

543 2157 721 2228 quinta
750 2155 949 2210 decima
976 2156 1064 2209 die
1089 2155 1277 2209 mensis
1307 2153 1575 2209 Xanthici.

1154 2270 1385 2327 CAPUT
1423 2270 1541 2326 XII.

615 2364 718 2421 His
775 2366 926 2438 factis
956 2364 1302 2438 pactionibus,
1349 2364 1531 2436 Lysias
1560 2363 1802 2438 pergebat
1849 2362 1918 2417 ad
1951 2367 2142 2435 regem,

543 2437 721 2494 Judasi
740 2436 914 2493 autent
940 2436 1275 2508 agricultura:
1296 2453 1507 2508 operam
1535 2436 1743 2508 dabant.

619 2509 724 2566 Sed
760 2508 836 2573 hi,
868 2510 955 2579 qui
976 2505 1291 2579 :rcsederant
1314 2505 1337 2573 ,ἡ
1374 2506 1702 2579 Timotheus,
1746 2514 1791 2559 et
1838 2505 2147 2579 Apollonius

547 2579 761 2637 Gentttei
787 2576 949 2650 ﬁlius,
981 2576 1070 2650 Sed
1096 2588 1143 2633 et
1178 2578 1547 2650 Hieronymus,
1577 2588 1624 2631 et
1655 2576 1965 2650 Demophon
1993 2591 2147 2650 super

544 2654 659 2722 hos,
688 2661 740 2708 et
773 2647 1007 2706 Nicanor
1032 2647 1391 2723 Cypriarches
1405 2666 1506 2704 non
1532 2649 1769 2704 sinebant
1796 2664 1882 2703 eos
1909 2647 1964 2700 in
1992 2649 2150 2702 silen-

548 2726 619 2778 tio
631 2739 817 2797 agere,
842 2734 891 2777 et
919 2723 1111 2797 quiete.

615 2792 846 2865 Jo'ppitat
870 2792 992 2865 vero
1015 2796 1121 2848 tale
1149 2793 1418 2865 quoddam
1446 2792 1715 2865 ﬂagitium
1735 2798 2095 2865 perpetrarunt
2129 2805 2148 2845 :

546 2861 856 2939 rogaverunt
882 2864 914 2919 J
924 2865 1120 2932 udazos,
1162 2861 1285 2919 cum
1312 2861 1492 2933 quibus
1518 2861 1858 2939 habitabant:
1871 2862 2150 2939 ascendere

547 2933 793 3009 scaphas,
811 2954 939 3005 quas
968 2945 1297 3006 paraverant,
1325 2953 1439 3009 cum
1460 2936 1730 3009 uxoribus,
1751 2943 1797 2987 et
1820 2933 1972 3005 ﬁliis,
1996 2934 2149 3005 quasi

551 3006 709 3064 nullis
750 3009 1035 3062 inimicitiis
1067 3009 1203 3062 inter
1230 3025 1317 3062 eos
1347 3006 1750 3080 subjacentibus.

625 3080 927 3136 Secundum
976 3094 1244 3134 commune
1283 3076 1457 3146 itaque
1500 3079 1761 3131 decretum
1809 3076 2050 3143 civitatis,
2100 3084 2148 3130 et

2172 1766 2219 1828 Β

2298 442 2434 496 Inde
2477 441 2817 494 discesserunt
2850 437 3020 492 stadia
3063 437 3382 508 septingenta
3415 436 3790 508 quinquaginta,

2228 524 2274 638 St
2295 522 2537 635 vlenerunt
2562 513 2616 567 in
2648 511 2883 566 Characa
2909 509 2978 561 ad
3010 505 3126 576 eos,
3156 505 3247 579 qui
3272 508 3517 561 dicuntur
3540 505 3792 574 Tubianai,

2270 602 2321 638 ιιι
2343 599 2446 637 atas
2473 599 2491 636 :

2270 584 2446 638 udams
2473 599 2491 636 :

2303 653 2374 708 Et
2408 653 2733 708 Timotheum
2760 653 2968 722 quidem
2988 653 3041 706 in
3068 650 3175 706 illis
3197 650 3324 704 locis
3360 666 3465 703 non
3489 648 3796 722 comprehen-

2232 727 2440 792 derant,
2470 728 2713 793 nulloque
2753 726 2956 796 negotio
2984 728 3497 796 perfectoregressus
3529 732 3623 788 est,
3647 722 3798 775 relicto

2228 799 2283 852 in
2311 800 2535 865 quodam
2563 795 2676 850 loco
2707 793 3007 865 firmissimo
3035 793 3299 863 praesidio;

2306 864 2591 923 Dositheus
2619 876 2811 929 autem,
2844 875 2893 921 et
2921 866 3209 933 Sosipater,
3241 866 3330 931 qui
3358 875 3506 920 erant
3528 864 3676 919 duces
3702 880 3800 918 cum

2236 939 2561 1007 Machabceo,
2608 946 2935 1008 peremerunt
2959 955 2993 991 a
3032 935 3299 992 Timotheo
3328 938 3538 992 relictos
3566 938 3619 990 in
3648 936 3803 1008 prcssi-

2235 1012 2343 1077 dio,
2371 1012 2545 1066 decent
2568 1011 2736 1065 millia
2760 1009 2914 1071 viros,

2305 1084 2372 1135 At
2407 1082 2766 1146 Machabwus,
2789 1080 3045 1135 ordinatis
3069 1079 3261 1134 circum
3289 1096 3344 1133 se
3379 1096 3473 1135 sea:
3500 1078 3738 1145 millibus,
3763 1088 3801 1134 et

2236 1154 2527 1225 constitutis
2547 1170 2639 1225 per
2660 1155 2913 1219 cohortes,
2929 1153 3177 1225 adversus
3208 1150 3534 1225 Timotheum
3563 1151 3802 1225 processit,

2239 1224 2506 1280 habentem
2544 1222 2720 1279 secum
2757 1231 2956 1277 centum
2984 1223 3167 1294 viginti
3210 1222 3377 1276 millia
3403 1224 3652 1294 peditum,
3686 1222 3805 1293 equi-

2239 1306 2447 1364 tumque
2474 1296 2578 1349 duo
2604 1295 3125 1365 milliaquingentos.

2310 1361 2529 1438 cognito
2557 1379 2731 1422 autem
2757 1361 3199 1438 Judw'adventu,
3247 1361 3547 1419 Timotheus
3580 1366 3807 1438 prmuisit

2239 1434 2505 1503 mulieres,
2540 1448 2587 1492 et
2609 1438 2782 1508 ﬁlios,
2821 1446 2870 1490 et
2896 1434 3157 1502 reliquum
3201 1445 3536 1508 apparatum,
3573 1434 3622 1490 in
3649 1436 3806 1504 prcssi-

2241 1509 2405 1569 diunt.
2435 1508 2573 1580 quod
2601 1506 2827 1563 Carnion
2856 1508 3059 1580 dicitur
3080 1522 3099 1561 :
3128 1506 3241 1561 erat
3257 1506 3393 1561 enim
3421 1508 3806 1579 inexpugnabile,

2242 1590 2289 1633 et
2322 1579 2533 1636 accessu
2562 1580 3015 1651 difﬁcilepropter
3042 1579 3274 1651 locorum
3303 1580 3575 1650 angustias
3599 1595 3618 1632 :

2316 1651 2544 1723 Cumque
2567 1649 2752 1705 cohors
2779 1649 2936 1704 ludat
2966 1650 3139 1722 prima
3156 1649 3507 1723 apparuisset,
3539 1651 3685 1723 timor
3710 1651 3812 1704 hos-

2244 1722 2378 1777 tibus
2404 1724 2639 1778 incussus
2661 1730 2756 1787 est,
2790 1737 2854 1776 ea:
2882 1723 3157 1791 prtesetttia
3187 1722 3303 1786 Dei,
3332 1723 3420 1791 qui
3461 1722 3687 1775 universa
3712 1737 3815 1774 con-

2246 1795 2420 1866 spicit,
2452 1806 2499 1849 et
2530 1795 2583 1848 in
2614 1795 2793 1863 fugam
2820 1794 3096 1866 versi‘sunt
3118 1793 3252 1847 alius
3273 1792 3335 1845 ab
3356 1794 3656 1866 alio,ita_ut
3674 1792 3813 1866 magis

2246 1862 2285 1991 gl
2303 1866 2409 1919 suis
2440 1862 2803 1939 dejicerentur,
2836 1872 2882 1919 et
2913 1862 3213 1936 gladiorum
3248 1880 3463 1918 suorum
3493 1863 3672 1920 ictibus
3697 1863 3815 1918 debi-

2268 1945 2542 1991 ttarentur.

2268 1937 2542 1991 itarentur.

2317 2006 2487 2062 Jttdas
2525 2018 2698 2064 autem
2721 2008 3037 2062 vehementer
3062 2007 3283 2062 instabat
3310 2008 3529 2079 puniens
3572 2009 3811 2078 profanos,

2245 2087 2292 2135 et
2322 2083 2597 2151 prostravit
2626 2097 2691 2151 ex
2710 2081 2785 2134 eis
2811 2079 3024 2149 triginta
3048 2079 3216 2133 millia
3245 2080 3492 2134 virorum.

2320 2148 2444 2223 Ipse
2478 2168 2596 2206 vero
2625 2148 2923 2223 Timotheus
2962 2151 3145 2223 incidit
3188 2151 3240 2203 in
3286 2161 3458 2223 partes
3486 2148 3734 2215 Dosithei,
3774 2159 3812 2207 el

2249 2222 2568 2294 Sosipatris:
2597 2234 2644 2276 et
2671 2222 3110 2294 multisprecibus
3136 2222 3456 2294 postulabat,
3498 2232 3558 2277 ut
3600 2226 3727 2277 vivus
3747 2224 3813 2276 di-

2248 2291 2567 2359 mitteretur,
2614 2311 2673 2349 eo
2726 2291 2883 2364 quod
2911 2291 3197 2346 multarunt
3241 2309 3305 2348 ex
3365 2292 3569 2348 ludatis
3616 2305 3815 2364 parentes

2249 2365 2480 2437 haberet,
2511 2382 2571 2420 ac
2601 2368 2809 2437 fratres,
2840 2380 2970 2434 quos
2997 2373 3160 2437 morte
3180 2365 3290 2435 ejus
3311 2366 3481 2432 decipi
3503 2366 3726 2420 eveniret.

2322 2436 2391 2490 Et
2420 2454 2535 2492 cum
2566 2435 2721 2507 fidem
2750 2435 2973 2489 dedisset
3003 2435 3356 2507 restituturum
3388 2453 3443 2490 se
3465 2455 3552 2491 eos
3571 2435 3816 2490 secandum

2249 2510 2611 2635 cogstitutum,
2645 2507 2865 2563 illwsum
2899 2522 3016 2560 eum
3041 2506 3351 2561 dimiserunt
3389 2517 3598 2580 propter
3625 2513 3815 2579 fratrtau

2249 2598 2306 2635 sa
2334 2589 2490 2635 tttetn.

2249 2589 2490 2636 salutem.

2320 2650 2357 2706 Ι
2362 2653 2493 2707 udas
2513 2662 2684 2708 autem
2714 2665 2945 2720 egressus
2973 2659 3047 2705 est
3072 2650 3142 2704 ad
3167 2649 3418 2719 Carnion,
3464 2651 3732 2723 interfectis
3763 2649 3817 2705 vi-

2252 2724 2383 2796 ginti
2401 2724 2624 2796 quinque
2658 2724 2905 2778 millibus.

2329 2793 2452 2850 Post
2494 2793 2676 2850 horum
2718 2797 2921 2866 fugam,
2952 2803 2998 2849 et
3040 2811 3236 2864 necem,
3278 2797 3435 2849 movit
3479 2793 3818 2850 exercitumad

2253 2865 2469 2938 Ephron
2500 2869 2753 2938 civitatem
2775 2865 3055 2938 munitam,
3099 2867 3154 2920 in
3182 2884 3285 2938 qua
3313 2866 3597 2921 multitudo
3626 2868 3817 2920 diversa-

2251 2935 2368 2992 rum
2390 2938 2621 3009 gentiunt
2661 2935 2968 3009 habitabat:
3001 2946 3046 2991 et
3088 2935 3284 3009 robusti
3302 2939 3521 3009 juvenes
3566 2955 3656 3008 pro
3683 2938 3816 2990 muris

2254 3008 2607 3075 consistentes,
2642 3008 2844 3079 fortiter
2862 3008 3218 3078 repugnabant
3242 3024 3263 3063 :
3290 3012 3344 3062 in
3381 3010 3481 3063 hac
3523 3019 3683 3064 autem
3718 3024 3814 3061 ma-

2254 3080 2423 3136 china:
2448 3080 2659 3152 multat,
2687 3089 2735 3134 et
2769 3079 2985 3133 telorum
3022 3088 3133 3133 erat
3155 3089 3462 3152 apparatus.

552 3151 678 3226 ipsis
709 3150 1455 3226 acquiescentibus,pacisque
1490 3166 1649 3226 causa
1686 3147 1821 3202 ttiltil
1841 3158 2146 3226 suspectum
2172 3160 2222 3226 ο
2324 3152 2431 3226 Sed
2457 3169 2574 3226 cum
2622 3147 3552 3226 omnipotenteminvocassent,qui
3604 3160 3817 3216 potestate

553 3220 876 3286 habentibus,
903 3236 1017 3272 cum
1045 3223 1099 3274 in
1141 3220 1305 3275 altum
1347 3222 1741 3289 processissent,
1768 3220 2148 3275 submerserunt

556 3309 658 3347 non
689 3294 862 3345 minus
890 3292 1139 3346 ducentas
1159 3308 1178 3346 :

630 3363 800 3430 Quam
852 3360 1207 3416 crudelitatem
1257 3360 1430 3416 ludas
1462 3362 1514 3415 in
1556 3377 1661 3416 sua!
1706 3364 1872 3432 gentis
1920 3361 2153 3417 homines

555 3436 769 3507 factum,
791 3443 845 3485 ut
869 3432 1125 3503 c0gnovit,
1147 3436 1391 3507 praecepit
1420 3434 1561 3500 viris,
1584 3434 1672 3503 qui
1694 3444 1840 3488 erant
1867 3449 1983 3487 cum
2006 3434 2150 3505 ipso:

558 3504 608 3562 et
639 3506 877 3577 invocato
895 3507 1044 3577 justo
1064 3505 1244 3574 judice
1265 3504 1399 3568 Deo,

594 3618 603 3627 .
638 3576 788 3631 Venit
810 3576 1054 3630 adversus
1075 3577 1426 3648 interfectores
1453 3576 1697 3645 fratrum,
1731 3585 1778 3631 et
1800 3584 2008 3646 portum
2034 3576 2150 3648 qui-

556 3648 672 3703 dem
702 3656 856 3702 noctu
878 3646 1164 3715 succendit,
1199 3647 1427 3719 scaphas
1471 3648 1683 3712 exussit,
1727 3663 1812 3701 eos
1841 3646 2153 3717 autent,'qui

557 3718 771 3807 ab'igne
796 3721 1117 3807 refugerant,
1150 3718 1329 3807 gladio
1359 3720 1591 3807 peremit.

630 3789 696 3846 Et
726 3806 844 3846 cum
858 3789 978 3846 lucc
1001 3791 1071 3844 ita
1098 3789 1301 3862 egisset,
1337 3791 1574 3845 discessit
1598 3789 1746 3859 quasi
1774 3789 1959 3843 iterum
1986 3805 2153 3845 rever-

557 3877 737 3926 surus,
768 3874 814 3916 et
847 3862 1106 3916 universos
1130 3861 1382 3933 'Joppitas
1420 3861 1798 3915 eradicaturus.

634 3933 741 4007 Sed
785 3950 903 4007 cum
946 3930 1278 4007 cognovisset,
1306 3945 1370 4007 et
1418 3949 1529 4007 eos,
1577 3934 1667 4003 qui
1711 3940 1856 4007 erant
1896 3930 2146 4007 damnia’,

561 4006 691 4076 velle
718 4005 832 4075 pari
862 4002 1203 4076 modo'facere
1226 4005 1576 4060 habitantibus
1592 4002 1772 4076 secum
1794 4002 2017 4070 Judaeis,

626 4075 873 4130 lamnitis
915 4075 1116 4148 quoque
1156 4086 1300 4131 nocte
1334 4075 1666 4148 supervenit,
1715 4083 1761 4130 et
1803 4084 2153 4148 portum_cum

557 4147 775 4227 navibus
800 4144 1066 4227 succendit
1087 4162 1113 4227 _:
1141 4149 1215 4201 ita
1242 4156 1298 4227 ut
1337 4145 1513 4227 lumen
1542 4146 1676 4227 ignis
1705 4154 1978 4217 appareret
2000 4144 2154 4201 Jero-

556 4219 770 4291 solgmis
793 4235 825 4271 a
855 4218 1035 4273 stadiis
1064 4218 1294 4291 ducentis
1315 4218 1686 4291 quadraginta.

626 4237 632 4271 ῐ
676 4237 770 4274 ηαδ
793 4237 825 4271 α
855 4237 1035 4273 ειααιη
1064 4237 1294 4273 aucentts
1315 4237 1686 4291 quaaragtnsa.

626 4237 763 4347 inde
782 4305 901 4363 gms
911 4292 1030 4363 jam
1055 4289 1300 4345 abiissent
1343 4307 1518 4345 novem
1561 4288 1763 4354 stadiis,
1811 4297 1858 4363 et
1894 4289 1990 4363 iter
2014 4292 2154 4363 face-

557 4371 670 4419 rent
693 4363 763 4416 ad
788 4359 1137 4425 Timotheum,
1168 4363 1530 4417 commiserunt
1560 4374 1679 4415 cum
1705 4374 1765 4414 eo
1792 4359 1983 4413 Arabes
2004 4362 2156 4430 quin-

556 4452 653 4507 que
683 4433 853 4488 millia
882 4432 1001 4500 viri,
1032 4442 1081 4488 et
1104 4435 1308 4507 equites
1324 4434 1621 4505 quingenti,

629 4507 854 4578 Cumque
878 4520 1054 4578 pugna
1073 4503 1246 4578 valida
1272 4500 1511 4578 ﬁeretfet
1532 4503 1752 4578 ,auxilio
1775 4500 1873 4578 D_ei
1896 4519 2154 4578 prospere

558 4572 810 4644 cessisset,
835 4572 1030 4648 residui
1060 4575 1253 4630 Arabes
1272 4572 1431 4642 victi,
1468 4572 1711 4648 peiebaut
1741 4591 1771 4629 a
1797 4572 1941 4628 Juda
1982 4572 2155 4648 deste-

557 4664 673 4703 ram
692 4649 791 4703 sibi
812 4646 950 4712 dari,
981 4648 1330 4718 promittentes
1350 4663 1405 4702 se
1426 4646 1620 4720 pascua
1645 4648 1878 4711 daturos,
1908 4655 1954 4699 et
1987 4647 2037 4698 in
2061 4660 2150 4700 ca:-

558 4721 678 4791 teris
702 4724 1025 4791 profuturos.

628 4789 807 4846 ludas
836 4800 1029 4861 autem,
1054 4790 1338 4846 arbitratus
1372 4808 1488 4846 vere
1531 4792 1586 4845 in
1631 4790 1808 4845 multis
1852 4804 1936 4843 eos
1983 4789 2155 4859 utiles,

559 4864 799 4936 promisit
835 4879 1012 4934 pacent
1040 4878 1059 4918 :
1085 4863 1382 4935 dextrisque
1405 4863 1648 4936 acceptis,
1672 4861 1953 4927 discessere
1981 4861 2050 4913 ad
2080 4872 2159 4915 ta.-

558 4935 835 4989 bernacula
861 4952 977 4990 sua.

633 5007 712 5078 Ag
746 5022 916 5062 ressus
943 5017 1017 5062 est
1046 5014 1217 5062 autem
1246 5014 1292 5062 et
1328 5007 1585 5062 civitatem
1630 5005 1907 5076 quamdam
1947 5004 2154 5075 [irinum

633 5025 803 5132 ntigus
824 5079 1083 5132 murisaue
1107 5081 1519 5132 circumsentam.
1552 5094 1666 5132 aute
1694 5094 1727 5130 a
1754 5077 1916 5131 turbis
1945 5076 2152 5132 habita-

561 5076 803 5151 pont'ibus
824 5079 1083 5151 murisque
1107 5081 1519 5150 circumseptam.
1552 5094 1666 5150 qute
1694 5094 1727 5130 a
1754 5077 1927 5151 turbis
1945 5076 2152 5151 habita-

562 5148 712 5221 batur
732 5150 958 5221 gentium
981 5148 1412 5220 promiscuarum,
1445 5152 1530 5206 cui
1557 5148 1739 5205 nomen
1766 5148 2016 5221 Casphin.

634 5220 711 5276 Hi
734 5218 881 5289 vero,
930 5218 1019 5294 qui
1062 5223 1203 5276 intus
1230 5218 1406 5294 erant,
1446 5222 1760 5292 conﬁdentes
1794 5222 1851 5275 in
1877 5218 2155 5294 stabilitate

561 5309 849 5366 murorum,
867 5302 913 5366 et
934 5292 1188 5366 apparatu
1210 5293 1603 5366 alimoniarum,
1626 5294 1891 5348 remissius
1913 5292 2150 5366 agebant,

561 5365 854 5420 maledictis
874 5363 1173 5419 lacessentes
1194 5363 1229 5419 J
1236 5366 1413 5436 udam,
1447 5375 1494 5420 et
1520 5364 1929 5437 blasphemantes
1945 5403 1962 5431 ,
1988 5379 2050 5416 ac
2072 5363 2152 5417 lo-

558 5440 909 5507 quentesquoe
927 5438 1006 5504 fas
1036 5451 1137 5489 non
1158 5446 1251 5491 est.

638 5504 1184 5580 Machabteusautem,
1214 5507 1452 5579 invocato
1473 5524 1658 5580 magno
1674 5508 1856 5580 mundi
1881 5504 2147 5580 Principe,

562 5578 651 5645 qui
679 5578 1083 5650 sine_arietibus,
1114 5588 1162 5632 et
1188 5580 1440 5633 machinis
1467 5578 1775 5650 temporibus
1798 5578 1927 5633 Jesu
1963 5578 2150 5647 prwci-

563 5644 745 5719 pita_vit
773 5644 1003 5712 Iericho,
1032 5649 1182 5702 irruit
1210 5650 1445 5719 ferociter
1474 5644 1635 5704 muris
1664 5665 1682 5702 :
1756 5692 1765 5697 .

639 5715 708 5768 Et
738 5726 890 5787 capta
916 5719 1116 5771 civitate
1145 5715 1231 5787 per
1256 5719 1465 5773 Domini
1494 5720 1824 5787 voluntatem,
1853 5721 2150 5775 innumera-

569 5783 695 5842 biles
708 5783 873 5840 catdes
890 5787 1029 5857 fecit,
1046 5788 1121 5841 ita
1132 5783 1185 5843 ut
1200 5788 1445 5859 adjacens
1463 5798 1701 5860 stagnum
1723 5783 2011 5848 stadiorum
2024 5790 2150 5848 duo-

2252 3241 2350 3280 sua
2375 3224 2507 3278 vires
2537 3223 2761 3277 hostium
2784 3222 3096 3293 confringit,
3128 3235 3373 3290 ceperunt
3398 3224 3812 3277 civitatem:ete1

2253 3298 2347 3362 eis,
2389 3297 2477 3366 qui
2519 3298 2657 3349 intus
2704 3304 2869 3365 erant,
2914 3293 3100 3364 viginti
3147 3296 3372 3366 quinque
3408 3295 3577 3349 millia
3614 3304 3815 3365 prostra-

2253 3377 2452 3421 verunt.

2325 3436 2458 3494 Iade
2489 3439 2557 3493 ad
2589 3439 2779 3493 civitat.
2794 3453 2845 3491 m
2868 3435 3183 3510 Scytharum
3207 3439 3464 3507 abierunt,
3487 3455 3602 3510 qucc
3616 3436 3674 3492 ab
3691 3435 3813 3491 lera-

2252 3511 2466 3581 solgmis
2491 3512 2745 3565 sexcentis
2772 3510 2955 3563 stadiis
2978 3508 3174 3581 aberat.

2324 3577 2742 3654 Contestantibus
2777 3591 2967 3654 autent
2994 3577 3096 3646 his,
3141 3581 3249 3654 qui
3280 3581 3424 3654 apud
3456 3580 3815 3654 Scytlwpolitas

2253 3660 2422 3717 erant,
2446 3651 2671 3718 Judceis,
2693 3652 2829 3722 quod
2852 3651 3067 3721 benigne
3112 3652 3176 3705 ab
3204 3652 3276 3706 eis
3318 3651 3662 3721 haberentur,
3686 3652 3815 3707 etiam

2254 3725 2568 3799 temporibus
2597 3723 2916 3799 infelicitatis
2940 3724 3077 3793 quod
3094 3723 3322 3799 modeste
3347 3740 3519 3799 secum
3544 3725 3758 3799 egerint:

2324 3793 2534 3850 Gratias
2564 3792 2773 3867 agentes
2809 3794 2917 3862 eis,
2955 3792 3013 3846 et
3058 3792 3317 3860 erhqrtati
3366 3797 3517 3867 etiam
3560 3792 3622 3851 de
3660 3803 3813 3848 cetera

2254 3883 2379 3933 erga
2399 3884 2557 3939 genus
2573 3866 2726 3921 suum
2747 3866 2990 3936 benignos
3009 3880 3139 3939 esse,
3164 3876 3413 3920 venerunt
3433 3866 3810 3939 Jerosolgtnatn,

2255 3939 2341 3992 die
2362 3935 2579 3993 solemni
2599 3935 3009 4006 septimanarunt
3051 3935 3275 3991 instante
3298 3952 3317 3989 :

2326 4008 2396 4062 Et
2425 4018 2537 4081 post
2569 4005 2909 4064 Pentecosten
2942 4005 3180 4061 abierunt
3202 4017 3380 4063 contra
3408 4006 3658 4081 Gorgiam
3699 4024 3810 4079 prir-

2258 4078 2481 4151 positum
2512 4079 2780 4136 Iduma'at.
2958 4150 2961 4151 ν
3016 4149 3045 4151 _
3234 4150 3239 4151 ί
3408 4078 3412 4082 ³

2330 4151 2503 4208 Exivit
2523 4161 2688 4208 autem
2710 4166 2826 4206 cum
2866 4149 3120 4223 peditibus
3151 4150 3319 4207 tribus
3349 4150 3578 4208 millibus
3600 4161 3645 4208 et
3663 4149 3816 4223 equiti-

2258 4221 2365 4296 bus
2378 4225 2790 4296 quadringentis.

2331 4294 2529 4369 Quibus
2555 4294 2862 4369 congressis,
2883 4295 3322 4369 _contigit_paucos
3351 4311 3503 4351 ruere
3523 4294 3813 4369 Juda'orum.

2330 4365 2609 4437 D_ositheus
2632 4364 2749 4422 vero
2769 4365 2977 4437 quidam
3004 4364 3069 4420 de
3095 4364 3377 4437 Baceuoris
3406 4384 3578 4437 eques,
3622 4368 3694 4420 rir
3727 4365 3818 4433 far-

2258 4434 2607 4511 tis.Gorgia_nt
2634 4434 2866 4511 tenebat:
2884 4440 2949 4490 ‘et
2977 4452 3093 4491 cum
3109 4436 3266 4511 vellet
3288 4437 3436 4511 illum
3448 4434 3634 4509 capere
3651 4438 3813 4499 visunt,

2258 4524 2410 4580 eques
2439 4507 2650 4578 quidam
2679 4511 2742 4564 de
2774 4507 3054 4563 Thracibus
3101 4508 3255 4580 irruit
3288 4509 3342 4563 in
3383 4507 3529 4580 eum,
3563 4511 3817 4580 humerum-

2258 4576 2490 4653 queaejtis
2512 4581 2819 4653 amputavit,
2843 4590 2995 4653 atque
3019 4580 3090 4634 ita
3106 4576 3327 4649 Gorgias
3349 4579 3529 4653 effugit
3552 4581 3601 4633 in
3616 4578 3812 4653 Marem.

2333 4648 2412 4705 Αἱ
2426 4652 2550 4715 illis,
2580 4648 2811 4721 quicum
2838 4650 3036 4721 Esdit't'tt
3076 4648 3243 4721 erant,
3276 4648 3475 4705 diutius
3508 4648 3817 4721 pugnantibus

2206 4760 2219 4771 .
2262 4730 2309 4793 et
2336 4720 2599 4793 fatigatis,
2630 4723 2885 4777 invocavit
2925 4720 3096 4777 ludas
3118 4720 3404 4776 Dominum
3432 4720 3744 4793 adjutorcm,
3779 4724 3818 4771 ct

2262 4792 2443 4848 ducem
2473 4792 2593 4847 belli
2623 4795 2735 4862 ﬁeri
2756 4811 2775 4848 :
2804 4804 2813 4847 ἶ

2332 4862 2597 4938 Incipiens
2618 4865 2952 4938 vocepatria,
2983 4867 3033 4920 et
3060 4882 3176 4920 cum
3206 4866 3421 4938 hymnis
3454 4865 3714 4938 clamorem
3747 4876 3819 4916 cx-

2262 4936 2470 5009 tollens,
2503 4939 2681 5009 fugam
2705 4934 2913 5009 Gorgia:
2940 4938 3185 5009 militibus
3198 4934 3437 5009 incussit.
3456 4934 3630 5009 udas
3650 4942 3817 4998 autem,

2261 5005 2476 5063 collecto
2505 5005 2752 5071 exercitu,
2795 5005 2931 5061 venit
2959 5008 3013 5061 in
3043 5009 3298 5062 civitatem
3325 5007 3566 5062 Udollam
3597 5023 3613 5059 :
3641 5015 3705 5070 et,
3724 5019 3818 5057 cum

2258 5081 2476 5149 septima
2516 5080 2628 5133 dies
2674 5079 3049 5147 superveniret,
3108 5081 3390 5133 secundum
3429 5078 3816 5132 consuetudinem

2258 5150 2544 5222 purificati,
2573 5152 2626 5205 in
2653 5152 2829 5204 eodem
2863 5149 2975 5203 loco
3005 5149 3274 5222 sabbatum
3299 5160 3531 5222 egerunt.

2336 5220 2405 5275 Et
2426 5221 2657 5293 sequenti
2679 5222 2761 5275 die
2779 5223 2912 5275 venit
2938 5236 3055 5274 cum
3078 5221 3186 5276 suis
3210 5220 3404 5287 ludas,
3420 5231 3473 5275 ut
3494 5234 3702 5292 corpora
3718 5231 3816 5293 prq'

2257 5285 2538 5346 stratarum
2563 5294 2781 5358 tolleret,
2817 5302 2867 5346 et
2888 5308 3006 5346 cum
3028 5293 3328 5364 parentibus
3354 5285 3652 5363 poneret'in
3671 5285 3811 5359 εφαι-

2254 5365 2356 5418 cris
2377 5365 2625 5432 paternis.

2326 5427 2638 5490 Invenerunt
2670 5442 2839 5489 autem
2878 5433 2971 5489 sub
3010 5434 3198 5506 tunicis
3240 5435 3619 5506 interfectorum
3644 5431 3701 5486 de
3732 5427 3809 5505 ἀοῖ

2252 5507 2418 5579 uariis
2457 5508 2752 5579 idolorum,
2779 5521 2897 5577 qua:
2944 5508 3087 5579 apud
3127 5505 3391 5579 Jamniam
3424 5511 3644 5578 fuerunt,
3673 5512 3811 5579 aqm-

2254 5577 2344 5632 bus
2368 5578 2453 5633 lea:
2472 5576 2705 5651 prohibet
2722 5578 2935 5632 .ludteos
2952 5576 3221 5632 {omnibus
3245 5593 3367 5651 ergo
3391 5576 3701 5649 manifestum
3718 5576 3811 5641 [ατ-

2252 5657 2364 5703 tum
2392 5648 2487 5717 est,
2518 5648 2579 5704 ob
2600 5648 2734 5702 hanc
2760 5664 2970 5702 causam
2998 5665 3087 5703 eos
3116 5648 3391 5704 corruisse.
3534 5648 3537 5649 ⁷
3618 5716 3633 5717 γ
3732 5711 3740 5717 _
3780 5708 3788 5716 ,

2327 5711 2517 5795 Omnes
2544 5722 2712 5795 itaque
2740 5719 3103 5795 benedinerunt
3115 5720 3321 5792 justum
3333 5719 3589 5795 judicium
3600 5711 3804 5774 Domini.

2251 5792 2338 5861 qui
2366 5793 2567 5850 occulta
2594 5791 2787 5863 fecerat
2812 5790 3108 5862 manifesta.

2186 4550 2233 4611 Ι)
