3918 6192
127 218 238 280 1M

213 336 356 405 Atque
377 336 456 390 ita
485 337 558 415 ad
581 351 752 415 preces
769 337 1022 415 confersi,
1037 352 1367 415 rogauerunt,
1393 353 1448 396 ut
1473 345 1550 409 id,
1578 346 1714 415 quod

108 403 319 488 ‘actuin
348 417 493 488 αισι..
517 403 752 488 delictum
784 407 1022 488 oblivioni
1049 403 1438 488 iraderet‘urlAl
1463 403 1713 487 rero'for-

105 477 351 544 iissimus
379 477 551 551 ludas
578 478 878 551 hortabatur
900 479 1149 551 populum
1170 500 1468 539 conservare
1504 503 1558 541 se
1601 477 1716 542 sine

103 559 350 632 aesculo,
384 548 479 602 sub
504 548 934 632 oculis‘videntes,
961 548 1076 622 qua
1105 554 1243 623 facta
1267 566 1385 610 sunt
1406 574 1500 628 pro
1529 574 1713 626 pecca-

102 625 403 690 rtsgorum,
436 625 525 690 qui
547 625 792 690 prostrati
818 633 956 676 sunt.

197 686 260 741 Et
285 693 422 760 facta
447 686 767 760 collatione,
806 691 1077 746 duodecim
1108 694 1277 749 millia
1306 697 1582 754 drachmas
1621 716 1712 754 ar-

109 760 255 842 genti
281 759 429 843 misit‘
457 759 848 843 ierosolymam
887 763 1067 843 offerri
1098 782 1192 843 pro
1223 771 1444 835 peccatis
1475 780 1713 843 mortuo-

125 832 238 911 '(unt
255 832 599 901 sacrificium,
639 832 763 888 bene
788 843 836 888 et
862 832 1104 906 religiose
1121 837 1186 891 de
1213 832 1582 894 resurrectione
1619 858 1712 896 co-

194 912 304 956 lens.

150 919 328 1042 ΨΜὺὶ
353 975 494 1054 enim
521 992 630 1054 eos,
652 978 740 1054 qui
767 978 1092 1043 ceciderant,
1125 991 1498 1036 resurrecturos
1527 999 1708 1054 sperae

149 1048 567 1124 rtthuperfluum
580 1046 860 1124 uideretur,
878 1060 1303 1124 etuanuntorare
1328 1069 1420 1122 pro
1449 1046 1712 1124 mortuis.)

199 1115 252 1169 Et
273 1117 394 1185 quia
419 1119 938 1194 considerabatquod
959 1122 1033 1194 hi,
1061 1123 1149 1194 qui
1169 1139 1287 1176 cum
1307 1115 1496 1194 pietate
1519 1115 1714 1178 dormi;

146 1186 297 1308 iiottem
333 1199 662 1257 acceperant,
695 1192 944 1260 optimam
990 1186 1234 1247 haberent
1264 1186 1545 1258 repositam
1587 1211 1709 1266 gra-

163 1274 246 1311 tam
263 1272 282 1310 :

198 1297 381 1384 Sancta
409 1347 530 1400 ergo
548 1372 564 1398 ,
606 1342 656 1385 et
697 1332 922 1407 salubris
951 1343 1026 1389 est
1064 1335 1309 1407 cogitatio
1338 1353 1432 1407 pro
1461 1337 1714 1406 defunctis

139 1415 349 1469 exorare,
379 1410 432 1456 ut
461 1419 492 1456 a
517 1405 741 1470 peccatis
762 1406 1048 1459 solvantur.

713 1513 943 1572 CAPUT
968 1513 1109 1571 XIII.

187 1615 332 1692 Anno
361 1619 641 1692 cent_esimo
668 1619 1063 1692 quadragesimo
1101 1635 1266 1683 nono,
1287 1622 1521 1692 cognovit
1543 1620 1577 1675 J
1583 1623 1713 1678 udas

129 1686 423 1761 Antiochum
454 1686 774 1761 Eupatorem
805 1686 976 1744 venire
1013 1706 1133 1744 cum
1164 1686 1499 1747 multitudine
1531 1695 1710 1748 adrer-

125 1776 200 1813 sus
223 1757 492 1827 Iudaeam,

187 1830 253 1904 Et
277 1848 395 1886 cum
415 1849 477 1887 eo
501 1831 714 1904 Lysiam
742 1841 1152 1904 procuratorem,
1183 1842 1232 1887 el
1258 1835 1596 1902 prcepositum
1623 1853 1714 1892 nc-

120 1902 396 1972 goliorum,
444 1902 616 1958 secum
674 1905 943 1959 habentem
988 1903 1222 1972 peditum
1284 1916 1487 1959 centum
1539 1908 1715 1961 decem

120 1971 277 2047 millia
295 2015 311 2039 ,
363 1984 410 2029 et
449 1976 675 2043 equitum
702 1977 924 2046 quinque
953 1971 1138 2042 millia,
1169 1985 1214 2029 el
1242 1973 1350 2047 [AL
1386 1987 1490 2030 tac.
1519 1978 1584 2047 et]
1609 1979 1711 2032 ele-

120 2042 328 2117 phantos
360 2042 540 2117 viginti
561 2042 926 2112 duos,'currus
967 2063 1085 2117 cum
1116 2042 1337 2115 falcibus
1365 2042 1641 2104 trecentbs.

184 2114 515 2172 Commiscuit
541 2125 712 2172 autem
742 2134 795 2172 se
822 2118 928 2171 illis
951 2127 998 2172 et
1022 2114 1326 2171 Menelaus:
1349 2131 1527 2171 etcum
1549 2121 1714 2173 multa

119 2187 329 2260 fallacia
352 2188 732 2259 deprecabatur
759 2186 1095 2255 Antiochum,
1127 2203 1229 2260 non
1274 2205 1368 2259 pro
1407 2192 1593 2260 patria:
1630 2208 1715 2246 sa-

119 2257 242 2330 lute,
266 2259 356 2313 sed
383 2257 598 2329 sperans
626 2275 682 2314 se
707 2261 957 2314 constitui
984 2260 1036 2312 in
1063 2257 1430 2330 principatum.

182 2329 293 2384 Sed
318 2347 411 2385 res:
444 2347 622 2403 regum
644 2332 911 2403 suscitavit
931 2332 1130 2384 animos
1144 2329 1389 2384 Antiochi
1410 2333 1462 2383 in
1485 2343 1716 2402 peccato-

118 2415 222 2474 rem
264 2415 285 2451 .'
310 2410 357 2455 et
397 2401 700 2474 suggerente
740 2401 899 2471 Lysia
927 2403 1062 2456 hunc
1107 2418 1218 2474 esse
1257 2417 1465 2474 causam
1486 2401 1716 2458 omnium

117 2471 390 2544 malorum,
415 2471 578 2544 jussit
598 2473 674 2544 (ut
695 2474 770 2528 eis
790 2482 866 2527 est
887 2471 1229 2543 consuetudo)
1259 2472 1635 2543 apprehensum
1662 2475 1718 2529 in

115 2543 289 2596 eodem
315 2543 426 2598 loco
456 2543 652 2599 necari.

186 2611 314 2667 Erat
343 2625 516 2669 autem
543 2617 598 2669 in
620 2616 796 2671 eodem
825 2616 939 2670 loco
969 2615 1130 2670 turris
1156 2614 1533 2686 quinquaginta
1571 2617 1715 2672 cubi-

119 2693 317 2749 torum,
357 2695 641 2761 aggesturni
668 2687 898 2757 undique
941 2686 1134 2742 habens
1174 2687 1362 2741 cineris
1391 2703 1409 2740 :
1449 2687 1558 2742 ha:c
1595 2706 1717 2761 pro-

119 2765 344 2842 speplum
369 2757 594 2841 habebat
624 2759 676 2812 in
710 2774 959 2842 piteceps:

187 2826 324 2882 Inde
364 2829 687 2902 incinerem
711 2826 889 2902 dejici
919 2829 1082 2901 jussit
1118 2831 1446 2901 sacrilegum,
1481 2833 1718 2887 omnibus

115 2914 242 2971 eum
261 2901 662 2971 prapellentibus
692 2901 762 2954 ad
783 2901 1068 2954 interitum.

194 2969 263 3022 Et
294 2969 388 3044 tali
416 2972 529 3044 lege
551 2972 998 3044 praevaricatorem
1021 2971 1150 3044 legis
1188 2973 1404 3044 contigit
1432 2975 1591 3040 mori,
1616 2989 1711 3028 nec

117 3050 268 3096 teme
291 3042 406 3095 dari
428 3042 747 3098 Menelaum.

1297 224 1505 282 LIBER
1544 224 1587 283 ll
1625 226 2170 288 MACIIABEORUM
2181 271 2193 285 .

3306 239 3413 296 522

1740 347 1793 410 Α
1820 347 1942 403 dam
1971 349 2035 404 de
2063 347 2290 424 Judaico
2308 349 2557 417 exercitu,
2585 349 2673 420 qui
2703 351 2980 420 requisitns
3008 357 3410 424 comprehensus

1818 429 1917 478 est.
1949 430 1995 474 et
2022 421 2321 476 conclusus.

1890 488 2089 566 lterum
2116 509 2208 566 res:
2244 508 2543 566 sermonem
2559 490 2738 547 habuit
2767 494 2835 546 ad
2880 511 2995 560 eos,
3034 497 3123 566 qui
3165 509 3314 554 erant
3354 501 3410 554 in

1819 560 2087 618 Bethsuris
2111 579 2130 616 :
2161 564 2395 618 dextram
2423 564 2565 619 dedit
2590 584 2607 618 :
2637 569 2874 633 accepit:
2901 566 3030 619 abiit
3046 560 3073 620 ἐ

1890 633 2154 710 Commisit
2176 651 2294 710 cum
2310 633 2454 710 {uda
2477 651 2495 688 :
2517 645 2804 710 superatus
2820 645 2916 691 est.
2944 635 3012 710 Ut
3033 647 3202 710 autem
3226 657 3415 710 cogno-

1816 703 1887 756 uit
1911 704 2188 760 rebellasse
2226 703 2534 777 Philippum
2562 705 2874 771 Antiochiae,
2918 709 3008 777 qui
3045 709 3259 764 relictus
3287 703 3411 767 'erat

1814 789 1972 850 super
2003 777 2228 850 negotia,
2261 787 2428 850 mente
2461 787 2838 850 consternatus,
2867 777 3081 850 Judteos
3108 781 3411 850 deprecans,

1817 846 2161 917 subditusque
2179 847 2274 907 eis.
2286 849 2438 921 jurat
2464 849 2529 902 de
2549 849 2802 921 omnibus.
2822 848 3006 921 quibus
3021 846 3226 921 justum
3249 846 3414 908 visum

1816 925 1892 970 est
1935 927 2048 989 :Aet
2100 919 2466 974 reconciliatus
2521 918 2705 973 obtulit
2749 918 3091 989 sacrificium,
3148 922 3416 978 honorauit

1819 985 2101 1061 templum,
2130 997 2178 1042 et
2210 1005 2424 1044 munera
2451 990 2618 1061 posuit
2641 1005 2661 1044 :

1950 1057 2616 1132 achabarumamplexatus
2641 1069 2739 1122 est.
2779 1071 2829 1114 et
2864 1061 2988 1129 fecit
3018 1079 3132 1116 eum
3172 1080 3204 1118 a
3231 1063 3414 1120 Ptole-

1815 1128 1989 1200 maide
2014 1146 2175 1199 usque
2202 1131 2273 1182 ad
2300 1128 2555 1185 Gerrenos
2583 1131 2768 1184 ducem
2792 1140 2841 1185 el
2867 1128 3179 1200 principem.

1892 1198 1960 1252 Ut
1988 1198 2160 1254 autem
2182 1203 2317 1274 uenit
2345 1200 2747 1268 Ptolemaidam,
2773 1198 2998 1272 graviter
3025 1198 3260 1274 ferebant
3283 1205 3413 1262 Pto-

1817 1269 2065 1348 lem_ens_es
2091 1272 2335 1326 amicitia:
2360 1269 3165 1346 conventionem;indignantes,
3200 1293 3264 1332 ne
3283 1279 3416 1348 forte.

1818 1341 1984 1412 [trdus
2007 1342 2369 1412 irrumperent.

1887 1411 2035 1466 Tunc
2046 1411 2291 1488 ascendit
2313 1412 2500 1488 Lysias
2525 1415 2776 1482 tribunal,
2800 1425 2849 1470 et
2871 1419 3111 1488 exposuit
3131 1420 3410 1484 rationem,

1816 1489 1865 1556 et
1894 1485 2145 1555 populum
2176 1483 2374 1537 sedavit
2395 1525 2408 1547 ,
2454 1500 2819 1556 regressusque
2859 1483 2946 1542 est'
2965 1489 3295 1545 Antiochiam
3323 1509 3342 1546 :
3367 1483 3414 1547 et

1817 1551 1913 1608 hoc
1940 1551 2095 1610 modo
2122 1557 2258 1625 regis
2283 1551 2558 1626 profectib,
2591 1566 2637 1609 et
2660 1558 2856 1612 reditus
2889 1561 3157 1627 processit.

2407 1662 2639 1719 CAPUT
2677 1663 2818 1719 XIV.

1740 1738 1790 1798 Β
1890 1759 1998 1816 Sed
2018 1773 2147 1840 post_
2157 1761 2368 1840 triennii
2397 1771 2596 1840 tempus
2627 1765 2866 1840 cognouit
2886 1764 3152 1840 Iudas,rel
3179 1771 3267 1840 qui
3295 1788 3412 1828 cum

1815 1846 1875 1884 eo
1901 1842 2068 1909 erant,
2103 1833 2428 1888 Demetrium
2460 1833 2670 1909 δοίαξιοὶ
2695 1833 2814 1909 cum
2841 1833 3408 1909 multitudine'valida,

1816 1911 1864 1956 et
1890 1904 2127 1970 navibus,
2177 1921 2268 1976 per
2309 1913 2515 1975 portum
2558 1903 2788 1974 Tripolis
2831 1909 3126 1964 ascendisse
3177 1912 3246 1964 ad
3294 1903 3409 1968 loca

1815 1985 2135 2028 ονυονιιιηα.

1851 1989 2208 2172 Ῡῖἳῗὲἕτῗιῗίξεε
2247 2047 2480 2120 regiones
2507 2047 2754 2102 adversus
2789 2049 3120 2121 Antiochum,
3152 2061 3200 2106 et
3226 2054 3410 2112 ducem

1851 2131 1926 2172 tus
2003 2135 2190 2172 ustam.

1813 2129 1926 2172 etus
1956 2129 2190 2172 Lustam.

1835 2133 1926 2185 gus
1956 2133 2190 2188 Lysiam.

1886 2186 2118 2270 dlcimus
2137 2198 2312 2270 autem
2331 2189 2566 2270 quidam,
2585 2190 2675 2260 qui
2693 2207 2926 2270 summus
2952 2198 3191 2252 sacerdos
3216 2205 3409 2270 fuerat,

1815 2259 1904 2310 sed
1918 2258 2206 2336 uoiuntarie
2219 2258 2669 2336 coinquinatusest
2683 2265 2992 2336 temporibus
3007 2258 3410 2336 commiitionis;

1815 2330 2150 2407 considerans
2175 2331 2323 2385 nullo
2350 2333 2504 2385 modo
2525 2331 2624 2384 sibi
2649 2348 2756 2386 esse
2775 2334 3017 2404 salutem,
3048 2354 3211 2407 neque
3233 2330 3410 2396 acces;

1815 2415 1934 2454 sum
1963 2401 2032 2454 ad
2061 2403 2247 2456 altare.

1897 2471 2048 2526 Venit
2077 2473 2146 2524 ad
2190 2489 2362 2556 regem
2405 2470 2724 2554 Demetrium
2770 2477 3045 2531 centesimo
3089 2482 3415 2556 quinquage.

1815 2543 1946 2596 simo
1987 2560 2148 2620 anno,
2192 2543 2414 2620 offerens
2447 2545 2492 2597 ei
2530 2559 2790 2620 coronam
2816 2562 3052 2620 auream,
3080 2543 3130 2604 et
3157 2543 3408 2620 palmdm.

1814 2629 1969 2686 super
1990 2615 2099 2669 hate
2138 2625 2185 2668 et
2217 2615 2440 2681 thallos,
2485 2615 2574 2684 qui
2617 2616 2791 2686 templi
2829 2632 2938 2671 esse
2973 2615 3297 2678 ridebantur.
3342 2615 3410 2680 Et

1815 2685 1932 2757 ipsa
1953 2686 2162 2757 quidem
2192 2687 2275 2740 die
2295 2687 2463 2740 siluit.

1891 2755 2114 2827 Tempus
2153 2769 2327 2835 autem
2367 2766 2719 2835 opportunum
2761 2759 3029 2835 dementiae
3065 2779 3177 2835 sua:
3204 2775 3410 2835 nactus,

1816 2839 2124 2908 conuocalus
2166 2847 2198 2884 a
2243 2827 2505 2908 Demetrio
2540 2827 2631 2908 _ad_
2660 2829 2953 2908 coniilium.
2986 2841 3032 2887 et
3063 2827 3410 2908 interrogatus

1817 2899 1998 2966 quibus
2017 2900 2173 2954 rebus
2195 2911 2244 2955 et
2271 2900 2501 2954 consiliis
2523 2897 2697 2953 Judaei
2725 2901 3029 2958 niterentur.

1893 2969 2180 3048 Despondit
2205 2987 2224 3024 :
2255 2970 2388 3048 Ipsi,
2419 2969 2788 3048 qui_dicnntur
2829 2973 3049 3048 Assidiei
3075 2975 3409 3048 Iudaeorum,

1821 3038 2008 3114 quibus
2053 3051 2235 3110 prteest
2264 3038 2438 3095 Judas
2485 3038 2840 3114 Machameus,
2893 3043 3028 3100 bella
3072 3049 3326 3114 nutriunt,
3366 3038 3412 3107 et

188 3111 501 3189 Siquidem
529 3116 658 3189 salii
682 3115 869 3189 juste:
899 3130 1016 3189 nam
1036 3116 1165 3189 quia
1200 3115 1369 3189 multa
1409 3131 1529 3186 erga
1567 3131 1711 3169 aram
1738 3109 1786 3174 C
1816 3109 2094 3189 seditiones
2121 3123 2351 3189 movent,
2365 3128 2457 3166 nec
2473 3111 2756 3189 patiuntur
2777 3130 2996 3189 regnum
3023 3133 3134 3172 esse
3156 3109 3408 3189 quietum.

123 3181 226 3256 Dei
246 3181 433 3238 delicta
461 3181 740 3251 commisit,
759 3187 911 3256 cujus
938 3181 1094 3256 ignis,
1113 3197 1161 3240 et
1185 3187 1313 3240 cinis
1343 3195 1451 3241 erat
1464 3181 1710 3252 sanctus,

117 3253 226 3323 ipse
245 3256 298 3308 in
328 3257 512 3310 cineris
543 3265 704 3311 morte
735 3253 1012 3310 damnatus
1042 3267 1134 3311 est.

193 3325 299 3380 Sed
318 3343 409 3399 res:
439 3337 609 3381 mente
633 3326 918 3395 effrenatus
939 3327 1194 3397 veniebat,
1231 3331 1528 3399 nequiorem
1548 3344 1602 3384 se
1623 3347 1715 3399 pa-

121 3405 198 3450 tre
227 3414 319 3451 suo
342 3396 546 3454 luditis
568 3408 884 3454 ostensurus.

197 3466 389 3542 Quibus
415 3468 590 3542 ludas
613 3471 864 3542 cognitis,
909 3471 1150 3541 prwcepit
1193 3471 1409 3542 papulo,
1438 3480 1495 3525 ut
1533 3473 1618 3526 die
1655 3489 1715 3526 ac

123 3549 269 3613 nocte
291 3538 573 3594 Dominum
602 3538 924 3611 invocarent,
949 3538 1226 3612 qui,'sicu't
1252 3538 1470 3613 semper,
1505 3552 1553 3597 et
1581 3559 1716 3597 nunc

122 3609 392 3678 adjuvaret
419 3627 506 3666 eos
530 3627 548 3665 :

200 3679 392 3754 Quippe
417 3685 505 3753 qui
538 3683 671 3753 lege,
696 3684 1268 3757 etrpatria,isanctoque
1303 3686 1490 3757 templo
1522 3685 1718 3755 privari

122 3763 412 3808 vererentur
437 3769 456 3808 :
482 3770 546 3808 ac
588 3756 863 3826 populum,
897 3755 985 3826 qui
1030 3772 1197 3826 nuper
1228 3755 1506 3822 paululum
1549 3757 1715 3826 respi-

124 3774 412 3808 νεηγεηιιιν
437 3774 456 3808 ἔ
482 3774 546 3808 ac
588 3774 863 3823 populum,
897 3774 985 3826 qui
1030 3774 1197 3826 ηιιρετ
1228 3774 1506 3822 paululum
1549 3774 1678 3880 re?”

124 3833 302 3895 rasset,
333 3842 394 3879 ne
412 3825 603 3879 sineret
635 3825 948 3895 blasphemis
975 3841 1159 3881 rursus
1186 3827 1481 3880 nationibus
1509 3827 1600 3881 sub
1642 3829 1678 3880 i.

204 3892 446 3968 omnibus
464 3897 644 3968 itaque
675 3892 830 3968 simul
858 3897 914 3949 id
944 3896 1272 3966 facientibus.
1301 3906 1348 3950 el
1376 3898 1660 3968 petentibus
1685 3917 1718 3951 α

128 3960 349 4039 Domino
396 3960 804 4022 misericordiam
834 3960 953 4021 cum
983 3971 1120 4039 ﬁetu
1150 3976 1198 4021 et
1229 3960 1478 4039 jejun'iis,
1507 3985 1597 4039 per
1624 3970 1718 4022 tri-

128 4032 284 4090 duum
311 4039 614 4092 conlinuum
644 4041 942 4108 prostratis,
971 4032 1209 4094 hortatus
1229 4032 1313 4093 est
1340 4055 1426 4093 eos
1445 4032 1637 4107 ludas,
1662 4049 1716 4093 ul

124 4119 184 4156 δε
209 4119 566 4180 ρηηοσατεηι.
859 4146 862 4147 ν

207 4175 319 4246 Ipse
358 4197 476 4235 vero
504 4197 625 4234 cum
663 4180 953 4252 senioribus
970 4180 1223 4252 cogitavit
1251 4183 1394 4251 prius
1432 4198 1586 4252 quam
1629 4197 1720 4236 rea:

129 4245 418 4306 admoueret
446 4252 735 4306 exercitum
765 4251 834 4304 ad
868 4245 1132 4315 Judaeum,
1178 4261 1226 4306 et
1251 4245 1510 4306 'oblineret
1537 4253 1714 4306 civita-

132 4325 252 4392 tem.
282 4325 441 4392 exire,
476 4331 527 4377 et
555 4322 766 4378 Domini
791 4322 989 4390 iudicio
1020 4325 1340 4378 committere
1365 4325 1554 4378 exitum
1584 4325 1678 4376 rei.

204 4387 345 4465 Dans
381 4387 558 4465 itaque
605 4387 912 4464 potestatem
950 4395 1178 4448 omnium
1207 4393 1318 4449 Deo
1347 4393 1530 4448 mundi
1576 4410 1718 4449 crea-

131 4461 250 4536 tori,
269 4474 316 4518 el
337 4461 640 4521 exhortatus
661 4482 803 4534 suos,
829 4473 885 4519 ul
911 4466 1113 4536 fortiter
1133 4466 1462 4527 dimicarent,
1487 4476 1534 4518 et
1560 4481 1718 4532 usque

122 4528 199 4609 qd
223 4546 432 4591 mortem
454 4553 550 4609 pro
578 4528 802 4609 legibus,
815 4528 1031 4609 templo,
1057 4537 1280 4602 civitate,
1306 4537 1500 4604 patria,
1525 4545 1572 4590 et
1593 4528 1718 4590 civi-

120 4597 227 4674 bus
246 4597 465 4674 starent,
497 4597 652 4662 cich
672 4597 859 4661 Modin
888 4597 1167 4662 eicercitum
1190 4597 1479 4662 constituit.

201 4671 405 4750 Etdalo
429 4671 579 4749 signo
604 4680 717 4733 suis
741 4678 838 4732 Dei
858 4679 1104 4745 victorice,
1120 4679 1397 4750 juvenibus
1426 4679 1721 4749 fortissimis

108 4738 321 4821 flectis,
350 4738 500 4804 nocte
517 4766 797 4821 aggressus
810 4750 1006 4821 aulam
1028 4738 1248 4820 regiam,
1270 4752 1327 4804 in
1350 4738 1533 4821 castris
1562 4751 1723 4805 inter-

102 4812 249 4877 Ῑεεὶι
275 4812 422 4892 uiros
449 4812 676 4892 quatuor
705 4819 907 4892 millia,
939 4830 990 4875 et
1019 4812 1304 4874 maximum
1331 4820 1722 4892 elephantorum

94 4895 241 4963 6W5
264 4889 347 4944 his
373 4889 471 4963 qui
491 4891 809 4963 superpositi
838 4895 1049 4963 fuerant
1070 4907 1089 4944 :

176 4956 521 5034 summoque
549 4956 711 5027 metu,
756 4979 817 5016 ac
838 4956 1233 5034 perturbatione
1276 4963 1502 5017 hostium
1545 4975 1717 5016 castra

80 5031 404 5106 "pientes,
431 5031 585 5089 rebus
613 5031 862 5105 prospere
884 5035 1064 5106 gestis,
1092 5033 1355 5106 abierunt.

163 5097 317 5178 Hoc
347 5097 522 5178 autem
565 5097 763 5178 frictum
802 5097 995 5160 esl'die
1036 5097 1390 5174 illucescente,
1438 5106 1720 5178 adjuvante

67 5173 241 5248 αινέ
265 5171 478 5248 Domini
503 5171 844 5248 pr’olectione.

109 5242 454 5319 ,Sedrex,
496 5242 704 5319 accepto
759 5255 910 5318 gustu
955 5249 1194 5304 audacice
1228 5245 1568 5314 Judwornm,
1610 5255 1720 5301 arte

53 5301 480 5373 dilicultaler'n
502 5301 741 5374 locorum
759 5301 1009 5374 lentabat.

135 5386 268 5462 ﬁdit
297 5386 586 5455 Bethsurw,
620 5405 735 5458 quae
759 5399 866 5444 erat
889 5389 1194 5446 Judteorum
1219 5391 1522 5462 praesidium
1549 5391 1721 5462 muni-

55 5448 461 5578 ίξτσῗιᾶὁέἳῧνα
481 5448 808 5527 admouebat,
833 5462 922 5516 sed
945 5448 1238 5534 fugabatur',
1261 5462 1599 5534 impingebat,
1626 5459 1722 5512 mi-

177 5534 428 5587 'abatur.

127 5590 306 5715 uagis
328 5611 524 5672 autem,
550 5604 645 5674 qui
670 5605 813 5659 intus
834 5613 1009 5675 erant,
1051 5603 1226 5660 ludas
1271 5605 1560 5660 necessaria
1598 5601 1720 5654 mit-

221 5727 503 5802 Enuntiavit
544 5756 717 5803 autem
753 5749 1001 5820 mysteria
1033 5749 1265 5808 hostibus
1296 5746 1584 5805 Rhodocus
1609 5743 1724 5814 qui-

413 5842 696 5909 ΡΛτιιοι..
743 5844 990 5909 XXIX.

1894 3180 2036 3236 Nam
2062 3194 2108 3237 et
2134 3201 2227 3256 ego
2255 3183 2604 3259 defraudatus
2637 3180 2910 3259 parentum
2938 3185 3108 3257 gloria
3141 3180 3290 3259 (Ilico
3319 3209 3415 3246 au-

1822 3264 1921 3306 tem
1949 3271 2150 3308 summo
2166 3253 2518 3323 sacerdotio),
2545 3253 2641 3308 huc
2668 3258 2799 3308 veni.

1893 3323 2075 3399 Primo
2106 3328 2312 3394 quidem
2351 3325 2664 3399 utilitatibus
2708 3327 2846 3399 regis
2873 3327 3027 3396 ﬁdem
3057 3347 3298 3399 servans,
3333 3352 3414 3390 se-

1818 3398 2195 3469 cundoantem
2222 3399 2378 3469 etiam
2407 3395 2513 3467 [AL
2542 3405 2646 3469 lac.
2671 3395 2848 3469 elitim]
2875 3395 3071 3454 civibus
3098 3395 3370 3459 consulens
3394 3424 3413 3460 .-

1819 3484 1947 3549 nam
1967 3468 2177 3522 illorum
2207 3468 2460 3540 pravitate
2500 3467 2791 3522 uniuersum
2831 3467 2993 3540 genus
3031 3483 3268 3529 nostrum
3309 3493 3412 3532 non

1819 3555 2027 3593 minime
2053 3551 2290 3594 vexatur.

1893 3608 2000 3687 Sed
2031 3627 2142 3677 oro,
2165 3609 2515 3687 hissingulis,
2549 3624 2579 3663 ο
2606 3626 2730 3687 rex,
2759 3612 3009 3682 cognitis,
3041 3623 3090 3669 et
3115 3618 3332 3687 regioni,
3369 3631 3418 3674 et

1819 3682 1993 3758 generi
2066 3681 2370 3758 secundum
2411 3681 2783 3735 humanitatem
2824 3681 2983 3736 bluam
3053 3681 3414 3758 pervulgatam

1823 3752 2059 3825 omnibus
2082 3755 2340 3825 prospice.

1892 3821 2058 3883 Nam.
2083 3821 2336 3903 quamdiu
2361 3833 2594 3892 superest
2619 3822 2653 3876 J
2664 3822 2819 3888 udas,
2849 3825 3168 3894 impossibile
3191 3838 3288 3896 est,
3313 3849 3412 3903 pa-

1822 3909 1934 3965 cem,
1951 3911 2058 3949 esse
2085 3896 2325 3965 negotiis.

1897 3963 2306 4038 Talibusaulem
2337 3963 2402 4038 ab
2428 3963 2526 4018 hoc
2555 3963 2729 4038 dictis,
2759 3974 2806 4018 et
2836 3969 3005 4021 caeleri
3038 3973 3215 4038 amici,
3242 3974 3412 4030 hosti-

1823 4034 1942 4090 liter
1961 4053 2022 4109 _se
2045 4035 2287 4090 habentes
2306 4035 2552 4089 adversus
2578 4034 2799 4103 ludam,
2828 4034 3278 4109 inﬂammaverunl
3309 4046 3415 4102 De-

1822 4107 2058 4162 metrium
2069 4146 2081 4160 .

1897 4179 2001 4246 Qui
2018 4179 2197 4255 statim
2217 4177 2535 4255 Nicanorem
2558 4180 2890 4251 praepositum
2912 4182 3298 4255 elephantorum
3317 4189 3414 4245 du-

1821 4264 1930 4304 cem
1957 4250 2097 4304 misil
2118 4251 2173 4304 in
2201 4249 2439 4306 Judteam
2464 4267 2482 4304 :

1894 4319 2048 4376 Datis
2079 4323 2369 4382 mandatis.
2395 4330 2464 4394 Aut
2503 4322 2676 4390 ipsum
2704 4323 2912 4392 quidem
2941 4322 3136 4380 ludam
3169 4340 3370 4394 caperet
3394 4346 3413 4385 :

1823 4409 1910 4446 eos
1931 4409 2072 4461 vero,
2097 4396 2322 4464 quicum
2343 4392 2436 4448 illo
2457 4404 2625 4460 erant,
2650 4394 2989 4464 dispergeret,
3013 4407 3060 4449 et
3082 4392 3415 4455 constitueret

1825 4464 2080 4518 Alcimum
2111 4465 2322 4520 maximi
2356 4465 2530 4520 templi
2568 4480 2829 4517 summum
2858 4467 3194 4519 sacerdotem.

1893 4533 2266 4614 Tunc__gentes,_
2286 4551 2402 4614 qua:
2431 4533 2494 4614 de
2519 4533 2707 4614 Juda’a
2736 4539 2973 4614 fugerant
2994 4534 3412 4614 JildiZIIi,_g)“ega-

1824 4605 1915 4660 tim
1939 4621 1992 4660 se
2013 4605 2267 4661 Nicanori
2298 4606 2595 4667 miscebant,
2637 4605 2894 4666 miserias,
2924 4616 2971 4659 el
2998 4607 3172 4660 clades
3192 4605 3413 4664 Ιῐιάτὶιοο

1824 4693 1938 4749 rum
1967 4679 2337 4749 prosperitates
2363 4692 2775 4749 rerumsuarum
2806 4677 3172 4749 existimantes.

1896 4745 2284 4818 Audilo'ilaque
2302 4745 2478 4802 Judazi
2510 4745 2796 4818 Nicanoris
2817 4747 3061 4811 aduentu,
3090 4757 3136 4801 et
3163 4762 3412 4807 conventu

1824 4819 2116 4885 nationum,
2140 4815 2400 4892 conspersi
2432 4827 2568 4871 terra
2594 4815 2845 4885 rogabant
2871 4833 3008 4892 eum.
3043 4819 3145 4892 qui,
3163 4821 3414 4888 populum

1823 4906 1977 4943 suum
1998 4889 2285 4950 constituit,
2306 4896 2361 4942 ut
2382 4889 2433 4941 in
2460 4897 2710 4959 aeternum
2733 4889 3031 4956 custodiret,
3057 4891 3245 4959 quique
3265 4908 3416 4948 suam

1825 4962 2114 5031 portionem
2137 4960 2301 5030 signis
2327 4957 2642 5031 evidentibus
2669 4959 2907 5031 protegit.

1897 5027 2203 5098 Imperanlé
2216 5040 2388 5084 autem
2409 5028 2558 5098 duce,
2585 5027 2758 5079 statim
2783 5027 2904 5082 inde
2928 5040 3210 5098 moverunt,
3233 5049 3419 5091 conve-

1827 5097 2110 5172 nerantque
2134 5099 2202 5154 ad
2230 5098 2500 5172 castellum
2521 5097 2744 5172 Dessau.

1901 5168 2084 5229 Simon
2108 5186 2224 5224 vero
2254 5175 2415 5240 frater
2441 5168 2600 5240 Judce
2624 5168 2949 5240 commiserat
2970 5187 3088 5226 cum
3121 5173 3417 5233 Nicanore:

1827 5243 1918 5299 sed
1945 5238 2260 5296 conterritus
2289 5249 2362 5295 est
2392 5238 2908 5310 repentinoadventu
2937 5244 3374 5302 aduersariorum.

1901 5313 2135 5369 Nicanor
2159 5318 2350 5381 tamen,
2383 5312 2598 5363 audiens
2633 5309 2870 5365 uirtutem
2897 5315 3141 5368 comitum
3169 5314 3344 5381 Judw,
3373 5331 3422 5376 ει

1829 5385 1991 5438 animi
2022 5380 2450 5452 magnitudinem,
2491 5395 2644 5444 quam
2687 5395 2780 5452 pro
2824 5385 3008 5452 patria:
3055 5389 3420 5447 certaminibus

1829 5456 2101 5519 habebant,
2133 5452 2382 5522 sanguine
2407 5452 2664 5522 judicium
2696 5451 2866 5520 facere
2888 5455 3162 5512 metuebat.

1905 5520 2248 5594 Quamobrem
2294 5520 2550 5594 praemisit;
2585 5520 2956 5594 Posidonium,
2994 5536 3039 5579 et
3064 5525 3418 5588 Theodosium

1833 5590 1944 5669 ιΑιῖ
1973 5590 2369 5672 Theodotium],
2406 5601 2457 5647 et
2496 5592 2804 5662 Matthiam,
2835 5604 2891 5648 ut
2942 5595 3125 5654 darent
3176 5603 3417 5672 dextras,

1830 5667 1981 5738 atque
2006 5667 2314 5738 acciperent,

1901 5733 1974 5796 Et
1998 5733 2127 5796 cum'
2153 5737 2243 5792 diu
2273 5734 2339 5791 de
2367 5734 2449 5793 his
2477 5733 2752 5794 consilium
2780 5748 3042 5813 ageretur,
3074 5750 3122 5798 et
3158 5744 3270 5816 ipse
3312 5749 3422 5805 dux

2752 5832 2828 5892 1'7

1747 4501 1800 4562 D
