3918 6192
487 266 592 320 5‘27

1475 265 1535 321 S.
1580 255 2233 322 HIERONYMLDIVINA
2273 253 2749 311 BlBLlOTHECA.

3671 255 3758 312 538

485 383 555 437 de
586 378 830 451 pluribus
858 397 869 432 :
901 392 999 434 cur
1021 392 1125 433 non
1154 376 1220 432 ad
1264 377 1509 434 Graecam
1562 379 1827 449 originem
1885 389 2073 430 revcr-
2102 379 2150 437 Α
2179 371 2490 440 Evangelia,
2517 381 2744 439 quorum
2775 364 2910 420 ordo
2938 373 3025 420 est
3054 363 3154 417 istc
3181 402 3196 427 ,
3227 371 3250 397 θ
3274 361 3569 420 Mattbzeus
3595 405 3612 430 ,
3643 366 3760 420 Mar-

489 481 690 537 tentes,
715 486 778 525 ea
803 485 924 540 qua:
947 470 1080 524 vela
1107 469 1722 542 vitiosisintcrprctibus
1739 468 1878 523 male
1904 467 2075 530 edita,

485 567 573 621 vel
601 581 632 620 a
661 562 1147 635 praesumptoribus
1190 562 1460 632 imperitis
1512 562 1799 618 emendata
1849 574 2076 630 perver-

485 659 625 726 sius,
657 656 743 712 vel
775 671 802 711 a
833 654 1073 710 librariis
1104 654 1537 710 dormitantibus
1560 654 1743 709 addita
1775 661 1908 708 sunt
1930 693 1944 716 ,
1987 661 2082 705 aut

487 759 717 815 mutata,
749 747 1115 819 corrigimus?
1136 745 1323 819 Neque
1343 763 1476 804 vero
1508 763 1610 818 ego
1641 747 1711 802 de
1751 743 1924 800 veteri
1968 743 2082 798 dis-

483 851 617 914 puto
645 839 1021 906 Testamento,
1044 840 1192 912 quod
1231 855 1261 894 a
1291 839 1649 909 Septuaginta
1689 836 1996 892 senioribus
2028 834 2080 888 in

483 936 732 992 Graecam
759 935 998 1006 linguam
1026 950 1288 1000 versum,
1346 936 1510 990 tertio
1562 943 1588 971 ι
1643 933 1812 1003 gradu
1868 931 1934 986 ad
1983 945 2084 985 nos

484 1041 658 1098 usque
683 1027 955 1096 pervenit.
989 1025 1106 1080 Non
1136 1041 1323 1097 quaero
1351 1027 1481 1097 quid
1511 1025 1730 1096 Aquila,
1763 1022 1894 1094 quid
1927 1022 2085 1094 Sym-

482 1119 708 1177 machus
733 1119 986 1192 sapiant,
1025 1134 1194 1190 quare
1233 1117 1578 1174 Theodotion
1633 1117 1776 1172 inter
1812 1113 1984 1172 novos
2031 1124 2087 1170 et

484 1225 704 1270 veteres
731 1212 947 1269 medius
976 1211 1214 1267 incedat.
1258 1211 1339 1268 Sit
1371 1211 1459 1265 illa
1496 1225 1624 1265 vera
1673 1207 2083 1278 interpretatio,

479 1322 642 1378 quam
675 1305 924 1376 Apostoli
965 1305 1356 1375 probaverunt.
1403 1304 1479 1359 De
1521 1318 1666 1358 novo
1709 1317 1857 1358 nunc
1891 1303 2086 1371 loquor

486 1399 847 1455 Testamento
879 1414 894 1452 :
927 1397 1071 1468 quod
1099 1397 1348 1453 Graecum
1378 1411 1505 1452 esse
1536 1413 1643 1450 non
1692 1394 1913 1450 dubium
1955 1404 2040 1450 est
2068 1434 2084 1461 ,

485 1500 718 1562 excepto
747 1489 997 1561 apOstolo
1027 1488 1052 1526 δ
1081 1488 1334 1543 Μειιιιιωο
1359 1532 1374 1555 ,
1425 1488 1517 1558 qui
1561 1489 1772 1558 primus
1815 1488 1869 1542 in
1901 1486 2086 1542 Judzea

489 1583 850 1654 Evangelium
904 1582 1110 1636 Christi
1165 1581 1448 1635 Hebraicis
1481 1580 1676 1635 litteris
1724 1578 1914 1635 edidit.
1976 1578 2090 1634 Hoc

493 1686 642 1732 certe
669 1691 792 1730 cum
821 1675 875 1728 in
911 1684 1100 1728 nostro
1131 1686 1386 1727 sermone
1417 1671 1728 1736 discordat,
1758 1681 1779 1709 ο
1810 1680 1865 1725 et
1903 1670 2086 1726 diver-

2180 479 2298 530 cus,
2332 465 2526 526 Lucns,
2556 462 2817 524 Joannes,
2851 459 3100 514 codicum
3131 459 3451 515 Graecorum
3488 457 3761 513 emendaza

2181 555 2497 619 collatione,
2526 553 2620 607 sed
2655 552 2934 607 Veterum.
2966 550 3099 618 Quae
3117 566 3186 606 ne
3214 551 3445 607 multum
3471 565 3504 604 a
3528 549 3761 607 lectionis

2183 648 2386 702 Latina:
2416 644 2809 701 consuetudine
2831 643 3231 714 discreparent,
3256 641 3275 680 ί
3303 645 3374 698 ita
3398 643 3622 698 calamo
3650 649 3762 697 tem-

2185 739 2518 810 peravimus,
2545 755 2604 792 ut
2634 737 2719 792 his
2751 747 2958 791 tantum
3004 752 3124 806 qua:
3178 750 3399 792 sensum
3453 734 3764 791 videbantur

2186 842 2416 897 mutare,
2446 831 2733 897 correctis,
2759 828 2970 898 reliqua
3003 843 3223 884 manere
3242 837 3557 898 pateremur
3574 836 3638 881 ut
3662 828 3764 884 lue-

2187 934 2328 978 rant.
2360 925 2609 980 Canones
2630 937 2848 993 quoque
2873 963 2888 988 ,
2930 935 3070 992 quos
3112 920 3385 976 Eusebius
3427 920 3764 976 Caesariensis

2187 1017 2474 1087 episcopus
2506 1013 2936 1070 Alexandrinum
2969 1021 3194 1068 secutus
3214 1011 3596 1079 Ammonium,
3617 1012 3666 1067 in
3687 1012 3765 1069 de-

2187 1124 2305 1165 cem
2336 1124 2597 1164 nutneros
2639 1106 2940 1170 ordinavit,
2977 1107 3122 1162 sicut
3163 1107 3215 1161 in
3246 1106 3444 1162 (ἕτερο
3491 1105 3762 1173 habentur,

2188 1200 2752 1271 expressimus.Quod
2779 1200 2825 1254 si
2855 1199 2978 1270 quis
2995 1200 3065 1255 de
3083 1200 3316 1255 curiosis
3339 1200 3578 1255 voluerit
3600 1215 3763 1269 nosse,

2189 1309 2310 1364 qua:
2343 1293 2396 1348 in
2429 1291 2766 1362 Evangeliis,
2801 1291 2898 1370 vel
2918 1292 3108 1346 eadem
3135 1334 3150 1358 ,
3181 1291 3270 1347 vel
3299 1291 3510 1359 vicina,
3552 1292 3641 1348 vel
3664 1293 3763 1348 sola

2191 1387 2322 1452 sint,
2343 1402 2530 1442 eorum
2558 1385 2905 1441 distinctione
2927 1393 3237 1455 cognoscat.
3262 1385 3488 1456 Magnus
3517 1385 3764 1456 siquidem

2194 1481 2283 1534 hic
2313 1480 2366 1534 in
2391 1479 2597 1534 nostris
2623 1477 2906 1535 codicibus
2929 1493 3086 1533 error
3113 1477 3375 1546 inolevit,
3409 1478 3543 1534 dum
3569 1479 3700 1549 quod
3719 1481 3764 1534 in

2193 1573 2382 1628 eadem
2424 1589 2482 1628 re
2513 1571 2652 1627 alius
2681 1571 3026 1641 Evangelista
3070 1571 3193 1642 plus
3238 1571 3413 1638 dixit,
3441 1574 3494 1627 in
3522 1573 3634 1628 alio
3660 1572 3766 1645 quia

2195 1667 2376 1722 minus
2402 1667 2732 1739 putaverint,
2761 1676 2785 1713 8
2813 1665 3160 1721 addiderunt.
3211 1665 3307 1721 Vel
3348 1665 3478 1722 dum
3527 1668 3761 1723 eumdem

488 1783 580 1823 sos
605 1767 911 1822 rivulorum
937 1765 1182 1818 tramites
1214 1763 1395 1818 ducit:
1424 1779 1531 1817 uno
1560 1765 1628 1818 dc
1660 1764 1806 1818 fonte
1835 1778 2086 1833 quaeren-
2118 1769 2167 1828 Β
2195 1776 2414 1817 sensum
2448 1762 2587 1816 alius
2608 1763 2771 1816 aliter
2801 1761 3110 1832 expressit,
3146 1761 3239 1817 ille
3263 1761 3356 1832 qui
3381 1777 3550 1817 unum
3588 1777 3620 1818 e
3655 1778 3770 1834 qna-

488 1859 615 1914 dum
648 1868 752 1912 est.
779 1856 1147 1912 Praetermitto
1179 1869 1272 1909 eos
1299 1853 1517 1910 codices
1543 1899 1556 1922 ,
1599 1869 1738 1924 quos
1769 1870 1796 1906 a
1841 1853 2084 1908 Luciano

488 1960 540 2006 et
572 1947 844 2018 Hesychio
874 1943 900 1983 ἀ
935 1955 1298 2016 nuncupatos,
1340 1961 1633 2016 paucorum
1672 1946 1949 2000 hominum
1991 1961 2081 2000 as-

483 2044 620 2100 serit
652 2057 912 2114 perversa
941 2041 1223 2098 contentio
1255 2055 1269 2092 :
1301 2040 1498 2110 quibus
1529 2038 1714 2111 utique
1747 2054 1848 2096 nec
1887 2041 1940 2094 in
1983 2055 2080 2096 ve-

481 2136 583 2192 teri
611 2134 986 2190 lnstrttmento
1018 2142 1144 2204 post
1163 2133 1516 2204 Septuaginta
1541 2134 1874 2205 lnterpretes
1895 2148 2082 2188 emen-

484 2229 619 2285 dare
652 2228 782 2299 quid
809 2228 982 2295 licuit,
1023 2242 1122 2282 nec
1172 2227 1223 2282 in
1267 2225 1423 2281 Novo
1468 2226 1669 2296 profuit
1717 2225 2077 2282 emendasse:

485 2341 609 2380 cum
631 2324 924 2379 multarum
939 2321 1179 2394 gentium
1205 2321 1402 2392 linguis
1428 2320 1711 2391 Scriptura
1741 2328 1869 2376 ante
1900 2330 2078 2376 trans-

486 2417 614 2482 lata,
658 2415 856 2471 doceat
885 2415 1016 2471 lalsa
1043 2429 1167 2470 esse
1197 2429 1318 2484 quae
1347 2413 1528 2469 addita
1567 2426 1714 2468 sunt.
1754 2412 1916 2483 Igitur
1964 2413 2082 2468 hzec

491 2523 736 2579 praesens
787 2506 1206 2578 praelatiuncula
1252 2506 1543 2578 pollicetur
1581 2513 1819 2576 quatuor
1868 2515 2076 2560 tantum

487 2690 783 2745 etiamnum
809 2686 1140 2743 Veronensis
1171 2685 1432 2740 Ecclesiae
1455 2683 1788 2740 bibliotheca
1821 2702 1834 2740 :
1869 2700 2076 2756 nosque

494 2761 624 2816 illud
653 2770 778 2815 ante
808 2773 980 2814 annos
1009 2759 1178 2812 ferme
1207 2757 1398 2811 decem
1431 2757 1784 2826 perlegimus,
1814 2765 1978 2824 atque
2008 2773 2073 2812 ex

488 2847 554 2888 eo
577 2841 831 2900 excerpta
853 2829 1124 2899 quwdam,
1149 2843 1270 2899 qnze
1292 2826 1514 2900 majoris
1538 2830 1802 2900 momenti
1822 2827 2078 2883 videban-

495 2911 599 2971 tur,
632 2897 757 2958 cuni
786 2897 895 2955 alio
936 2897 1313 2971 antiquissimo
1361 2897 1723 2971 Vercellensis
1769 2899 2034 2971 Ecclesia:
2059 2944 2072 2965 ,

488 2974 555 3028 ad
587 2969 755 3041 quam
788 2987 854 3026 ea
891 2973 1056 3026 etiam
1099 2970 1165 3024 de
1204 2983 1366 3024 causa
1418 2969 1856 3035 divertcramtts,
1889 2970 2078 3024 sedulo

488 3043 943 3113 comparavimus.
972 3043 1038 3096 Et
1063 3055 1400 3113 quamquam
1414 3041 1637 3113 mutilus
1663 3049 1890 3110 uterque
1914 3041 1985 3095 sit
2009 3042 2074 3094 li.

2192 1864 2313 1910 tuor
2353 1857 2586 1926 primum
2620 1856 2868 1926 legerat,
2915 1855 2981 1910 ad
3037 1856 3154 1925 ejus
3200 1857 3511 1926 exemplum
3559 1849 3771 1912 caeteros

2190 1965 2409 2021 quoque
2438 1951 2794 2006 aestimaverit
2818 1950 3212 2006 emendandos.
3250 1949 3408 2006 Unde
3454 1951 3687 2018 accidit,
3725 1959 3773 2006 ut

2189 2043 2330 2112 apttd
2356 2059 2462 2099 nox
2487 2045 2653 2099 mixta
2681 2045 2792 2099 sint
2821 2045 3024 2105 omnia.
3053 2053 3108 2099 et
3127 2044 3184 2100 in
3216 2045 3398 2100 Marco
3427 2043 3586 2114 plura
3615 2044 3762 2099 Luem

2188 2143 2354 2205 atque
2380 2136 2622 2192 Matthzei
2657 2154 2670 2190 :
2701 2153 2919 2192 rursum
2959 2138 3010 2192 in
3062 2135 3322 2193 Matthteo
3353 2139 3508 2207 plura
3558 2136 3772 2193 Joannis

2189 2237 2243 2283 et
2269 2230 2457 2296 Marci,
2485 2239 2539 2284 et
2570 2231 2624 2284 in
2653 2230 2873 2286 caeteris
2897 2231 3234 2301 reliquorum
3272 2247 3394 2302 quae
3416 2231 3542 2287 aliis
3571 2233 3772 2302 propria

2189 2332 2338 2388 sunt,
2366 2323 2736 2378 inveniantur.
2763 2321 2898 2378 Cum
2925 2323 3110 2394 itaque
3137 2322 3390 2379 Canones
3434 2324 3665 2393 legeris,
3694 2324 3771 2395 qui

2185 2413 2421 2484 subjecti
2449 2425 2600 2484 sunt,
2629 2416 2965 2471 confusionis
2991 2431 3180 2471 errore
3209 2415 3428 2472 sublato
3452 2457 3466 2483 ,
3499 2425 3556 2472 et
3585 2417 3771 2472 similia

2185 2509 2427 2564 omnium
2462 2511 2637 2579 scies,
2668 2520 2722 2565 et
2752 2509 2982 2580 singulis
3006 2522 3103 2565 sua
3134 2523 3366 2581 qumque
3406 2510 3682 2566 restitues.
3720 2508 3771 2565 ln

2180 2701 2266 2762 ce,
2295 2703 2400 2742 non
2435 2688 2568 2744 lleb.
2597 2689 2714 2762 sive
2747 2690 2974 2762 Syriace
3024 2689 3379 2762 Evangelium
3409 2691 3762 2749 contendunt.

2181 2757 2251 2812 Ut
2277 2775 2555 2836 veroque:
2599 2761 2652 2815 in
2693 2757 2812 2815 eam
2854 2777 2967 2817 rem
3010 2763 3155 2836 alias
3182 2757 3574 2836 congessimus
3624 2781 3774 2836 argu-

2183 2839 2385 2897 menta,
2421 2830 2510 2883 hic
2533 2840 2924 2898 prmtereamus
2955 2848 2968 2885 :
3007 2833 3139 2888 illud
3168 2843 3252 2887 est
3272 2830 3404 2889 sane
3437 2835 3489 2888 in
3520 2834 3622 2890 hac
3659 2830 3772 2891 scn-

2185 2901 2351 2976 t_entia
2382 2916 2643 2976 perquam
2676 2903 3024 2976 commodum
3056 2946 3071 2969 ,
3119 2905 3261 2975 quod
3317 2906 3770 2976 utiiireliquorum

2183 2971 2651 3045 Evangelistarum
2681 3016 2696 3039 ,
2732 2971 3183 3045 Scriptorumqtic
3230 2976 3354 3029 novi
3398 2971 3727 3032 Testamenti
3756 3019 3768 3040 ,

2184 3042 2254 3096 ita
2282 3051 2337 3097 et
2364 3042 2598 3097 Matthaei
2630 3044 2805 3108 ipsum
2837 3042 3190 3116 Evangelium
3222 3048 3508 3102 αὐθεντικόν
3535 3049 3771 3104 creditur

493 3093 1190 3192 her—,rmaleque'tc—mpjoris
1222 3093 1435 3180 injuriis
1478 3093 1707 3192 allectus
1792 3093 2076 3180 praecipue
2106 3093 2152 3156 C
2180 3093 2472 3192 superesse
2503 3129 2563 3168 ea
2596 3093 2797 3192 lingua,
2830 3093 3087 3192 atqueoiis
3113 3093 3765 3192 quibus-exar‘a'tumv‘e's;

493 3195 674 3238 autem
708 3181 1058 3246 Veronensis,
1086 3182 1139 3236 in
1166 3197 1274 3249 quo
1293 3196 1486 3236 eorum
1517 3181 1702 3245 etiam,
1737 3199 1858 3252 qua:
1881 3198 2074 3252 snper—

492 3264 638 3319 sunt,
672 3267 850 3322 excszc
879 3253 1165 3305 maximam
1191 3261 1424 3321 partem,
1454 3262 1619 3322 atque
1647 3254 1904 3308 exsoleta:
1944 3269 2073 3308 ocn-

493 3324 670 3378 lorum
701 3321 872 3377 aciem
900 3321 1333 3390 eﬂugiuntsmne
1369 3321 1568 3376 litterae
1615 3341 1626 3375 :
1675 3325 1844 3377 certis
1892 3334 2070 3379 tamen

489 3393 724 3458 indiciis,
752 3406 872 3462 quae
901 3402 955 3446 et
984 3406 1104 3445 cum
1138 3408 1226 3445 res
1256 3393 1412 3458 feret,
1447 3394 1980 3459 repraesentabimus,
2001 3411 2069 3448 ex

493 3480 556 3520 ea
583 3464 874 3518 collatione
906 3463 1544 3534 internovimus,gvernm
1581 3463 1683 3516 hoc
1718 3478 1842 3518 esse
1870 3506 1883 3520 .
1929 3465 2073 3534 quod

491 3535 578 3590 hic
599 3535 657 3591 S.
692 3534 850 3588 Pater
878 3541 1128 3598 testatur,
1147 3531 1254 3586 Tot
1272 3532 1403 3586 olim
1434 3531 1601 3588 fuisse
1627 3535 1828 3588 Latina:
1854 3531 2074 3590 Versic-

489 3607 574 3660 nis
601 3603 933 3674 exemplaria
962 3617 1099 3672 pene
1126 3614 1254 3674 quot
1283 3603 1530 3658 codices.
1557 3604 1689 3658 Nam
1717 3619 1837 3658 cum
1883 3606 2072 3661 lliero-

490 3675 797 3747 nymianam
825 3674 1264 3747 emendationem
1293 3684 1445 3747 certo
1472 3676 1672 3729 certius
1707 3684 2070 3744 antevertant,

489 3744 652 3816 atque
673 3747 811 3802 adeo
830 3745 1183 3818 vetustiorem
1215 3744 1528 3818 Versionem
1566 3747 1890 3818 praeferant,
1939 3750 2073 3804 locis

490 3825 671 3872 tamen
703 3818 842 3872 haud
873 3832 1002 3872 sane
1033 3816 1220 3886 paucis
1242 3817 1312 3871 ita
1331 3816 1678 3879 dissentiunt,
1704 3825 1762 3870 ut
1787 3818 1855 3872 ab
1878 3819 2070 3874 eodem

491 3887 686 3943 Latino
717 3887 1038 3958 exemplari,
1065 3887 1207 3958 quod
1238 3887 1380 3956 apud
1412 3903 1601 3944 omnes
1623 3888 1894 3944 obtineret
1922 3935 1935 3958 ,
1979 3905 2072 3947 ac-

492 3968 648 4026 cepta
672 3959 895 4014 minime
922 3958 1093 4012 videri
1126 3960 1353 4028 possint.
1401 3958 1546 4014 Idem
1585 3976 1652 4015 ex
1679 3975 1742 4015 ea
1785 3959 2072 4016 didicimus

491 4029 732 4085 editione
760 4028 1036 4100 Evangelii
1068 4031 1360 4085 secundum
1391 4030 1721 4100 Matthzeum,
1746 4047 1908 4100 quam
1945 4033 2073 4088 Vul-

488 4109 668 4173 gatam
699 4101 972 4173 antiquati:
1015 4098 1264 4173 Latinam
1308 4099 1586 4173 etJltalam
1639 4098 1956 4173 inscripsit,
2009 4120 2072 4160 ac

489 4168 748 4252 singulari
767 4168 962 4252 libello
983 4170 1188 4239 primus
1217 4171 1492 4227 veteribus
1521 4189 1654 4252 mss.
1692 4168 1891 4252 publici
1930 4175 2072 4252 juris

492 4240 1012 4322 fecit_Martian.:eu.s,
1039 4252 1099 4322 et
1129 4255 1288 4322 quam
1321 4258 1425 4296 non
1460 4243 1632 4322 solum
1659 4245 1727 4322 ab
1766 4240 2070 4322 aliis__apud

489 4311 740 4383 eumdem
772 4311 1008 4381 antiquis
1039 4310 1192 4366 libris
1215 4328 1359 4383 sape
1379 4316 1602 4383 saepius,
1631 4313 1728 4370 sed
1758 4325 1813 4370 et
1832 4329 1862 4368 a
1893 4310 2069 4371 Vero-

493 4384 647 4439 nensi
676 4381 781 4438 hoc
801 4391 1015 4451 nostro,
1048 4381 1350 4453 atqueipso
1376 4381 1708 4439 Vercellensi
1757 4385 1811 4440 in
1852 4387 2067 4443 diversa

489 4455 676 4516 abire,
708 4453 904 4522 passim
944 4453 1449 4509 animadvertimus.
1501 4455 1773 4512 Laudatur
1827 4465 1883 4512 et
1933 4461 2074 4515 anti-

489 4524 782 4592 quissimus
813 4524 970 4580 Beate
997 4540 1101 4580 ms.
1128 4532 1183 4579 et
1209 4524 1350 4581 alter
1373 4525 1570 4594 Regius
1598 4526 1771 4582 Paris.
1823 4529 1906 4583 vel
1947 4531 2074 4585 Cla-

492 4604 867 4668 romontanus,
900 4610 932 4651 e
956 4595 1152 4668 quibus
1179 4595 1370 4668 Versio
1400 4596 1488 4650 illa
1531 4598 1805 4668 antiquior
1834 4599 2074 4656 creditur

493 4667 705 4740 restitui
738 4680 898 4740 posse
921 4667 1102 4740 :_quin
1140 4667 1312 4740 etiam
1359 4668 1562 4724 scimus
1619 4669 1888 4740 ejusmodi
1933 4672 2072 4728 alios

489 4752 621 4810 tiiss.
646 4738 702 4791 in
743 4736 913 4794 [taliae
943 4736 1294 4810 bibliothecis
1316 4752 1602 4808 superesse
1632 4736 1663 4803 ,⁷
1701 4756 1841 4810 quos
1889 4751 2070 4798 tamen

483 4808 658 4882 oculis
681 4822 959 4882 usurpare
973 4808 1129 4862 nobis
1157 4808 1299 4882 haud
1330 4810 1601 4882 contigit.
1631 4808 1731 4882 A‘c'
1760 4813 2072 4882 praecedere

481 4879 702 4946 quidem
734 4893 849 4950 eos
899 4878 1372 4950 llierooymianam
1413 4878 1849 4936 emendationem
1876 4927 1890 4950 ,
1937 4883 2070 4938 nihil

480 4949 690 5012 dubito.
714 4948 947 5006 describi
976 4948 1155 5020 autem
1180 4951 1419 5019 proprie,
1443 4966 1506 5006 ac
1526 4961 1676 5006 certo
1700 4968 1858 5020 posse
1878 4948 1947 5008 ex
1973 4969 2071 5009 eo-

485 5036 600 5076 rum
631 5020 830 5090 aliquo,
855 5035 926 5074 ne
957 5019 1254 5075 Veronensi
1277 5023 1492 5091 quidem
1515 5019 1766 5090 excepto,
1791 5039 1909 5078 eam
1931 5025 2068 5080 Ver-

483 5091 715 5158 sionem,
740 5107 858 5162 quae
886 5091 1018 5146 Itala
1039 5091 1188 5165 dicta
1208 5101 1290 5165 est
1312 5094 1635 5165 Augustino,
1658 5107 1752 5148 seu
1788 5094 2068 5165 Vulgatam

483 5171 722 5218 veterem
750 5161 771 5227 ,’
825 5177 947 5230 qua:
995 5177 1098 5216 una
1150 5161 1413 5218 Ecclesiis
1460 5161 1770 5220 Latinorum
1816 5161 2072 5224 om'nibns

481 5244 680 5301 praesto
705 5232 894 5307 fuerit,
922 5231 1011 5307 vix
1044 5233 1286 5307 credam,
1315 5245 1409 5307 aut
1439 5249 1508 5290 ne
1529 5235 1619 5290 vix
1648 5237 1884 5307 quidem.
1917 5237 2071 5294 Adeo

480 5318 669 5379 verum
702 5303 809 5379 hoc
834 5314 917 5359 est
939 5303 1254 5379 llieronymi
1287 5303 1529 5372 ell‘atum,
1558 5303 1709 5379 quod
1742 5323 1840 5362 nos
1871 5309 1970 5379 ipsi
2013 5309 2065 5364 in

482 5375 830 5430 conferendis
857 5375 1140 5430 codicibus
1171 5379 1507 5443 experientia:
1537 5375 1852 5434 didicimus.

551 5454 576 5482 α
607 5445 687 5499 Ex
736 5445 965 5500 Hebraeo
985 5444 1039 5500 in
1079 5444 1361 5514 Grant-um,
1406 5458 1461 5502 et
1505 5465 1575 5503 ex
1605 5449 1795 5505 Graeco
1827 5452 1877 5504 in
1923 5450 2070 5507 Lati-

476 5529 626 5570 llllm.

550 5585 576 5624 ι’
613 5588 855 5659 Diximus
883 5586 1034 5659 alibi,
1084 5598 1140 5642 et
1174 5589 1474 5656 praesertim
1501 5592 1567 5644 ad
1599 5590 1692 5644 lib.
1724 5593 1793 5646 de
1821 5594 2070 5659 Scripto-

487 5656 639 5730 ribus
663 5657 1084 5730 Ecclesiastic‘is,
1120 5674 1306 5713 eorum
1346 5675 1457 5730 nos
1483 5663 1731 5730 propius
1782 5656 2070 5718 sententiae

483 5726 762 5790 accedere,
795 5728 889 5794 qui
915 5726 985 5781 ab
1010 5727 1129 5795 ipso
1153 5729 1317 5785 etiam
1342 5726 1890 5802 Matutino-scriptum
1921 5734 2074 5792 Cra:-

2178 3183 2408 3258 litteris;
2435 3183 2749 3258 econtrario
2775 3191 2862 3256 qui
2896 3183 3197 3258 oppositam
3249 3190 3567 3257 Opinionem
3620 3183 3772 3245 tuen;

2181 3263 2288 3322 tur,
2318 3257 2420 3328 alia
2453 3269 2513 3311 se
2541 3256 2797 3328 debeant,
2825 3256 2997 3328 eaque
3025 3256 3343 3315 obscuriore
3396 3273 3462 3314 ac
3514 3261 3769 3316 tralatitia

2177 3327 2482 3399 qutestione
2513 3327 2772 3399 expedire
2828 3327 3289 3399 (quandoquidem
3342 3329 3621 3399 originalis
3674 3332 3770 3388 lle-

2178 3397 2392 3469 braicus
2423 3407 2602 3452 textus
2619 3397 2986 3465 jatndiu'olim
3012 3397 3315 3469 intercidit)
3341 3397 3557 3456 cuinam
3587 3402 3770 3458 Graeca

2180 3467 2470 3541 tribuenda
2501 3469 2573 3541 sit
2599 3471 2811 3524 versio?
2840 3470 3036 3541 Papias
3091 3472 3238 3526 enim
3286 3467 3428 3541 apud
3480 3473 3768 3529 Eusebium

2177 3537 2315 3592 Hist.
2350 3539 2496 3614 Eccl.
2523 3540 2616 3594 lib.
2640 3555 2718 3608 Ill,
2739 3556 2789 3595 c.
2823 3537 3017 3614 59,13;
3043 3542 3260 3602 ἠδύνατο
3288 3537 3524 3610 iactatos,
3555 3556 3607 3597 ut
3634 3547 3770 3614 quis-

2175 3626 2271 3680 que
2296 3611 2474 3685 valuit,
2510 3625 2609 3679 pro
2635 3626 2728 3665 sua
2773 3613 3080 3685 eruditione
3108 3626 3270 3685 atque
3299 3631 3396 3669 usu
3425 3614 3612 3670 Graece
3642 3611 3767 3670 illud

2175 3683 2533 3756 convertisse,
2561 3692 2750 3737 auctor
2779 3693 2897 3756 est.
2917 3683 2983 3738 Et
3011 3686 3102 3754 qui
3135 3683 3291 3756 certo
3319 3687 3554 3756 cuipiam
3606 3688 3768 3740 inter-

2178 3751 2317 3826 preti
2344 3767 2712 3826 eamoperam
2744 3751 3071 3826 ascribunt,
3091 3755 3285 3810 mirum
3317 3751 3576 3826 quantum
3623 3758 3762 3812 inter

2174 3837 2236 3876 se
2265 3821 2612 3898 dissentiant.
2642 3826 2777 3878 Sunt
2802 3826 2894 3894 qui
2925 3825 3131 3898 Jacobo
3187 3821 3360 3896 primo
3405 3827 3766 3898 Jerosolymo-

2177 3909 2293 3968 [om
2325 3893 2781 3968 Episc0p0,_sunt
2809 3893 2860 3950 et
2890 3898 2980 3967 qui
3024 3893 3218 3953 Joanrii
3274 3899 3569 3968 Apostolo.
3596 3893 3651 3953 e't
3671 3899 3755 3968 qui

2175 3962 2438 4037 Barnabze
2469 3966 2881 4037 translationem
2907 3962 3031 4022 eam
3063 3962 3373 4024 asserant':
3425 3968 3522 4024 alii
3554 3962 3715 4024 Paulo
3741 4014 3756 4037 ,

2174 4046 2269 4090 aut
2299 4035 2482 4100 Lucae,
2505 4035 2739 4106 denique
2772 4040 2945 4106 ipsum
2991 4039 3298 4094 lllatthtcum
3349 4042 3551 4095 suimet
3593 4035 3761 4095 Evan-

2173 4106 2571 4179 geliiGrtecutn
2602 4109 2960 4179 interpretem
2993 4113 3271 4166 exstitisse
3297 4153 3310 4176 ,
3371 4111 3465 4166 alii
3525 4111 3752 4165 tradunt.

2173 4176 2315 4252 Nihil
2339 4191 2547 4252 eertum
2579 4179 2722 4249 quod
2749 4176 3023 4250 sequaris,
3058 4179 3116 4235 in
3139 4191 3284 4236 tanta
3312 4183 3627 4252 Opinionum
3658 4197 3750 4235 va-

2174 4249 2389 4313 rietate,
2417 4249 2604 4304 habes.

2250 4331 2271 4393 ὲ
2315 4318 2391 4373 lia
2435 4334 2566 4375 mss.
2608 4335 2799 4393 omnes
2839 4323 3178 4393 antiquiores
3215 4337 3278 4379 ac
3313 4325 3554 4380 melioris
3600 4332 3754 4379 noue.

2171 4387 2394 4466 Aliquot
2439 4392 2771 4466 recentiores
2818 4407 2941 4448 cum
2970 4387 3155 4466 r'editis
3187 4395 3414 4466 legunt,
3455 4398 3507 4450 in
3539 4397 3755 4450 diversos

2099 4472 2153 4533 D
2176 4460 2463 4533 rivulornm
2493 4465 2722 4517 tramites
2745 4479 2765 4517 :
2796 4466 2881 4518 vel
2907 4465 2977 4519 ad
3003 4460 3265 4533 diversos,
3299 4478 3409 4523 etc.
3444 4468 3615 4522 Mur.

2249 4528 2273 4608 f1
2306 4533 2433 4589 lla‘c
2459 4543 2776 4608 porrosunt
2805 4551 2923 4605 qttre
2952 4528 3263 4608 apocrypha
3291 4547 3564 4600 notantur.
3586 4551 3647 4592 ac
3673 4552 3760 4592 reo

2171 4601 2434 4681 jicinntnr
2460 4601 2516 4658 in
2549 4601 2841 4681 Gglasiano
2872 4601 3139 4681 Decreto;
3155 4601 3442 4681 Evangelia
3471 4625 3582 4681 qua:
3601 4609 3758 4681 falsu-

2177 4674 2246 4752 uit
2275 4673 2874 4752 LucianusaEvangielia
2901 4694 3016 4747 qua:
3062 4673 3630 4752 falsqvit‘vﬂesyr'ltius.
3663 4678 3754 4732 Vi-

2175 4744 2680 4869 gggis7llusserium
2740 4744 3100 4821 'Synta'gmat'e
3157 4749 3224 4804 de
3271 4744 3750 4822 LXX'lnterpret.

2175 4829 2297 4882 cap.
2326 4829 2376 4870 '1.

2250 4897 2272 4960 ῗ
2303 4887 2456 4960 Alius
2485 4903 2680 4960 nempe
2703 4890 2832 4944 olim
2862 4891 3000 4946 ordo
3032 4900 3148 4947 erat
3178 4889 3376 4947 nedum
3419 4891 3472 4948 in
3518 4891 3710 4949 Grmcis
3733 4931 3750 4956 ,

2175 4956 2268 5011 sed
2296 4967 2349 5013 et
2377 4957 2588 5015 Latinis
2615 4956 2920 5019 codicibus.
2948 4961 3003 5016 In
3032 4974 3222 5018 nostro
3249 4965 3413 5018 etiam
3445 4962 3746 5027 Veronensi,

2174 5041 2332 5097 quem
2362 5031 2525 5085 modo
2554 5031 2918 5096 laudavimus.
2953 5035 3208 5089 Matthmo
3234 5034 3471 5090 Joannes
3496 5033 3745 5095 succedit,

2173 5113 2280 5153 non
2326 5099 2532 5167 Lucas,
2587 5104 2728 5171 quod
2786 5105 3008 5161 Graccus
3049 5120 3319 5163 nonnemo
3377 5108 3430 5160 in
3462 5104 3746 5171 vernaculis

2174 5170 2838 5242 eXemplaribus’l'actum
2895 5175 3029 5230 dixit
3077 5178 3134 5230 in
3184 5177 3588 5233 similitudinem
3633 5170 3750 5230 boni

2172 5243 2444 5318 agricolae,
2473 5243 3071 5318 qui_l‘ortioresboves
3101 5247 3279 5314 primo
3316 5249 3514 5318 iungit.
3547 5243 3740 5318 Videsis

2179 5309 2532 5437 amoenum
2567 5315 2812 5387 llodyum
2846 5317 2912 5372 de
2958 5309 3255 5372 Bibliorum
3299 5309 3559 5374 Textibus
3596 5316 3741 5387 origi-

2215 5417 2226 5433 .
2269 5400 2280 5435 l
2330 5401 2410 5437 us.

2177 5397 2410 5439 llﬂllDUS.

2255 5451 2273 5490 ί
2314 5455 2540 5528 ῼοὰἰρρε
2570 5473 2701 5512 mss.
2739 5459 3119 5526 quamplnres,
3168 5460 3546 5528 imperauimus.
3574 5457 3732 5513 MART.

2249 5533 2274 5570 ε
2302 5526 2539 5580 Consule
2578 5546 2695 5594 qinc
2741 5530 2791 5582 in
2827 5526 3465 5597 l’rolegomenis'nostris
3490 5529 3734 5597 ediximus

2176 5595 2242 5649 de
2269 5597 2458 5670 Latino
2486 5597 2725 5652 lllatthtni
2757 5595 3050 5670 Evangelio
3075 5617 3172 5655 usu
3202 5611 3415 5670 recepto
3435 5603 3485 5653 in
3515 5596 3731 5670 Ecclesia

2175 5675 2299 5720 ante
2334 5668 2714 5742 Hieronymum
2737 5711 2749 5732 ,
2781 5671 2867 5724 ubi
2904 5665 3148 5737 exempla
3196 5665 3561 5742 proposuimus
3588 5665 3730 5723 addi-

2173 5743 2532 5796 tamentorum
2573 5739 2907 5809 hujusmodi.
2937 5743 3116 5800 Mam.
