3918 6192
205 238 287 298 529

1357 240 1670 297 CANONES
1712 241 2278 305 EVANGELIORUM.

3364 252 3468 312 ςδο

211 354 405 410 Cauone
434 352 615 423 primo
643 351 972 408 concordant
996 361 1250 421 quatuor,
1282 354 1598 417 Matthreus,
1631 352 1758 407 Mar-

1876 358 2272 427 requirendusJ
2290 358 2425 413 Cum
2459 359 2623 431 igitur
2643 371 2832 431 aperto
2856 362 3065 433 codice,
3083 365 3231 421 verbi
3260 369 3456 438 gratia,

211 463 308 515 rus,
337 447 534 514 Lucas,
566 446 825 501 Joannes.
856 446 911 501 ln
954 447 1195 502 secundo
1237 458 1384 514 tres,
1442 447 1763 515 Matthacus,

206 544 415 613 Marcus,
448 544 641 599 Lucas.
674 543 732 597 In
767 543 926 598 tertio
980 552 1124 611 tres,
1181 543 1471 598 Matthteus
1493 585 1506 607 ,
1550 542 1725 596 Lucas
1752 585 1765 607 ,

193 637 433 693 Joannes.
466 637 520 693 ln
550 647 747 707 quarto
777 649 885 692 tres
914 681 927 701 ,
962 636 1243 691 Mattbreus
1263 679 1276 701 ,
1326 638 1561 698 Marcus,
1606 638 1769 691 Joan-

191 745 291 785 nes.
320 728 375 784 In
408 731 600 800 quinto
624 731 753 792 duo,
785 729 1089 793 Matth-eus,
1122 730 1318 784 Lucas.
1354 730 1409 783 ln
1439 740 1591 784 sexto
1624 730 1763 795 duo,

184 822 481 889 Mattbzeus,
516 822 749 879 Marcus.
769 822 825 876 In
858 824 1090 893 septimo
1117 822 1248 888 duo,
1276 822 1584 887 Mattlueus,
1608 822 1768 877 Joan-

185 931 290 971 nes.
324 916 380 970 ln
410 927 609 971 octavo
632 916 741 971 duo
762 958 778 981 ,
810 916 1020 983 Lucas,
1069 916 1297 971 Marcus.
1348 916 1404 969 In
1442 932 1586 970 nono
1618 916 1723 970 duo
1748 958 1762 977 ,

173 1008 359 1073 Lucas,
384 1010 649 1064 Joannes.
693 1008 749 1063 1n
780 1008 995 1063 decimo
1028 1017 1051 1044 ⁸
1087 1008 1304 1079 propria
1349 1008 1721 1078 unusquisque
1748 1050 1762 1072 ,

171 1119 284 1174 quae
315 1118 425 1158 non
456 1102 730 1157 habentur
760 1102 811 1157 in
840 1104 980 1167 aliis,
1016 1102 1327 1158 ediderunt.
1361 1104 1600 1174 Singulis
1634 1119 1761 1157 vero

170 1194 502 1264 Evangeliis,
528 1193 596 1248 ah
623 1209 735 1249 uno
764 1194 1029 1263 incipiens
1070 1210 1239 1265 usque
1286 1194 1352 1248 ad
1394 1194 1556 1249 linem
1593 1194 1761 1249 libro-

161 1300 302 1352 rum,
338 1285 529 1354 dispar
572 1300 832 1340 numerus
872 1286 1133 1340 increscit
1162 1285 1271 1357 [ΑΙ.
1320 1285 1628 1357 aeerescit].
1662 1285 1760 1340 llic

154 1378 310 1447 nigro
343 1377 531 1433 colore
563 1378 933 1447 przescriptus,
956 1377 1057 1432 sub
1078 1392 1137 1433 se
1167 1378 1333 1433 habet
1362 1379 1524 1432 alium
1557 1393 1626 1433 ex
1659 1378 1759 1431 mi-

153 1472 244 1526 nio
273 1487 568 1527 numerum
597 1470 625 1509 1'
674 1470 1037 1537 discolorem,
1090 1472 1180 1540 qui
1226 1472 1293 1525 ad
1340 1470 1529 1526 decem
1583 1487 1755 1541 usque

151 1565 489 1637 procedens,
523 1565 722 1619 indicat
752 1566 901 1633 prior
924 1580 1206 1630 numerus,
1225 1565 1279 1619 in
1302 1580 1409 1634 quo
1436 1565 1504 1618 sit
1530 1564 1753 1619 Canone

1878 450 2009 503 illud
2038 451 2152 505 sive
2183 451 2312 505 illud
2344 453 2638 521 capitulum
2670 454 2815 509 scire
2846 456 3110 525 volueris,
3160 458 3313 527 cujus
3360 460 3461 514 Ca-

1876 542 2033 595 nonis
2060 543 2149 608 sit,
2183 544 2366 596 statim
2406 560 2472 597 ex
2506 544 2753 613 subjecto
2791 562 3018 601 numero
3056 549 3369 616 doceberis,
3410 562 3467 605 et

1876 649 2163 688 recurrens
2190 634 2256 687 ad
2292 635 2581 705 principia,
2618 636 2668 689 in
2701 636 2897 706 quibus
2928 637 3206 693 Canonum
3242 651 3322 695 est
3351 640 3461 696 dis-

1881 726 2043 780 tincta
2073 725 2379 797 congeries,
2411 728 2713 799 eodemque
2753 730 2934 783 statim
2962 730 3183 786 Canone
3209 747 3272 786 ex
3305 734 3463 788 titulo

1876 820 2069 873 frontis
2122 820 2369 885 invento,
2430 820 2579 874 illum
2631 837 2791 890 quem
2841 822 3124 892 quaerebas
3174 839 3458 879 numerum

1870 912 2113 981 ejusdem
2149 913 2539 983 Evangelistae,
2572 915 2662 983 qui
2714 924 2768 969 et
2814 916 2929 985 ipse
2978 932 3045 970 ex
3108 916 3463 987 inscriptione

1872 1006 2139 1074 signatur,
2171 1005 2455 1062 invenies:
2491 1017 2649 1077 atque
2690 1022 2719 1061 c
2768 1006 2947 1063 vicino
2989 1018 3314 1064 cmterorum
3357 1020 3464 1065 tra-

1874 1100 2094 1155 mitibus
2123 1100 2414 1168 inspectis,
2448 1115 2584 1170 quos
2616 1115 2874 1156 numeros
2904 1116 2933 1155 e
2958 1103 3177 1172 regione
3200 1102 3460 1168 habeant,

1870 1192 2184 1248 annotahis.
2219 1191 2427 1246 Etcum
2455 1192 2666 1259 scieris,
2689 1208 2939 1248 recurres
2967 1193 3035 1249 ad
3058 1195 3330 1249 volumina
3354 1196 3464 1250 sin-

1868 1284 2147 1356 gulorum,
2178 1292 2233 1339 et
2262 1282 2380 1339 sine
2410 1299 2557 1339 mora
2586 1286 2820 1355 repertis
2854 1288 3098 1342 numeris
3120 1328 3134 1353 ,
3174 1302 3311 1358 quos
3334 1299 3460 1343 ante

1866 1381 2211 1450 signaveras,
2234 1377 2263 1417 ι»
2296 1380 2543 1448 reperies
2574 1378 2679 1450 [AL
2713 1379 2980 1450 reperias]
3010 1391 3065 1435 et
3093 1382 3234 1450 loca,
3266 1382 3316 1436 in
3344 1383 3464 1453 qui-

1863 1471 1963 1525 bus
1991 1470 2072 1526 vel
2100 1470 2312 1537 eadem,
2352 1470 2434 1524 vel
2463 1470 2639 1524 vicina
2681 1470 2940 1526 dixerunt
2985 1483 3029 1525 ε.
3080 1471 3250 1543 Οριο,
3299 1483 3355 1528 ut
3396 1474 3449 1528 in

1862 1564 2079 1619 Christo
2102 1564 2307 1631 valeas,
2329 1573 2381 1618 et
2413 1564 2516 1618 mei
2547 1564 2859 1618 memineris
2880 1606 2893 1629 ,
2937 1564 3079 1634 Papa
3108 1565 3441 1624 beatissime.

220 1731 247 1759 ³
288 1722 367 1777 Ita
416 1737 611 1777 omnes
647 1737 777 1777 mss.
834 1722 1092 1776 codices:
1134 1722 1263 1777 editi
1306 1730 1484 1776 autem
1536 1721 1743 1792 legunt,
1777 1725 1824 1786 B
1851 1729 1958 1774 tum
2004 1721 2068 1792 ab
2122 1721 2200 1774 his
2248 1722 2301 1773 in
2344 1720 2601 1773 volumine
2648 1720 2805 1773 semel
2855 1722 3052 1775 dictum
3101 1732 3173 1775 est
3214 1726 3455 1792 ostendit,

151 1797 373 1865 prapria
402 1796 591 1863 quique
618 1810 752 1863 qua,
785 1801 890 1848 etc.
927 1793 1106 1847 MART.

217 1862 386 1920 bPro
417 1862 665 1920 eolorum
693 1865 1028 1928 diversitate,
1058 1864 1398 1918 commodior
1428 1862 1541 1917 visa
1575 1873 1659 1917 est
1690 1862 1745 1917 in

148 1937 287 2004 ipsis
321 1937 622 1992 numericis
649 1938 793 1989 notis
824 1937 1113 1990 diversitas
1146 1954 1159 1989 ;
1194 1948 1253 1989 ut
1280 1950 1419 2004 quos
1456 1949 1652 2002 nempe
1682 1950 1747 1989 ex

146 2010 323 2062 minio
371 2008 787 2077 praeseripserat
833 2006 891 2061 S.
928 2006 1112 2074 Pater,
1162 2023 1260 2060 nos
1309 2006 1633 2077 Saracenis,
1692 2015 1749 2060 ut

138 2092 345 2144 vocat,
374 2076 519 2134 notis
549 2121 563 2143 ,
610 2076 665 2133 et
692 2093 828 2148 quos
856 2093 923 2133 ex
948 2078 1104 2146 nigro
1129 2119 1145 2145 ,
1176 2077 1433 2132 Romanis
1464 2076 1749 2132 exhibere-

143 2165 293 2204 IDUS.

218 2233 242 2259 ο
287 2222 431 2275 Ante
464 2222 621 2274 istam
652 2219 921 2289 epistolae,
949 2236 1042 2274 seu
1066 2219 1403 2288 praefationis
1445 2219 1749 2272 conclusio-

140 2307 269 2346 nem
318 2308 383 2345 ae
428 2292 810 2346 salutationem
838 2333 852 2355 ,
902 2293 1130 2361 legimus
1167 2292 1218 2344 in
1258 2292 1424 2346 editis
1474 2301 1635 2359 atque
1694 2290 1745 2345 in

146 2364 361 2430 aliquot
420 2378 551 2417 mss.
602 2364 753 2417 libris
803 2378 921 2432 qua:
971 2364 1413 2429 subsequuntur:
1468 2361 1748 2415 Sciendum

149 2437 307 2487 etiam
340 2452 403 2487 ne
430 2438 542 2503 quis
572 2436 813 2505 ignarum
849 2450 911 2487 ea:
934 2434 1277 2487 similitudine
1308 2448 1642 2505 numerorum
1668 2448 1750 2485 er-

150 2521 239 2559 ror
288 2506 507 2559 involvat
533 2546 550 2571 ,
595 2503 741 2576 quod
788 2505 951 2558 sicubi
994 2506 1047 2557 in
1088 2505 1443 2558 subnotatione
1474 2503 1749 2576 tiarionunt

151 2578 536 2640 distinctorum,
566 2572 625 2629 in
648 2574 859 2630 Canone
884 2576 1106 2645 quolibet
1131 2586 1228 2629 tres
1252 2575 1615 2643 Erangelista',
1649 2572 1745 2639 bis,

150 2650 230 2701 rel
259 2659 357 2714 ter,
384 2650 456 2702 rel
485 2659 688 2716 quater,
722 2656 811 2699 aut
858 2648 1011 2699 etiam
1038 2648 1260 2718 amplius
1308 2646 1539 2701 eumdem
1574 2661 1751 2698 nume-

150 2734 269 2769 rum
321 2736 412 2789 per
460 2720 691 2772 ordinem
735 2718 1005 2772 habuerint
1050 2728 1396 2789 annotatum,
1442 2726 1487 2770 et
1533 2724 1750 2789 quartus

153 2786 447 2843 econtrario
470 2833 481 2853 ,
526 2791 917 2860 discrepantes;
948 2792 1086 2855 quod
1120 2790 1171 2842 id
1214 2800 1311 2843 tres
1352 2788 1447 2860 illi
1473 2789 1525 2839 in
1549 2804 1613 2860 eo
1638 2786 1749 2840 loco

152 2862 311 2913 semel
340 2861 559 2914 dixerint
582 2902 597 2926 ,
632 2859 843 2927 quartus
871 2862 1015 2913 toties
1048 2862 1098 2913 in
1126 2876 1263 2931 corpv
1286 2877 1338 2914 re
1365 2859 1642 2931 uoluminis
1668 2860 1750 2910 sui

154 2940 361 3000 ponat,
393 2932 583 3000 quoties
632 2933 816 2986 dirersi
862 2932 1062 2984 numeri
1104 2933 1157 2984 in
1200 2930 1311 3003 ejus
1341 2930 1549 2985 Canone
1596 2931 1751 3003 positi

160 3014 282 3053 sunt
316 3012 488 3056 contra
537 3004 903 3067 prwdictorum
948 3001 1279 3055 numerorum
1321 3003 1650 3054 continuatas
1678 3001 1750 3053 si-

161 3073 499 3126 militudines.
534 3072 664 3127 Item
692 3075 737 3126 si
768 3075 819 3125 in
853 3090 955 3126 uno
981 3074 1204 3139 quolibet
1232 3090 1441 3136 eorunt,
1481 3082 1567 3124 au!
1596 3071 1750 3123 etiam

162 3144 385 3196 duorum
411 3145 541 3197 idem
568 3147 621 3197 in
652 3143 860 3197 Canone
887 3161 1131 3197 numerus
1162 3144 1259 3208 bis,
1294 3155 1389 3209 ter,
1420 3155 1621 3211 quater,
1658 3152 1746 3194 aut

165 3230 225 3266 eo
255 3215 473 3286 amplius
493 3217 785 3285 reperiatur
814 3218 865 3269 in
896 3216 1075 3269 ordine
1103 3216 1408 3278 collocatus,
1438 3225 1485 3267 et
1514 3214 1747 3281 dispares

164 3286 488 3339 inveniantur
518 3290 569 3340 in
602 3288 798 3341 caeteris
823 3304 841 3341 :
864 3286 1076 3340 dubium
1106 3303 1207 3339 non
1233 3288 1348 3352 erit,
1379 3286 1503 3355 quin
1532 3286 1583 3336 ia
1610 3286 1747 3351 quod

167 3355 336 3423 illius,
370 3357 632 3413 illorumve
670 3357 897 3412 Cononis
932 3373 1175 3411 numerus
1213 3357 1288 3411 bis
1309 3402 1322 3427 ,
1356 3366 1531 3427 terque
1562 3356 1749 3425 repeti-

172 3496 3339 3520 Mm

1853 1792 1985 1845 alter
2016 1791 2226 1844 alterius
2256 1807 2435 1844 eorum
2464 1792 2611 1844 toties
2644 1808 2748 1844 uno
2775 1801 2932 1860 atque
2968 1794 3150 1847 eodem
3190 1812 3342 1848 sensu
3374 1791 3458 1849 lo;

1851 1873 2101 1929 quantur,
2129 1863 2324 1931 quoties
2348 1862 2672 1931 prtetulerint
2698 1864 2750 1915 in
2774 1876 3103 1917 numerorum
3126 1870 3456 1921 aunotatione

1851 1932 2177 1987 distantiam.
2226 1932 2288 1985 Et
2312 1932 2408 1985 hoc
2438 1933 2488 1983 in
2517 1934 2744 1985 omnium
2784 1950 2963 1986 norem
3004 1952 3257 1988 canonum
3286 1938 3452 1989 colla-

1852 2006 1988 2078 tione
2016 2004 2325 2078 servabitur.
2370 2002 2621 2057 Ceterum
2644 2004 2695 2056 in
2718 2006 2941 2078 decimo,
2966 2007 3211 2075 quoniam
3231 2010 3447 2078 prapria

1849 2077 2174 2147 singulorum
2206 2078 2563 2147 tantummodo
2594 2076 2940 2147 continentur,
2987 2094 3089 2147 non
3122 2088 3284 2147 potest
3308 2076 3443 2147 eon—

1850 2145 2004 2199 traid
2027 2146 2342 2217 comparatio
2362 2161 2470 2199 esse
2498 2145 2635 2215 quod
2661 2147 2832 2217 solum
2858 2155 2949 2199 est.
2979 2145 3187 2215 Opto'ut
3214 2150 3265 2201 in
3287 2146 3441 2203 Chri-

1849 2228 1929 2272 sto
1957 2216 2147 2280 valeas,
2182 2227 2229 2269 et
2258 2217 2356 2268 mei
2384 2217 2695 2276 memineris,
2736 2216 2883 2285 Papa
2913 2218 3225 2274 beatissime.

1923 2286 2197 2356 [ntegrum
2231 2286 2540 2355 huiusmodi
2582 2287 3003 2342 additamentum
3054 2292 3284 2343 retinent
3316 2306 3447 2348 mss.

1850 2360 2067 2413 codices
2088 2361 2198 2412 duo
2226 2400 2239 2422 ,
2278 2371 2505 2426 quorum
2536 2372 2674 2409 unus
2702 2368 2881 2413 exstat
2909 2363 2959 2414 in
2993 2359 3320 2413 monasterio
3352 2378 3449 2416 no-

1852 2439 1966 2485 stro
1998 2433 2055 2486 S.
2084 2430 2316 2484 Andreae
2342 2473 2358 2499 ,
2400 2431 2537 2484 alter
2580 2429 2633 2483 in
2679 2432 3007 2484 monasterio
3039 2430 3144 2484 PP.
3176 2430 3453 2488 Cartusia-

1852 2519 2046 2557 norum
2074 2517 2234 2574 secus
2260 2500 2616 2574 Avenionem.
2650 2501 2838 2574 Pliires
2867 2511 3049 2558 autem
3074 2504 3167 2557 alii
3189 2506 3454 2574 antiquis.

1852 2574 1997 2639 simi,
2036 2581 2157 2641 pota
2193 2571 2503 2635 Vaticanos,
2551 2570 3131 2641 San-Germanenses,
3176 2570 3341 2628 unum
3392 2577 3451 2633 S.

1852 2644 2128 2701 Guillelmi
2178 2643 2231 2697 in
2277 2646 2537 2707 deserto,
2582 2644 2936 2697 Crassensem
2990 2658 3234 2698 ttOSIrum
3268 2686 3282 2708 ,
3316 2658 3447 2713 etc.,

1853 2716 1988 2770 nihil
2020 2716 2219 2769 habent
2264 2726 2463 2786 praeter
2507 2729 2569 2768 ea
2594 2730 2720 2786 qua:
2752 2714 3037 2769 edidimus.
3090 2716 3448 2771 Additamen-

1853 2796 1965 2841 tum
1999 2788 2161 2855 igitur
2190 2784 2279 2839 est
2300 2786 2548 2854 epistolae
2589 2784 3030 2855 llic-ronymianzc
3064 2796 3347 2840 consulum
3380 2790 3448 2843 ab

1852 2859 2035 2927 aliquo
2086 2858 2353 2924 scriptore
2418 2858 2742 2927 recentiore.
2804 2858 2958 2923 Quod
3012 2857 3451 2914 tuanil'eStissitne

1853 2926 2057 2984 indicat
2083 2932 2256 2982 codex
2284 2944 2382 2980 ms.
2411 2926 2937 2983 San-Germanensis
2971 2940 3175 2993 noster,
3215 2946 3358 2981 num.
3388 2930 3440 2994 6,

1854 3000 1945 3053 ubi
1996 3015 2119 3067 pars
2167 2998 2352 3051 istluec
2384 2995 2625 3050 addititia
2663 3000 2953 3065 separatim
2986 2999 3160 3068 posita
3187 3010 3266 3052 est
3294 3002 3451 3068 quasi

1855 3070 2135 3143 prtel'atio,
2168 3084 2279 3143 seu
2318 3068 2686 3143 Argumentum
2734 3069 3050 3143 distinctum
3101 3085 3129 3143 a
3167 3073 3449 3143 superiore

1855 3140 2083 3209 epistola
2116 3141 2180 3193 ad
2212 3140 2500 3193 Damasum
2531 3156 2543 3191 :
2576 3148 2630 3192 et
2669 3141 2722 3191 in
2757 3142 2859 3193 line
2890 3158 2993 3194 non
3036 3142 3199 3194 habet
3227 3142 3451 3194 COnclu-

1852 3208 2085 3278 sionem,
2110 3228 2200 3265 seu
2228 3212 2625 3273 salutationem,
2646 3208 2781 3274 Opto
2806 3213 2949 3276 utin,
2970 3222 3102 3275 etc.,
3128 3210 3219 3265 sed
3255 3214 3446 3266 imme-

1856 3285 1997 3338 diate
2029 3292 2151 3351 post
2181 3285 2279 3336 ista
2308 3323 2321 3353 ,
2361 3281 2499 3351 quod
2526 3281 2695 3334 solum
2724 3293 2797 3335 est
2825 3325 2838 3344 ,
2875 3283 3175 3353 subjungit,
3203 3298 3445 3338 nxrucn

1858 3370 2245 3410 anonuesruu.
2273 3352 2448 3407 Mser.

798 3620 1263 3711 EUSEBII
1339 3624 2107 3711 C/ESARIENSIS
2160 3622 2184 3651 ⁸
2262 3623 2821 3708 EPISTOLA

500 3782 613 3856 ΙΝ
698 3779 1540 3866 SUBSEQUENTES
1618 3777 2105 3851 CANONES
2184 3776 3105 3855 EVANGELIOBUM.

444 4034 782 4092 EUSEBIUS
819 4032 1166 4091 CARPIANO
1206 4032 1462 4090 FRATRI

656 4148 714 4203 In
750 4148 979 4203 Domino
1004 4147 1273 4203 Salutem.

246 4284 559 4342 Ammonius
588 4285 618 4324 δ
652 4283 869 4356 quidam
901 4282 1332 4353 Alexandrinus,
1361 4298 1554 4353 magno
1582 4284 1761 4341 studio

250 4431 271 4458 “
299 4422 739 4493 Quandoquidem
762 4420 1023 4489 Canones,
1048 4439 1175 4492 quos
1200 4420 1455 4476 Eusebius
1478 4423 1757 4489 ordinavit,

188 4491 303 4547 Sicut
330 4498 378 4549 in
400 4491 578 4550 Greco
602 4494 882 4558 habentur,
910 4510 970 4547 se
1007 4491 1235 4547 testatur
1266 4512 1323 4546 ex
1337 4494 1601 4564 pressisse
1641 4494 1763 4547 llic-

185 4571 450 4637 fpnymus,
483 4580 709 4635 sumque
739 4568 863 4620 novi
897 4565 1249 4637 Testamenti
1274 4566 1511 4637 versioni
1549 4565 1761 4630 praemi-

184 4633 311 4691 Sisse
342 4655 354 4691 :
382 4651 542 4707 atque
571 4633 673 4707 ipsi
713 4637 929 4704 quidem
962 4635 1211 4707 Canones
1238 4635 1290 4689 in
1324 4636 1765 4706 llieronymianis

180 4706 527 4773 Editionibus,
557 4706 719 4776 atque
746 4707 860 4775 ipsa
895 4723 1053 4775 quam
1085 4706 1428 4761 Martianaeus
1458 4708 1762 4773 adornavit,

178 4785 275 4833 Suo
300 4781 507 4849 prOprie
530 4780 652 4834 loco
684 4778 1008 4833 exhibentur
1034 4795 1046 4832 :
1080 4792 1261 4846 opera:
1288 4794 1503 4848 quoque
1536 4781 1762 4847 pretium

174 4859 293 4921 erat
321 4852 487 4921 ipsam
521 4849 739 4907 Eusebii
772 4849 1081 4919 epistolam,
1112 4864 1216 4917 qua
1256 4851 1521 4921 rationein
1549 4863 1767 4903 eorum-

170 4915 297 4990 Qem
328 4915 628 4985 Caninium,
672 4915 891 4990 sumque
922 4915 1205 4974 industriae
1234 4922 1467 4988 explicat
1494 4919 1766 4989 Carpiano

172 4985 349 5057 fratri,
376 4996 476 5064 ipsi
507 4985 909 5064 prmponerein
936 4985 1409 5064 studiosileetoris
1436 4985 1684 5059 gratiam,
1711 5002 1768 5046 ut

166 5071 300 5129 Quae
324 5062 454 5121 sol—is
482 5062 554 5120 ibi
588 5063 961 5118 numeralihus
995 5065 1135 5116 notis
1168 5062 1495 5128 indicantur,
1526 5078 1769 5117 commo-

166 5134 296 5205 tjius
324 5154 387 5191 ex
414 5139 513 5191 ista
539 5138 866 5205 perciperet.
901 5134 1031 5188 Nam
1064 5145 1115 5188 et
1146 5149 1207 5188 re
1237 5134 1347 5201 ipsa
1378 5149 1481 5187 non
1514 5134 1688 5187 solum
1715 5137 1767 5188 in

167 5202 378 5272 graecis
410 5202 549 5261 novi
572 5206 905 5261 Testamenti
938 5205 1288 5269 editionibus,
1326 5214 1447 5272 post
1476 5204 1682 5258 Erasmi
1707 5222 1769 5259 ac

170 5268 399 5335 Roherti
428 5278 689 5347 Stephani
720 5277 1069 5345 exemplum,
1103 5268 1300 5344 passim
1327 5268 1640 5347 invenitur,
1672 5276 1768 5330 sed

172 5360 241 5403 (at
264 5351 448 5405 Latine
482 5346 537 5403 in
579 5346 1124 5415 Orthodoxographis
1163 5350 1293 5400 olim
1324 5346 1535 5415 vulgata
1568 5360 1671 5409 est,
1706 5362 1769 5400 ac

169 5428 324 5492 δεῖρε
354 5424 405 5475 in
434 5419 1083 5492 iBibliorum_codicihns
1120 5417 1379 5492 antiquis,
1422 5433 1556 5484 quos
1586 5417 1773 5492 laudat

168 5481 378 5549 Vener.
421 5491 729 5547 Cardinalis
755 5488 1099 5555 Tliomasius,
1142 5481 1393 5557 qni-eam
1432 5481 1661 5548 recudit,
1704 5504 1770 5543 ex

173 5564 350 5619 Veteri
383 5564 571 5618 Latina
612 5562 866 5615 versione
893 5562 1152 5615 occurrit.
1186 5558 1559 5613 Praetermissa
1590 5568 1770 5612 autem

184 5647 317 5690 (asta
338 5635 647 5690 Martianteo
673 5650 686 5686 :
712 5632 855 5699 quod
886 5633 1170 5692 mirantur.
1208 5640 1371 5699 atque
1411 5642 1556 5699 aegre
1586 5627 1773 5699 lerunt

182 5699 432 5762 homines
454 5705 677 5760 eruditi.
708 5697 821 5758 Nos
855 5704 1000 5757 illam
1027 5703 1214 5757 Graece
1253 5697 1553 5769 pariter'ac
1581 5697 1772 5754 Latine

202 5792 265 5833 ex
286 5791 483 5851 nupera
505 5775 739 5836 Fabricii
768 5775 1007 5833 editione
1035 5772 1355 5831 Bibliothec.
1387 5770 1564 5829 Graec.
1592 5769 1685 5827 lib.
1712 5784 1770 5834 ν,

2078 4040 2351 4087 ΕΥΣΕΒΙΟΣ
2383 4039 2678 4089 ΚΔΡΠΙΔΝΩ
2703 4042 2980 4092 ΔΓΔΠΗΤΩ
3004 4045 3242 4097 ΔΔΕΛΦΩ

2397 4158 2471 4203 Ἐν
2499 4158 2665 4225 Κυριῷ
2696 4154 2917 4229 χαίρειν.

1936 4288 2215 4362 Ἀμμόνιος
2242 4293 2331 4361 μὲν
2361 4290 2385 4345 ὁ
2416 4290 2779 4368 Ἀλεξανδρεὺς,
2809 4295 3016 4364 πολλὴν,
3044 4298 3113 4355 ὡς
3138 4297 3293 4362 εἰκὸς,
3322 4296 3461 4365 φιλο-

1866 4440 1916 4479 c.
1951 4426 2005 4490 4,
2031 4425 2355 4495 descriptam
2388 4427 2477 4480 hic
2512 4427 2835 4483 exhibemus
2880 4448 2892 4481 :
2937 4428 3149 4483 tametsi
3193 4430 3335 4497 quod
3369 4432 3462 4485 ille

1868 4497 1961 4550 lib.
1989 4513 2063 4562 tv,
2089 4513 2139 4553 c.
2169 4499 2222 4564 5,
2256 4498 2550 4565 existimat,
2582 4499 2826 4554 Latinam
2850 4514 2967 4553 eam
2989 4500 3300 4568 Hieronymi
3336 4517 3461 4557 ver-

1866 4568 2071 4622 sionem
2113 4584 2268 4637 esse,
2305 4579 2557 4638 putemus
2601 4572 2821 4641 quidem
2863 4570 3361 4639 verositnillimum,
3406 4584 3462 4628 at

1867 4654 1965 4708 pro
1990 4649 2140 4693 certo
2172 4656 2418 4695 asserere
2440 4658 2545 4695 non
2571 4642 2885 4697 audeamus.

1939 4709 1966 4748 ι)
1995 4711 2131 4765 Sunt
2156 4727 2220 4765 ex
2248 4712 2497 4781 Antiquis
2522 4714 2611 4781 qui
2643 4712 2803 4782 hujus
2830 4711 3135 4782 Harmonia:
3161 4726 3296 4781 opus
3328 4729 3460 4769 ano-

1868 4798 2085 4851 nymum
2122 4784 2365 4837 tribuunt
2394 4786 2623 4836 'l‘atiano
2656 4781 2930 4837 Ita-retico.
2959 4781 3059 4835 Alii
3100 4791 3289 4850 putant
3317 4784 3458 4840 llar-

1868 4854 2128 4917 moniam,
2154 4870 2273 4920 qua:
2305 4854 2516 4908 Tatiani
2548 4861 2665 4907 erat
2705 4854 2786 4908 vel
2829 4852 3039 4908 credita
3073 4863 3177 4913 est.
3213 4865 3459 4923 postmo-

1868 4923 1996 4978 dum
2020 4926 2271 4978 tributam
2298 4925 2586 4979 Ammonio
2612 4924 3002 4996 Alexandrino,
3023 4932 3076 4996 ct
3096 4937 3315 4979 econtra
3338 4943 3462 4996 quae

1869 4996 2144 5050 Ammonii
2186 5011 2311 5049 vere
2351 5005 2622 5059 censetur,
2664 4995 2893 5047 Tatiano
2934 4994 3222 5062 ascriptam
3266 4994 3454 5052 fuisse.

1870 5066 2020 5121 Hanc
2054 5068 2199 5121 litem
2234 5067 2491 5134 singulari
2519 5066 2748 5132 quadam
2790 5065 3170 5119 dissertatione
3209 5067 3267 5121 P.
3313 5067 3461 5122 Nou-

1871 5138 2032 5190 risius
2066 5137 2323 5190 dirimere
2354 5144 2603 5199 conatus,
2646 5135 2802 5189 lta'sit
2833 5151 3031 5202 anceps
3071 5135 3213 5191 inter
3243 5148 3455 5192 utrum-

1872 5222 1998 5275 que,
2054 5220 2353 5277 acparum
2406 5206 2595 5266 abluit,
2644 5207 2772 5271 quin
2821 5209 3458 5277 totumiopusspurium

1874 5286 2034 5345 atque
2077 5275 2441 5349 adulterinum
2487 5278 2716 5349 diceret.
2751 5275 2938 5343 Quoad
2978 5275 3316 5349 Evangelicos
3356 5277 3461 5333 Ca-

1872 5363 2027 5399 nones
2089 5345 2266 5420 eidem
2337 5347 2646 5420 Harmoniae
2698 5349 3035 5420 appositos,
3100 5345 3462 5420 Hieronymus

1874 5425 2059 5471 noster
2104 5414 2301 5483 aliique
2346 5418 2414 5471 ab
2456 5414 3129 5485 Ammonio'excogitatos
3175 5414 3459 5485 asseiunt,

1874 5502 2195 5556 quamquam
2251 5485 2439 5541 istlimc
2490 5488 2707 5542 Eusebii
2751 5488 2816 5542 ad
2859 5487 3184 5559 carpianum
3234 5491 3460 5559 epistola

1874 5568 2060 5628 contra
2091 5564 2253 5624 atque
2282 5559 2484 5614 sentiat
2513 5577 2525 5612 :
2552 5560 2605 5612 in
2638 5573 2741 5628 qua
2770 5574 2829 5614 se
2869 5558 2947 5612 ait
2990 5558 3279 5616 Eusebius
3304 5576 3461 5615 occa-

1872 5627 2047 5699 sione
2062 5628 2436 5684 Ammonianae
2468 5630 2775 5686 Harmonia:
2817 5630 3132 5699 excogitasse
3159 5643 3293 5687 certo
3322 5630 3460 5688 Con-

1871 5700 1991 5755 cilio
2011 5696 2258 5753 Canones
2287 5700 2440 5758 istos.
