3918 6192
556 249 663 305 545

1551 241 1609 298 8.
1652 237 2036 297 IIIERONYMI
2075 231 2828 306 DIVINA.BIBLIOTHECA.
3740 235 3814 293 {ill

560 369 787 425 Oriente
843 373 1110 424 venerunt
1151 365 1202 419 in
1250 361 1677 432 Jerosolymam,
1719 361 1962 416 dicentes
1997 376 2010 412 :
2047 355 2149 412 Ubi
2175 358 2226 417 Α
2255 353 2631 409 Poeniteutiam
2652 352 2817 423 agite,
2840 349 3293 422 apprOpinquavit
3325 350 3472 406 enim
3500 363 3718 419 regnum
3737 367 3815 410 eo.»

564 471 650 518 est
676 459 771 532 qui
798 470 956 516 natus
984 467 1068 514 est
1097 471 1195 513 rex
1219 454 1567 512 Iudaeorum?
1597 452 1833 509 vidimus
1861 449 2006 507 enim
2028 449 2153 504 stel-

562 553 672 611 lam
701 553 816 623 ejus
854 552 906 605 in
946 549 1177 614 oriente,
1219 556 1274 604 et
1320 547 1565 602 venimus
1595 544 1823 600 adorare
1866 557 2010 600 eum.
2043 540 2152 596 Au-

556 646 713 703 diens
741 653 919 700 autem
967 643 1210 699 Herodes
1249 657 1373 709 rex,
1427 641 1673 697 turbatus
1715 649 1828 705 est,
1879 647 1937 694 et
1972 637 2154 693 omnis

560 738 898 810 Jerosolyma
932 751 1054 793 cum
1089 735 1205 792 illo.
1253 736 1320 790 Et
1351 747 1686 804 congregans
1728 746 1918 787 omnes
1948 731 2153 801 princi-

562 845 659 905 pes
697 829 1062 894 sacerdotum,
1105 839 1159 884 et
1197 827 1402 883 scribas
1433 826 1640 898 populi,
1680 824 2060 880 sciscitabatur
2087 823 2156 877 ab

557 924 638 980 eis
665 920 754 976 ubi
771 919 1021 976 Christus
1044 929 1379 975 nasceretur.
1406 917 1481 990 [v,
1506 916 1586 988 7.]
1611 918 1679 971 At
1700 915 1774 972 illi
1797 915 2051 971 dixerunt
2069 917 2153 970 ei:

564 1015 621 1072 In
663 1015 977 1071 Bethlehem
1006 1013 1181 1069 Iudas.
1205 1013 1294 1070 Sic
1324 1012 1469 1067 enim
1499 1012 1760 1082 scriptum
1791 1019 1875 1066 est
1903 1025 1998 1080 per
2025 1008 2158 1064 Pro-

561 1108 781 1180 phetam
813 1126 827 1161 :
854 1107 921 1162 Et
962 1114 1039 1172 tu,
1069 1105 1389 1162 Bethlehem
1421 1113 1565 1160 terra
1591 1103 1728 1159 Juda
1765 1120 1778 1158 ε
1817 1116 2159 1173 nequaquam

565 1202 788 1258 minima
815 1214 876 1256 es
897 1198 949 1254 in
976 1197 1313 1269 principibus
1334 1195 1492 1263 Juda,
1523 1211 1588 1250 ex
1615 1207 1666 1252 te
1689 1197 1831 1251 enim
1854 1193 2003 1249 exiet
2025 1192 2156 1260 dux,

565 1295 657 1366 qui
671 1301 824 1365 regat
837 1291 1088 1364 populum
1105 1306 1283 1346 meum
1297 1288 1482 1344 Israel.
1501 1285 1716 1360 [Vt,10.]
1730 1287 1882 1342 Tunc
1893 1286 2156 1352 Ilerodes,

569 1387 708 1442 clam
741 1385 948 1441 vocatis
979 1384 1173 1454 magis,
1203 1383 1489 1452 diligenter
1520 1379 1706 1435 didicit
1734 1381 1800 1433 ab
1830 1379 1915 1435 eis
1947 1389 2162 1448 tempus

567 1478 760 1544 stellas,
803 1493 924 1548 quae
957 1478 1207 1548 apparuit
1236 1475 1316 1530 eis
1349 1492 1361 1528 :
1401 1483 1456 1530 et
1494 1474 1722 1529 mittens
1751 1473 1874 1529 illos
1905 1474 1960 1528 in
2002 1472 2165 1527 Beth-

567 1571 769 1636 lehem,
796 1570 933 1626 dixit
965 1588 977 1625 :
1001 1569 1099 1636 Ite,
1130 1579 1184 1624 et
1217 1569 1553 1638 interrogate
1570 1566 1858 1636 diligenter
1880 1565 1947 1621 de
1969 1578 2159 1636 puero,

567 1672 772 1719 etcum
805 1661 1150 1728 inveneritis,
1193 1659 1504 1716 renuntiate
1541 1657 1710 1725 mihi,
1742 1669 1804 1714 ut
1830 1667 1886 1713 et
1926 1673 2027 1729 ego
2068 1673 2166 1712 ve-

2255 445 2452 502 lorum.
2497 444 2639 518 [vnt,
2684 444 2762 518 1.]
2800 443 2897 499 llic
2940 453 3024 498 est
3059 445 3227 508 enim,
3265 443 3359 514 qui
3409 443 3593 498 dictus
3632 452 3712 500 est
3748 461 3816 516 per

2257 540 2450 596 Isaiam
2491 538 2812 610 prophetam
2849 537 3121 592 dicentem
3157 553 3169 589 :
3207 536 3320 590 Vox
3350 535 3644 592 clamantis
3673 537 3720 592 in
3746 539 3817 594 de-

2256 645 2406 691 serto
2446 652 2460 688 :
2502 631 2700 688 Parate
2732 634 2873 686 viam
2914 629 3129 684 Domini
3167 645 3180 681 :
3222 638 3404 683 rectas
3438 627 3606 685 facite
3635 629 3820 686 semitas

2257 725 2395 797 ejus.
2430 726 2529 797 hx,
2559 724 2638 796 6.]
2673 724 2793 792 Ipse
2819 733 3000 777 autem
3030 720 3268 776 Joannes
3296 720 3534 776 habebat
3564 721 3824 779 vestimen-

2260 830 2371 876 tum
2419 820 2486 874 de
2523 818 2645 889 pilis
2687 816 3041 880 camelorum,
3087 823 3142 869 et
3170 829 3361 869 zonam
3393 814 3674 884 pelliceam
3703 817 3824 871 circa

2258 914 2474 971 lumbos
2515 927 2645 967 suos
2674 929 2685 965 :
2721 925 2843 966 esea
2883 919 3068 964 autem
3099 908 3219 976 ejus
3243 918 3365 962 erat
3391 907 3627 973 locusta,
3657 919 3709 963 et
3737 911 3826 964 mel

2257 1009 2532 1062 silvestre.
2567 1005 2718 1060 Tunc
2749 1003 2928 1060 exibat
2959 1001 3026 1056 ad
3055 1017 3176 1057 eum
3202 1000 3558 1072 Jerosolyma,
3589 1012 3642 1056 et
3668 1004 3830 1057 omnis

2259 1099 2467 1166 Iudaea,
2507 1108 2561 1154 et
2601 1099 2779 1153 omnis
2810 1095 2958 1166 regio
2987 1094 3132 1149 circa
3159 1093 3489 1159 .Iordanem;
3518 1102 3575 1148 et
3601 1093 3827 1164 baptiza-

2261 1192 2460 1247 bantur
2502 1192 2568 1246 ab
2611 1206 2676 1245 eo
2717 1190 2770 1244 in
2811 1187 3072 1254 Iordane,
3117 1184 3439 1242 conﬁtentes
3480 1198 3698 1256 peccata
3725 1201 3822 1242 sua.

2263 1286 2340 1359 jx,
2384 1285 2462 1357 5.]
2502 1285 2702 1340 Videtis
2741 1293 2920 1338 autem
2954 1280 3151 1336 multos
3190 1279 3613 1344 Pharisa‘eorum,
3642 1289 3694 1335 et
3717 1281 3828 1334 Sad-

2261 1381 2598 1441 ducmorum,
2627 1378 2908 1431 Venientes
2933 1375 2999 1428 ad
3021 1373 3349 1444 baptismum
3374 1388 3554 1438 suum,
3580 1372 3705 1426 dixit
3725 1372 3826 1426 eis:

2261 1473 2564 1542 Progenies
2586 1473 2633 1526 vi
2644 1470 3056 1541 perarum,quis
3078 1465 3472 1523 demonstravit
3495 1465 3643 1520 vobis
3663 1465 3833 1536 fugere

2263 1583 2293 1623 a
2325 1565 2352 1605 ι’
2385 1575 2607 1621 ventura
2639 1563 2756 1619 ira?
2785 1562 2969 1618 Facite
3000 1576 3130 1631 ergo
3168 1561 3405 1614 fruetum
3434 1558 3644 1629 dignum
3677 1557 3836 1628 posui-

2264 1663 2469 1719 tentiae.
2503 1662 2566 1715 Et
2591 1676 2659 1716 ne
2689 1659 2870 1715 velitis
2898 1659 3084 1714 dicere
3109 1658 3250 1712 intra
3279 1670 3375 1711 vos
3408 1674 3418 1709 :
3447 1654 3658 1711 Patrem
3681 1655 3833 1710 habe-

571 1758 730 1813 niens
760 1757 983 1812 adorent
1012 1769 1154 1810 eum.
1189 1755 1293 1823 Qui
1319 1768 1442 1808 cum
1474 1751 1758 1808 audissent
1785 1768 1990 1824 regem,
2019 1751 2167 1808 abie-
2193 1746 2241 1808 Β
2269 1775 2392 1814 mus
2423 1756 2716 1814 Abraham.
2755 1757 2886 1810 Dico
2915 1754 3058 1810 enim
3079 1755 3257 1823 vobis,
3281 1755 3536 1826 quoniam
3561 1762 3746 1822 potens
3765 1761 3834 1807 est

568 1859 697 1906 runt
720 1867 732 1904 :
757 1858 813 1906 et
859 1862 988 1904 ecce
1009 1847 1189 1914 stella,
1219 1861 1380 1917 quam
1421 1846 1670 1901 viderant
1697 1847 1751 1902 in
1778 1845 2018 1915 Oriente,
2069 1863 2166 1903 an-

573 1942 858 1999 tecedebat
906 1956 1044 2007 eos,
1094 1955 1266 2011 usque
1313 1939 1438 1996 dum
1481 1940 1703 1996 veniens
1748 1950 1915 1996 staret
1969 1955 2162 2011 supra,

573 2035 665 2092 ubi
693 2044 811 2091 erat
849 2049 1002 2105 puer.
1042 2032 1302 2090 Videntes
1343 2042 1524 2089 autem
1571 2033 1809 2100 stellam,
1839 2034 2008 2104 gavisi
2040 2042 2167 2089 sunt

573 2128 770 2202 gaudio
799 2143 1000 2198 magno
1029 2128 1207 2184 valde.
1254 2128 1317 2183 Et
1347 2128 1615 2184 intrantes
1655 2127 1896 2195 domum,
1946 2129 2168 2184 invene-

574 2232 704 2280 runt
733 2237 961 2294 puerum
993 2237 1114 2278 cum
1147 2221 1312 2278 Maria
1345 2231 1518 2276 matre
1561 2221 1701 2292 ejus,
1732 2233 1787 2278 et
1817 2223 2166 2294 procidentes

573 2314 938 2369 adoraverunt
977 2328 1102 2369 eum
1135 2331 1148 2367 :
1180 2323 1235 2368 et
1274 2314 1479 2384 apertis
1511 2313 1779 2370 thesauris
1817 2316 1952 2382 suis,
2001 2315 2164 2371 obtu-

574 2409 752 2462 lerunt
784 2405 835 2462 ei
865 2421 1112 2474 munera,
1140 2421 1354 2472 aurum,
1391 2408 1538 2476 thus,
1568 2416 1622 2463 et
1651 2407 1949 2479 myrrham.
1981 2409 2052 2464 Et
2082 2425 2168 2465 re-

573 2512 776 2569 Sponso
803 2509 1026 2569 accepto
1058 2499 1109 2554 in
1141 2501 1364 2566 somnis,
1401 2516 1469 2556 ne
1497 2500 1742 2557 redirent
1767 2502 1832 2557 ad
1862 2503 2130 2559 Herodem
2151 2542 2166 2568 ,

579 2608 676 2664 per
703 2593 862 2648 aliam
892 2594 1032 2648 viam
1061 2596 1266 2650 reversi
1295 2603 1419 2651 sunt
1452 2595 1505 2650 in
1551 2597 1827 2666 regionem
1861 2611 2037 2652 suam.
2068 2597 2167 2665 Qui

577 2702 700 2745 cum
733 2691 1090 2745 recessissent
1138 2706 1266 2746 ecce
1311 2693 1538 2761 angelus
1581 2692 1793 2746 Domini
1824 2695 2072 2764 apparuit
2111 2693 2166 2750 in

577 2781 783 2837 somnis
812 2781 1038 2854 Ioseph,
1066 2781 1256 2838 dicens
1287 2802 1300 2837 :
1335 2785 1537 2854 Surge,
1575 2795 1629 2839 et
1667 2785 1852 2856 accipe
1905 2802 2166 2857 puerum,

575 2885 628 2932 et
655 2885 880 2932 matrem
911 2877 1049 2948 ejus,
1082 2888 1131 2933 et
1161 2878 1282 2949 fuge
1311 2881 1362 2934 in
1396 2879 1716 2952 Egyptum,
1743 2891 1798 2936 et
1828 2892 1944 2937 esto
1975 2882 2048 2937 ibi
2080 2899 2170 2938 us-

577 2983 682 3036 que
713 2967 841 3024 dum
877 2969 1051 3024 dicam
1086 2971 1201 3026 tibi.
1235 2971 1499 3026 Futurum
1529 2982 1613 3028 est
1639 2973 1806 3040 enim,
1841 2983 1900 3028 ut
1927 2973 2168 3030 Ilerodes

578 3070 788 3130 quaerat
814 3078 1041 3132 puerum
1067 3065 1136 3118 ad
1162 3064 1496 3134 perdendum
1525 3081 1669 3121 eum.
1703 3066 1803 3135 Qui
1835 3081 2169 3138 consurgens

527 3209 534 3215 ,
581 3153 794 3222 accepit
825 3168 1052 3222 puerum
1081 3165 1136 3211 et
1165 3165 1392 3212 matrem
1422 3160 1542 3228 ejus
1566 3168 1746 3225 nocte,
1779 3168 1834 3214 et
1862 3161 2089 3216 secessit
2115 3163 2166 3214 in
2195 3139 2240 3202 (ἶ

580 3244 896 3317 Egyptum,
927 3255 983 3302 ct
1012 3259 1131 3304 erat
1161 3251 1232 3304 ibi
1259 3265 1430 3320 usque
1474 3251 1542 3306 ad
1579 3252 1784 3306 obitum
1819 3252 2047 3308 Herodis
2078 3270 2090 3305 ε
2119 3261 2176 3306 ut

576 3339 974 3409 adimpleretur
1009 3341 1151 3410 quod
1181 3341 1386 3396 dictum
1429 3352 1514 3397 est
1553 3359 1582 3396 a
1612 3343 1847 3400 Domino
1897 3361 1997 3415 per
2041 3345 2172 3400 Pro-

586 3435 804 3503 pltetam
839 3430 1110 3486 dicentem
1147 3449 1161 3488 :
1192 3433 1278 3487 Ex
1304 3432 1540 3505 {Egypto
1561 3437 1746 3491 vocavi
1776 3436 1944 3492 filium
1967 3453 2172 3494 meum.

582 3524 738 3580 Tunc
761 3521 1007 3580 Herodes
1035 3523 1232 3580 videns
1259 3526 1514 3596 quoniam
1540 3525 1732 3584 illusus
1757 3538 1902 3584 esset
1924 3545 1954 3584 a
1977 3531 2169 3602 magis,

583 3617 756 3674 iratus
785 3625 870 3673 est
898 3617 1079 3686 valde,
1121 3627 1177 3674 et
1205 3619 1428 3674 mittens
1468 3618 1668 3674 occidit
1711 3634 1905 3678 omnes
1955 3637 2169 3693 pueros,

579 3713 669 3783 qui
699 3721 858 3768 erant
889 3713 940 3767 in
966 3711 1312 3778 Bethlehem,
1341 3721 1397 3768 et
1433 3713 1487 3768 in
1519 3713 1770 3769 omnibus
1801 3716 1997 3772 finibus
2025 3720 2171 3787 ejus,

583 3823 614 3863 a
644 3807 852 3863 bimatu
877 3817 932 3864 et
970 3806 1129 3875 infra,
1157 3806 1457 3863 secundum
1487 3815 1700 3878 tempus
1731 3809 1874 3879 quod
1907 3811 2177 3882 exquisie-

585 3908 670 3955 rat
717 3915 746 3953 a
789 3899 1007 3969 magis:
1045 3908 1172 3956 tunc
1227 3900 1581 3972 adimpletum
1644 3911 1730 3956 est
1777 3902 1920 3972 quod
1969 3902 2175 3959 dictum

583 4000 670 4048 est
697 4008 792 4062 per
816 3993 1106 4049 .leremiam
1133 3996 1452 4065 prOphetam
1488 3995 1753 4051 dicentem
1789 4015 1802 4051 :
1833 3996 1946 4052 Vox
1981 3997 2033 4052 in
2065 3997 2171 4053 Ra-

591 4098 677 4140 ma
709 4083 892 4139 audita
919 4085 1060 4150 est,“
1088 4085 1328 4155 ploratus
1359 4096 1414 4142 et
1438 4087 1675 4142 ululatus
1704 4088 1904 4144 multus
1935 4106 1948 4142 :
1973 4089 2176 4146 Rachel

585 4178 810 4249 plorans
851 4176 994 4232 ﬁlios
1039 4192 1186 4243 suos,
1237 4188 1293 4233 et
1334 4179 1507 4234 noluit
1552 4181 1849 4248 consolari,
1899 4183 2024 4253 quia
2070 4199 2176 4238 non

583 4280 733 4329 sunt.
770 4270 1040 4328 Defuncto
1068 4282 1246 4327 autem
1274 4273 1508 4336 Ilerode,
1535 4288 1662 4330 ecce
1697 4276 1924 4346 angelus
1963 4277 2177 4333 Domini

586 4364 842 4436 apparuit
862 4365 914 4420 in
939 4365 1144 4421 somnis
1163 4365 1362 4436 Ioseph
1389 4366 1442 4421 in
1464 4365 1722 4438 Egypto,
1748 4368 1932 4424 dicens
1949 4388 1963 4425 :
1979 4368 2174 4441 Surge,

583 4467 638 4514 et
663 4459 850 4528 accipe
882 4474 1131 4530 puerum,
1155 4467 1211 4516 et
1237 4467 1465 4515 matrem
1491 4463 1633 4530 ejus,
1658 4469 1714 4516 et
1740 4461 1877 4517 vade
1896 4465 1949 4516 in
1978 4472 2176 4518 terram

2271 1852 2414 1908 Deus
2444 1853 2510 1908 de
2542 1850 2812 1921 lapidibus
2842 1849 2960 1903 istis
2987 1849 3252 1904 suscitare
3282 1847 3425 1902 ﬁlios
3456 1845 3706 1901 Abrahae.
3735 1845 3830 1898 Jam

2270 1947 2412 2002 enim
2445 1945 2652 2000 securis
2681 1944 2746 1998 ad
2777 1945 3012 1997 radicem
3043 1939 3300 1996 arborum
3331 1939 3509 2011 posita
3542 1947 3644 1994 est.
3673 1938 3834 1993 Omnis

2270 2053 2402 2108 ergo
2441 2039 2628 2104 arbor,
2662 2052 2782 2107 quae
2814 2049 2920 2090 non
2953 2036 3078 2090 facit
3109 2034 3348 2088 fructum
3381 2033 3606 2095 bonum,
3638 2029 3832 2086 excide.

2270 2140 2380 2197 tur,
2420 2142 2472 2186 et
2519 2131 2572 2184 in
2619 2131 2794 2200 ignem
2837 2130 3105 2184 mittetur.
3139 2128 3236 2199 [κῃ
3271 2125 3344 2196 1.]
3379 2126 3489 2195 Ego
3517 2122 3726 2193 quidem
3755 2126 3833 2175 ba-

2270 2226 2414 2296 ptizo
2455 2239 2552 2279 vos
2593 2226 2643 2278 iu
2685 2211 2822 2294 aqua
2858 2223 2912 2277 in
2957 2221 3336 2292 paenitentiam
3373 2239 3384 2273 ε
3417 2218 3510 2289 qui
3539 2229 3712 2272 autem
3737 2224 3835 2287 post

2270 2334 2359 2374 me
2399 2327 2659 2374 venturus
2696 2329 2796 2381 est,
2842 2317 3037 2373 fortior
3066 2332 3152 2372 me
3181 2325 3286 2383 est,
3316 2315 3470 2384 cujus
3501 2329 3607 2367 non
3634 2326 3744 2367 sum
3769 2309 3838 2363 di.

2270 2426 2410 2484 gnus
2450 2412 2818 2468 calceamenta
2866 2419 3082 2480 portare
3123 2427 3136 2462 :
3181 2409 3294 2478 ipse
3337 2423 3432 2462 vos
3475 2405 3757 2475 baptizabit
3796 2403 3835 2456 iu

2271 2505 2473 2575 Spiritu
2498 2514 2711 2570 sancto,
2735 2512 2790 2558 et
2812 2503 2939 2574 igni.
2973 2505 3088 2575 |'xtt,
3115 2500 3194 2574 5.]
3221 2501 3388 2571 Cujus
3418 2499 3770 2554 ventilabrum
3794 2495 3836 2550 in

2273 2611 2438 2651 manu
2469 2611 2566 2651 sua
2595 2614 2608 2649 :
2641 2605 2696 2651 et.
2718 2594 3104 2665 pertnundabit
3130 2607 3308 2648 aream
3338 2605 3490 2646 suam
3521 2601 3611 2646 :et
3636 2604 3839 2659 congre-

2271 2691 2420 2761 gabit
2450 2692 2688 2746 triticum
2725 2705 2880 2746 suum
2912 2691 2963 2743 in
2993 2687 3274 2751 horreum,
3299 2685 3484 2756 paleas
3506 2694 3682 2740 autem
3709 2699 3843 2738 com-

2273 2784 2431 2840 buret
2461 2785 2566 2854 igni
2595 2781 3200 2853 itiexstinguiblli.[x1tt,
3227 2777 3516 2849 10.]Tunc
3539 2777 3680 2832 venit
3701 2775 3844 2830 Jesus

2272 2896 2301 2936 a
2317 2879 2538 2936 Galilma
2562 2877 2614 2932 in
2633 2877 2927 2933 Iordanem
2951 2875 3015 2930 ad
3038 2875 3322 2939 Joannem,
3342 2883 3399 2928 ιιι
3418 2871 3775 2940 baptizaretur
3787 2870 3844 2922 ab

2273 2989 2360 3028 eo.
2388 2972 2624 3027 Joannes
2661 2979 2843 3025 autem
2878 2967 3200 3039 prohibebat
3237 2982 3381 3032 eum,
3415 2965 3606 3020 dicens
3639 2983 3652 3020 :
3681 2962 3791 3035 Ego
3818 2977 3846 3016 a

2275 3075 2328 3120 te
2358 3065 2529 3119 debeo
2573 3061 2856 3132 baptizari,
2886 3071 2942 3116 et
2981 3070 3037 3115 tu
3067 3058 3222 3115 venis
3250 3058 3315 3113 ad
3351 3058 3476 3113 me?
3504 3057 3848 3127 Respondeas

2277 3167 2458 3213 autem
2496 3156 2677 3222 .lesus,
2725 3154 2860 3210 dixit
2899 3153 2948 3208 ei
2981 3170 2994 3207 :
3027 3153 3156 3208 Sine
3184 3152 3345 3207 modo
3379 3169 3391 3204 :
3423 3153 3502 3205 sic
3534 3151 3676 3206 enim
3702 3149 3848 3205 decet

2279 3265 2380 3306 nos
2423 3248 2651 3318 implere
2693 3262 2908 3303 omnem
2946 3246 3239 3316 justitiam.
3274 3244 3426 3300 'I‘unc
3471 3243 3674 3299 dimisit
3709 3257 3848 3298 eum.

2278 3343 2410 3416 [xtv,
2439 3343 2514 3416 1.]
2544 3343 2856 3412 Baptizatits
2881 3351 3064 3396 autem
3091 3339 3272 3408 Iesus,
3305 3339 3591 3395 confestim
3619 3336 3854 3393 asreudit

2277 3435 2347 3490 de
2367 3449 2526 3504 aqua.
2556 3434 2621 3488 Et
2642 3449 2770 3489 ecce
2790 3434 2962 3503 aperti
2983 3439 3109 3488 sunt
3129 3433 3176 3488 ei
3201 3432 3324 3487 caeli
3349 3449 3362 3485 :
3387 3441 3440 3488 et
3460 3431 3597 3486 vidit
3615 3431 3851 3501 spiritum

2279 3528 2375 3585 Dei
2402 3528 2818 3585 descendentem
2847 3528 2985 3584 sicut
3014 3526 3341 3593 columbam,
3367 3537 3422 3580 et
3448 3525 3749 3582 venientem
3770 3539 3856 3578 su-

2279 3636 2376 3692 per
2399 3636 2480 3677 se.
2510 3623 2576 3677 Et
2603 3637 2733 3678 ecce
2757 3636 2857 3676 vox
2886 3620 2954 3677 de
2985 3620 3158 3686 coelis,
3190 3620 3375 3675 dicens
3405 3636 3420 3672 :
3454 3619 3552 3674 llic
3583 3628 3664 3675 est
3693 3617 3852 3673 Filius

2279 3731 2432 3770 meus
2458 3714 2709 3783 dilectus,
2741 3718 2793 3770 in
2824 3730 2932 3785 quo
2962 3714 3093 3769 mihi
3121 3713 3450 3784 complacui.

2351 3809 2501 3882 [Cap.
2537 3809 2625 3865 lV.
2655 3823 2751 3876 xv,
2779 3809 2860 3882 2.]
2888 3809 3038 3864 Tunc
3075 3807 3233 3864 Jcsus
3262 3809 3456 3863 ductus
3485 3817 3572 3863 est
3598 3806 3650 3862 in
3681 3806 3854 3860 deser-

2280 3912 2392 3958 tum
2437 3918 2466 3957 a
2502 3903 2716 3973 spiritu,
2752 3911 2810 3956 ttt
2855 3910 3159 3956 tentaretur
3190 3915 3219 3954 a
3249 3900 3485 3955 diabolo.
3522 3898 3654 3972 [xvt,
3686 3896 3758 3968 5.]
3789 3897 3852 3950 Et

2278 4012 2399 4052 cum
2435 3997 2740 4066 jejunasset
2775 3995 3131 4067 quadraginta
3168 3993 3378 4060 diebus,
3419 4002 3475 4049 et
3511 3992 3850 4063 quadraginta

2278 4088 2556 4156 noctibus,
2597 4097 2780 4158 postea
2821 4087 3032 4143 esuriit.
3071 4086 3138 4142 Et
3175 4084 3437 4140 accedens
3467 4092 3704 4141 tentator
3729 4082 3849 4137 dixit

2279 4184 2328 4239 ei
2362 4203 2373 4238 :
2406 4183 2464 4240 Si
2494 4182 2664 4238 Filius
2694 4181 2789 4238 Dei
2819 4197 2899 4247 es,
2931 4181 3044 4244 die,
3075 4188 3135 4234 ut
3165 4178 3373 4250 lapides
3398 4177 3485 4232 isti
3516 4193 3683 4248 panes
3711 4175 3843 4230 ﬁant.

2279 4278 2379 4346 Qui
2421 4277 2758 4348 respondens
2800 4275 2941 4330 dixit
2987 4289 3002 4329 :
3050 4273 3321 4343 Scriptum
3361 4282 3445 4328 est
3475 4289 3490 4326 :
3521 4272 3636 4327 Non
3669 4273 3718 4325 in
3745 4269 3847 4323 SUIO

2279 4386 2421 4444 pane
2465 4371 2592 4425 vivit
2630 4370 2817 4435 homo,
2851 4367 2946 4424 sed
2976 4368 3028 4422 in
3059 4366 3208 4423 omni
3237 4365 3424 4432 verbo,
3455 4365 3599 4436 quod
3630 4362 3847 4434 procedit

2282 4464 2350 4520 de
2375 4480 2471 4520 ore
2500 4464 2615 4520 Dei.
2641 4462 2791 4519 Tunc
2812 4463 3106 4531 assumpsit
3129 4477 3252 4516 eum
3277 4460 3526 4515 diabolus
3553 4459 3607 4513 iit
3627 4467 3846 4514 sanctam

586 4551 758 4608 Israel
795 4567 810 4606 :
841 4551 1084 4608 defuncti
1114 4561 1243 4609 sunt
1271 4553 1442 4621 enim,
1475 4553 1565 4624 qui
1593 4555 1910 4624 quaerebant
1939 4557 2176 4612 animam
2210 4531 2256 4591 θ
2283 4557 2580 4622 civitatem,
2614 4565 2669 4612 et
2710 4555 2901 4611 statuit
2929 4570 3050 4610 eum
3082 4568 3248 4624 super
3278 4551 3623 4623 pinnaculum
3652 4548 3845 4618 templi,

586 4646 764 4716 pueri.
796 4643 902 4714 Qui
929 4660 1286 4718 consurgens,
1332 4649 1541 4717 accepit
1580 4664 1824 4718 puerum,
1868 4660 1923 4704 et
1951 4658 2177 4706 matrem

583 4737 734 4808 ejus,
765 4747 820 4794 et
845 4737 995 4795 venit
1020 4739 1071 4794 in
1101 4749 1299 4796 terram
1330 4739 1516 4797 Israel.
1553 4742 1792 4799 Audiens
1822 4753 2004 4801 autem
2033 4746 2178 4817 quod

587 4831 885 4887 Archelaus
916 4841 1171 4904 regnaret
1197 4833 1253 4887 in
1284 4831 1468 4889 Iudaea
1497 4850 1595 4905 pro
1625 4835 1834 4891 llerode
1863 4844 2015 4905 patre
2055 4851 2176 4906 suo,

588 4925 766 4980 timuit
796 4924 892 4981 illo
925 4928 1002 4982 ire
1033 4944 1042 4978 :
1069 4934 1126 4982 et
1154 4925 1464 4982 admonitus
1505 4929 1558 4982 in
1598 4927 1826 4994 somnis,
1867 4933 2093 4984 secessit
2125 4930 2180 4984 in

585 5027 768 5088 partes
797 5016 1060 5074 Galiltere.
1087 5019 1153 5074 Et
1181 5019 1402 5075 veniens
1423 5019 1690 5075 habitavit
1712 5020 1766 5074 in
1787 5020 2024 5085 civitate,
2057 5036 2177 5091 qua:

587 5120 813 5166 vocatur
841 5111 1112 5168 Nazareth
1149 5123 1246 5168 :ut
1273 5111 1668 5177 adimpleretur
1693 5114 1835 5185 quod
1870 5113 2069 5168 dictum
2097 5125 2176 5170 cst

584 5217 683 5275 per
718 5201 1024 5274 Prophetas
1058 5223 1071 5260 :
1101 5205 1368 5272 Quoniam
1398 5206 1686 5262 Nazarteus
1728 5207 2029 5262 vocabitur.

651 5299 806 5373 [Cap.
839 5300 926 5358 IIl.
963 5317 1058 5372 vtt,
1091 5302 1172 5373 3.]
1203 5303 1258 5358 In
1290 5303 1485 5360 diebus
1505 5313 1685 5359 autem
1709 5303 1818 5358 illis
1839 5304 1989 5359 venit
2009 5302 2178 5359 Joan-

582 5409 680 5453 nes
706 5396 947 5469 Baptista
972 5397 1276 5468 praedicans
1303 5399 1357 5454 in
1381 5398 1599 5455 deserto
1620 5397 1847 5465 Iudaeae,
1870 5409 1925 5456 et
1945 5398 2132 5455 dicens
2161 5417 2172 5453 :

652 5637 676 5663 ιι
718 5626 846 5704 Plus
872 5625 929 5704 in
950 5624 1142 5704 Grzeco
1170 5634 1255 5704 est
1282 5634 1452 5691 textu,
1477 5627 1658 5704 ρρῆνος
1687 5630 1766 5704 nat!
1797 5626 2048 5704 κλαυθμὸς
2075 5628 2158 5681 καὶ

652 5650 676 5663 "
719 5650 846 5682 ιίιιδ
873 5650 925 5680 Ill
950 5650 1142 5682 UI'itCl)
1170 5650 1255 5682 εει
1282 5650 1452 5691 ιυιιυ,
1481 5650 1658 5704 υρηνος
1687 5650 1766 5682 και
1797 5650 1952 5682 κλανσ
1995 5650 2048 5687 ος
2075 5650 2158 5681 και

579 5697 802 5824 ﬁngitis:
839 5697 1006 5824 :30;
1049 5714 1063 5751 :
1103 5697 1246 5768 quod
1296 5697 1556 5765 verteris,
1599 5699 1866 5768 gemitus,
1920 5650 2158 5767 promtus

795 5806 810 5834 ο
840 5804 948 5824 νυν·

2282 4659 2338 4705 et
2367 4648 2502 4702 dixit
2531 4649 2578 4702 ei
2611 4666 2624 4701 :
2657 4646 2714 4702 Si
2742 4645 2915 4702 Filius
2949 4645 3040 4700 Dei
3065 4659 3146 4710 es,
3173 4645 3325 4699 mitte
3351 4653 3402 4698 te
3432 4642 3699 4697 deorsum.
3721 4639 3849 4693 Scri-

2282 4749 2433 4814 ptum
2459 4747 2542 4795 est
2568 4739 2711 4794 enim
2748 4757 2760 4792 :
2792 4737 2930 4806 Quia
2958 4737 3166 4807 angelis
3192 4736 3306 4791 suis
3328 4733 3602 4790 mandavit
3623 4731 3690 4789 de
3717 4743 3783 4794 te,
3805 4736 3850 4784 et

2281 4839 2334 4893 in
2379 4835 2626 4891 manibus
2672 4835 2860 4890 tollent
2919 4843 2990 4897 te,
3047 4849 3114 4888 ne
3169 4833 3308 4887 forte
3349 4831 3598 4887 offendas
3643 4829 3705 4884 ad
3735 4823 3851 4895 lapi-

2282 4933 2404 4987 dem
2445 4930 2636 5002 pedem
2663 4939 2830 4984 tuum.
2867 4929 2959 4984 Ait
2989 4927 3063 4982 illi
3103 4927 3260 4983 Jesus
3293 4944 3306 4980 :
3338 4926 3576 4980 Rursum
3606 4924 3848 4993 scriptum

2285 5031 2370 5079 est
2399 5039 2414 5077 :
2444 5022 2562 5078 Non
2595 5021 2829 5077 tentabis
2857 5020 3140 5074 Dominum
3174 5019 3338 5072 Deum
3366 5029 3535 5071 tuum.
3562 5017 3753 5071 lterum
3778 5028 3853 5065 as-

2284 5118 2512 5187 sumpsit
2535 5132 2658 5172 eum
2685 5115 2935 5170 diabolus
2967 5115 3016 5167 in
3046 5121 3280 5168 montem
3305 5111 3578 5166 excelsum
3602 5108 3752 5163 valde
3776 5125 3786 5158 :
3807 5112 3854 5159 et

2284 5213 2524 5267 ostendit
2551 5213 2600 5267 ei
2629 5211 2809 5266 omnia
2836 5224 2997 5280 regna
3022 5207 3231 5273 mundi,
3255 5215 3310 5262 et
3330 5205 3560 5276 gloriam
3583 5218 3783 5264 eorum,
3807 5206 3850 5252 et

2285 5303 2418 5358 dixit
2447 5304 2497 5360 ei
2536 5323 2547 5358 :
2577 5305 2702 5358 llaec
2731 5302 2912 5357 omnia
2943 5300 3039 5355 tibi
3068 5301 3230 5367 dabo,
3262 5299 3306 5353 si
3334 5298 3538 5355 cadens
3565 5290 3851 5353 adoravcris

2287 5412 2394 5454 me.
2425 5396 2578 5454 Tunc
2608 5397 2739 5454 dicit
2761 5397 2810 5452 ei
2831 5395 3008 5461 Iesus,
3040 5393 3204 5460 Vade,
3231 5393 3426 5450 Satana
3455 5411 3467 5444 :
3495 5393 3760 5463 Scriptum
3779 5394 3852 5441 est

2339 5624 2366 5663 ι)
2397 5624 2553 5688 Tres,
2585 5624 2779 5692 quibus
2805 5621 3028 5689 utimur,
3062 5633 3192 5675 mss.
3229 5617 3344 5691 pari
3373 5629 3645 5674 consensu
3681 5609 3849 5685 pracfe-

2263 5706 2410 5768 runt,
2436 5713 2468 5751 a
2493 5696 2672 5767 futura
2700 5695 2798 5748 ira.
