3918 6192
83 238 161 293 sts

1014 234 1404 295 EVANGtLlU
1418 236 1464 293 Μ
1504 234 1873 295 SECUNDUM
1914 239 2346 302 MATTHIEUM.

3215 250 3321 307 548

86 349 203 401 civim
248 368 259 402 :
300 350 588 405 Dominum
641 350 801 403 Deum
845 356 988 402 tuum
1037 349 1312 417 ador-abis,
1347 350 1498 405 etilli
1524 348 1623 405 soli
1650 356 1697 412 Α
1728 351 1838 405 Vos
1870 355 2001 410 estis
2031 357 2109 411 sal
2143 366 2324 414 terrae.
2350 355 2503 425 Quod
2533 356 2578 412 si
2602 356 2683 413 sal
2704 358 3004 427 evanuerit,
3030 359 3082 416 in
3106 374 3214 432 quo
3235 376 3321 417 sa-

84 444 278 497 servies.
312 449 461 508 [xvu,
503 443 581 511 6.]
616 441 763 496 Tunc
806 441 1017 512 reliquit
1062 457 1187 497 cum
1228 444 1477 498 diabolus
1518 460 1532 497 :
1574 453 1631 499 et

82 551 190 591 ecce
212 537 370 606 angeli
392 545 756 603 accesserunt,
779 546 826 591 et
852 537 1233 593 ministrabant
1255 540 1325 593 ei.
1351 538 1526 610 [xvm,
1549 538 1629 611 4.]

82 628 196 681 Cum
223 639 385 681 autem
415 629 653 683 audisset
676 629 831 683 Jesus
858 628 1001 698 quod
1028 628 1264 685 Joannes
1290 630 1521 685 traditus
1544 644 1629 685 es-

81 726 162 783 set,
192 720 400 773 secessit
428 719 481 773 in
507 718 784 774 Galilzeam
817 740 830 771 :
864 720 997 791 [xrx,
1022 718 1097 790 7.]
1121 729 1176 776 et
1200 720 1387 775 relicta
1409 722 1628 777 civitate

81 810 326 878 Nazareth,
358 820 383 849 ι
408 811 584 877 venit,
614 821 669 866 et
693 810 953 867 habitavit
976 813 1028 867 in
1058 814 1435 883 Capharnaum
1465 815 1629 868 mari-

82 905 210 972 tima,
234 904 280 958 in
311 902 506 959 ﬁnibus
535 903 776 959 Zabulon
799 915 851 960 et
880 904 1247 974 Nephthalim,
1274 916 1327 959 ut
1361 906 1625 975 adimple-

82 1008 204 1053 retur
223 998 355 1068 quod
380 997 587 1052 dictum
621 1008 704 1053 est
732 1014 826 1069 per
852 998 1041 1054 Isaiam
1073 1000 1391 1070 prophetam
1418 1020 1431 1055 :
1454 1002 1624 1057 Terra

75 1090 299 1152 Labulon,
324 1100 372 1144 et
400 1098 542 1144 terra
570 1090 932 1159 Nepbtbalim,
958 1092 1041 1145 via
1072 1092 1236 1145 maris
1261 1102 1407 1146 trans
1429 1091 1624 1147 Jorda-

73 1199 197 1249 nem,
212 1181 410 1237 Galiltea
426 1182 688 1252 gentium,
706 1183 933 1253 pepulus
952 1182 1040 1251 qui
1055 1182 1276 1236 sedebat
1292 1182 1343 1237 in
1362 1183 1620 1249 tenebris,

72 1279 178 1332 vidit
203 1280 364 1333 lucem
410 1291 659 1346 magnam
694 1294 705 1329 :
742 1286 796 1331 et
824 1276 1144 1331 sedentibus
1171 1276 1223 1330 in
1254 1277 1476 1346 regione
1506 1292 1624 1331 um-

68 1373 157 1426 bra:
193 1370 395 1438 mortis,
426 1370 517 1424 lux
563 1379 685 1424 orta
712 1379 796 1425 est
824 1368 924 1424 eis.
964 1370 1078 1441 [xx,
1107 1367 1189 1440 6.]
1223 1368 1429 1425 Exinde
1456 1369 1623 1439 (cepit

65 1469 195 1521 lesus
222 1463 536 1535 prazdicare,
568 1471 625 1519 et
648 1463 831 1519 dicere
861 1479 875 1517 :
910 1462 1292 1518 Paenitentiam
1324 1464 1465 1533 agite
1494 1482 1504 1516 :
1532 1478 1625 1533 ap-

64 1558 413 1629 propinquavit
452 1557 595 1612 enim
626 1572 852 1627 regnum
885 1556 1172 1612 cmlorum.
1199 1555 1502 1611 Ambulans
1527 1571 1624 1609 au-

62 1665 147 1707 tem
184 1652 338 1706 Jesus
367 1648 521 1720 juxta
562 1665 714 1705 mare
751 1650 1010 1715 Galilzcm,
1053 1647 1188 1702 vidit
1223 1647 1360 1701 duos
1401 1648 1618 1715 fratres,

1731 443 1931 499 lietur?
1956 448 2020 501 ad
2051 448 2281 503 nihilum
2309 450 2451 505 valet
2480 450 2643 514 ultra,
2672 452 2776 507 nisi
2806 462 2862 507 ut
2888 454 3130 509 mittatur
3150 454 3317 523 foras,

1730 544 1785 592 et
1806 540 2150 597 conculcetur
2172 542 2240 596 ab
2272 541 2598 599 hominibus.
2624 542 2816 615 [xxxrr,
2841 543 2920 616 2.]
2945 545 3052 601 Vos
3073 548 3204 603 estis
3226 547 3319 603 lux

1730 633 1937 686 mundi.
1975 632 2090 688 Non
2135 643 2315 705 potest
2357 636 2548 692 civitas
2585 636 2849 693 abscondi
2889 654 3051 710 supra
3081 649 3320 697 montem

1730 726 1923 795 posita.
1958 726 2141 797 Neque
2182 728 2489 784 accendunt
2524 730 2826 799 lucernam,
2867 742 2923 787 et
2964 741 3168 800 pormnt
3198 747 3318 789 eam

1729 816 1832 870 sub
1867 818 2077 883 modio;
2118 819 2215 874 sed
2259 834 2427 890 super
2460 820 2867 889 candelabrum,
2910 831 2968 877 ut
3004 823 3181 879 luceat
3208 824 3318 897 [ΑΙ.

1729 918 1783 962 et
1814 908 1976 980 lucet]
2006 911 2281 978 orunibus,
2308 914 2398 982 qui
2438 913 2493 967 in
2524 913 2687 969 domo
2718 924 2865 969 sunt.
2902 915 2993 971 Sic
3023 916 3199 972 luceat
3226 916 3320 973 lux

1728 1010 1909 1057 vestra
1956 1018 2139 1058 coram
2190 1004 2500 1063 hominibus
2524 1049 2541 1074 ,
2584 1019 2641 1062 ut
2680 1007 2896 1063 videant
2935 1024 3097 1078 opera
3138 1018 3319 1066 vestra

1726 1096 1892 1163 bona,
1934 1107 1989 1151 et
2024 1098 2329 1167 glorificent
2371 1110 2578 1169 patrem
2620 1111 2896 1168 vestrum,
2938 1103 3027 1172 qui
3068 1103 3124 1158 in
3166 1105 3320 1160 cmlis

1725 1199 1831 1246 est.
1863 1192 2075 1263 [xxxru,
2104 1191 2217 1263 10.]
2244 1192 2420 1249 Nolite
2448 1203 2640 1264 putare
2667 1192 2923 1264 quoniam
2952 1195 3076 1251 veni
3105 1196 3323 1254 solvere

1725 1286 1947 1357 Legem,
1978 1298 2070 1342 aut
2098 1288 2398 1358 Prophetas
2430 1306 2441 1341 :
2479 1303 2586 1344 non
2612 1289 2736 1345 veni
2766 1289 3002 1354 solvere,
3026 1290 3123 1347 sed
3144 1290 3319 1346 adim-

1726 1382 1897 1453 plere.
1944 1383 2149 1455 [xxxrv,
2193 1381 2274 1453 5.]
2310 1384 2483 1439 Amen
2530 1385 2729 1455 quippe
2763 1385 2887 1441 dico
2929 1386 3103 1453 vobis,
3144 1387 3321 1446 donec

1726 1485 1964 1530 transeat
2006 1476 2199 1531 caelum
2235 1486 2291 1531 et
2320 1485 2483 1542 terra,
2517 1477 2623 1531 iota
2664 1493 2851 1543 unum,
2885 1488 2978 1533 aut
3006 1494 3146 1535 unus
3175 1494 3316 1550 apex

1726 1584 1831 1623 non
1865 1568 2161 1638 przeteribit
2187 1585 2216 1622 a
2246 1569 2385 1639 lege,
2418 1569 2591 1625 donec
2612 1572 2790 1627 omnia
2817 1573 2962 1627 liant.
2992 1571 3176 1644 [xxxv,
3204 1571 3316 1645 10.]

1725 1660 1827 1729 Qui
1851 1677 1980 1732 ergo
2008 1662 2232 1718 solverit
2261 1678 2425 1717 unum
2450 1664 2517 1719 de
2543 1664 2812 1720 mandatis
2837 1666 2951 1719 istis
2975 1666 3235 1734 minimis,
3262 1674 3320 1722 et

56 1746 326 1809 Simonem,
360 1744 451 1815 qui
490 1734 721 1799 vocatur.
744 1744 971 1811 Petrus,
1004 1752 1058 1799 et
1086 1743 1361 1797 Andream
1396 1742 1617 1797 fratrem

1728 1755 1971 1809 docuerit
2010 1756 2088 1810 sic
2134 1756 2405 1823 homines,
2454 1757 2711 1812 minimus
2752 1758 3034 1813 vocabitur
3065 1759 3119 1813 in
3146 1772 3316 1831 regno

54 1838 173 1907 ejus,
207 1837 475 1892 mittentes
508 1846 625 1891 rete
657 1836 710 1890 in
745 1852 917 1904 mare,
950 1846 1103 1891 erant
1131 1836 1271 1891 enim
1298 1837 1614 1905 piscatores,

54 1936 172 2004 ixxr,
203 1931 283 2004 2.]
313 1940 365 1987 et
394 1933 468 1987 ait
498 1932 606 1987 illis
640 1949 653 1986 :
688 1931 883 1988 Venite
916 1944 1033 2003 post
1064 1949 1173 1997 me,
1208 1942 1262 1987 et
1298 1933 1488 1987 iaciam
1523 1949 1617 1987 vos

52 2024 153 2079 ﬁeri
211 2025 508 2094 piscatores
553 2022 855 2078 hominum.
894 2028 965 2078 At
1004 2024 1080 2078 illi
1117 2025 1372 2079 continuo
1412 2024 1618 2079 relictis

47 2120 263 2187 retibus,
308 2119 478 2174 secuti
517 2128 644 2173 sunt
682 2134 829 2173 eum.
877 2118 1045 2189 μιν,
1090 2119 1167 2190 0.]
1212 2119 1278 2173 Et
1315 2118 1617 2188 procedens

45 2213 170 2276 inde,
199 2212 332 2267 vidit
368 2211 502 2267 alios
532 2211 670 2267 duos
701 2211 919 2278 fratres,
961 2210 1222 2266 Iacobum
1255 2211 1530 2278 Zebedtci,
1564 2220 1618 2266 et

42 2304 280 2359 Joannem
321 2303 542 2359 fratrem
588 2305 730 2371 ejus,
768 2304 821 2359 in
871 2305 992 2358 navi
1019 2320 1142 2358 cum
1170 2304 1431 2359 Zcbedteo
1464 2315 1616 2375 patre

41 2413 230 2463 eorum,
259 2397 571 2452 reﬁcientes
596 2400 731 2452 retia
791 2414 885 2452 sua
914 2417 927 2453 :
960 2408 1013 2454 et
1040 2399 1251 2453 vocavit
1275 2413 1391 2453 eos.
1414 2398 1492 2453 llli
1520 2414 1616 2453 au-

41 2502 128 2547 tem
149 2493 328 2546 statim
356 2493 565 2548 relictis
588 2494 797 2547 retibus
820 2502 873 2548 et
895 2505 1065 2562 patre,
1085 2492 1112 2531 δ
1129 2494 1300 2549 secuti
1323 2502 1449 2548 sunt
1468 2510 1610 2550 eum.

38 2596 193 2653 :Lxxm,
222 2583 298 2653 1.]
329 2584 397 2637 Ει
418 2583 686 2639 circuibat
706 2585 865 2639 Jesus
892 2594 1059 2638 totam
1082 2586 1383 2647 Galilmarn,
1412 2587 1613 2643 docens

32 2680 78 2731 in
99 2680 380 2749 synagogis
402 2693 617 2742 eorum,
643 2686 698 2731 et
730 2678 1027 2746 praedicans
1050 2680 1391 2749 evangelium
1415 2681 1569 2747 regni
1596 2697 1609 2734 :

31 2780 79 2823 et
102 2784 294 2824 sanans
315 2785 532 2823 onmem
558 2771 897 2839 languorem,
922 2780 975 2824 et
998 2785 1215 2825 omnem
1240 2770 1613 2826 infirmitatem

31 2860 77 2913 in
119 2862 334 2930 pepulo.
382 2861 449 2915 Et
480 2862 616 2915 abiit
645 2862 829 2931 Opinio
860 2863 976 2931 ejus
1009 2864 1062 2917 in
1095 2873 1261 2917 totam
1291 2864 1528 2933 Syriam,
1561 2873 1612 2919 et

30 2958 333 3011 obtulerunt
363 2956 411 3011 ei
444 2971 635 3012 omnes
663 2958 802 3011 male
830 2956 1109 3023 habentes,
1141 2958 1305 3011 variis
1335 2958 1613 3027 languori-

29 3049 135 3115 bus,
160 3058 212 3104 et
240 3049 527 3104 tormentis
553 3049 1001 3118 comprehensos,
1030 3060 1086 3105 et
1112 3048 1202 3120 qui
1232 3050 1497 3105 daemonia
1521 3050 1615 3103 ha-

1721 1846 1981 1903 cmlorum
2014 1865 2025 1900 :
2054 1848 2144 1917 qui
2176 1857 2355 1903 autem
2390 1848 2581 1904 fecerit
2607 1857 2663 1904 et
2689 1849 2953 1913 docuerit,
2979 1848 3065 1903 hic
3086 1865 3314 1920 magnus

1721 1939 2003 1993 vocabitur
2046 1940 2099 1993 in
2128 1954 2294 2010 regno
2324 1940 2610 1996 caelorum.
2643 1939 2777 1997 Dico
2807 1940 2951 1996 enim
2979 1940 3157 2005 vobis,
3186 1944 3313 2011 quia

1722 2033 1825 2089 nisi
1848 2033 2432 2104 abundaveritjustitia
2459 2046 2633 2089 vestra
2659 2035 2780 2105 plus
2802 2050 2961 2105 quam
2989 2035 3314 2103 scribarum,

1720 2138 1775 2182 et
1803 2128 2216 2195 phariszeorum,
2251 2143 2359 2182 non
2389 2127 2663 2184 iutrabitis
2691 2129 2744 2182 in
2775 2142 2997 2198 regnum
3024 2129 3312 2185 caelorum.

1720 2218 1957 2274 Audistis
1983 2220 2106 2290 quia
2138 2220 2339 2275 dictum
2370 2229 2453 2276 est
2480 2220 2717 2289 antiquis
2748 2238 2759 2271 :
2793 2218 2909 2274 Non
2932 2222 3144 2276 occides
3177 2241 3191 2277 :
3223 2224 3315 2291 qui

1719 2322 1898 2369 autem
1927 2314 2211 2380 occiderit,
2245 2330 2373 2369 reus
2406 2325 2429 2351 ε
2457 2316 2561 2369 erit
2584 2314 2813 2384 judicio.
2844 2316 2957 2385 Ego
2985 2327 3163 2370 autem
3191 2316 3314 2373 dico

1719 2404 1895 2468 vobis,
1924 2402 2047 2473 quia
2079 2404 2281 2469 omnis,
2313 2403 2406 2472 qui
2438 2405 2692 2459 irascitur
2721 2404 2876 2458 fratri
2906 2418 3025 2469 suo,
3060 2420 3185 2460 reus
3208 2405 3315 2459 erit

1712 2496 1938 2567 judicio.
1968 2495 2072 2561 Qui
2100 2504 2278 2550 autem
2303 2495 2506 2550 dixerit
2533 2494 2688 2549 fratri
2718 2508 2841 2560 suo,
2872 2510 2996 2549 raca
3024 2512 3035 2547 ε
3064 2510 3190 2549 reus
3210 2495 3317 2550 erit

1717 2588 1971 2644 concilio.
1996 2586 2097 2653 Qui
2120 2596 2299 2640 autem
2321 2586 2541 2655 dixerit,
2570 2586 2715 2641 fatue
2742 2605 2753 2638 :
2780 2601 2906 2641 reus
2924 2586 3033 2642 erit
3051 2586 3314 2657 gehenna

1720 2682 1878 2753 ignis.
1921 2682 1975 2736 Si
2017 2695 2147 2751 ergo
2184 2680 2349 2736 offers
2391 2696 2588 2735 munus
2635 2688 2782 2734 tuum
2819 2680 2885 2735 ad
2929 2680 3121 2749 altare,
3154 2690 3206 2736 et
3238 2679 3317 2736 ibi

1719 2775 2037 2831 recordatus
2078 2773 2267 2839 fueris,
2298 2775 2422 2844 quia
2457 2774 2624 2829 frater
2655 2784 2774 2828 tuus
2802 2774 2966 2829 habet
2992 2773 3192 2844 aliquid
3219 2773 3315 2827 ad-

1718 2885 1933 2923 versum
1964 2880 2016 2923 te
2052 2886 2063 2920 :
2097 2868 2346 2938 relinque
2372 2866 2445 2921 ibi
2478 2882 2672 2922 munus
2702 2876 2852 2922 tuum
2882 2876 3009 2921 ante
3038 2867 3233 2931 altare,
3264 2874 3320 2921 et

1718 2960 1853 3016 vade
1892 2960 2040 3030 prius
2080 2956 2421 3014 reconciliari
2460 2958 2611 3012 fratri
2649 2968 2739 3012 tuo
2784 2976 2799 3011 :
2843 2966 2899 3014 et
2927 2966 3055 3014 tunc
3086 2958 3315 3013 veniens

1718 3052 1914 3107 oti'eres
1947 3049 1966 3089 ί
1997 3066 2192 3106 munus
2235 3059 2406 3104 tuum.
2439 3051 2645 3123 [xxxvr,
2676 3048 2755 3119 5.]
2786 3049 2918 3105 Esto
2963 3048 3312 3105 consentiens

27 3142 236 3208 hebant,
270 3150 325 3196 et
355 3141 647 3208 lunaticos,
680 3151 733 3196 et
765 3142 1115 3213 paralyticos,
1146 3151 1199 3197 et
1230 3142 1442 3197 curavit
1472 3158 1566 3196 eos
1599 3159 1611 3195 :
1640 3118 1687 3181 δ
1720 3145 2034 3200 adversario
2063 3151 2159 3199 tuo
2186 3144 2315 3208 cito,
2345 3144 2477 3198 dum
2506 3159 2564 3198 es
2591 3143 2644 3198 in
2673 3143 2762 3198 via
2789 3160 2912 3198 cum
2945 3158 3011 3199 eo
3039 3160 3051 3196 :
3084 3158 3151 3198 ne
3174 3140 3316 3197 forte

28 3246 73 3289 et
110 3246 307 3291 secuta:
354 3244 484 3290 sunt
536 3251 662 3290 eum
710 3235 879 3289 turba:
930 3235 1111 3289 multa:
1156 3235 1224 3291 de
1261 3235 1521 3299 Galilzea,
1562 3245 1617 3290 et

29 3331 305 3401 Decapoli,
349 3341 404 3385 et
442 3329 512 3385 de
547 3328 942 3401 Jerosolymis,
982 3338 1036 3384 et
1072 3329 1141 3385 de
1188 3328 1374 3385 Judzea
1399 3370 1412 3395 ,
1454 3337 1509 3385 et
1549 3329 1617 3384 de

31 3432 165 3476 trans
194 3422 514 3478 Jordanem.

89 3515 236 3588 [ϐαρ.
279 3517 339 3571 ν.
387 3532 536 3582 xxiv,
578 3516 687 3588 t0.]
720 3515 921 3572 Videns
951 3525 1132 3572 autem
1167 3526 1189 3555 ο
1217 3516 1376 3573 Jesus
1407 3517 1614 3586 turbas,

35 3608 258 3663 ascendit
301 3611 356 3663 in
403 3620 671 3677 montem,
711 3618 767 3664 et
806 3624 931 3663 cum
975 3608 1227 3673 sedisset,
1270 3620 1619 3666 accesserunt

36 3703 89 3755 ad
113 3720 228 3758 eum
260 3704 515 3774 discipuli
547 3705 685 3772 ejus,
720 3703 869 3775 [xxv,
903 3701 981 3774 5.]
1014 3711 1066 3757 et
1091 3702 1343 3773 aperiens
1373 3718 1435 3758 os
1462 3719 1617 3759 suum

38 3792 246 3851 docebat
286 3812 407 3862 eos,
448 3795 637 3850 dicens
681 3811 695 3850 :
740 3794 889 3850 Beati
918 3808 1185 3865 pauperes
1214 3795 1408 3865 spiritu
1439 3814 1453 3849 :
1486 3811 1620 3866 quo-

40 3884 157 3939 niam
189 3887 435 3957 ipsorum
464 3896 548 3941 est
570 3902 797 3957 regnum
820 3888 1110 3943 ctelorum.
1138 3888 1304 3959 μω,
1338 3889 1445 3960 ΙΟ.]
1468 3889 1619 3944 Beati

43 3975 217 4038 limites
247 4001 257 4035 :
285 3983 544 4053 quoniam
571 3983 669 4050 ipsi
695 3983 1055 4051 possidebunt
1078 3992 1303 4037 terram.
1323 3982 1521 4053 [ιιινιιν
1542 3982 1618 4054 5.]

44 4070 203 4139 Beati,
263 4076 359 4145 qui
410 4076 598 4146 lugent
647 4092 660 4128 :
712 4076 967 4145 quoniam
1023 4073 1125 4144 ipsi
1173 4074 1616 4131 consolabuntur.

46 4162 227 4233 hum,
262 4168 345 4238 5.]
378 4168 556 4232 Beati,
590 4168 679 4238 qui
710 4168 977 4233 esuriunt,
1009 4175 1063 4220 et
1092 4167 1281 4221 sitiunt
1308 4166 1571 4235 justitiam
1605 4185 1616 4219 :

46 4259 274 4322 quoniam
318 4259 425 4329 ipsi
472 4258 877 4313 saturabunlur.
915 4258 1063 4330 [χχιχ
1087 4300 1102 4326 ,
1136 4256 1248 4328 10.]
1281 4258 1429 4312 Beati
1463 4258 1622 4313 mise-

46 4348 262 4409 ricordes
291 4372 305 4409 :
330 4351 590 4424 quoniam
620 4353 719 4421 ipsi
744 4352 1172 4407 misericordiam
1197 4360 1617 4422 consequentur.

48 4438 162 4501 Beati
208 4447 419 4501 mundo
465 4446 631 4503 corde
663 4463 677 4501 :
708 4447 958 4518 quoniam
999 4447 1102 4517 ipsi
1140 4449 1308 4503 Deum
1339 4448 1620 4504 videbunt.

47 4529 166 4593 Beati
213 4539 432 4611 pacifici
468 4558 480 4593 :
515 4539 770 4610 quoniam
812 4541 906 4595 filii
936 4540 1032 4595 Dei
1060 4541 1415 4597 vocabuntur.
1446 4540 1619 4611 Beati,

46 4631 109 4692 rilli
133 4634 578 4701 persecutionem
611 4633 887 4703 patiuntur
915 4631 1420 4704 prepterjustitiam
1445 4650 1458 4686 :
1483 4648 1623 4704 quo-

37 4719 162 4779 niam
206 4727 454 4796 ipsorum
493 4736 577 4783 est
608 4743 834 4797 regnum
868 4726 1147 4783 caelorum.
1185 4727 1334 4799 [xxx,
1368 4724 1444 4796 5.]
1473 4726 1624 4782 Beati

34 4818 150 4873 Estis
186 4835 314 4875 cum
356 4819 737 4875 maledixerint
777 4820 953 4885 vobis,
986 4829 1039 4874 et
1071 4820 1341 4890 persecuti
1374 4834 1472 4875 vos
1500 4819 1623 4875 fue-

30 4904 151 4979 rint,
190 4922 245 4969 et
285 4914 531 4970 dixerint
570 4928 731 4968 omne
767 4913 968 4968 malum
1006 4913 1295 4969 adversum
1333 4927 1430 4968 vos
1473 4927 1625 4969 men-

25 4994 238 5077 tientes,
274 5013 505 5076 propter
531 5020 658 5060 me:
688 5004 939 5075 gaudete,
972 5013 1025 5058 et
1051 5006 1334 5072 exsultate,
1367 5005 1624 5075 quoniam

22 5098 235 5151 merces
274 5107 458 5152 vestra
488 5095 711 5166 copiosa
757 5104 839 5151 est
869 5096 921 5150 in
953 5096 1126 5151 caelis.
1153 5096 1244 5153 Sic
1272 5097 1415 5152 enim
1442 5112 1629 5167 perse-

1651 4500 1703 4563 D

1721 3237 1897 3291 tradat
1924 3246 1975 3291 te
1999 3234 2349 3291 adversarius
2375 3234 2566 3304 judiei,
2601 3244 2658 3291 et
2682 3235 2846 3306 judex
2873 3235 3049 3291 tradat
3077 3243 3131 3291 te
3156 3234 3316 3289 mini-

1717 3339 1854 3398 stro,
1894 3338 1949 3385 et
1991 3328 2046 3384 in
2082 3344 2365 3385 carcerem
2404 3328 2661 3385 mittaris.
2697 3332 2866 3386 Amen
2898 3330 3021 3387 dico
3049 3330 3170 3399 tibi,
3203 3344 3315 3386 non

1715 3424 1869 3479 exies
1909 3422 2054 3487 inde,
2102 3422 2279 3478 donec
2320 3420 2519 3477 reddas
2549 3421 2901 3477 novissimum
2934 3421 3311 3493 quadrantem.

1720 3516 1951 3587 [xxxv-tr,
1985 3513 2100 3585 i0,]
2127 3513 2372 3569 Audistis
2400 3514 2525 3585 quia
2548 3513 2752 3569 dictum
2781 3522 2865 3569 est
2890 3514 3129 3583 antiquis
3157 3531 3171 3570 :
3196 3512 3317 3569 Non

1719 3609 2105 3667 rntechaberis.
2142 3610 2255 3680 Ego
2280 3617 2460 3664 autem
2492 3607 2616 3665 dico
2638 3607 2793 3663 vobis
2817 3626 2830 3662 :
2856 3607 2977 3677 quia
3001 3606 3201 3673 omnis,
3226 3608 3319 3676 qui

1718 3702 1921 3758 viderit
1948 3702 2231 3757 mulierem
2257 3702 2325 3757 ad
2350 3702 2839 3771 concupiscendum
2867 3715 3009 3767 eam,
3040 3699 3153 3768 jam
3181 3714 3319 3754 mu:-

1719 3797 1914 3851 cliatus
1956 3804 2041 3850 est
2082 3810 2201 3850 eam
2239 3797 2291 3848 in
2330 3794 2497 3849 corde
2532 3808 2653 3849 suo.
2693 3792 2848 3860 Quod
2886 3792 2932 3847 si
2973 3791 3163 3847 oculus
3196 3801 3320 3848 tuus

1720 3890 1912 3945 dexter
1950 3887 2285 3943 scandalizat
2325 3896 2397 3953 te,
2429 3902 2562 3942 erue
2592 3903 2739 3951 eum,
2769 3894 2822 3942 et
2853 3885 3057 3956 projice
3088 3884 3187 3942 abs
3216 3894 3266 3941 te
3301 3904 3317 3943 :

1722 3980 1943 4049 expedit
1970 3980 2113 4034 enim
2145 3979 2263 4047 tibi,
2298 3989 2354 4035 ut
2385 3988 2574 4049 pereat
2601 3994 2764 4033 unum
2798 3978 3166 4035 membrorum
3201 3987 3322 4035 tuo-

1721 4090 1865 4140 rum,
1906 4090 2067 4144 quam
2114 4080 2283 4127 totum
2321 4088 2520 4142 corpus
2560 4081 2710 4126 tuutu
2750 4071 2995 4127 mittatur
3032 4072 3087 4127 in
3114 4071 3319 4143 gehen-

1724 4183 1869 4222 nam.
1891 4168 2019 4222 Etsi
2042 4166 2265 4222 dextera
2287 4180 2479 4221 manus
2501 4176 2592 4222 tua
2612 4165 2942 4223 scandalizat
2966 4176 3039 4232 te,
3063 4164 3324 4223 abscinde

1722 4276 1863 4325 eam,
1907 4270 1961 4316 et
1989 4259 2196 4332 projice
2225 4258 2321 4315 abs
2350 4267 2402 4315 te
2432 4278 2443 4313 :
2477 4257 2694 4329 expedit
2719 4258 2862 4313 enim
2893 4257 3009 4326 tibi,
3043 4265 3100 4311 ut
3132 4264 3319 4326 pereat

1726 4372 1893 4411 unum
1916 4354 2285 4410 membrorum
2312 4363 2546 4418 tuorum,
2571 4367 2732 4424 quam
2758 4360 2928 4407 totum
2950 4364 3144 4418 corpus
3168 4356 3323 4404 tuum

1725 4456 1812 4503 eat
1842 4450 1893 4502 in
1924 4447 2251 4518 gehennam.
2281 4445 2492 4502 Dictum
2519 4452 2604 4499 est
2634 4452 2813 4499 autem
2845 4460 2856 4495 :
2881 4441 3220 4509 Quicumque
3238 4438 3322 4494 di-

1730 4542 1945 4599 miserit
1984 4556 2211 4598 uxorem
2250 4554 2423 4607 suam,
2458 4540 2549 4594 det
2591 4538 2637 4594 ei
2671 4536 2913 4591 libellum
2943 4532 3176 4603 repudii.
3210 4532 3325 4603 Ego

1730 4644 1907 4691 autem
1937 4634 2059 4690 dico
2090 4632 2241 4687 vobis
2274 4649 2288 4685 :
2316 4631 2454 4699 Quia
2475 4630 2676 4696 omnis,
2702 4628 2791 4698 qui
2812 4624 3078 4682 dimiserit
3097 4638 3325 4681 uxorem

1732 4746 1908 4796 suam,
1950 4736 2176 4798 excepta
2221 4723 2595 4781 fornicationis
2636 4737 2826 4789 causa,
2872 4719 2997 4775 facit
3037 4732 3157 4773 eam
3191 4731 3329 4774 mm-

1733 4821 1884 4877 chari
1925 4838 1938 4874 :
1982 4831 2034 4875 et
2072 4819 2163 4890 qui
2204 4818 2481 4873 dimissam
2523 4814 2759 4877 duxerit,
2801 4812 3090 4868 adulterat.
3120 4809 3327 4867 Iterum

1734 4912 1960 4969 audistis
1997 4912 2120 4981 quia
2158 4909 2359 4965 dictum
2398 4916 2478 4964 est
2506 4906 2745 4977 antiquis
2777 4924 2789 4959 :
2822 4905 2940 4960 Non
2972 4902 3278 4974 perjurabis
3311 4920 3326 4958 :

1734 5006 1930 5062 reddes
1951 5014 2132 5060 autem
2156 5004 2384 5057 Domino
2403 5001 2709 5072 juramenta
2737 5007 2846 5052 tua.
2873 4996 2986 5067 Ego
3006 5004 3185 5050 autem
3208 4994 3332 5050 dico

1738 5098 1914 5165 vobis,
1946 5112 2051 5153 non
2088 5095 2277 5166 jurare
2299 5094 2545 5159 omnino,
2584 5105 2760 5161 neque
2804 5102 2904 5159 per
2941 5086 3163 5151 cmlum,
3205 5084 3333 5154 quia

21 5189 132 5243 ξιιιὶ
160 5197 294 5245 sunt
321 5188 642 5261 prophetas,
673 5190 764 5259 qui
793 5188 1016 5246 fuerunt
1040 5198 1164 5247 ante
1193 5206 1309 5249 vos.
1345 5190 1518 5264 [xxxr,
1546 5192 1626 5265 2.]
1737 5192 1964 5248 thronus
1996 5190 2090 5245 Dei
2121 5198 2205 5244 est
2231 5204 2245 5241 :
2278 5202 2455 5259 neque
2485 5200 2582 5257 per
2612 5195 2836 5251 terram,
2867 5183 2990 5253 quia
3033 5177 3333 5236 scabellutn

1819 5368 1843 5407 ἀ
1878 5368 2003 5424 Haec
2030 5365 2097 5421 de
2124 5365 2335 5420 mitium
2362 5362 2697 5418 beatitudine
2728 5362 2982 5431 pericope
3007 5358 3188 5431 alteri,
3215 5372 3338 5430 quae

1747 5442 1815 5497 de
1839 5437 2136 5501 lugentium
2166 5448 2270 5500 est,
2301 5436 2352 5488 in
2384 5433 2575 5490 Graeco
2601 5430 2895 5501 exemplari
2920 5430 3299 5501 ’posthabetur.

1822 5521 1844 5549 ο
1872 5500 2270 5586 Unuslieginm
2293 5520 2417 5586 ms._,
2442 5520 2567 5586 reus_
2582 5515 2657 5558 est
2676 5500 2905 5586 judicio,
2928 5500 3057 5586 Mox
3087 5500 3179 5557 ubi
3206 5502 3343 5586 dici-

1747 5592 1853 5649 tur,
1902 5581 2088 5646 omm’s,
2127 5573 2219 5650 qui
2256 5578 2497 5631 irascitur
2540 5573 2690 5647 fratri
2726 5591 2842 5641 suo,
2877 5573 3118 5630 additum
3154 5581 3240 5630 est
3280 5573 3337 5633 in

1745 5653 1934 5710 Grzeco
1968 5654 2094 5716 εἰκῆ,
2125 5652 2236 5705 sine
2263 5665 2444 5704 causa.

1820 5722 1837 5762 ί
1869 5722 2019 5779 Alias
2047 5720 2177 5790 offer
2204 5738 2223 5780 :
2253 5736 2381 5781 cum
2406 5720 2597 5779 Graeco
2624 5718 2899 5795 πρόσφερε.

98 5378 121 5406 ⁸
170 5372 351 5437 Alias,
379 5371 587 5425 veniens
627 5369 910 5434 habitavit,
954 5369 1200 5436 pressius
1242 5372 1457 5437 Graaco,
1491 5371 1641 5429 ξλθών

22 5448 473 5515 ξτῴκησενωιε.
493 5442 658 5515 Paulo
680 5454 895 5515 quoque
924 5447 1063 5507 post,
1084 5458 1171 5511 per
1191 5440 1387 5497 Isaiam
1411 5444 1637 5513 prophe-

22 5518 65 5553 ξ
88 5510 145 5589 m'
175 5519 458 5589 dicentem,
491 5522 598 5567 etc.
631 5510 713 5589 duit
737 5511 943 5566 Ἠσαίου
974 5518 1067 5566 τοῦ
1086 5510 1357 5589 προφήτου
1385 5510 1636 5588 λέγοῶτος.

102 5584 126 5620 δ
157 5587 331 5640 Addit
360 5585 585 5640 Graecus
613 5584 794 5646 αὐτῶν,
828 5590 974 5651 patre
997 5584 1194 5638 eorum.

106 5665 127 5691 ε
158 5654 372 5712 Nomen
398 5653 555 5709 Iesus
586 5654 669 5707 hic
698 5654 801 5707 loci
833 5668 1011 5721 neque
1040 5657 1208 5714 nostri
1243 5673 1374 5717 mss.
1412 5656 1635 5725 habent,

22 5732 208 5795 mune
239 5726 468 5785 Graecus
501 5726 621 5796 ipse
654 5731 850 5782 textus.
