3920 6200
638 242 743 298 sit
1637 235 1696 293 s.
1738 229 2118 294 HIERONYMI
2159 227 2392 289 unum
2433 226 2908 287 memorares.
3589 209 3600 218 ’
3804 233 3871 292 tu

639 367 725 414 est
758 355 953 426 pedum
979 353 1097 424 ejus
1132 367 1146 406 :
1177 363 1350 420 neque
1379 363 1480 421 per
1501 348 1922 422 Jerosolymom,
1953 347 2075 419 quia
2103 343 2237 401 civi-
2264 346 2314 406 A
2341 343 2432 402 Sic
2460 359 2588 414 ergo
2613 359 2711 397 vos
2741 343 2998 398 orabitis:
3035 343 3191 398 Pater
3217 351 3425 411 noster,
3459 344 3548 415 qui
3567 357 3627 400 es
3653 346 3704 401 in
3733 351 3872 404 «Νῆα

639 460 720 506 tas
749 459 833 504 est
859 445 1035 518 magni
1060 444 1203 515 regis
1229 462 1241 496 :
1271 455 1447 514 neque
1471 455 1566 512 per
1589 451 1748 510 caput
1771 437 2229 510 tuttmjuraveris,
2336 439 2704 494 sanetilicetur
2735 453 2932 492 nomen
2966 447 3136 491 tuum.
3167 447 3189 473 ο
3219 436 3482 491 Adveniat
3515 453 3725 509 regnum
3753 453 3874 496 tuum.

637 545 764 614 quia
795 555 899 596 non
930 548 1083 610 potes
1115 552 1280 591 unum
1312 536 1565 605 capillum
1594 534 1778 591 album
1805 534 2008 597 facere,
2032 539 2124 587 aut
2153 531 2234 585 ni-
2336 529 2456 586 Fiat
2485 531 2736 585 voluntas
2779 538 2888 594 tua,
2922 530 3060 585 sicut
3103 529 3158 584 in
3184 529 3344 599 caelo,
3377 542 3427 585 et
3461 531 3514 585 in
3546 543 3700 591 terra.
3729 535 3876 592 i‘auctu

634 651 808 708 grum.
843 633 924 690 Sit
951 640 1131 688 autem
1159 645 1342 686 sermo
1374 639 1577 698 vester,
1611 638 1715 697 est,
1749 639 1831 684 est
1864 645 1878 682 :
1913 641 2047 692 non,
2082 638 2228 680 non:
2336 634 2586 678 nostrum
2632 623 3214 690 supersubstantialetn
3245 621 3312 676 da
3342 622 3498 677 nobis
3529 623 3703 680 hodie.
3744 628 3799 681 lit
3820 630 3876 683 di-

629 726 770 799 quod
799 733 977 780 autem
1004 722 1090 778 his
1113 721 1482 778 abundantius
1507 729 1613 786 est,
1638 736 1666 774 n
1691 721 1834 776 male
1856 725 1960 776 est.
1987 717 2232 773 Audistis
2335 716 2491 771 mitte
2519 716 2676 770 nobis
2700 714 2880 770 debita
2907 721 3114 780 nostra,
3140 714 3281 769 sicut
3305 722 3358 768 ct
3381 729 3479 769 nos
3496 715 3792 772 dimittimus
3809 720 3873 775 de-

630 821 755 891 qnia
795 818 1001 874 dictum
1037 827 1115 874 est
1155 816 1423 872 :Oculum
1457 831 1555 885 pro
1584 815 1764 880 oculo,
1795 821 1851 869 et
1879 811 2101 868 dentem
2135 825 2231 881 pro
2334 806 2600 863 bitorihus
2632 808 2854 862 nostris.
2886 807 2953 862 Et
2983 822 3050 863 ne
3082 821 3180 863 nos
3210 806 3438 862 inducas
3478 808 3528 862 in
3559 812 3879 868 testationem.

626 912 812 968 dente.
859 911 971 981 Ego
1007 923 1191 967 autem
1233 909 1355 966 dico
1394 909 1567 975 vobis,
1611 921 1720 964 non
1763 908 2024 962 resistere
2067 905 2228 972 malo,
2335 903 2443 959 Sed
2469 904 2635 958 libera
2677 916 2776 958 nos
2803 918 2830 955 tt
2863 903 3025 957 malo.
3060 905 3253 957 Amen.
3286 900 3459 973 μων,
3484 901 3558 974 6.]
3593 902 3645 959 Si
3667 906 3800 960 enim
3821 907 3882 961 di-

628 1003 878 1079 [xxxvttn
912 1003 993 1074 5.]
1024 1003 1118 1059 sed
1159 1003 1203 1057 si
1249 1001 1372 1073 quis
1412 1011 1465 1056 te
1510 998 1835 1068 percusserit
1866 997 1918 1052 in
1949 997 2230 1053 dexteram
2337 997 2596 1052 miseritis
2631 995 2943 1052 hominibus
2972 1004 3200 1065 peccata
3238 1009 3429 1050 eorum
3457 1012 3469 1047 :
3499 995 3718 1054 dimittet
3739 1009 3789 1055 et
3810 1017 3883 1054 vo-

625 1099 900 1154 maxillam
933 1106 1104 1164 tuam,
1130 1096 1310 1165 prarbe
1343 1094 1420 1149 illi
1451 1103 1506 1149 et
1527 1094 1757 1148 alteram
1788 1100 1800 1145 :'
1835 1092 1979 1154 etei.
2006 1088 2232 1161 quivult
2339 1090 2421 1146 bis
2463 1099 2617 1161 pater
2645 1100 2830 1146 vester
2858 1091 3098 1146 emlestis
3132 1092 3148 1130 ι
3188 1090 3382 1146 delicta
3413 1103 3601 1147 vestra.
3637 1093 3694 1149 Si
3733 1106 3882 1152 autem

626 1201 802 1249 tecum
840 1188 1045 1262 judicio
1080 1189 1435 1253 contendere,
1472 1193 1527 1244 et
1568 1185 1806 1242 tunicam
1836 1195 1980 1240 tuum
2011 1183 2226 1252 tollere,
2335 1199 2442 1240 non
2489 1184 2805 1240 dimiseritis
2835 1184 3164 1251 hominibus,
3208 1198 3308 1240 nec
3351 1193 3508 1256 pater
3536 1196 3701 1243 vester
3726 1189 3878 1244 dimit-

625 1285 842 1343 dimitte
869 1287 917 1342 ei
963 1293 1018 1341 et
1054 1284 1293 1356 pallium,
1329 1283 1546 1355 [xxxtx,
1579 1279 1695 1353 l0.]
1733 1291 1787 1338 et
1815 1281 2139 1351 quicumque
2177 1286 2232 1332 te
2336 1285 2413 1334 tet
2437 1277 2592 1334 vobis
2628 1288 2846 1348 peccata
2878 1286 3083 1334 vestra.

627 1375 990 1450 angariaverit
1022 1377 1169 1434 mille
1198 1389 1412 1448 passus,
1444 1373 1726 1432 vadosum
1757 1372 1852 1428 illo
1879 1379 1933 1428 et
1959 1371 2066 1426 alia
2096 1369 2226 1426 duo.
2407 1369 2556 1443 [va,
2590 1368 2704 1440 10.}
2730 1369 2864 1426 Cum
2895 1379 3076 1426 autem
3105 1369 3368 1440 ieiunatis
3389 1409 3405 1438 ,
3430 1370 3600 1428 nolite
3639 1372 3740 1428 ﬁeri
3767 1373 3878 1428 sicut

622 1471 726 1540 Qui
772 1471 904 1542 petit
942 1487 972 1525 a
1017 1478 1089 1538 te,
1133 1472 1199 1524 da
1244 1469 1294 1525 ei
1340 1485 1353 1522 :
1392 1478 1446 1523 et
1492 1466 1695 1523 volenti
1732 1464 2023 1520 mutuaris
2055 1471 2128 1525 te,
2161 1477 2230 1518 ne
2333 1462 2630 1533 hypocrita:
2664 1464 2879 1519 tristes.
2912 1464 3289 1518 Exterminant
3320 1463 3468 1520 enim
3496 1465 3648 1519 iacies
3674 1479 3802 1532 snas,
3835 1477 3880 1519 ut

622 1566 910 1623 avertaris.
956 1563 1202 1620 Audisﬁs
1242 1565 1364 1635 quia
1405 1562 1608 1619 dictum
1638 1569 1724 1617 est
1755 1579 1767 1617 :
1803 1560 2008 1630 Diliges
2040 1558 2216 1629 proxi-
2330 1560 2633 1622 appareant
2669 1553 2980 1609 hominibus
3019 1554 3352 1625 jejunantes.
3386 1553 3554 1612 Amen
3579 1557 3689 1612 dico
3730 1558 3879 1619 vobis,

623 1671 770 1716 mum
802 1667 976 1726 tuttm,
1001 1656 1234 1714 δι’(ιάἰο
1257 1656 1483 1712 habebis
1505 1654 1781 1710 inimicum
1805 1658 1978 1708 tuum.
2007 1652 2119 1724 [ιι.
2145 1647 2225 1719 5.]
2329 1646 2453 1716 quia
2505 1655 2827 1717 receperunt
2885 1647 3190 1703 mercedem
3238 1661 3414 1703 suam.
3447 1648 3524 1704 'l‘tt
3550 1660 3718 1704 autem
3738 1690 3752 1714 ,
3777 1665 3876 1704 cunt

628 1751 742 1820 Ego
766 1758 944 1804 autem
967 1747 1089 1803 dico
1110 1746 1264 1801 vobis
1292 1762 1307 1800 :
1330 1745 1538 1816 diligite
1560 1745 1810 1800 inimicos
1831 1752 2062 1807 vestros,
2082 1739 2223 1796 hbe-
2257 1733 2300 1796 Β
2325 1739 2562 1809 jejunas,
2590 1755 2728 1810 unge
2755 1749 2918 1811 caput
2963 1750 3112 1796 tuum
3139 1784 3152 1806 ,
3183 1752 3238 1796 et
3277 1741 3474 1797 tacitam
3517 1751 3654 1797 tuam
3675 1742 3802 1809 lava,
3828 1759 3879 1798 ne.

625 1841 856 1898 nefscite
894 1840 1000 1909 his,
1042 1839 1135 1911 qni
1171 1839 1403 1895 oderunt
1437 1853 1534 1893 vos
1576 1854 1589 1891 ε
1634 1843 1689 1892 et
1717 1845 1870 1892 orate
1903 1849 2003 1902 pro
2033 1847 2220 1904 perse-
2331 1832 2571 1888 videaris
2615 1831 2925 1888 hominibus
2965 1832 3250 1904 jejunans,
3277 1834 3375 1889 sed
3402 1835 3542 1904 patri
3581 1844 3683 1898 tuo,
3715 1837 3794 1904 qui
3816 1844 3877 1888 cst

624 1934 940 2007 quentibus,
970 1941 1024 1989 et
1054 1930 1509 1989 calumniantibus
1536 1942 1631 1984 vos
1666 1947 1678 1983 :
1715 1935 1774 1983 ut
1795 1925 1913 1982 sitis
1937 1925 2031 1981 lilii
2056 1925 2226 1995 patris
2327 1925 2380 1980 in
2402 1925 2724 1981 abscondito
2748 1942 2763 1982 :
2785 1935 2840 1981 et
2863 1935 3016 1994 pater
3046 1935 3188 1993 tuus,
3213 1928 3303 1998 qui
3334 1927 3485 1984 videt
3509 1928 3559 1984 in
3587 1928 3876 1991 abscondiut,

623 2029 812 2097 vestri,
847 2028 936 2098 qui
978 2026 1032 2082 in
1075 2025 1229 2083 curiis
1262 2029 1345 2082 est
1378 2042 1390 2078 :
1424 2024 1519 2095 qui
1549 2023 1724 2078 solem
1748 2033 1908 2076 suum
1933 2018 2068 2075 oriri
2099 2017 2225 2072 facit
2326 2015 2518 2072 reddet
2565 2018 2684 2073 tibi.
2731 2017 2909 2074 Nolite
2942 2019 3312 2077 thesaurizare
3350 2021 3513 2076 vobis
3555 2022 3808 2078 thesauros
3835 2023 3873 2074 in

621 2133 788 2194 super
816 2121 992 2178 bonos
1031 2128 1083 2176 et
1112 2118 1287 2175 malos
1319 2135 1332 2172 :
1365 2125 1420 2174 et
1445 2115 1583 2189 pluit
1611 2129 1772 2186 super
1793 2114 1972 2184 iustos
1998 2120 2054 2169 et
2079 2112 2220 2182 inju-
2326 2117 2474 2164 terra
2510 2126 2522 2162 :
2555 2109 2644 2164 ubi
2688 2124 2894 2180 aerugo,
2927 2119 2986 2166 et
3007 2109 3156 2166 tinea
3182 2111 3516 2168 demolitur:
3564 2122 3618 2170 et
3646 2112 3728 2169 ubi
3760 2112 3878 2168 iures

623 2223 758 2271 stos.
789 2216 922 2287 lim,
954 2212 1034 2283 5.]
1064 2211 1122 2269 Si
1161 2211 1309 2268 enim
1340 2209 1564 2282 diligitis
1595 2223 1692 2266 eos
1718 2209 1811 2280 qui
1841 2217 1939 2263 vos
1967 2205 2218 2276 diligunt,
2324 2200 2612 2266 effodiunt,
2643 2209 2697 2256 et
2734 2200 2996 2256 furantur.
3037 2201 3201 2274 [sum
3225 2202 3306 2273 5.]
3334 2203 3714 2261 Tltesaurizate
3733 2211 3874 2259 autem

619 2321 778 2378 quant
829 2305 1133 2362 mercedem
1176 2303 1481 2360 habebitis?
1516 2315 1699 2358 nonne
1730 2309 1786 2357 et
1816 2298 2090 2370 publicani
2118 2299 2221 2354 hoc
2324 2293 2478 2348 vobis
2508 2293 2793 2350 thesauros
2824 2295 2876 2349 in
2917 2295 3060 2352 coelo
3096 2314 3109 2351 :
3141 2296 3230 2352 ubi
3279 2312 3460 2368 neque
3500 2313 3695 2369 aerugo,
3739 2314 3876 2367 neque

620 2397 864 2454 faciunt?
910 2399 973 2453 Et
1015 2397 1061 2452 si
1107 2395 1479 2453 salutaveritis
1519 2393 1716 2449 fratres
1745 2400 1958 2448 vestros
1986 2398 2217 2454 tantum,
2325 2385 2471 2440 tinea
2500 2383 2824 2453 demolitur,
2854 2400 2910 2442 et
2935 2387 3024 2443 ubi
3057 2390 3204 2444 iures
3238 2403 3345 2444 non
3393 2388 3676 2460 caedium,
3708 2405 3794 2445 nec
3817 2391 3874 2443 lu-

2322 2488 2534 2533 rantur.
2570 2478 2672 2535 Ubi
2710 2480 2854 2534 enim
2888 2489 2974 2535 est
3015 2479 3306 2536 thesaurus
3343 2491 3496 2552 tuus,
3528 2483 3598 2540 ibi
3626 2495 3704 2540 est
3737 2491 3786 2540 et
3804 2498 3873 2538 cor

2321 2578 2496 2625 tuum.
2536 2569 2734 2642 [xnvtn
2767 2570 2847 2642 5.]
2876 2571 3122 2628 Lucerna
3157 2574 3404 2644 corporis
3435 2585 3463 2622 ς
3505 2575 3583 2630 tui
3627 2582 3704 2631 est
3725 2575 3874 2631 oculus

2320 2670 2462 2718 tuus.
2500 2662 2560 2719 Si
2589 2663 2780 2718 oculus
2809 2671 2932 2719 tuus
2977 2664 3138 2721 tuerit
3178 2666 3410 2735 simplex
3445 2682 3466 2723 ;
3514 2675 3684 2724 totum
3718 2681 3877 2736 corpus

682 2767 837 2842 [Cap.
869 2763 952 2822 Vl.
987 2781 1120 2830 χιιι,
1146 2761 1260 2836 l0.]
1286 2763 1563 2820 Attendite
1584 2776 1652 2818 ne
1675 2758 1948 2832 justitiam
1975 2768 2212 2815 vestram
2319 2765 2470 2811 tuum
2503 2756 2739 2812 lucidum
2768 2759 2892 2814 erit.
2927 2758 2985 2815 Si
3024 2768 3205 2815 autem
3248 2761 3445 2816 oculos
3478 2768 3600 2818 tuus
3627 2762 3776 2818 luerit
3806 2776 3877 2816 tte-

611 2860 828 2918 faciatis
850 2874 1035 2916 coram
1063 2857 1396 2927 hominibus,
1431 2865 1489 2911 ut
1515 2854 1805 2911 videamini
1835 2851 2214 2908 abeis:aiio-
2316 2863 2478 2919 quam
2532 2864 2546 2903 :
2597 2855 2767 2904 totum
2812 2864 3014 2922 corpus
3070 2862 3223 2908 tuum
3275 2853 3630 2911 tenebrosum
3677 2855 3798 2911 erit.
3834 2855 3877 2909 Si

611 2955 743 3026 quin
775 2949 1218 3022 mercedemmon
1245 2948 1510 3006 habebitis
1539 2945 1682 3018 apud
1706 2953 1918 3018 patrem
1943 2953 2210 3010 vestrum,
2315 2956 2450 3013 ergo
2475 2941 2681 3010 lumen,
2710 2943 2858 3014 quod
2888 2945 2944 2998 iu
2984 2953 3038 3001 te
3062 2955 3168 3011 est,
3202 2945 3447 3002 tenebrae
3476 2957 3608 3004 sunt
3638 2951 3791 3018 :ipsie
3813 2956 3876 3003 te-

609 3046 702 3117 qui
735 3046 790 3099 in
829 3044 984 3101 cmlis
1011 3051 1114 3098 est.
1149 3041 1284 3097 Cum
1310 3054 1442 3110 ergo
1463 3037 1597 3096 locis
1626 3039 2062 3108 eleemosyoam,
2097 3033 2213 3089 noli
2316 3035 2500 3091 nebrzn
2526 3046 2742 3106 quantae
2767 3037 2960 3093 erunt?
2985 3040 3202 3112 μυῖαι,
3229 3038 3312 3110 5.]
3354 3040 3531 3097 Nemo
3560 3051 3734 3111 potest
3772 3041 3877 3095 duo-

611 3135 739 3190 tuba
771 3149 968 3190 canere
991 3141 1116 3189 ante
1149 3144 1223 3200 te,
1257 3133 1402 3187 sicut
1426 3131 1728 3203 hypocrita
1743 3129 1952 3185 faciunt
1973 3129 2027 3182 in
2048 3140 2209 3199 syua-
2232 3120 2280 3186 C
2312 3127 2416 3184 bus
2445 3129 2684 3184 dominis
2711 3131 2921 3188 servire
2955 3149 2966 3184 :
3013 3143 3108 3188 aut
3133 3134 3278 3190 enim
3318 3149 3490 3190 unum
3518 3135 3645 3192 odio
3670 3136 3872 3198 habebit,

609 3227 798 3298 gogis,
847 3232 903 3281 et
943 3224 997 3279 in
1026 3223 1184 3291 vicis,
1217 3233 1275 3278 ut
1309 3223 1744 3279 honoriﬁcentur
1767 3221 1839 3278 ab
1871 3217 2204 3276 hominibus.
2310 3228 2368 3276 et
2394 3221 2621 3276 alterum
2647 3222 2838 3294 diliget
2869 3239 2883 3282 :
2915 3231 3007 3279 aut
3042 3240 3208 3281 unum
3239 3227 3560 3298 sustinebit,
3592 3239 3648 3285 et
3682 3228 3873 3284 alterum

609 3319 783 3374 Amen
833 3317 959 3372 dico
987 3317 1162 3384 vobis,
1219 3325 1542 3385 receperunt
1590 3315 1900 3372 mercedem
1924 3326 2100 3368 suam.
2131 3312 2207 3367 Te
2309 3322 2640 3370 contemnet.
2671 3313 2791 3370 Non
2821 3316 3048 3386 potestis
3090 3317 3207 3374 Deo
3241 3321 3461 3376 servire
3489 3333 3545 3377 et
3572 3321 3860 3378 [damnosa

618 2492 745 2563 quid
789 2490 1019 2561 amplius
1061 2487 1281 2545 facitis?
1319 2502 1499 2544 nonne
1529 2494 1584 2544 et
1607 2485 1816 2543 ethnici
1845 2482 1950 2540 hoc
1983 2481 2220 2538 iaciunt?

616 2581 805 2640 Estote
831 2597 960 2654 ergo
986 2595 1084 2637 vos
1113 2578 1380 2652 perfecti,
1409 2579 1551 2635 sicut
1580 2587 1635 2634 et
1662 2586 1822 2648 pater
1850 2585 2033 2633 vester
2055 2574 2219 2632 etule-

615 2675 715 2731 stis
746 2673 1019 2746 perfcctns
1048 2683 1151 2729 est.

607 3417 791 3466 autem
838 3408 1072 3466 faciente
1111 3409 1516 3476 eleemosyuam
1541 3449 1556 3474 ,
1598 3409 1807 3465 neseiat
1854 3407 2074 3463 sinistra
2116 3415 2203 3462 tua

605 3499 736 3574 quid
789 3500 949 3559 iaciat
983 3499 1208 3558 dextera
1247 3509 1335 3556 tua
1369 3515 1383 3554 :
1415 3500 1566 3556 utsit
1604 3500 1950 3572 eleentosyna
1981 3509 2072 3554 tua
2098 3499 2154 3554 in
2179 3508 2201 3541 ο

603 3594 926 3653 abscondito
949 3637 965 3665 ,
992 3601 1048 3652 et
1076 3603 1232 3665 pater
1261 3600 1388 3649 tuus
1413 3635 1429 3662 ,
1456 3594 1548 3664 qui
1581 3593 1729 3650 videt
1757 3592 1812 3648 itt
1850 3593 2200 3658 abscondito,

602 3689 792 3747 reddet
835 3690 953 3745 tibi.
1007 3689 1076 3745 Et
1119 3701 1246 3744 cum
1281 3687 1473 3752 oratis,
1507 3700 1616 3741 non
1658 3686 1813 3742 eritis
1856 3685 1997 3741 sicut
2023 3682 2200 3756 hypo-

602 3784 784 3852 critie,
817 3783 906 3852 qui
936 3789 1118 3836 amant
1147 3781 1200 3836 in
1230 3779 1521 3852 synagogis
1551 3789 1606 3834 et
1634 3778 1687 3833 in
1736 3779 1949 3849 angulis
1992 3777 2201 3847 platea-

601 3888 719 3930 rum
771 3881 980 3930 stantes
1033 3888 1224 3944 orare,
1270 3880 1329 3928 ut
1385 3871 1673 3928 videantur
1722 3869 1792 3925 ab
1839 3869 2196 3926 hominibus:

601 3977 758 4024 "amen
797 3967 920 4024 dico
960 3968 1147 4037 vobis,
1188 3974 1519 4038 receperunt
1561 3966 1868 4023 mercedem
1906 3980 2081 4023 suam.
2117 3965 2197 4022 Tu

601 4067 786 4116 autem
822 4073 945 4114 cum
990 4061 1266 4123 oraveris,
1299 4059 1442 4116 intra
1482 4061 1536 4117 in
1567 4059 1876 4116 cubiculum
1923 4068 2108 4127 tuum,
2143 4067 2200 4115 et

2309 3406 2476 3479 [xum
2525 3405 2604 3476 5.]
2653 3407 2779 3464 ideo
2805 3407 2927 3465 dico
2955 3410 3130 3474 vobis,
3174 3426 3242 3467 ne
3281 3412 3516 3470 solliciti
3554 3415 3672 3470 sitis
3712 3415 3872 3470 anima

2304 3509 2506 3556 vestrae
2550 3498 2684 3570 quid
2737 3500 3076 3558 manducetis
3119 3500 3174 3570 δ,
3231 3518 3406 3576 neque
3457 3509 3678 3578 corpori
3721 3515 3873 3563 vestro

2304 3593 2434 3665 quid
2475 3593 2799 3650 induamini.
2847 3595 3042 3653 Nonne
3082 3597 3262 3653 anima
3293 3598 3415 3667 plus
3439 3608 3528 3656 est
3553 3613 3710 3672 quam
3737 3613 3870 3656 esca:

2304 3695 2360 3742 et
2404 3701 2602 3757 corpus
2641 3687 2762 3758 plus
2789 3703 2950 3758 quam
2977 3690 3410 3746 vestimentum?
3455 3692 3728 3764 Respieite
3752 3690 3869 3746 vola-

2306 3777 2421 3832 tilia
2468 3779 2615 3846 emli,
2659 3781 2916 3851 quoniam
2941 3797 3052 3837 non
3077 3791 3300 3846 serunt.
3330 3799 3514 3856 neque
3555 3793 3777 3854 metunt,
3799 3795 3868 3837 ne-

2301 3886 2410 3942 que
2445 3881 2777 3944 congregant
2829 3873 2886 3928 in
2916 3873 3108 3930 horrea
3143 3893 3154 3928 :
3187 3883 3243 3930 et
3269 3884 3426 3945 pater
3460 3887 3646 3934 vester
3667 3875 3869 3932 caelestis

2300 3965 2482 4035 pascit
2524 3965 2636 4021 illa.
2670 3964 2863 4022 Nonne
2893 3981 2988 4022 vos
3031 3966 3203 4038 magis
3234 3967 3405 4038 pluris
3440 3969 3578 4026 estis
3603 3966 3867 4034 illisiouis

2299 4068 2478 4116 autem
2511 4069 2749 4115 vestrum
2781 4059 3026 4132 cogitans
3055 4070 3235 4132 potest
3264 4061 3514 4133 adjicere
3541 4064 3609 4120 ad
3641 4072 3864 4119 statura

2296 4166 2456 4208 suam
2481 4153 2729 4210 cubitum
2755 4169 2920 4209 unum
2943 4155 2967 4209 ?
2991 4154 3063 4212 Et
3084 4155 3154 4211 de
3174 4160 3511 4214 vestimento
3533 4157 3656 4230 quid
3677 4154 3864 4213 solliciti

2295 4245 2474 4301 estis?
2498 4243 2857 4302 Considerate
2887 4245 2995 4303 lilia
3026 4248 3142 4318 agri
3167 4248 3446 4318 quomodo
3469 4259 3751 4307 crescunt:
3777 4261 3862 4300 nou

596 4150 786 4208 clauso
829 4152 972 4208 ostio
1006 4149 1057 4220 α,
1089 4165 1184 4207 ora
1232 4161 1442 4222 patrem
1475 4160 1628 4208 tuum
1668 4152 1722 4208 in
1751 4150 2072 4207 abscondito
2101 4169 2115 4205 ς
2142 4161 2200 4208 et

597 4255 755 4317 pater
793 4255 945 4313 tuus,
987 4245 1077 4316 qui
1125 4243 1275 4301 videt
1327 4245 1382 4300 in
1430 4243 1782 4312 abscondito,
1830 4243 2024 4300 reddet
2075 4243 2196 4300 tibi.

597 4342 772 4416 [sum
810 4339 890 4415 5.]
918 4341 1150 4399 Orantes
1177 4348 1380 4414 autem,
1407 4341 1573 4397 nolite
1601 4340 1828 4395 multum
1859 4339 2028 4410 loqui,
2055 4339 2197 4396 sicut
2296 4337 2544 4394 laborant
2575 4379 2591 4406 ,
2624 4355 2800 4409 neque
2861 4349 3012 4396 nent.
3050 4341 3184 4397 Dico
3214 4351 3400 4397 autem
3431 4343 3613 4411 vobis,
3639 4339 3858 4412 quoniam

594 4434 818 4491 ethnici.
855 4433 1052 4490 Putant
1077 4433 1222 4490 enim
1245 4432 1389 4504 quod
1430 4432 1484 4488 in
1527 4429 1868 4502 multiloquio
1891 4445 1992 4487 suo
2021 4443 2192 4486 exau-
2223 4505 2247 4508 _
2296 4446 2399 4488 nec
2433 4432 2688 4489 Salomon
2720 4433 2771 4488 in
2802 4433 2945 4488 omni
2975 4434 3154 4504 gloria
3175 4449 3272 4492 sua
3307 4448 3612 4508 coopertus
3640 4447 3718 4493 est
3746 4436 3862 4490 sicut

591 4526 828 4583 diantur.
861 4526 1036 4583 Nolite
1072 4541 1204 4598 ergo
1231 4527 1518 4582 assimilari
1555 4527 1656 4582 eis.
1688 4526 1800 4582 Scit
1843 4526 1988 4581 enim
2037 4535 2190 4596 pater
2216 4505 2269 4570 Ῑ)
2296 4541 2458 4582 unum
2490 4526 2716 4582 existis.
2747 4529 2803 4582 Si
2833 4537 3013 4583 autem
3045 4527 3226 4584 fenum
3251 4531 3389 4601 agri,
3417 4505 3565 4602 quod
3593 4528 3746 4585 hodie
3773 4533 3858 4588 est.

591 4631 797 4693 vester,
846 4621 972 4695 quid
1004 4635 1143 4693 opus
1185 4622 1256 4677 sit
1283 4620 1460 4686 vobis,
1493 4625 1779 4690 antequam
1804 4619 2000 4690 petatis
2039 4633 2187 4675 eum.
2294 4630 2348 4675 et
2369 4634 2492 4676 cras
2520 4619 2573 4674 in
2603 4621 2876 4678 clibanum
2906 4623 3159 4693 mittitur,
3181 4623 3326 4680 Deus
3352 4625 3436 4682 sic
3463 4623 3657 4682 vestit:
3680 4629 3861 4694 quanto

661 4778 688 4806 ι
717 4766 840 4824 Puri
861 4779 1128 4821 consensu
1157 4771 1264 4819 tres
1287 4773 1423 4831 quos
1443 4756 1782 4813 laudavimus
1805 4753 2182 4822 mss.,etodies
2291 4837 2301 4840 _
2329 4765 2386 4840 μ’
2415 4755 2528 4811 Duo
2555 4756 2936 4840 Reginmlmss.
2980 4762 3148 4840 ueniat
3182 4761 3316 4832 :qni
3347 4770 3400 4818 et
3431 4765 3485 4819 in
3518 4756 3855 4840 hujus_Domi-

589 4839 857 4895 inimicum
884 4849 1048 4892 tuum.
1304 4828 1320 4831 ’
1566 4901 1593 4902 η
1872 4900 1880 4902 _
2288 4828 2424 4902 nica;
2472 4828 2737 4902 orationis
2785 4831 2926 4896 line,
2969 4837 3128 4888 Amen
3173 4828 3618 4902 prietermittunt'.
3660 4831 3854 4889 Griecus

659 4907 687 4950 δ
719 4910 848 4965 Plus
877 4907 1042 4963 habet
1074 4906 1298 4963 Grmeus
1320 4909 1500 4974 textus
1527 4901 1775 4972 εὐλογεῖτε
1801 4900 1922 4960 τοὺς
1948 4917 2184 4974 καταρω-

2306 4897 2438 4974 tddit
2493 4899 2546 4953 in
2589 4901 2861 4974 plerisque
2913 4897 3324 4974 exemplaribus
3354 4923 3366 4958 :
3400 4905 3486 4962 ὅτι
3531 4914 3626 4964 σοῦ
3672 4903 3855 4960 inrui

590 4983 768 5055 μένους
793 4981 962 5052 ὑμᾶς,
991 4978 1271 5033 ὁεηράὲσὶιθ
1311 4969 1832 5055 maledicentesros'f
1866 4982 1976 5023 tum
2014 4969 2182 5055 autch

2306 4969 2520 5055 ᾆαᾳὼζει
2559 4975 2644 5052 mi
2681 4973 2712 5029 ἡ
2750 4971 2964 5045 δύναμις
2985 5015 3000 5040 ,
3037 4969 3123 5031 ait
3163 4979 3192 5036 ri
3239 4974 3358 5043 δόξα
3389 4981 3482 5055 -εἰς
3521 4978 3851 5055 τούς-,αἰῶναςο

584 5039 778 5111 ἓτοιιῖτί
803 5039 926 5114 ius;
948 5039 1234 5125 proauum;
1253 5093 1267 5118 ,
1297 5055 1434 5111 etc.,
1467 5041 1745 5114 bettcfacite
1774 5039 1890 5107 his,
1936 5040 2026 5111 qui
2061 5041 2182 5095 ode-

584 5136 706 5166 runl
727 5141 828 5166 rm,

2306 5043 2438 5166 ὶμίὲν.
2458 5041 2718 5106 Quoniam
2736 5039 3130 5118 luunt'reguum,
3147 5055 3191 5100 et
3206 5039 3439 5119 potentia
3460 5039 3514 5104 ίει
3530 5049 3695 5122 gloria
3717 5051 3760 5099 in
3781 5059 3852 5098 su:-

2306 5129 2349 5166 :u
2376 5131 2427 5166 a-
2462 5129 2633 5166 amen.

583 5136 706 5180 runt
727 5141 830 5179 vos.
2287 5127 2427 5179 cura,
2462 5129 2633 5166 amen.

661 5207 684 5235 ε
715 5195 812 5252 ilic
836 5204 996 5263 atque
1037 5189 1264 5247 inferius
1289 5188 1631 5263 continenter
1671 5183 1844 5239 nostri
1893 5195 2022 5238 mss.
2055 5181 2172 5237 τιθε-
2361 5183 2378 5222 ί
2402 5185 2519 5263 Non
2542 5184 2757 5239 additttr
2777 5186 2865 5241 hic
2893 5186 2944 5241 in
2971 5185 3164 5263 Graeco
3191 5189 3377 5243 delicta
3412 5199 3608 5256 vestra,
3635 5189 3727 5246 sed
3748 5197 3848 5242 mox

583 5283 762 5337 causa,
795 5281 892 5335 pro
912 5258 1220 5337 abscondito
1246 5260 1557 5332 praeferunt.
1588 5328 1600 5337 _
1686 5336 1690 5337 ί
1737 5328 1749 5337 ⁸
1835 5324 1869 5337 Α

2309 5258 2772 5337 θρριὶιιιιχρεεσιιια
2797 5274 2991 5337 eorum,
3011 5260 3082 5337 ⁸’τοὶ
3110 5265 3515 5337 ςπᾳρᾳπτῴμρςτα
3544 5266 3726 5337 οξῦτῶν,
3750 5264 3850 5333 post

652 5335 680 5376 δ
706 5324 927 5392 Addunt
948 5336 1116 5392 iidem
1144 5324 1278 5388 mss.
1318 5343 1430 5395 tuo,
1460 5328 1603 5399 quod
1645 5336 1700 5384 et
1737 5328 1790 5399 in
1830 5324 2020 5399 Grzeco
2051 5339 2177 5399 pro-

2306 5327 2467 5393 ‘et'ba,
2506 5324 2744 5399 siautem
2772 5345 2874 5382 non
2896 5324 3193 5399 dimiseritis'
3217 5324 3680 5389 hominibus.Tunt
3700 5324 3845 5388 nostri

580 5426 784 5466 nomen
809 5419 910 5464 est.
949 5407 1118 5463 Paulo
1148 5419 1366 5474 quoque
1402 5396 1670 5474 superius,
1703 5398 1798 5474 ubi
1825 5397 2025 5474 dicitur
2055 5396 2173 5474 red-
2275 5412 2488 5474 quoque
2527 5413 2656 5474 mss.
2688 5398 2843 5474 juxta
2875 5398 3146 5467 Graecum,
3181 5418 3489 5472 pronomen
3533 5405 3670 5461 vobis
3692 5445 3710 5472 ,
3747 5405 3847 5473 post

579 5484 670 5537 det
691 5481 802 5542 tibi,
837 5493 894 5534 ut
931 5489 993 5534 et
1025 5467 1181 5540 mox;
1220 5467 1384 5544 atque
1416 5467 1610 5544 iterum
1655 5470 1794 5526 inira
1818 5469 1953 5544 ,_ttbi
1980 5467 2170 5522 eadem
2275 5467 2504 5544 verbum
2529 5467 2769 5544 dimittet,
2803 5471 3068 5542 ignorant.

577 5537 870 5608 recurrunt
889 5549 1075 5615 verba,
1108 5537 1454 5603 continenter
1488 5542 1545 5616 in
1573 5542 1764 5616 Grmeo
1794 5537 2037 5616 additum
2061 5548 2166 5616 est,
2303 5609 2314 5616 _
2351 5549 2375 5586 ιι
2405 5539 2558 5608 Quod
2592 5540 2800 5616 terltoc
2823 5537 2980 5616 versu
3012 5545 3272 5614 repetitur
3297 5545 3370 5598 tui
3403 5561 3725 5616 pronomen,
3755 5551 3842 5598 ter-

579 5625 628 5696 s'a
662 5632 734 5695 τῷ
763 5629 956 5696 φανερῷ
982 5663 994 5680 .
1027 5608 1078 5696 in
1112 5617 1283 5696 palam
1305 5658 1319 5681 ,
1361 5614 1506 5696 quod
1535 5614 1670 5696 ethin
1691 5620 1877 5668 vetere
1905 5608 2171 5696 atttiquis-
2277 5609 2584 5696 tioLtan‘tunt
2618 5612 2792 5696 priore
2824 5611 3068 5669 habetur.

579 5683 719 5746 sinui
771 5678 1066 5746 'Verot'tetnti
1113 5678 1314 5744 codice
1367 5678 1787 5755 Evangeliorum
1833 5680 2164 5748 continetur,
2348 5678 2376 5720 ιι
2403 5678 2630 5737 Additur
2660 5683 2712 5738 in
2741 5683 2969 5752 Graeco,
2997 5696 3045 5739 ct
3073 5684 3194 5756 quid
3227 5686 3436 5753 bibatis,
3488 5694 3580 5748 καὶ
3619 5691 3668 5746 τε
3693 5689 3837 5744 πίητε.

579 5757 844 5818 Versione
881 5761 1094 5828 legitur.
