3920 6200
68 225 153 287 519
999 222 1455 285 EVANGELIUM
1493 220 1630 284 SEO]

1738 220 1867 282 Mlti
1907 218 2343 285 MATTIUEUM.

3217 235 3324 291 580

72 340 211 409 tnag's
236 353 345 405 vos,
366 349 393 378 ι
417 340 649 395 modica:
678 337 844 393 ﬁdei?
872 336 1050 393 Nolite
1075 352 1206 410 ergo
1234 340 1451 396 solliciti
1484 354 1628 403 esse,
1663 342 1701 397 A
1734 353 1895 407 quam
1927 340 2051 394 novi
2082 355 2175 394 vos
2203 357 2216 393 :
2249 340 2513 395 discedite
2532 358 2558 393 a
2584 357 2669 397 me
2696 344 2783 412 qui
2812 346 3109 413 cperantini
3135 348 3333 417 iniqui-

75 434 284 488 diccntcs
318 452 329 485 :
362 432 506 501 Quid
535 430 974 487 manducabimus
1000 471 1015 497 ,
1046 440 1139 486 aut
1168 432 1295 502 quid
1342 432 1589 486 bibemus
1611 469 1627 493 ,

76 539 153 583 aut
181 543 269 599 quo
311 526 657 599 operiemur?
693 526 810 581 haec
848 525 993 580 enim
1022 527 1206 581 omnia
1231 534 1427 596 gentes
1453 524 1632 594 inqui-

73 635 196 683 runt.
221 626 320 681 Scit
348 627 492 680 enim
523 634 680 693 pater
708 630 906 688 vester,
939 622 1065 692 quia
1097 619 1182 674 his
1214 619 1467 673 omnibus
1493 616 1632 671 indi-

71 720 201 791 getis.
230 720 459 785 Quaerite
492 733 629 787 ergo
670 717 902 788 primum
932 727 1157 785 regnum
1205 710 1337 778 Dei,
1378 718 1432 765 et
1471 708 1635 778 justi-

71 816 176 869 tiam
216 816 358 883 ejus:
394 820 451 868 et
488 810 606 866 hzcc
639 814 816 865 omnia
866 808 1193 879 adjicientur
1221 806 1398 861 vobis.
1452 804 1631 859 Nolito

68 921 176 976 ergo
201 903 408 960 solliciti
441 919 565 959 esse
596 903 649 957 in
672 904 992 957 crastinum.
1027 898 1307 955 Crastinus
1336 898 1482 952 enim
1509 895 1629 950 dies

68 996 301 1053 sollicitus
330 997 437 1053 erit
465 996 568 1051 sibi
602 995 721 1066 ipsi.
752 994 959 1050 Sufiieit
982 993 1087 1047 diei
1113 990 1313 1046 maliti
1342 1002 1461 1042 sua.

121 1090 258 1161 [ϐαρ.
305 1086 417 1143 VII.
449 1104 502 1154 ι,
531 1086 614 1157 2.]
662 1085 839 1141 Nolite
865 1084 1113 1155 judicare
1134 1124 1147 1148 ,
1191 1090 1248 1137 ut
1277 1096 1385 1135 non
1413 1078 1627 1150 judico-

60 1185 196 1239 mini.
238 1183 289 1238 in
331 1197 440 1252 quo
478 1181 621 1237 enim
674 1178 879 1251 judicio
923 1176 1327 1248 judicaveritis,
1359 1172 1629 1244 judicabl—

60 1277 171 1331 mini
204 1286 292 1331 :et
320 1276 372 1329 in
399 1289 501 1345 qua
540 1288 794 1329 mensura
825 1270 999 1326 mensi
1034 1269 1244 1325 fueritis
1268 1309 1282 1334 ,
1313 1267 1629 1323 remetiatur

58 1367 211 1423 vobis.
246 1367 339 1441 [1a,
381 1366 457 1437 5.]
488 1364 628 1433 Quid
675 1372 857 1420 autem
884 1362 1036 1418 vides
1078 1363 1336 1416 festucam
1369 1360 1420 1413 in
1468 1356 1630 1413 oculo

57 1462 221 1516 fratris
269 1460 343 1515 tui
379 1477 391 1513 :
425 1468 481 1515 et
516 1460 720 1515 trabem
753 1460 805 1512 in
839 1457 1000 1511 ocnlo
1033 1466 1126 1510 tuo
1165 1468 1273 1508 non
1304 1451 1494 1506 vides?
1522 1450 1630 1506 Aut

55 1554 305 1623 quomodo
333 1550 468 1608 dicis
500 1552 653 1606 fratri
687 1554 778 1607 tuo
805 1568 818 1604 :
850 1550 982 1605 Sine
1024 1548 1237 1618 ejiciam
1273 1548 1531 1600 festucam
1560 1544 1629 1599 de

51 1648 196 1701 oculo
240 1658 332 1701 tuo
363 1662 377 1699 :
424 1653 477 1701 et
517 1660 643 1701 ecce
691 1645 837 1701 trabs
875 1642 1043 1699 estin
1089 1642 1252 1697 oculo
1285 1638 1416 1693 tuo?
1448 1638 1627 1709 Hypo-

1734 438 1921 484 tatetn.
1973 430 2115 501 [ιιι.
2148 430 2229 501 5.]
2260 431 2452 487 Omnis
2483 448 2633 501 ergo,
2668 434 2756 504 qui
2809 436 2954 490 audit
2998 438 3164 491 verba
3212 456 3327 494 mea

1733 522 1887 589 haec,
1941 531 1999 579 et
2039 522 2167 579 facit
2206 539 2306 589 ea,
2358 525 2746 582 assimilabitur
2774 529 2891 583 viro
2938 530 3187 599 sapienti,
3242 533 3332 598 qui

1731 614 2021 672 aedificavit
2056 617 2275 671 domum
2302 633 2457 671 suam
2486 630 2646 687 supra
2689 628 2915 688 petram,
2957 631 3012 674 et
3048 622 3333 676 descendit

1732 707 1931 777 pluvia,
1962 718 2016 764 et
2045 719 2309 764 venerunt
2330 710 2572 779 fiumina,
2599 720 2653 766 et
2682 710 2947 766 ﬂaverttnt
2978 714 3143 777 venti,
3179 722 3234 767 et
3262 715 3331 768 ir-

1731 812 1953 855 ruerunt
2002 804 2054 856 in
2091 802 2313 857 domum
2362 804 2532 868 illam,
2578 813 2633 858 t-t
2680 821 2785 861 non
2820 806 3013 860 cecidit
3050 825 3063 859 :
3110 804 3331 861 fundata

1731 893 1876 949 enim
1925 903 2040 949 erat
2078 910 2242 965 super
2279 907 2511 963 petram.
2548 899 2612 952 Et
2642 900 2841 965 omnis,
2873 899 2962 968 qui
2986 900 3130 953 audit
3163 903 3327 955 verba

1731 1000 1850 1039 mea
1882 986 2017 1050 haec,
2063 995 2120 1042 et
2149 1002 2257 1042 non
2300 989 2423 1042 facit
2453 1004 2538 1057 ea,
2588 990 2782 1044 similis
2825 991 2926 1045 erit
2972 992 3091 1046 viro
3135 994 3327 1057 stulto,

1729 1077 1822 1146 qui
1854 1077 2144 1133 aedificavit
2179 1080 2399 1134 domum
2437 1095 2594 1136 suam
2629 1098 2793 1152 super
2842 1098 3066 1138 arenam
3104 1103 3115 1136 :
3148 1096 3201 1139 ct
3231 1085 3329 1140 de-

1736 1170 1955 1225 scendit
2004 1171 2212 1241 pluvia,
2261 1182 2318 1228 et
2370 1184 2635 1229 venerunt
2675 1174 2932 1241 flumina,
2965 1186 3019 1231 et
3064 1176 3336 1232 flaverant

1732 1264 1897 1330 venti,
1930 1274 1987 1318 et
2036 1265 2321 1320 irrueruut
2368 1267 2420 1319 in
2447 1266 2667 1320 domum
2703 1267 2874 1334 illam,
2929 1278 2983 1324 et
3020 1269 3242 1335 cecidit,
3277 1279 3334 1323 et

1732 1354 1833 1409 fttit
1885 1357 2040 1410 ruina
2076 1357 2222 1411 illius
2263 1373 2477 1427 magna.
2522 1360 2679 1429 [utt,
2734 1358 2814 1427 2.]
2854 1361 2916 1414 Et
2976 1362 3175 1415 factum
3223 1372 3328 1425 est,

1730 1462 1854 1504 cum
1885 1460 2320 1505 consummasset
2360 1454 2518 1507 Jesus
2548 1453 2711 1507 verba
2748 1452 2886 1515 hate,
2924 1453 3332 1508 admirabantur

1734 1542 1907 1596 turba:
1954 1558 2116 1613 super
2150 1543 2397 1600 doctrina
2440 1545 2579 1613 ejus.
2623 1545 2752 1598 Erat
2796 1545 2943 1599 enim
2980 1545 3185 1601 docens
3231 1560 3331 1600 eos

1731 1635 1867 1689 sicut
1896 1646 2216 1705 potestatem
2246 1637 2472 1705 habens,
2498 1647 2553 1693 et
2584 1652 2689 1693 non
2720 1639 2861 1694 sicut
2886 1639 3092 1695 Scribat
3114 1654 3329 1708 eorum,

52 1740 192 1803 erita,
234 1741 369 1808 ejice
409 1737 642 1808 primum
696 1736 907 1793 trabem
954 1735 1022 1790 de
1065 1733 1223 1788 oculo
1270 1739 1380 1797 tuo,
1414 1740 1469 1785 et
1500 1742 1628 1784 tunc
1658 1723 1706 1784 Β
1732 1736 1787 1782 et
1818 1728 2095 1783 Pharismi.

55 1834 243 1889 videbis
266 1833 463 1903 ejicere
496 1832 752 1887 festucam
777 1830 843 1886 de
868 1829 1030 1887 oculo
1060 1826 1243 1883 fratris
1269 1826 1363 1879 ltti.
1401 1826 1518 1897 ιω,
1551 1822 1629 1894 5.]

58 1928 214 1981 Nolite
270 1922 399 1979 dare
442 1931 687 1979 sanctum
733 1922 982 1986 canibus,
1029 1932 1206 1990 neque
1235 1918 1461 1972 mittatis
1490 1929 1632 1969 mar—

56 2021 236 2089 girilas
285 2028 494 2075 vestras
534 2026 660 2072 ante
701 2028 946 2086 porcos:
1002 2027 1068 2067 ne
1117 2012 1258 2067 forte
1309 2008 1633 2065 conculcent

56 2128 134 2166 cas
164 2111 391 2182 pedibus
417 2112 549 2173 suis,
584 2117 637 2165 et
659 2105 907 2164 conversi
926 2105 1238 2174 dirumpant
1261 2116 1373 2157 vos.
1392 2102 1528 2173 [Lut,
1554 2100 1632 2170 5.]

54 2206 233 2269 l‘ctite,
294 2212 348 2261 et
398 2204 613 2259 dabitur
660 2202 854 2259 vobis:
898 2201 1143 2273 quaerite,
1191 2208 1245 2255 et
1296 2197 1631 2255 invenietis:

52 2298 242 2365 pulsate
275 2338 290 2361 ,
322 2306 378 2352 et
425 2297 703 2367 aperietur
730 2294 907 2350 vobis.
945 2293 1140 2349 Omnis
1168 2292 1317 2347 enim
1344 2292 1435 2360 qui
1476 2292 1629 2359 petit,

50 2391 228 2460 accipit
262 2409 273 2443 :
308 2400 363 2445 et
407 2392 495 2460 qui
536 2386 753 2461 qmerit,
787 2386 990 2443 invenit
1018 2407 1029 2441 :
1064 2396 1117 2442 et
1147 2385 1383 2456 pulsanti
1417 2383 1634 2454 aperie-

51 2494 138 2537 tur.
166 2485 419 2555 Autqnis
448 2493 532 2537 est
560 2498 625 2538 ex
660 2481 814 2537 vobis
846 2481 1030 2546 homo,
1061 2494 1221 2549 quem
1254 2477 1296 2531 si
1329 2476 1538 2547 petierit
1573 2474 1635 2528 il-

48 2578 137 2629 lius
157 2590 292 2629 suus
324 2590 544 2645 panem,
574 2570 835 2643 numquid
866 2571 1101 2643 lapidem
1132 2570 1372 2639 porriget
1400 2568 1497 2624 ei?
1530 2568 1634 2621 Aut

44 2668 81 2719 si
106 2669 307 2735 piscem
341 2667 591 2737 petierit,
625 2664 884 2735 numquid
929 2672 1240 2732 serpentem
1268 2660 1509 2731 porriget
1539 2658 1635 2712 ei?

40 2758 89 2813 Si
115 2774 245 2829 ergo
269 2774 394 2827 vos,
424 2774 546 2813 cum
570 2754 688 2813 sitis
715 2756 863 2821 mali,
894 2756 1069 2811 nostis
1094 2755 1235 2810 bona
1263 2753 1387 2808 data
1411 2752 1544 2807 dare
1575 2750 1637 2804 fi-

38 2853 113 2904 liis
142 2854 347 2907 vestris
382 2867 396 2905 :
428 2859 631 2921 quanto
663 2850 830 2919 magis
866 2858 1020 2917 pater
1040 2858 1238 2912 vester,
1272 2845 1363 2915 qui
1395 2845 1449 2899 in
1482 2842 1635 2899 evntis

37 2952 133 3008 ρει,
158 2943 309 2998 dabit
340 2944 482 2997 bona
514 2940 821 3010 petentibus
859 2938 957 2995 sei
996 2940 1131 3011 ιω,
1170 2934 1249 3006 5.]
1277 2936 1471 2990 Omnia
1503 2948 1636 3003 ergo

36 3050 390 3107 qnzccumque
418 3035 579 3089 vultis
598 3076 611 3100 ,
646 3043 703 3088 nt
743 3033 944 3087 faciant
974 3031 1128 3087 vobis
1160 3031 1428 3096 homines,
1455 3038 1508 3084 et
1537 3041 1635 3083 vos

1807 1818 1967 1891 {Ca}.
2002 1820 2134 1876 Vlil.
2171 1837 2318 1884 um,
2349 1823 2402 1877 2.
2424 1822 2440 1894 ]
2464 1822 2600 1880 Cum
2630 1832 2809 1878 autem
2840 1824 3221 1880 descendisset
3250 1825 3321 1881 de

1735 1920 1943 1992 monte,
1975 1923 2175 1967 secutae
2217 1925 2343 1967 sunt
2383 1931 2506 1969 eum
2534 1916 2708 1970 turba:
2744 1917 2929 1970 multa)
2959 1934 2969 1968 ε
3002 1926 3056 1969 et
3077 1931 3206 1971 ecce
3247 1917 3328 1971 le-

1735 2020 1929 2074 prosus
1960 2005 2205 2073 veniens,
2237 2005 2505 2060 adorabat
2554 2023 2677 2062 eunt
2728 2006 2919 2061 dicens
2954 2027 2965 2061 :
2999 2006 3251 2069 Domine,
3283 2009 3329 2062 si

1736 2100 1835 2162 vis,
1864 2108 2019 2168 potes
2047 2115 2133 2154 me
2160 2099 2447 2154 mundare.
2467 2102 2532 2154 Iit
2568 2102 2871 2155 extendens
2897 2100 3058 2156 Je~us
3088 2117 3332 2169 manum,

1737 2192 1914 2261 tetigit
1968 2205 2117 2255 eum,
2147 2191 2336 2245 dicens
2371 2208 2385 2246 :
2424 2192 2579 2246 Volo.
2615 2193 2897 2248 Mnndare.
2935 2194 3001 2247 Et
3038 2196 3328 2248 confestim

1734 2284 1993 2339 mundata
2035 2292 2121 2338 est
2152 2284 2300 2352 lepra
2341 2284 2479 2353 ejus.
2508 2285 2575 2338 Et
2602 2286 2679 2338 ait
2712 2286 2787 2338 illi
2816 2285 2975 2340 Jesus
3008 2304 3018 2338 :
3046 2286 3203 2353 Vide,
3236 2304 3328 2339 ne-

1735 2377 1869 2431 mini
1911 2375 2161 2431 dixeris:
2196 2376 2289 2430 sed
2336 2377 2502 2441 vade,
2537 2378 2768 2431 ostende
2810 2386 2864 2432 te
2912 2376 3213 2440 sacerdoti,
3267 2388 3324 2431 et

1735 2473 1872 2527 oll'er
1904 2487 2123 2533 munus,
2144 2472 2286 2539 quod
2315 2476 2573 2541 praecepit
2598 2472 2832 2539 Moyses,
2867 2471 2920 2525 in
2948 2470 3330 2543 testimonium

1736 2564 1861 2619 illis.
1897 2563 2066 2637 [um
2093 2562 2171 2633 3.]
2197 2561 2331 2617 Cum
2363 2574 2542 2617 autent
2569 2563 2850 2616 introisset
2882 2574 2900 2599 ε
2921 2562 3332 2631 Capharnaum,

1735 2658 1971 2711 accessit
2011 2656 2079 2711 ad
2119 2671 2244 2711 cttm
2276 2656 2559 2723 Centurio,
2592 2670 2791 2726 rogans
2822 2670 2971 2719 eum,
3005 2663 3061 2710 et
3088 2656 3282 2711 dicens
3314 2675 3329 2712 :

1735 2746 1984 2813 Domine,
2026 2762 2159 2817 puer
2195 2762 2354 2803 meus
2393 2748 2536 2816 jacet
2584 2748 2635 2801 in
2682 2746 2845 2801 domo
2888 2746 3252 2817 paralyticus,
3282 2757 3338 2802 et

1737 2839 1880 2896 male
1917 2847 2219 2909 torquetur.
2261 2841 2324 2894 Et
2364 2840 2438 2893 ait
2470 2839 2548 2893 illi
2598 2838 2759 2893 Jcsus
2802 2856 2813 2891 :
2850 2838 2967 2908 Ego
2999 2838 3237 2904 veniam,
3281 2847 3339 2894 et

1735 2928 1946 2987 curabo
1992 2947 2118 2987 eum
2155 2932 2265 3004 [Αἰ.
2316 2932 2545 2988 veniens
2587 2932 2834 3003 curabo].
2872 2932 2937 2987 Et
2987 2930 3328 3001 respondens

1736 3027 2019 3094 Centurio,
2051 3029 2131 3081 ait
2161 3042 2175 3080 :
2206 3028 2455 3095 Domine,
2489 3042 2600 3082 non
2630 3040 2750 3081 sum
2799 3026 3018 3097 dignus,
3054 3034 3112 3079 ut
3163 3026 3335 3080 intres

35 3127 189 3181 facite
231 3100 365 3181 illis.
407 3125 534 3181 Haec
566 3134 648 3180 est
677 3123 821 3180 enim
853 3125 963 3191 lex,
988 3134 1041 3179 et
1086 3122 1385 3193 propheta).
1415 3122 1522 3191 μγ,
1553 3120 1633 3191 5.]
1660 3100 1706 3165 C
1739 3122 1841 3177 sub
1871 3129 2073 3178 tectum
2115 3137 2296 3177 meum
2326 3141 2340 3177 :
2372 3122 2467 3177 sed
2495 3130 2702 3176 tantum
2736 3121 2822 3175 dic
2856 3120 3046 3187 verbo,
3077 3129 3133 3175 et
3167 3134 3328 3174 sana-

35 3220 229 3273 lntrate
280 3234 380 3289 per
419 3228 702 3288 angustam
745 3226 998 3286 portam:
1050 3216 1175 3287 quia
1210 3214 1315 3269 lata
1357 3220 1510 3283 porta
1536 3253 1550 3277 ,
1582 3220 1635 3268 et

36 3313 276 3379 spatiosa
302 3314 388 3365 via
416 3320 523 3375 est,
553 3326 672 3381 quae
711 3311 860 3365 ducit
885 3310 951 3365 ad
983 3309 1367 3379 perditionem,
1401 3315 1459 3363 et
1480 3305 1635 3362 multi

36 3410 155 3456 sunt
191 3405 284 3473 qui
318 3404 525 3459 intrant
561 3419 657 3472 per
685 3418 827 3458 eam.
866 3402 1037 3468 Quam
1081 3410 1305 3472 angusta
1332 3409 1488 3471 porta
1519 3439 1535 3465 ,
1581 3409 1635 3455 et

34 3506 168 3551 arcta
198 3498 288 3551 via
338 3508 427 3553 est
452 3539 466 3561 ,
509 3512 630 3567 quae
668 3496 822 3552 ducit
864 3495 931 3551 ad
978 3496 1185 3551 vitam:
1216 3506 1270 3551 et
1296 3494 1453 3565 pauci
1483 3502 1631 3557 sunt,

34 3589 109 3655 qni
134 3591 427 3645 inveniunt
452 3604 573 3645 eam
597 3591 611 3642 !
644 3589 783 3661 μη,
818 3586 934 3658 10.]
966 3587 1244 3644 Attendite
1271 3601 1302 3641 a
1326 3586 1479 3642 falsis
1502 3598 1631 3655 pro-

35 3678 221 3747 phetis,
249 3682 345 3751 qui
379 3681 606 3736 veniunt
635 3680 700 3735 ad
728 3694 823 3735 vos
850 3680 905 3735 in
942 3680 1287 3735 vestimentis
1317 3679 1525 3743 ovium,
1551 3680 1635 3732 in-

35 3773 296 3829 trinsecus
326 3782 511 3828 autem
554 3781 681 3827 sunt
717 3773 827 3841 lttpl
869 3784 1136 3841 rapaces:
1178 3785 1207 3825 δ
1251 3772 1517 3826 fructibus
1539 3785 1634 3825 eo-

36 3879 137 3918 rum
169 3868 523 3937 cognoscetis
551 3879 665 3920 eos.
692 3866 843 3937 μνη,
873 3864 951 3935 5.]
979 3862 1245 3934 Numquid
1274 3863 1537 3932 colligunt
1562 3861 1632 3917 de

35 3957 192 4021 spinis
219 3973 384 4025 uvas,
419 3967 514 4012 aut
542 3958 612 4013 de
644 3957 854 4011 tribulis
888 3956 1060 4012 ﬂens?
1087 3956 1258 4027 [LVII],
1290 3953 1371 4024 5.]
1401 3954 1495 4010 Sic
1515 3968 1633 4008 om-

36 4047 104 4101 nis
137 4051 310 4107 arbor
343 4053 485 4107 bona
514 4050 721 4105 fructus
746 4048 921 4104 bonos
958 4048 1093 4103 facit
1121 4063 1135 4102 ι
1171 4046 1312 4102 maia
1342 4056 1522 4101 autem
1548 4059 1632 4100 ar-

37 4137 114 4194 linr
136 4145 319 4199 malos
353 4142 565 4199 fructus
590 4143 739 4197 facit.
765 4141 883 4197 Non
901 4148 1080 4212 potest
1103 4139 1265 4195 arbor
1291 4138 1430 4196 bona
1459 4139 1632 4194 malos

38 4230 224 4290 fruetus
252 4236 442 4291 facere
468 4253 480 4289 :
516 4250 694 4305 neque
724 4236 887 4291 arbor
913 4233 1055 4289 maia
1082 4233 1257 4289 bonos
1302 4232 1511 4287 fructus
1554 4232 1629 4287 fa-

37 4336 159 4381 cere.
193 4328 398 4384 Omnis
440 4330 604 4385 arbor
629 4370 643 4395 ,
673 4344 796 4399 qua:
826 4342 933 4384 non
963 4327 1093 4383 facit
1128 4326 1363 4382 fructum
1394 4326 1593 4381 bonum
1613 4369 1626 4395 ,

36 4419 323 4488 cxcidetur,
357 4428 411 4476 et
442 4421 496 4476 in
534 4422 713 4491 ignem
758 4422 1025 4477 mittetur.
1062 4419 1227 4489 igitur
1246 4433 1310 4475 er
1356 4417 1626 4474 fructibus

38 4522 205 4568 eorum
228 4516 590 4586 cognoscetis
620 4528 735 4571 eos.
764 4515 896 4587 [th,
928 4511 1006 4584 5.]
1038 4511 1153 4567 Non
1189 4512 1390 4577 omnis,
1423 4511 1514 4582 qui
1547 4511 1630 4566 di-

34 4600 85 4653 cit
111 4607 276 4674 mihi,
302 4607 554 4671 Domine,
586 4606 838 4674 Domine,
870 4603 1096 4659 intrabit
1120 4604 1172 4659 in
1204 4618 1433 4674 regnum
1463 4602 1628 4660 calo-

34 4707 129 4752 rum
157 4717 170 4753 :
203 4701 306 4757 sed
340 4701 433 4773 qui
464 4701 597 4756 facit
620 4701 959 4757 voluntatem
982 4699 1158 4754 Patris
1177 4698 1306 4765 mei,
1332 4698 1421 4768 qui
1445 4698 1498 4751 in
1519 4708 1630 4753 cm-

34 4782 79 4837 lis
106 4802 218 4859 est,
253 4792 283 4832 ι’
318 4793 441 4863 ipse
468 4792 699 4848 intrabit
733 4793 787 4847 in
819 4804 1047 4861 regnum
1084 4790 1367 4845 caelorum.
1403 4788 1515 4861 μί,
1549 4784 1630 4859 5.]

33 4874 167 4940 llulti
217 4888 413 4943 dicent
460 4887 595 4942 mihi
643 4887 700 4942 in
732 4887 824 4942 illa
869 4886 1005 4942 die:
1047 4884 1314 4950 Domine,
1362 4884 1629 4951 Domine,

34 4984 193 5033 ionne
226 4982 283 5034 in
326 4981 551 5036 nomine
581 4986 679 5035 tuo
714 4978 1197 5049 prophetavimus,
1232 4987 1288 5031 et
1326 4978 1381 5030 in
1410 4977 1631 5032 nomine

40 5077 105 5124 uo
130 5071 414 5128 daemonia
455 5072 757 5143 eiecimus,
808 5080 865 5127 et
910 5073 965 5127 in
1014 5071 1237 5126 nomine
1267 5078 1358 5124 tuo
1398 5070 1629 5126 virtutes

34 5162 213 5220 Ilultas
234 5165 514 5221 fecimus?
542 5165 615 5221 Et
641 5176 767 5223 tunc
795 5165 1098 5223 confitebor
1125 5164 1235 5221 illis
1263 5181 1279 5219 :
1306 5164 1441 5233 Quia
1463 5177 1624 5222 nnat-

90 5311 138 5375 e_
156 5298 294 5359 Mss.
323 5301 434 5360 duo
467 5304 711 5375 Reginae,
748 5320 836 5359 vos
872 5302 1099 5358 minima
1123 5301 1269 5371 ﬁdei.
1310 5301 1481 5359 Paulo
1502 5315 1630 5375 post

36 5376 68 5416 η
103 5370 326 5441 Graeco,
354 5376 443 5429 ubi
477 5370 701 5443 dicitur,
736 5375 849 5432 Scit
870 5376 1009 5431 enim
1031 5370 1180 5444 pater
1197 5382 1378 5441 vester,
1408 5370 1627 5432 additur

39 5444 255 5523 celestis,
282 5447 310 5502 ὀ
336 5450 597 5523 οὐράνιος.

84 5511 111 5549 δ
145 5511 261 5572 lloc
285 5511 469 5591 autem
495 5533 732 5583 comma,
762 5519 870 5591 ipse
892 5516 1105 5591 intrabit
1140 5516 1193 5572 in
1223 5518 1623 5591 regnum_cmlo-

38 5592 152 5651 um,
200 5590 420 5645 tametsi
462 5586 1295 5659 necessario'subintelligatur,
1336 5590 1393 5644 in
1432 5588 1624 5646 Graeco

34 5660 202 5731 lmen
236 5660 544 5731 exemplari
574 5676 682 5719 non
709 5672 812 5722 est.

98 5740 119 5765 ε
161 5728 448 5788 Vetustior
496 5730 720 5805 Regina:
759 5747 862 5792 ms.
894 5731 1047 5791 addit
1088 5730 1176 5789 hic
1205 5745 1402 5788 nomen
1446 5728 1623 5797 Jesua,

1655 4479 1707 4539 D

1740 3214 1887 3269 bitur
1915 3228 2051 3285 puer
2082 3229 2260 3270 meus.
2295 3214 2426 3269 Nam
2459 3224 2513 3269 et
2552 3228 2654 3285 ego
2680 3214 2846 3269 homo
2873 3229 2993 3269 sum
3026 3214 3126 3268 sub
3155 3220 3339 3283 potes-

1741 3317 1849 3363 tate
1876 3306 2279 3373 deOnstitutus,
2315 3308 2523 3363 habens
2573 3309 2677 3364 sub
2723 3322 2811 3363 me
2850 3308 3077 3374 milites,
3108 3316 3167 3362 et
3209 3306 3337 3362 dico

1738 3401 1865 3456 huic
1898 3419 1911 3454 ε
1946 3400 2116 3463 Vade,
2157 3410 2213 3457 et
2254 3402 2404 3455 vadit
2438 3418 2451 3456 :
2481 3410 2537 3456 et
2588 3401 2705 3466 alii,
2754 3402 2913 3468 Veni,
2944 3411 2998 3457 ct
3029 3401 3176 3457 venit
3222 3418 3235 3455 :
3279 3410 3337 3457 et.

1735 3506 1897 3549 servo
1940 3506 2083 3560 meo,
2116 3491 2225 3548 Fac
2253 3494 2378 3558 hoc,
2413 3502 2469 3549 et
2510 3494 2656 3549 facit.
2688 3494 2935 3551 Audiens
2960 3506 3142 3550 autem
3164 3498 3326 3553 Jesus

1735 3588 1966 3643 miratus
2012 3595 2133 3642 est:
2166 3597 2221 3643 et
2270 3589 2627 3657 sequentibus
2670 3603 2731 3642 se
2766 3590 2904 3642 dixit
2935 3605 2949 3643 :
2982 3590 3155 3645 Amen
3198 3590 3326 3645 dico

1736 3681 1917 3743 vobis,
1948 3696 2055 3735 non
2092 3680 2273 3736 inveni
2308 3691 2514 3735 tantam
2553 3682 2713 3737 fidem
2758 3681 2812 3736 in
2843 3682 3034 3737 Israel.
3071 3682 3216 3753 μιν,
3242 3682 3322 3752 5.]

1734 3772 1868 3829 Dico
1900 3781 2080 3828 autem
2115 3772 2292 3841 vobis,
2318 3773 2461 3843 quod
2508 3774 2667 3827 multi
2702 3773 2771 3828 ab
2816 3774 3050 3835 oriente,
3083 3784 3138 3828 et
3176 3774 3316 3829 occi-

1732 3866 1899 3921 dente
1921 3868 2156 3933 vcnicnt,
2183 3874 2238 3919 et
2259 3866 2583 3921 recnntbent
2603 3880 2726 3921 cum
2759 3865 3055 3927 Abraham,
3083 3877 3135 3922 et
3154 3856 3322 3936 i'saae,

1732 3968 1787 4011 et
1813 3955 1985 4013 Jaeob
2014 3959 2068 4011 in
2107 3972 2278 4026 regno
2315 3957 2586 4012 caelorum
2618 3975 2631 4011 ι
2667 3958 2760 4012 filii
2805 3968 2987 4014 autem
3035 3962 3187 4031 regni
3228 3960 3331 4031 eji-

1732 4051 1948 4107 cientur
1992 4054 2045 4104 in
2103 4050 2361 4106 tenebras
2393 4052 2701 4107 exteriores
2735 4070 2747 4105 :
2780 4052 2851 4107 ibi
2906 4052 3012 4108 erit
3059 4054 3242 4123 ﬂetus,
3274 4064 3330 4111 et

1732 4143 1935 4199 stridor
1962 4142 2234 4199 dentium.
2267 4142 2432 4213 [va1,
2459 4142 2538 4213 6.]
2572 4142 2637 4198 Et
2671 4143 2817 4200 dixit
2844 4143 3000 4201 Jesus
3043 4146 3341 4202 Centurio-

1732 4238 1783 4290 ni
1823 4253 1835 4288 :
1871 4234 2020 4290 Vade
2046 4244 2099 4290 et
2122 4236 2267 4291 sicut
2296 4235 2602 4299 credidisti,
2635 4236 2728 4291 flat
2755 4237 2874 4291 tibi.
2903 4238 2967 4292 Et
2995 4249 3221 4292 sanatus
3245 4247 3337 4292 est

1732 4342 1874 4397 puer
1902 4326 2010 4400 [ΑΙ.
2042 4342 2177 4397 puer
2202 4328 2347 4402 ejus]
2378 4329 2430 4384 in
2467 4329 2558 4384 illa
2587 4329 2742 4385 hora.
2777 4330 2971 4401 [ωινιι.
3000 4329 3082 4400 2.]
3108 4330 3177 4383 Ει
3206 4343 3330 4385 cum

1732 4421 1977 4477 venisset
2017 4420 2177 4477 Iesus
2218 4422 2270 4477 in
2315 4424 2533 4477 domum
2568 4422 2740 4487 Petri,
2776 4422 2912 4476 vidit
2962 4436 3179 4475 socrum
3212 4420 3331 4490 ejus

1730 4515 2027 4585 jacentetn,
2044 4525 2097 4571 et
2111 4516 2546 4572 febricitantem:
2573 4526 2630 4571 et
2654 4516 2834 4586 tetigit
2860 4529 3081 4569 manum
3103 4515 3247 4584 ejus,
3276 4523 3333 4570 et

1736 4608 1944 4663 dimisit
1973 4622 2090 4663 eam
2130 4608 2323 4675 febris,
2358 4616 2415 4662 et
2451 4609 2715 4674 surrexit,
2745 4615 2802 4661 et
2847 4606 3193 4661 ministrabat
3228 4608 3331 4661 eis.

1739 4700 1981 4770 Vespere
2010 4708 2189 4754 autem
2236 4699 2400 4763 facto,
2434 4700 2759 4755 obtulerunt
2797 4699 2845 4752 ei
2888 4699 3092 4752 multos
3129 4698 3333 4752 daemo-

1738 4792 1821 4847 nia
1857 4791 2125 4847 habentes
2160 4808 2173 4845 :
2204 4799 2259 4845 et
2288 4790 2546 4860 ejiciebat
2568 4792 2797 4857 spiritus
2830 4791 3032 4842 verbo:
3057 4798 3113 4843 et
3142 4804 3337 4844 omnes

1737 4886 1879 4941 male
1921 4885 2185 4940 habentes
2224 4887 2438 4939 curavit
2469 4902 2483 4939 :
2511 4892 2569 4937 ut
2599 4881 2992 4951 adimplet'etttr
3018 4882 3165 4952 quod
3213 4881 3331 4936 die-

1738 4990 1850 5035 tum
1884 4991 1967 5035 est
1995 4995 2090 5049 per
2132 4979 2325 5035 isaiam
2357 4978 2703 5048 prophetam,
2740 4977 3012 5031 dicentem
3043 4993 3054 5027 :
3084 4976 3205 5047 Ipse
3248 4976 3331 5029 in-

1729 5074 2014 5128 ﬁrmitates
2058 5081 2277 5125 nostras
2325 5070 2534 5137 accepit
2572 5078 2661 5124 :et
2720 5070 3105 5137 aegrotationes
3146 5079 3169 5105 ο
3202 5082 3329 5123 nos-

1730 5175 1847 5223 tras
1898 5166 2155 5237 portavit.
2190 5164 2399 5218 Videns
2446 5170 2628 5218 autem
2678 5160 2840 5217 Jesus
2892 5160 3079 5217 turbas
3133 5161 3332 5217 multas

1734 5304 1879 5375 quod
1905 5303 2123 5375 quidem
2160 5312 2216 5375 et
2249 5303 2301 5357 in
2333 5302 2541 5359 Grceeis
2580 5303 2857 5373 plet-isque
2889 5303 3040 5358 libris
3064 5302 3328 5373 exprimi-

1733 5372 1830 5449 tur
1851 5372 2166 5449 {stomoma
2194 5373 2248 5430 δὲ
2274 5384 2346 5449 τῷ
2378 5376 2545 5449 Ἰησοῦ
2581 5372 2594 5429 ἑ
2618 5375 2708 5449 alii
2735 5377 2873 5449 αὐτῷ
2904 5384 3131 5449 tantum.

1806 5446 1837 5485 ά
1872 5447 2106 5502 Verbum
2128 5448 2458 5517 certatittttus,
2489 5448 2600 5501 duo
2630 5446 2854 5516 Reginae
2872 5462 3007 5502 mss.
3042 5448 3321 5517 ignorant:

1736 5535 1912 5586 neque
1940 5519 2051 5585 ipse
2081 5518 2302 5586 proprie
2327 5516 2486 5572 habet
2508 5517 2730 5574 Graecus
2764 5526 2961 5573 textus.

1809 5585 1833 5628 ε
1864 5589 2109 5645 Alterum
2163 5585 2264 5641 hoc
2312 5602 2525 5658 quoque
2578 5604 2875 5657 pronomen
2919 5597 3122 5643 nostras
3159 5586 3326 5645 iidem

1735 5676 1899 5725 mss.,
1926 5658 2117 5715 Graeco
2150 5659 2267 5729 ipso
2299 5661 2635 5716 assentiente
2667 5667 2836 5727 textu,
2872 5661 3125 5718 reticent.
