3920 6200
582 201 683 259 551

581 319 788 377 circum
833 337 914 392 se,
958 322 1122 393 jussit
1173 322 1252 378 ire
1284 330 1434 378 trans
1475 322 1696 379 fretum.
1734 324 1946 396 [uvm,
1994 326 2073 398 5.]
2111 327 2179 382 Et

582 413 852 470 accedens
882 432 1020 470 unus
1044 415 1259 482 Scriba,
1289 416 1366 471 ait
1395 416 1474 471 illi
1507 436 1520 470 :
1553 417 1831 487 Magister,
1866 435 2067 490 sequar
2101 428 2174 487 te,

583 521 930 578 quocumque
974 508 1123 564 ieris.
1161 510 1227 564 Et
1269 509 1404 564 dicit
1444 510 1494 565 ei
1523 509 1685 565 Jesus
1712 528 1726 564 :
1757 511 1961 580 Vulpes
1993 512 2179 568 foveas

581 598 816 668 habent,
840 610 896 656 et
915 602 1165 658 volucres
1194 603 1320 659 coeli
1346 603 1505 660 nidos
1530 620 1545 670 ;
1576 604 1718 658 ﬁlius
1740 614 1921 660 autem
1944 606 2177 660 hominis

586 709 694 749 non
724 693 887 750 habet
912 694 1002 750 ubi
1029 705 1197 764 caput
1228 696 1480 752 reclinet.
1512 696 1669 752 Alius
1700 706 1883 752 autem
1912 697 1981 752 de
2010 697 2176 752 disci-

578 785 721 856 pulis
767 786 886 857 ejus
931 787 1009 843 ait
1038 788 1117 843 illi
1152 789 1446 858 :Domine,
1496 791 1755 861 permitte
1799 806 1887 845 me
1938 791 2174 860 primum

578 877 682 945 ire,
709 886 766 935 et
794 879 1034 950 sepelire
1061 889 1274 952 patrem
1304 897 1509 937 meum.
1540 880 1702 938 Jesus
1726 892 1908 936 autem
1940 881 2014 936 ait
2042 882 2118 936 illi
2159 899 2172 935 :

574 971 818 1044 Sequere
863 989 974 1038 me,
1007 983 1064 1030 et
1105 974 1320 1032 dimitte
1354 985 1601 1031 mortuos
1644 975 1883 1044 sepelire
1924 984 2173 1031 mortuos

578 1079 729 1122 suos.
767 1063 937 1138 [LXIX,
960 1064 1040 1137 2.]
1067 1066 1133 1121 Et
1160 1066 1494 1122 ascendente
1529 1083 1596 1123 eo
1632 1065 1686 1121 in
1724 1067 2051 1132 naviculam,
2083 1083 2170 1123 se.

574 1157 686 1214 cuti
709 1166 840 1214 sunt
859 1174 984 1214 eum
1014 1157 1267 1230 discipuli
1291 1160 1412 1230 ejus
1444 1176 1460 1215 :
1489 1169 1546 1214 et
1574 1174 1704 1214 ecce
1735 1166 1915 1212 motus
1943 1174 2168 1229 magnus

573 1249 753 1308 factus
777 1262 863 1307 est
895 1253 949 1306 in
985 1253 1146 1322 mari,
1173 1253 1243 1308 ita
1281 1261 1341 1308 ut
1372 1253 1618 1308 navicula
1653 1252 1966 1322 operiretur
1992 1252 2170 1308 ﬁucti—

573 1343 699 1413 bus,
733 1345 852 1416 ipse
891 1361 1023 1402 vero
1067 1345 1399 1402 dormiebat.
1432 1347 1500 1401 Et
1540 1354 1898 1402 accesserunt
1947 1346 2012 1399 ad
2048 1363 2169 1401 eum

577 1436 882 1508 “discipuli
933 1437 1074 1508 ejus,
1108 1449 1165 1494 et
1213 1438 1624 1495 suscitaverunt
1674 1455 1826 1507 eum,
1877 1439 2170 1496 dicentes:

576 1529 830 1600 Domine,
875 1531 1026 1587 salva
1082 1548 1204 1602 nos,
1241 1531 1502 1602 perimus.
1534 1533 1604 1587 Et
1641 1523 1786 1588 ’dicit
1831 1534 1913 1588 eis
1963 1532 2122 1587 Jesus
2155 1548 2168 1584 :

571 1622 713 1691 Quid
746 1623 922 1678 timidi
953 1623 1114 1692 estis,
1150 1623 1380 1679 modica:
1408 1623 1570 1678 ﬁdei?
1592 1624 1746 1680 Tunc
1781 1639 2033 1695 surgens,
2069 1624 2173 1679 im-

571 1717 790 1786 peravit
821 1716 998 1774 ventis
1027 1725 1082 1772 et
1107 1716 1261 1773 mari.
1294 1727 1348 1771 et
1378 1716 1517 1772 facta
1550 1726 1634 1772 est
1662 1719 2031 1788 tranquillitas
2053 1733 2170 1773 ma-

570 1825 698 1880 gna.
743 1811 914 1866 Porro
960 1809 1209 1865 homines
1253 1811 1436 1864 mirati
1481 1821 1630 1878 sunt,
1659 1811 1904 1868 dicentes
1937 1831 1946 1864 :
1979 1813 2168 1880 Qualis

569 1911 652 1956 est
682 1901 792 1969 hic,
820 1901 950 1973 quia
981 1903 1128 1958 venti
1159 1901 1277 1973 [ΑΙ.
1305 1912 1362 1958 et
1403 1903 1586 1974 venti]
1619 1913 1674 1959 et
1712 1920 1864 1961 mare
1909 1905 2170 1961 obediunt

571 1994 666 2049 ei?
696 1994 764 2050 Et
806 2008 930 2052 cum
972 1995 1213 2049 venisset
1268 2005 1420 2049 trans
1461 1993 1489 2033 ι’
1537 1995 1738 2050 fretum
1782 1995 1837 2051 in
1887 1998 2166 2068 regionem

571 2087 1002 2152 Gerasenorum,
1035 2097 1397 2142 occurrerunt
1424 2088 1472 2143 ei
1512 2087 1622 2144 duo
1668 2087 1936 2144 habentes
1967 2089 2170 2145 dcemo-

577 2179 690 2246 nia,
721 2177 790 2233 de
833 2179 1207 2234 monumentis
1257 2189 1553 2245 exeuntes,
1593 2179 1723 2232 saevi
1775 2179 1958 2246 nimis,
2005 2180 2076 2233 ita
2110 2189 2170 2234 ut

574 2287 736 2327 nemo
771 2280 959 2342 posset
1004 2272 1243 2327 transire
1270 2287 1368 2341 per
1409 2275 1551 2326 viain
1603 2272 1773 2327 illam.
1803 2272 1874 2328 Et
1899 2288 2027 2328 ecce
2055 2274 2170 2328 cla-

568 2373 879 2430 mat-erunt,
921 2362 1211 2419 dicentes:
1246 2363 1385 2431 Quid
1425 2363 1606 2431 nobis,
1640 2373 1696 2419 et
1738 2364 1858 2434 tibi,
1903 2363 2034 2420 Jesu
2085 2366 2163 2420 lili

567 2455 700 2512 Dei?
734 2455 944 2512 Venisti
985 2456 1091 2512 huc
1135 2468 1262 2512 ante
1307 2467 1524 2527 tempus
1566 2469 1827 2527 torquere
1872 2461 2010 2513 nos?
2037 2459 2166 2514 Erat

562 2557 744 2605 autem
777 2563 885 2604 non
916 2549 1077 2620 longe
1111 2549 1178 2604 ab
1209 2547 1316 2604 illis
1356 2564 1490 2619 grex
1530 2550 1829 2604 multorum
1865 2565 2162 2621 porcorum

563 2655 819 2711 pascens.
848 2641 1138 2696 Daemones
1167 2651 1351 2696 autem
1394 2643 1662 2712 rogabant
1692 2657 1839 2705 eum,
1863 2640 2116 2697 dicentes
2147 2657 2160 2696 :

563 2732 624 2789 Si
644 2732 804 2804 ejicis
832 2748 934 2788 nos
949 2733 1274 2800 hinc,mitte
1305 2747 1406 2788 nos
1433 2733 1486 2788 in
1517 2748 1740 2804 gregem
1767 2732 2165 2803 porcorum.Et

572 2825 647 2880 ait
675 2825 786 2881 illis
818 2842 833 2881 :
862 2825 962 2882 Ite.
988 2825 1059 2881 At
1085 2825 1160 2880 illi
1185 2838 1450 2882 exeuntes
1488 2827 1743 2883 abierunt
1780 2825 1835 2881 in
1862 2841 2081 2897 porcos,
2109 2835 2165 2883 et

563 2935 694 2976 ecce
724 2921 928 2990 impetu
966 2920 1262 2976 abiittotus
1291 2936 1424 2992 grex
1453 2921 1560 2994 [ΑΙ.
1591 2936 1726 2992 grex
1757 2920 2037 2994 pecorum]
2068 2937 2163 2992 per

565 3030 811 3086 praeceps
834 3015 886 3069 in
918 3031 1100 3080 mare;
1134 3026 1188 3070 et
1223 3015 1424 3070 mortui
1453 3023 1582 3070 sunt
1610 3015 1663 3070 in
1693 3015 1873 3085 aquis.
1902 3015 2162 3070 Pastores

557 3117 742 3162 autem
772 3105 1028 3178 fugerunt
1067 3125 1077 3161 :
1117 3116 1172 3162 et
1204 3108 1486 3163 venientes
1519 3108 1573 3162 in
1608 3106 1909 3175 civitatem,
1946 3107 2162 3162 nuntia-

561 3211 759 3255 verunt
796 3201 1000 3267 omnia,
1040 3209 1095 3256 et
1139 3199 1209 3256 de
1247 3199 1351 3268 eis,
1395 3201 1487 3271 qui
1519 3199 1788 3255 daemonia
1834 3199 2157 3256 habuerant.

567 3294 635 3349 Et
662 3309 793 3351 ecce
834 3303 946 3349 tota
987 3293 1183 3349 civitas
1215 3294 1352 3349 exiit
1379 3292 1594 3348 obvium
1625 3293 1756 3349 Jesu
1791 3312 1804 3349 :
1835 3302 1894 3350 et
1922 3295 2040 3351 viso
2071 3310 2160 3361 eo,

562 3386 855 3458 rogabant,
884 3396 941 3440 ut
971 3385 1230 3440 transiret
1257 3401 1288 3440 a
1311 3384 1512 3439 ﬁnibus
1541 3401 1753 3440 comm.

632 3476 781 3550 [Cap.
834 3476 928 3533 IX.
977 3493 1106 3544 Lxx,
1142 3475 1221 3548 1.]
1274 3476 1342 3530 Et
1385 3476 1693 3532 ascendens
1741 3478 1796 3532 in
1845 3479 2155 3534 naviculam

564 3567 963 3632 transfretavit,
993 3576 1048 3622 et
1076 3567 1224 3620 venit
1276 3567 1330 3621 in
1381 3567 1659 3622 civitatem
1711 3583 1884 3623 suam.
1932 3571 1996 3624 Et
2033 3585 2162 3626 ecce

563 3659 874 3716 oﬁerebant
897 3657 947 3712 ei
981 3656 1342 3727 paralyticum
1369 3657 1644 3726 jaceutem
1683 3658 1737 3712 in
1773 3661 1936 3714 lecto.
1982 3661 2050 3715 Et
2078 3661 2160 3716 vi-

564 3752 699 3806 dens
722 3749 882 3806 Jesus
915 3748 1075 3805 ﬁdem
1099 3749 1344 3818 illorum,
1377 3748 1512 3804 dixit
1537 3750 1837 3821 paralytico
1866 3767 1880 3804 :
1913 3751 2158 3820 Conﬁde,

565 3842 668 3908 liii,
690 3842 1041 3899 remittuntur
1068 3843 1162 3898 tibi
1189 3852 1408 3914 peccata
1440 3852 1550 3898 tua.
1580 3844 1647 3898 Et
1684 3858 1813 3920 ecce
1843 3844 2059 3914 quidam
2091 3847 2159 3901 de

566 3935 773 3993 Scribis
812 3936 1068 3993 dixerunt
1106 3937 1245 3992 intra
1275 3952 1377 3994 se:
1414 3937 1514 3993 llic
1543 3937 1906 4008 blasphemat.
1940 3939 2007 3993 Et
2035 3955 2157 3995 cum

566 4027 796 4085 vidisset
836 4028 996 4086 Iesus
1044 4030 1404 4100 cogitationes
1450 4046 1662 4100 eorum,
1693 4031 1838 4087 dixit
1873 4051 1885 4088 :
1923 4032 1993 4090 Ut
2029 4034 2160 4105 quid

561 4123 816 4194 cogitatis
847 4123 989 4179 mala
1013 4123 1067 4179 in
1097 4124 1356 4180 cordibus
1387 4125 1626 4181 vestris?
1647 4124 1784 4193 Quid
1809 4136 1893 4182 est
1922 4127 2153 4198 facilius,

560 4215 746 4272 dicere
783 4213 1182 4271 :Dimittuntur
1234 4215 1332 4272 tibi
1382 4223 1604 4285 peccata
1652 4224 1778 4281 tua;
1811 4232 1878 4271 an
1924 4217 2109 4274 dicere
2143 4237 2155 4272 :

559 4309 758 4382 Surge,
791 4317 848 4365 et
877 4307 1126 4364 ambula?
1155 4307 1228 4365 Ut
1270 4317 1451 4364 autem
1492 4308 1700 4376 sciatis,
1737 4307 1862 4378 quia
1894 4309 2037 4364 lilius
2060 4309 2160 4365 ho-

561 4403 726 4460 minis
752 4402 918 4459 habet
944 4411 1270 4472 potestatem
1296 4403 1350 4458 in
1383 4414 1527 4459 terra
1566 4402 1879 4458 dimittendi
1911 4415 2154 4473 peccata,

563 4505 692 4554 tunc
735 4497 813 4552 ait
859 4495 1159 4568 paralytico
1202 4513 1214 4549 :
1247 4495 1456 4567 Surge,
1491 4495 1623 4552 tolle
1661 4495 1858 4551 lectum
1902 4506 2076 4566 tuum,
2102 4508 2159 4554 ct

1585 205 1645 262 S.
1687 202 2068 263 HIERONYMI
2100 205 2329 266 DIVINA
2373 207 2852 269 BIBLIOTHECA.

3778 213 3854 270 552

2282 330 2475 404 [Lxxn,
2510 329 2593 403 2.]
2625 331 2692 385 Et
2722 329 2927 384 iactum
2956 336 3063 395 est,
3097 326 3480 382 discumbente
3508 341 3578 382 co
3612 327 3663 381 in
3691 329 3849 393 domn,

2284 438 2415 478 ecce
2453 422 2610 477 multi
2657 421 2928 491 publicani
2974 430 3028 476 et
3071 429 3387 488 peccatores
3426 421 3740 489 venientes,
3772 422 3855 478 dis-

2282 515 2616 570 cumbebant
2646 530 2769 569 eum
2800 513 2952 579 Jesu,
2985 523 3040 568 et
3070 511 3354 583 discipulis
3374 511 3516 583 ejus.
3546 513 3614 567 Et
3633 513 3852 569 videntes

2282 605 2570 672 Pharisaei,
2603 605 2854 661 dicebant
2896 604 3179 675 discipulis
3213 606 3335 674 ejus
3363 622 3377 659 :
3405 605 3592 674 Quare
3631 622 3756 661 cum
3782 623 3854 677 pu-

2283 699 2512 755 blicanis
2546 709 2602 755 et
2638 699 3025 769 peccatoribus
3055 698 3346 754 manducat
3374 699 3632 770 Magister
3660 702 3852 756 vester?

2281 791 2494 864 [Lxxtn,
2516 791 2598 864 2.]
2619 792 2691 847 At
2715 791 2874 848 Jesus
2895 791 3146 855 audiens,
3161 791 3263 845 ait:
3285 790 3401 845 Non
3431 801 3516 847 est
3537 808 3674 863 opus
3695 793 3856 849 valen-

2281 884 2426 940 tibus
2439 884 2707 950 medicus,
2723 883 2820 940 sed
2849 883 2990 938 male
3011 881 3360 940 habentibus.
3380 884 3580 940 Euntes
3600 896 3779 941 autem
3793 885 3857 942 di-

2278 978 2412 1033 scite
2441 977 2571 1048 quid
2582 988 2666 1034 est
2686 993 2701 1032 :
2719 977 3148 1034 Misericordiam
3168 979 3314 1044 volo,
3329 987 3500 1034 etnon
3517 981 3852 1038 sacriﬁcium.

2278 1068 2392 1125 Non
2425 1071 2570 1126 enim
2615 1071 2740 1125 veni
2767 1085 2967 1126 vocare
2987 1070 3186 1140 justos,
3212 1069 3310 1125 sed
3343 1081 3679 1140 peccatores.
3708 1074 3852 1130 Tunc

2277 1171 2632 1216 accesserunt
2677 1161 2745 1216 ad
2794 1177 2917 1217 eum
2981 1161 3238 1233 discipuli
3285 1161 3532 1229 Joannis,
3577 1163 3847 1221 dicentes:

2272 1253 2453 1321 Quare
2503 1269 2636 1320 nos,
2686 1262 2742 1309 et
2777 1253 3098 1320 Pharisaei,
3152 1254 3465 1325 jejunamus
3507 1258 3846 1326 frequenter:

2290 1347 2545 1418 discipuli
2595 1356 2778 1401 autem
2847 1349 2921 1400 tui
2985 1361 3093 1402 non
3152 1346 3451 1417 jejunant?
3503 1349 3576 1404 Et
3631 1351 3709 1404 ait
3759 1349 3852 1406 illis

2274 1438 2434 1495 Jesus
2498 1458 2509 1493 :
2569 1438 2846 1510 Numquid
2935 1450 3163 1509 possunt
3242 1440 3338 1494 lilii
3410 1441 3598 1511 sponsi
3672 1443 3848 1514 lugere

2275 1532 2532 1606 quamdiu
2559 1548 2680 1589 cum
2711 1531 2820 1587 illis
2851 1539 2936 1588 est
2963 1533 3244 1604 sponsus?
3274 1534 3506 1590 Venient
3534 1545 3714 1591 autem
3740 1535 3849 1592 dies

2274 1642 2397 1682 cum
2440 1626 2719 1680 auieretur
2749 1625 2816 1680 ab
2837 1625 2917 1680 eis
2970 1640 3232 1695 sponsus,
3260 1634 3316 1681 et
3357 1635 3483 1680 tunc
3517 1628 3850 1699 jejunabuut.

2275 1717 2446 1773 Nemo
2465 1727 2650 1774 autem
2679 1717 2922 1772 immittit
2950 1720 3370 1774 commissuram
3401 1723 3562 1790 panni
3611 1722 3758 1776 rudis
3798 1723 3846 1778 in

2275 1809 2657 1865 vestimentum
2688 1817 2849 1864 vetus
2875 1830 2886 1864 :
2916 1810 3054 1865 tollit
3083 1810 3228 1866 enim
3260 1812 3658 1882 plenitudinem
3690 1815 3800 1885 ejus
3821 1831 3846 1870 a

2273 1901 2618 1966 vestimento,
2663 1909 2721 1956 et
2750 1901 2905 1971 pejor
2931 1901 3172 1958 scissura
3203 1902 3282 1958 ﬁt.
3314 1904 3504 1975 Neque
3542 1907 3760 1962 mittunt
3783 1908 3847 1963 vi-

2272 2010 2403 2049 num
2445 2010 2642 2048 novum
2688 1993 2740 2047 in
2792 2007 2940 2051 utres
2988 2007 3225 2065 veteres,
3262 1997 3506 2068 alioquin
3543 2008 3845 2071 rumpuntur

2271 2098 2443 2153 utres,
2481 2095 2536 2140 et
2571 2086 2756 2141 viuum
2800 2086 3118 2156 eﬁ'unditur,
3154 2099 3211 2144 et
3255 2098 3408 2147 utres
3454 2102 3709 2162 pereunt.
3751 2092 3844 2149 Sed

2270 2180 2457 2234 vinum
2480 2194 2678 2233 novmn
2712 2179 2764 2234 in
2797 2188 2945 2237 utres
2969 2196 3142 2236 novos
3168 2185 3414 2252 mittunt,
3448 2193 3507 2240 et
3536 2187 3701 2240 ambo
3731 2200 3843 2242 con-

2269 2282 2576 2328 servantur.
2618 2272 2820 2344 [Lxxtv,
2865 2272 2947 2345 2.]
3001 2273 3127 2328 llaec
3184 2273 3277 2330 illo
3321 2275 3583 2346 loquente
3633 2277 3700 2333 ad
3741 2292 3840 2345 eos,

2269 2380 2397 2420 ecce
2428 2365 2680 2435 princeps
2733 2382 2873 2420 unus
2911 2366 3169 2432 aceeSsit,
3210 2377 3266 2424 et
3299 2367 3569 2424 adorabat
3605 2385 3750 2438 eum,
3777 2371 3845 2426 di-

2271 2473 2404 2514 cens
2440 2476 2452 2512 :
2493 2472 2514 2498 ε
2547 2459 2799 2524 Domine,
2833 2460 2946 2515 ﬁlia
2980 2477 3101 2516 mea
3142 2461 3300 2530 modo
3326 2462 3584 2518 defuncta
3613 2475 3694 2520 est
3727 2465 3845 2520 :sed

2271 2552 2421 2615 veni,
2455 2551 2681 2620 impone
2709 2568 2928 2607 manum
2961 2562 3108 2609 tuam
3135 2571 3301 2626 super
3327 2571 3472 2625 eam,
3513 2567 3570 2613 et
3602 2559 3765 2614 vivet.
3789 2558 3846 2614 Et

2266 2657 2497 2714 surgens
2518 2643 2703 2710 Jesus,
2728 2648 3056 2716 sequebatur
3085 2664 3233 2712 eum,
3267 2657 3322 2703 et
3345 2649 3600 2720 discipuli
3628 2651 3766 2722 ejus.
3789 2650 3847 2705 Et

2266 2750 2396 2792 ecce
2427 2736 2643 2802 mulier,
2670 2754 2793 2808 qua:
2825 2740 3108 2811 sanguinis
3138 2739 3343 2796 ﬂuxum
3380 2744 3691 2813 patiebatur
3723 2745 3847 2800 duo-

2265 2829 2442 2885 decim
2472 2831 2650 2899 annis,
2678 2833 2918 2887 accessit
2950 2845 3116 2900 retro,
3150 2845 3206 2890 et
3237 2834 3414 2906 tetigit
3445 2836 3718 2893 ﬁmbriam
3744 2854 3850 2895 ves-

2267 2919 2474 2975 timenti
2505 2920 2643 2989 ejus.
2673 2921 2893 2977 Dicebat
2916 2924 3061 2978 enim
3094 2925 3237 2980 intra
3260 2940 3320 2980 se
3347 2941 3362 2982 :
3388 2925 3444 2981 Si
3479 2927 3717 2998 tetigero
3747 2939 3852 2984 tan-

2268 3024 2376 3068 tum
2417 3013 2806 3070 vestimentum
2836 3018 2979 3086 ejus,
3008 3018 3154 3074 salva
3183 3035 3300 3076 cro.
3329 3020 3401 3076 At
3427 3020 3588 3078 Jesus
3628 3039 3850 3079 conver-

2264 3121 2376 3174 sus,
2405 3116 2462 3163 et
2500 3107 2691 3163 videns
2725 3124 2871 3174 eam,
2908 3109 3043 3166 dixit
3087 3129 3100 3164 :
3141 3110 3389 3183 Couﬁde,
3437 3114 3572 3178 ﬁlia,
3605 3115 3744 3171 ﬁdes
3771 3124 3852 3171 tua

2268 3209 2319 3257 te
2363 3202 2566 3256 salvam
2615 3202 2762 3259 fecit.
2799 3205 2867 3258 Et
2903 3205 3053 3261 salva
3097 3205 3237 3263 faeta
3279 3219 3364 3263 est
3406 3210 3608 3266 mulier
3658 3228 3733 3266 ex
3773 3212 3852 3266 illa

2266 3293 2420 3349 hora.
2456 3295 2664 3351 Etcum
2697 3298 2939 3354 venisset
2961 3299 3122 3355 Jesus
3153 3299 3205 3355 in
3239 3300 3462 3357 domum
3490 3303 3781 3374 principis,
3802 3315 3852 3361 et

2262 3387 2491 3442 vidisset
2519 3389 2775 3445 tibicines
2799 3399 2853 3446 et
2889 3391 3100 3447 turbam
3127 3393 3563 3462 tumultuantem,
3591 3395 3813 3454 dicebat
3837 3414 3849 3448 :

2265 3479 2527 3536 llecedite
2561 3498 2573 3534 :
2604 3498 2713 3536 non
2739 3493 2824 3538 est
2851 3485 2998 3540 enim
3027 3495 3240 3541 mortua
3274 3488 3478 3557 puella,
3506 3489 3600 3544 sed
3630 3489 3850 3546 dormit.

2265 3571 2334 3626 Et
2358 3573 2853 3631 deridebanteum.
2888 3576 2957 3631 Et
2997 3591 3119 3632 cum
3159 3579 3329 3647 ejecta
3371 3591 3520 3636 esset
3561 3583 3743 3650 turba,
3774 3582 3850 3638 in-

2267 3666 2426 3720 travit
2462 3676 2554 3726 :et
2606 3669 2783 3724 tenuit
2828 3685 3048 3725 manum
3085 3672 3228 3741 ejus.
3261 3673 3327 3727 Et
3369 3677 3612 3730 surrexit
3650 3676 3848 3745 puella.

2265 3758 2329 3814 Et
2351 3760 2484 3816 exiit
2503 3761 2646 3816 fama
2673 3763 2788 3818 haec
2817 3764 2870 3819 iu
2899 3766 3210 3823 universam
3245 3776 3447 3823 terram
3478 3769 3845 3844 illam.[Lxxv,

2267 3849 2379 3922 10.]
2408 3853 2473 3906 Et
2502 3859 2820 3910 transeunte
2851 3856 2980 3914 inde
3023 3857 3176 3926 Jesu,
3201 3859 3374 3914 secuti
3417 3870 3547 3916 sunt
3576 3877 3700 3918 eum
3744 3864 3847 3918 duo

2263 3944 2414 4012 caeci,
2447 3946 2770 4016 clamantes,
2801 3959 2857 4004 et
2907 3951 3152 4008 dicentes
3185 3971 3198 4006 :
3227 3953 3493 4012 Miserere
3537 3959 3753 4024 nostri,
3777 3956 3845 4012 ﬁli

2263 4038 2458 4096 David.
2492 4042 2625 4097 Cum
2651 4055 2832 4099 autem
2859 4044 3098 4102 venisset
3124 4045 3370 4112 domum,
3401 4059 3748 4107 accesserunt
3783 4049 3846 4104 ad

2263 4146 2388 4186 eum
2417 4133 2568 4188 caeci.
2590 4133 2652 4188 Et
2687 4134 2918 4191 dieiteis
2942 4136 3104 4193 Jesus
3134 4156 3146 4192 :
3175 4138 3414 4196 Creditis
3440 4143 3566 4212 quia
3598 4143 3694 4199 hoc
3722 4156 3838 4212 pos-

2265 4237 2382 4277 sum
2435 4223 2667 4280 facered
2711 4226 2901 4283 vobis?
2954 4229 3154 4286 Dicunt
3191 4231 3280 4285 ei:
3330 4231 3550 4303 Utique,
3604 4235 3839 4290 Domine.

2261 4313 2416 4370 Tunc
2438 4315 2610 4386 tetigit
2644 4319 2833 4374 oculos
2859 4334 3076 4386 eorum,
3096 4322 3283 4378 dicens
3311 4324 3647 4382 :Secundum
3671 4325 3826 4381 ﬁdem

2262 4416 2498 4462 vestram
2531 4407 2628 4462 ﬁat
2653 4409 2832 4466 vobis.
2879 4411 2949 4466 Et
2992 4415 3166 4482 aperti
3210 4425 3343 4471 sunt
3377 4419 3522 4474 oculi
3551 4434 3756 4484 eorum,
3788 4428 3842 4474 ct

2264 4501 2629 4558 comminatus
2667 4513 2754 4558 est
2785 4504 2895 4559 illis
2925 4505 3106 4576 Jesus,
3135 4508 3325 4565 dicens
3355 4528 3369 4566 :
3403 4511 3590 4568 Videte
3625 4526 3689 4567 ne
3722 4512 3844 4582 quis

555 4588 697 4645 vade
721 4588 772 4644 in
797 4565 1029 4644 domum.
1047 4597 1214 4643 tuam.
1241 4588 1308 4643 Et
1329 4565 1593 4656 surrexit,
1615 4595 1668 4644 et
1692 4586 1830 4644 abiit
1852 4590 1903 4643 in
1931 4565 2150 4646 domum
2186 4565 2233 4626 ί)
2259 4592 2417 4647 sciat.
2442 4592 2525 4648 llli
2544 4605 2724 4651 autem
2752 4565 3476 4666 exeuntes,diﬁ‘amaverunt
3506 4619 3622 4659 eum
3648 4603 3700 4657 in
3728 4565 3842 4658 t'ota

511 4719 516 4724 ς
552 4694 730 4736 suam.
765 4679 1030 4736 Videntes
1054 4688 1238 4735 autem
1272 4678 1444 4734 turbze
1489 4677 1813 4746 timuerunt,
1847 4692 1899 4736 et
1943 4681 2154 4751 gloriﬁ-

552 4783 816 4832 caverunt
837 4773 1034 4841 Deum,
1059 4771 1149 4845 qui
1180 4771 1336 4829 dedit
1364 4781 1688 4843 potestatem
1719 4774 1886 4829 talem
1916 4773 2153 4829 homini-

553 4864 673 4921 bus.
711 4865 880 4940 [Lxxt,
913 4863 994 4936 2.]
1043 4864 1130 4932 Et,
1162 4878 1286 4920 cum
1337 4864 1598 4922 transiret
1629 4866 1755 4922 inde
1792 4865 1974 4932 .lcsus,
2019 4866 2155 4924 vidit

553 4957 834 5014 hominem
864 4961 1146 5014 sedentem
1186 4957 1242 5012 in
1288 4955 1521 5019 telonio,
1551 4957 1860 5013 Maltbaeum
1907 4961 2147 5018 nomine.

553 5047 625 5104 Et
647 5049 724 5105 ait
744 5049 822 5105 illi
842 5067 856 5105 :
875 5049 1118 5122 Sequere
1140 5064 1246 5106 me.
1277 5047 1345 5104 Et
1370 5064 1621 5120 surgens,
1647 5059 1866 5106 secutus
1895 5062 1977 5107 est
2000 5067 2145 5108 cum.

627 5172 652 5201 ³·
679 5163 882 5220 Iterum
932 5163 1040 5220 duo
1087 5165 1252 5221 verba
1298 5163 1562 5237 discipuli]
1587 5166 1722 5236 ejus,
1755 5179 1888 5221 mss.
1920 5164 2143 5237 Regina:

553 5242 736 5310 tacent
760 5254 774 5294 :
798 5251 1024 5310 quorum
1059 5244 1240 5310 tamen
1269 5235 1503 5291 alterum
1533 5235 1834 5310 dumtaxat,
1868 5237 1985 5310 sive
2005 5235 2136 5310 ejus,

553 5305 742 5378 _Gra:ca
790 5308 996 5377 aliquot
1034 5308 1274 5363 melioris
1313 5319 1457 5362 noue
1495 5308 1827 5377 exemplaria
1868 5305 2136 5378 ignorant.

553 5375 724 5454 Paulo
751 5375 930 5454 autem
955 5378 1112 5433 aliter
1142 5379 1304 5454 habet
1325 5388 1635 5454 contextus,
1656 5375 1761 5454 sua
1781 5375 2140 5454 «poqslﬂév'rs;

553 5449 598 5502 οἱ
624 5450 849 5520 μαθηταὶ
871 5450 1267 5524 ἤγειρωγαύτὸν,
1295 5458 1342 5503 et
1357 5449 1669 5524 _accedeutes
1699 5449 1944 5516 discipuli
1970 5453 2138 5524 susci-

553 5519 792 5574 tauerunt
815 5519 952 5574 eum.
983 5519 1090 5577 Sed
1138 5532 1190 5575 et
1229 5519 1372 5590 quod
1407 5522 1652 5590 proxime
1684 5528 1950 5593 sequitur,
1982 5521 2137 5579 Jesus

549 5604 749 5644 nomen
773 5599 934 5646 tacet.

623 5658 650 5698 ι’
673 5661 901 5740 ξτορτὶθ
931 5662 984 5718 in
1013 5661 1205 5740 Graeco
1226 5663 1549 5740 fretummon
1579 5671 1684 5740 est,
1706 5671 1760 5740 e_t
1788 5673 2131 5740 Γεργισηνῶν,

552 5740 654 5798 pro
683 5729 1068 5788 Caesenath
1085 5729 1236 5804 regio
1256 5731 1585 5804 appellatur.
1609 5733 1782 5792 Paulo
1803 5729 1966 5791 etiam
1984 5729 2129 5807 post,

2261 4693 2407 4742 terra
2447 4687 2558 4742 illa.
2602 4687 2855 4759 Egressis
2889 4703 3070 4749 autem
3104 4695 3235 4759 illis,
3261 4711 3392 4753 ecce
3437 4697 3746 4754 obtulerunt
3791 4698 3842 4752 ei

2256 4777 2531 4834 hominem
2571 4790 2807 4849 mutum,
2831 4783 3163 4842 da-monium
3196 4786 3510 4844 habentem.
3559 4789 3622 4844 Et
3659 4788 3840 4858 ejecto

2259 4870 2788 4939 daimonio,locutus
2821 4887 2903 4931 est
2926 4887 3134 4944 mulus,
3168 4888 3222 4936 et
3245 4880 3456 4936 mirata:
3486 4891 3610 4937 sunt
3636 4880 3836 4946 turba),

2259 4961 2507 5019 dicentes
2532 4981 2546 5018 :
2573 4963 2876 5038 Numquam
2906 4973 3162 5040 apparuit
3183 4972 3262 5028 sic
3291 4971 3344 5028 in
3366 4971 3560 5028 Israel.
3586 4973 3839 5027 Pharisaei

2255 5064 2437 5110 autem
2469 5054 2725 5112 dicebant
2749 5076 2762 5114 :
2790 5059 2848 5114 In
2883 5061 3130 5132 principe
3151 5062 3541 5121 daemoniorum
3563 5065 3704 5136 ejieit
3732 5065 3836 5120 da:-

2249 5173 2471 5256 jfepicaiv,
2501 5172 2650 5256 lange
2679 5191 2778 5245 pro
2803 5193 2909 5256 ποτε
2929 5178 3102 5251 longe,
3125 5179 3367 5256 abfuisse
3402 5198 3681 5254 porcorum
3706 5199 3836 5250 grex

2248 5243 2448 5314 dicitur
2481 5259 2496 5297 :
2525 5243 2764 5314 denique
2795 5258 2849 5302 et
2897 5243 3109 5306 locutos
3148 5243 3441 5308 daemones.
3493 5259 3536 5310 ri
3585 5243 3836 5314 ἐκϐἀῖλεις

2248 5313 2408 5402 ᾑθᾷςῖ
2440 5313 2714 5402 δπίῗθῗψδν
2735 5321 2860 5402 ,ἡμῖν
2879 5321 3119 5402 ,δεπελθεῖν
3161 5326 3232 5385 εἰς
3262 5330 3352 5384 τήν
3381 5327 3575 5398 ἀγέλην.
3605 5326 3659 5380 Si
3687 5313 3834 5396 ejicis

2245 5398 2359 5464 nos,
2385 5389 2808 5464 Rcrmiitegtobis
2839 5390 2982 5446 abire
3009 5395 3062 5446 in
3083 5409 3306 5464 gregem.
3341 5389 3449 5451 etc.

2328 5463 2350 5491 ε
2381 5453 2600 5541 Nomen.
2624 5459 2864 5541 Domine,
2893 5478 2989 5531 pro
3015 5453 3122 5530 quo
3161 5453 3383 5541 Caecus
3411 5475 3588 5523 textus
3609 5464 3692 5520 hic
3728 5465 3829 5519 ba-

2241 5521 2352 5608 bet.
2369 5521 2478 5608 ἑτι,
2509 5521 2912 5608 quia,_Regiua3
2942 5521 3088 5608 mss.
3106 5549 3327 5608 prorsus
3349 5521 3615 5608 ignorant.

2311 5593 2554 5679 d_Neque
2580 5593 2858 5679 ἰχῶ-αἶρε)
2873 5593 3196 5679 exemplari,
3225 5593 3400 5679 neque
3429 5610 3482 5664 in
3504 5606 3712 5664 Latinis
3738 5622 3829 5663 vc-

2243 5669 2568 5726 tustioribus
2597 5671 2752 5728 libris
2785 5673 3027 5730 additum
3041 5669 3359 5745 'est,'vobi's.
