3920 6200
140 225 228 280 555
1096 231 1544 291 EVANGELIUM
1585 234 1703 291 SEC

1815 236 1957 293 DUM
1998 239 2432 297 ΜΑΤΤΗιΕυΜ.

142 350 331 393 mones.
366 338 582 411 [LXXV],
612 339 692 410 2.]
714 339 778 395 Et
807 341 1071 397 circuibat
1094 344 1263 409 Jesus,
1286 366 1477 406 omnes
1507 351 1702 407 civita-

144 437 218 483 tes
235 438 283 484 et
304 432 544 495 castella,
573 430 773 486 docens
818 433 868 485 in
901 439 1190 506 synagogis
1230 456 1444 511 eorum,
1472 452 1527 498 et
1566 460 1702 513 prae-

146 519 315 577 dicans
344 522 677 593 evangelium
707 525 879 591 regni,
902 536 952 580 et
988 543 1186 583 curans
1225 546 1442 588 omnem
1472 536 1699 605 languo-

140 628 261 679 rem,
290 624 344 668 et
389 630 602 670 omnem
648 616 1035 674 inﬁrmitatem.
1083 619 1310 693 [Lxxvn,
1364 625 1443 695 6.]
1500 627 1703 683 Videns

139 714 297 759 autem
324 707 528 773 turbas,
565 707 824 764 misertus
851 720 935 765 est
964 714 1044 766 eis
1080 729 1093 765 :
1126 716 1249 784 quia
1289 728 1446 771 erant
1490 720 1697 786 vexati,

138 787 468 866 et'jacentes
517 800 661 855 sicut
718 817 847 857 oves
914 818 1022 859 non
1086 805 1347 863 habentes
1396 820 1694 880 pastorem.

140 887 356 959 [1.“an
390 889 469 961 5.]
504 890 657 946 Tunc
684 892 813 947 dicit
845 893 1129 965 discipulis
1174 900 1287 953 suis
1320 900 1549 956 :Messis
1585 904 1705 971 qui-

137 978 242 1033 dem
279 982 472 1051 multa,
505 984 745 1052 operarii
777 996 954 1041 autem
990 990 1167 1058 pauci.
1203 990 1409 1063 Rogate
1438 1009 1567 1064 ergo
1602 995 1706 1049 Do-

136 1071 318 1128 minum
365 1076 588 1143 messis,
622 1084 683 1132 ut
713 1086 738 1114 ει
781 1079 959 1135 mittat
1014 1084 1295 1152 operarios
1357 1086 1410 1140 in
1467 1102 1701 1143 messem

133 1179 289 1218 suam.

195 1258 334 1330 [Cap.
366 1258 438 1314 Χ.
475 1277 657 1327 uxrx,
680 1262 761 1333 2.]
788 1264 850 1319 Et
884 1269 1199 1323 convocatis
1229 1270 1516 1327 duodecim
1543 1274 1705 1329 disci-

127 1352 256 1419 pulis
285 1353 419 1419 suis,
444 1353 591 1409 dedit
610 1354 716 1411 illis
745 1367 1065 1425 potestatem
1091 1362 1378 1430 spirituum
1404 1367 1706 1423 immundo-

124 1461 256 1514 rum,
280 1456 339 1501 ut
354 1448 616 1517 ejicerent
643 1465 758 1515 eos,
783 1461 1107 1509 etcurarent
1129 1472 1344 1511 omnem
1368 1459 1706 1531 languorem,

123 1548 173 1593 et
200 1554 413 1595 omnem
440 1540 840 1599 infirmitatem.
876 1548 1065 1617 [Lxxx,
1089 1548 1168 1618 2.]
1198 1550 1491 1606 Duodecim
1526 1567 1706 1611 autem

122 1632 505 1701 Apostolorum
534 1636 756 1691 nomina
786 1648 914 1692 sunt
936 1638 1077 1694 bmc.
1114 1641 1347 1708 Primus,
1382 1646 1594 1713 Simon,
1615 1648 1710 1716 qui

123 1724 318 1780 dicitur
341 1725 559 1794 Petrus,
590 1736 646 1782 et
676 1729 924 1785 Andreas
968 1735 1134 1788 frater
1171 1734 1310 1803 ejus,
1343 1736 1581 1794 JaCobus
1608 1741 1707 1794 'I.e-

124 1818 308 1884 bedazi,
334 1827 391 1873 et
418 1818 661 1874 Joannes
692 1820 864 1877 frater
900 1824 1035 1894 ejus,
1068 1826 1369 1897 Philippus,
1397 1841 1450 1883 et
1482 1832 1707 1887 Bartho—

124 1909 361 1978 Ionicus,
395 1911 657 1981 Thomas,
689 1924 744 1969 et
773 1914 1064 1972 Matthmus
1101 1921 1451 1987 publicanus,
1475 1923 1707 1979 Jacobus

126 2002 346 2073 Alphzei,
378 2013 434 2061 et
463 2004 797 2075 Thaddzeus,
830 2009 1015 2065 Simon
1047 2012 1411 2081 Chananmus,
1444 2026 1498 2071 et
1539 2017 1706 2073 Judas

126 2094 398 2151 lscariotes
453 2096 586 2168 [ΑΙ.
643 2100 1020 2173 Schariotes],
1052 2106 1145 2174 qui
1200 2117 1253 2161 et
1308 2110 1531 2165 tradidit
1558 2128 1704 2166 eum.

125 2188 595 2261 [Lxxu,10.]llos
637 2192 925 2251 duodecim
968 2198 1118 2251 misit
1148 2198 1333 2266 Jesus,
1382 2204 1707 2273 praecipiens

128 2283 216 2351 eis,
249 2284 435 2339 dicens
470 2303 483 2339 :
522 2285 584 2340 In
612 2288 755 2341 viam
794 2289 1034 2359 gentium
1090 2308 1159 2347 ne
1207 2294 1490 2360 abieritis;
1544 2304 1600 2351 et
1650 2296 1705 2352 in

122 2374 146 2413 δ
172 2377 416 2433 civitates
442 2378 914 2437 Samaritanorum
952 2399 1021 2439 ne
1062 2385 1397 2441 intraveritis
1429 2406 1439 2439 :
1476 2389 1572 2443 sed
1612 2406 1705 2458 po-

123 2472 217 2525 tius
268 2472 343 2528 ite
389 2473 457 2528 ad
514 2489 683 2542 oves,
729 2492 849 2546 qua:
891 2479 1196 2547 perierunt,
1250 2480 1448 2535 domus
1506 2482 1699 2537 Israel.

117 2564 347 2635 [Luam
378 2566 476 2637 2.]
526 2568 731 2623 Euntes
783 2580 964 2627 autem
1020 2573 1351 2642 praedicate,
1401 2575 1701 2630 dicentes:

110 2659 241 2725 Quia
271 2663 733 2733 apprOpinquavit
761 2679 985 2737 regnum
1018 2668 1308 2723 cmlorum.
1334 2668 1587 2725 lntirmos
1611 2684 1703 2724 cu-

109 2762 247 2817 rate,
286 2762 529 2808 mortuos
572 2756 855 2823 suscitate,
884 2758 1136 2827 leprosos
1178 2759 1464 2826 mundate,
1498 2760 1703 2816 daemo-

104 2856 201 2897 nes
223 2843 427 2913 ejicite,
457 2847 628 2915 gratis
659 2848 965 2918 accepistis,
994 2850 1164 2919 gratis
1192 2851 1338 2905 date.
1364 2851 1547 2907 Nolite
1578 2868 1703 2922 pos-

105 2934 288 2991 sidere
314 2952 532 3005 aurum,
564 2953 741 3009 neque
773 2950 1084 3009 argentum,
1119 2959 1294 3013 neque
1326 2945 1614 3013 pecuniam
1646 2946 1699 3000 in

98 3030 252 3085 zonis
284 3029 485 3085 vestris
519 3046 534 3085 :
567 3045 674 3085 non
724 3048 907 3101 peram
939 3035 991 3088 in
1022 3035 1128 3101 via,
1163 3052 1339 3107 neque
1366 3038 1500 3093 duas
1542 3040 1693 3092 tuni—

3292 253 3398 309 551

1728 355 1778 416 Α
1807 382 1863 427 et
1893 375 2045 429 eritis
2086 376 2216 431 odio
2261 378 2516 431 omnibus
2549 388 2774 447 propter
2805 395 2998 436 nomen
3028 398 3208 441 meum
3247 406 3259 442 :
3308 393 3397 458 qui

1807 476 1985 519 autem
2020 471 2454 537 perseveraverit
2479 487 2648 542 usque
2673 473 2725 527 in
2751 473 2933 541 finem,
2954 474 3041 530 hic
3063 478 3246 533 salvus
3270 484 3396 536 erit.

1809 558 2049 629 [unm
2078 560 2188 631 10.]
2215 562 2347 616 Cum
2373 574 2553 618 autem
2580 576 2974 636 persequentur
2992 584 3085 622 vos
3109 571 3160 624 in
3184 572 3401 628 civitate

1808 653 1928 716 ista,
1964 652 2130 723 fugite
2161 655 2215 708 in
2244 657 2427 711 aliam.
2460 659 2628 712 Amen
2657 658 2783 713 dico
2803 660 2981 725 vobis,
3011 677 3116 716 non
3148 678 3399 722 consum-

1806 745 2025 800 mabitis
2046 747 2292 803 civitates
2316 749 2502 817 Israel,
2534 750 2709 807 donec
2736 753 2917 807 veniat
2945 753 3115 809 Filius
3145 757 3394 813 hominis.

1809 837 1897 909 [xc
1921 878 1937 902 ,
1981 835 2060 906 5.]
2105 837 2221 893 Non
2251 849 2334 895 est
2359 840 2657 910 discipulus
2688 859 2854 913 super
2883 846 3204 916 magistrum
3234 891 3249 916 ,
3302 866 3403 906 nec

1806 944 1999 985 servus
2032 946 2195 1001 super
2219 933 2500 988 dominum
2532 952 2714 991 suum.
2767 937 2977 993 Sufficit
3003 940 3301 1010 discipulo,
3346 952 3406 998 ut

1807 1020 1879 1074 sit
1906 1021 2047 1076 sicut
2080 1024 2338 1093 magister
2359 1025 2505 1092 ejus;
2542 1035 2598 1080 et
2622 1042 2801 1092 servo,
2828 1028 2969 1083 sicut
2990 1030 3243 1087 dominus
3264 1033 3402 1103 ejus.

1810 1112 1959 1184 [xc1,
1991 1113 2114 1185 10.]
2145 1116 2201 1171 Si
2232 1118 2677 1186 patremfamilias
2706 1121 3009 1178 Beelzebub
3040 1137 3401 1182 vocaverunt:

1806 1215 2010 1275 quanto
2046 1207 2221 1276 magis
2258 1208 2593 1265 domesticos
2630 1213 2781 1281 ejus?
2822 1214 2901 1270 Ne
2944 1232 3074 1287 ergo
3114 1219 3405 1275 timueritis

1807 1313 1927 1352 eos.
1964 1300 2114 1370 μου,
2147 1300 2225 1372 2.]
2257 1303 2396 1356 Nihil
2421 1306 2563 1358 enim
2588 1316 2671 1360 est
2700 1318 2978 1376 opertum,
3015 1313 3158 1380 quod
3184 1330 3290 1368 non
3320 1330 3406 1371 re-

1809 1390 2108 1457 velabitur;
2142 1404 2198 1449 et
2229 1395 2518 1459 occultum,
2551 1400 2695 1467 quod
2721 1416 2827 1454 non
2858 1401 3082 1457 scietur.
3113 1406 3294 1475 [ch",
3325 1409 3401 1476 5.]

1810 1482 1962 1550 Quod
1993 1484 2119 1540 dico
2148 1487 2304 1542 vobis
2336 1489 2388 1543 in
2425 1490 2664 1545 tenebris
2700 1534 2714 1557 ,
2762 1492 2922 1549 dicite
2971 1497 3024 1550 in
3075 1496 3279 1552 lumine
3310 1517 3324 1553 :
3356 1510 3410 1556 ct

1810 1574 1953 1643 quod
1979 1576 2031 1629 in
2056 1593 2187 1633 aure
2210 1580 2431 1647 auditis,
2460 1582 2748 1651 praidieate
2769 1600 2932 1654 super
2958 1596 3117 1642 tecta.
3147 1587 3214 1643 Et
3238 1590 3409 1645 nolite

1814 1666 2005 1723 timere
2026 1683 2142 1734 eos,
2174 1670 2265 1740 qui
2289 1672 2550 1727 occidunt
2577 1689 2805 1745 corpus,
2841 1678 3072 1732 animam
3095 1690 3273 1737 autem
3298 1698 3406 1737 non

1739 1740 1786 1799 Β
1812 1768 2041 1827 possunt
2066 1762 2317 1819 occidere
2348 1783 2362 1819 :
2396 1766 2489 1820 sed
2522 1740 2705 1835 potius
2734 1740 2920 1825 timete
2945 1787 3093 1839 eum,
3118 1774 3207 1843 qui
3233 1785 3413 1844 potest

1812 1863 1866 1907 et
1897 1855 2134 1909 animam
2165 1865 2219 1910 et
2248 1871 2451 1927 corpus
2498 1860 2727 1926 perdere
2757 1862 2810 1914 in
2843 1862 3171 1931 gehennam.
3217 1866 3409 1923 Nonne

1811 1944 1919 2000 duo
1945 1961 2194 2016 passeres
2222 1963 2345 2005 asse
2368 1963 2631 2005 veneunt:
2657 1963 2709 2006 et
2734 1969 2870 2008 unus
2891 1970 2959 2009 ex
2985 1955 3095 2010 illis
3119 1972 3223 2013 non
3250 1960 3410 2015 cadet

1812 2052 1975 2108 super
2006 2047 2209 2095 terram
2240 2042 2360 2098 sine
2388 2054 2539 2112 patre
2568 2048 2787 2101 vestro?
2818 2048 2996 2104 Vestri
3025 2060 3203 2106 autem
3227 2054 3410 2123 capilli

1810 2133 2003 2200 capitis
2034 2148 2228 2190 omnes
2260 2138 2530 2191 numerati
2577 2148 2720 2193 sunt.
2767 2139 2948 2197 Nolite
2992 2158 3121 2213 ergo
3165 2145 3357 2202 timere
3392 2164 3405 2201 :

1811 2224 1998 2278 multis
2024 2226 2342 2295 passeribus
2368 2229 2623 2284 meliores
2649 2232 2784 2286 estis
2812 2248 2929 2287 vos.
2960 2234 3148 2290 Omnis
3170 2252 3303 2308 ergo
3322 2238 3413 2309 qui

1810 2316 2156 2371 confitebitur
2189 2335 2275 2373 me
2302 2335 2487 2375 coram
2517 2321 2852 2389 hominibus,
2885 2328 3194 2383 confitebor
3222 2340 3276 2384 et
3307 2346 3408 2401 ego

1809 2422 1932 2462 eum
1962 2423 2144 2463 coram
2174 2409 2335 2465 Patre
2363 2428 2506 2477 meo,
2539 2414 2628 2483 qui
2654 2414 2708 2466 in
2736 2415 2892 2469 ccelis
2917 2427 2999 2471 εει
3029 2434 3041 2469 :
3073 2419 3087 2487 j
3113 2434 3234 2473 xcw
3254 2460 3272 2486 ,
3320 2421 3409 2491 2.]

1809 2502 1899 2571 qui
1930 2510 2112 2554 autem
2144 2505 2419 2571 negaverit
2450 2520 2536 2559 me
2566 2520 2748 2559 coram
2783 2506 3093 2563 hominibus
3123 2550 3137 2575 ,
3200 2514 3411 2581 negabo

1809 2602 1863 2646 et
1894 2608 1993 2662 ego
2022 2610 2144 2647 eum
2172 2608 2359 2649 coram
2394 2597 2551 2651 Patre
2580 2613 2720 2664 meo,
2752 2600 2841 2669 qui
2870 2600 2922 2653 in
2950 2602 3101 2656 ctelis
3126 2612 3228 2656 est.
3266 2604 3411 2676 [xcv,

1809 2683 1886 2753 5.]
1922 2685 2096 2739 Nolite
2124 2686 2379 2741 arbitrari
2408 2689 2529 2756 quia
2570 2704 2755 2757 pacem
2788 2692 3027 2746 venerim
3081 2694 3302 2752 mittere
3353 2696 3408 2752 in

1814 2783 2013 2830 terram
2044 2796 2055 2829 :
2085 2792 2190 2831 non
2216 2780 2337 2832 veni
2366 2794 2552 2847 pacem
2596 2780 2836 2851 mittere,
2862 2782 2955 2839 sed
2980 2784 3245 2853 gladium.
3278 2788 3410 2844 Veni

1809 2869 1952 2924 enim
1984 2884 2240 2939 separare
2270 2871 2539 2925 hominem
2572 2872 2836 2929 adversus
2861 2884 3066 2943 patrem
3095 2893 3251 2932 suum
3287 2921 3300 2942 ,
3350 2891 3405 2935 et

1808 2962 1969 3015 filiam
2001 2962 2266 3017 adversus
2294 2971 2523 3017 matrem
2558 2979 2710 3017 suam
2737 3005 2751 3028 ,
2803 2974 2857 3020 et
2906 2983 3100 3023 nurum
3148 2971 3409 3027 adversus

1806 3068 2021 3107 socrum
2050 3068 2201 3106 suam
2236 3071 2249 3107 :
2284 3062 2336 3106 et
2366 3053 2567 3107 inimici
2602 3054 2835 3111 hominis
2868 3099 2883 3125 ,
2937 3059 3221 3115 domestici
3266 3064 3404 3129 ejus.

95 3134 208 3187 cas,
271 3137 450 3194 neque
501 3124 899 3190 calceamenta,
953 3144 1131 3199 neque
1175 3131 1380 3200 virgam
1428 3148 1441 3185 :
1479 3132 1701 3201 dignum
1728 3131 1773 3195 C
1810 3146 1977 3215 [XCV],
2001 3142 2077 3211 5.]
2110 3142 2213 3209 Qui
2245 3152 2391 3197 amat
2419 3153 2623 3212 patrem
2650 3187 2663 3211 ,
2713 3157 2803 3201 aut
2832 3157 3058 3202 matrem
3086 3151 3207 3219 plus
3236 3168 3402 3222 quam

94 3213 249 3267 enim
283 3225 369 3270 est
399 3219 689 3287 operarius
714 3219 836 3273 cibo
872 3235 991 3275 suo.
1025 3222 1270 3292 Lucum,
1300 3221 1380 3294 2.]
1416 3222 1472 3276 1n
1509 3238 1698 3291 quam-

104 3321 344 3376 cumque
380 3319 561 3364 autem
587 3311 863 3366 civitatem
892 3322 985 3381 aut
1013 3313 1299 3367 castellum
1336 3314 1696 3382 intraveritis,

92 3395 459 3471 interrogate,
506 3403 629 3471 quis
678 3403 732 3457 in
776 3420 841 3458 ea
888 3404 1087 3475 dignus
1126 3406 1195 3459 sit
1229 3424 1241 3459 :
1273 3414 1329 3460 et
1370 3407 1440 3459 ibi
1484 3415 1701 3461 manete

92 3489 276 3549 donec
320 3495 554 3549 exeatis.
601 3495 945 3568 [cxxx1v,5.]
972 3499 1244 3555 lntrantes
1287 3510 1465 3555 autem
1510 3503 1563 3556 in
1600 3501 1701 3555 do-

91 3600 272 3654 mum,
305 3590 546 3645 salutate
574 3605 694 3645 eam
727 3590 975 3646 dicentes
1006 3610 1019 3644 ε
1046 3592 1157 3646 Pax
1184 3592 1308 3648 huic
1329 3593 1535 3648 domui.
1567 3594 1636 3648 Et
1658 3593 1702 3647 si

93 3680 322 3748 quidem
358 3681 525 3738 fuerit
562 3683 759 3737 domus
808 3683 901 3738 illa
952 3683 1135 3754 digna,
1172 3687 1355 3740 veniet
1384 3702 1483 3756 pax
1520 3697 1703 3741 veStra

90 3784 266 3840 super
296 3789 418 3829 eam
447 3792 461 3829 :
490 3776 537 3830 si
570 3786 752 3832 autem
801 3793 907 3831 non
950 3776 1111 3833 fuerit
1156 3780 1338 3850 digna,
1372 3796 1473 3850 pax
1522 3790 1703 3837 vestra

90 3876 417 3923 revertetur
448 3870 514 3924 ad
543 3885 660 3925 vos.

164 3958 396 4031 Ῐιιιιγ,
426 3961 509 4033 2.]
544 3963 611 4016 Et
640 3964 969 4035 quicumque
993 3982 1100 4021 non
1134 3968 1403 4036 receperit
1428 3983 1525 4023 vos
1552 4010 1566 4034 ,
1611 3984 1707 4023 ne-

89 4067 196 4119 que
243 4054 485 4111 audierit
526 4071 815 4113 sermones
862 4070 1118 4115 vestros:
1167 4070 1432 4117 exeuntes
1464 4064 1606 4117 foras
1637 4062 1704 4117 de

87 4141 261 4200 domo
285 4190 301 4212 ,
353 4149 436 4205 vel
468 4149 695 4205 civitate
720 4192 734 4215 ,
782 4154 1023 4209 excutite
1068 4154 1348 4224 pulverem
1380 4156 1447 4209 de
1480 4155 1707 4225 pedibus

90 4243 323 4298 vestris.
374 4247 550 4302 Amen
595 4245 718 4301 dico
759 4248 959 4303 vobis:
994 4249 1354 4305 Tolerabilius
1398 4252 1503 4306 erit
1551 4259 1708 4305 terra:

89 4332 498 4404 Sodomorum,
534 4347 590 4393 et
618 4339 1095 4396 Gomorrhaeorum
1120 4342 1175 4396 in
1199 4343 1515 4411 diejudicii,
1547 4358 1707 4413 quam

89 4424 169 4480 illi
214 4430 449 4485 civitati.
505 4432 767 4504 [Lxxxvi,
802 4433 899 4506 5.]
949 4436 1086 4490 Ecce
1117 4450 1217 4507 ego
1249 4435 1407 4489 mitto
1434 4450 1531 4490 vos
1570 4436 1710 4491 sicut

93 4533 227 4576 oves
258 4527 317 4578 in
349 4526 531 4581 medio
559 4526 833 4596 luporum.
869 4528 1054 4583 Estote
1080 4544 1209 4598 ergo
1237 4529 1534 4598 prudentes
1564 4530 1707 4585 sicut
1736 4520 1785 4579 Β

96 4626 410 4686 serpentes,
444 4627 499 4674 et
523 4619 806 4688 simplices
833 4619 973 4676 sicut
1000 4622 1285 4677 columbrc.
1319 4622 1597 4694 [LXXXVI],
1631 4625 1705 4693 1.]

96 4702 302 4764 Cavete
327 4720 506 4766 autem
538 4712 610 4766 ab
650 4710 986 4767 hominibus.
1032 4713 1276 4769 Tradent
1316 4717 1458 4770 enim
1508 4732 1606 4772 vos
1654 4718 1705 4770 in

100 4799 379 4868 conciliis,
409 4812 461 4857 et
492 4803 545 4856 in
575 4803 869 4873 synagogis
892 4804 1005 4859 suis
1027 4806 1380 4875 ﬂagellabunt
1404 4823 1533 4862 vos:
1558 4816 1613 4863 et
1641 4808 1703 4862 ad

105 4895 377 4957 prmsides
406 4906 464 4952 et
488 4896 556 4951 ad
586 4912 744 4968 reges
776 4897 1052 4954 ducemini
1086 4909 1309 4970 pr0pter
1338 4918 1442 4965 me,
1472 4900 1525 4956 in
1555 4902 1705 4957 teSti-

105 4987 352 5041 monium
376 4988 512 5053 illis,
547 4998 602 5042 ct
629 4990 903 5058 gentibus.
938 4992 1219 5064 [cxxxvni,
1253 4990 1332 5061 2.]
1363 4993 1496 5047 Cum
1528 5003 1707 5048 autem

111 5076 329 5132 tradent
354 5095 448 5134 vos
472 5121 487 5145 ,
529 5080 696 5135 nolite
721 5082 958 5151 cogitare
985 5084 1258 5153 quomodo
1286 5126 1300 5151 ,
1346 5094 1437 5138 aut
1468 5084 1591 5154 quid
1626 5086 1703 5138 lo-

113 5173 349 5235 quamini
379 5189 393 5225 :
424 5173 646 5228 dabitur
675 5174 820 5228 enim
851 5175 1010 5230 vobis
1042 5174 1095 5229 in
1133 5176 1225 5230 illa
1250 5175 1381 5231 hora
1409 5219 1422 5242 ,
1466 5176 1594 5247 qttid
1627 5177 1705 5231 lo-

116 5265 370 5329 quamini.
418 5266 536 5321 Non
574 5267 719 5322 enim
747 5282 846 5321 vos
881 5269 1016 5323 esris
1042 5310 1056 5334 ,
1104 5271 1193 5338 qui
1238 5270 1516 5336 loquimini
1548 5315 1560 5338 ,
1613 5271 1709 5327 sed

121 5352 346 5422 Spiritus
371 5360 547 5414 Patris
577 5362 745 5415 vestri
776 5402 788 5425 ,
838 5364 925 5431 qui
956 5362 1193 5432 loquitur
1221 5364 1274 5418 in
1304 5365 1479 5419 vobis.
1512 5366 1711 5420 'l‘radet

129 5455 297 5504 autem
323 5451 487 5507 frater
516 5453 736 5507 fratrem
765 5454 817 5508 in
852 5464 1105 5521 mortem,
1136 5464 1189 5510 et
1220 5466 1377 5526 pater
1410 5458 1575 5511 lilium
1610 5478 1621 5511 :
1658 5469 1713 5512 et

135 5534 393 5614 iusurgent
420 5546 517 5601 filii
551 5545 605 5601 in
640 5558 893 5615 parentes
919 5589 935 5615 ,
986 5558 1040 5602 et
1085 5557 1260 5604 morte
1291 5565 1387 5605 eos
1420 5548 1661 5602 afficiunt
1695 5566 1707 5603 :

144 5668 223 5781 Μελ
248 5659 607 5790 ριὲιέιλξίεείηιε
628 5678 783 5727 mss.,
822 5674 875 5717 ut
908 5666 1101 5733 ejiciat,
1128 5667 1347 5735 propius
1372 5666 1562 5721 Graeco
1588 5682 1704 5721 ver-

212 5771 223 5790 .
253 5751 301 5787 εκ
414 5757 475 5790 .η.

212 5771 223 5797 ,
253 5751 475 5805 executio.

398 5831 669 5893 Panos.
720 5832 963 5892 XXIX.

1802 3251 1890 3290 me
1921 3278 1936 3302 ,
1997 3252 2105 3290 non
2164 3244 2248 3291 est
2299 3252 2384 3291 me
2432 3237 2625 3306 dignus
2682 3257 2693 3289 :
2744 3248 2799 3294 et
2850 3240 2941 3310 qui
2990 3254 3137 3296 amat
3190 3243 3359 3299 filium

1804 3336 1896 3380 aut
1943 3324 2109 3379 ﬁliam
2158 3342 2320 3396 super
2360 3342 2473 3393 me,
2523 3344 2629 3381 non
2675 3337 2758 3382 est
2806 3344 2893 3384 me
2933 3330 3148 3401 dignus.
3198 3333 3265 3388 Et
3316 3340 3413 3404 qu’

1804 3436 1910 3475 non
1962 3421 2159 3489 accipit
2215 3436 2430 3475 crucem
2482 3435 2674 3487 suam,
2728 3431 2784 3476 et
2827 3423 3075 3493 sequitur
3119 3441 3243 3490 me,
3299 3444 3409 3483 non

1806 3522 1890 3568 est
1941 3528 2026 3567 me
2082 3512 2295 3581 dignus.
2353 3513 2547 3583 havri,
2596 3513 2683 3583 5.]
2740 3514 2842 3582 Qui
2897 3517 3107 3573 invenit
3159 3520 3397 3575 animam

1805 3622 1993 3675 suam,
2054 3608 2240 3674 perdet
2291 3608 2435 3661 illam
2496 3625 2511 3665 :
2562 3617 2618 3662 et
2673 3610 2761 3680 qui
2821 3611 3118 3679 perdiderit
3163 3616 3402 3668 animant

1806 3712 1957 3752 suam
2008 3713 2207 3768 prOper
2254 3714 2373 3763 me,
2427 3700 2664 3755 inveniet
2714 3717 2854 3756 eam.
2909 3703 3122 3774 [xcvut,
3169 3706 3244 3773 1.]
3303 3707 3386 3774 Qu

1808 3792 2002 3863 recipit
2029 3809 2125 3847 vos
2151 3836 2165 3861 ,
2212 3809 2298 3849 me
2328 3794 2565 3864 recipit:
2598 3807 2653 3851 et
2677 3797 2766 3865 qui
2804 3812 2889 3851 me
2928 3799 3117 3866 recipit
3150 3840 3162 3860 ,
3219 3800 3409 3867 recipit

1809 3902 1955 3953 eum,
1989 3886 2081 3956 qui
2112 3901 2198 3940 me
2231 3886 2398 3941 misit.
2434 3888 2443 3959 [
2475 3903 2631 3953 χαις,
2661 3888 2748 3943 10.
2785 3888 2792 3957 ]
2825 3889 2923 3956 Qui
2954 3890 3145 3960 recipit
3175 3892 3411 3961 prophe-

1814 3987 1921 4031 tam
1950 3975 2004 4030 in
2033 3978 2252 4031 nomine
2282 3979 2584 4048 prOphetaa,
2620 3982 2926 4037 mercedem
2960 3984 3241 4053 propheta:
3267 3989 3412 4041 acci-

1812 4072 1925 4141 piet
1958 4088 1968 4123 :
2001 4080 2057 4125 et
2089 4071 2182 4141 qui
2217 4073 2408 4141 recipit
2432 4073 2636 4141 justum
2670 4076 2722 4129 ir.
2752 4077 2972 4132 nomine
2996 4079 3125 4147 justi
3149 4124 3162 4147 ,
3202 4097 3408 4136 merce-

1812 4164 1933 4219 dem
1980 4163 2111 4233 justi
2157 4166 2401 4235 accipiet.
2454 4166 2564 4236 ]c,
2603 4169 2699 4239 6.]
2752 4171 2815 4223 Et
2846 4172 3172 4243 quicumque
3219 4188 3408 4244 potum

1812 4256 2027 4311 dederit
2068 4257 2157 4310 uni
2202 4273 2269 4325 ex
2302 4259 2536 4313 minimis
2587 4260 2703 4315 istis
2744 4264 2969 4318 calicem
3004 4282 3156 4335 aquae
3205 4268 3408 4335 frigida:

1815 4360 2017 4404 tantum
2049 4351 2099 4403 in
2133 4350 2352 4406 nomine
2382 4351 2635 4422 discipuli
2671 4371 2681 4406 :
2713 4370 2868 4409 amen
2902 4356 3024 4409 dico
3056 4358 3205 4411 vobis
3234 4401 3246 4423 ,
3300 4375 3407 4414 uolt

1816 4441 2003 4512 perdet
2038 4442 2343 4497 mercedem
2369 4459 2545 4498 suam.

1886 4535 2032 4605 [ϐαρ.
2071 4533 2163 4588 XI.
2197 4534 2412 4603 cr,1t).|
2461 4537 2525 4589 Et
2572 4536 2768 4591 factum
2812 4550 2936 4603 est,
2985 4555 3105 4593 cum
3150 4555 3408 4597 consum-

1813 4639 2013 4685 masset
2042 4630 2224 4693 Jesus,
2274 4632 2593 4701 praecipiens
2619 4633 2909 4687 duodecim
2942 4634 3219 4704 discipulis
3247 4639 3361 4691 suis
3390 4682 3404 4706 ,

1815 4721 2028 4775 transiit
2059 4721 2204 4787 inde,
2242 4730 2296 4774 ut
2323 4721 2563 4791 doceret,
2599 4733 2654 4777 et
2678 4724 2993 4791 praedicaret
3024 4726 3073 4779 in
3098 4727 3405 4784 civitatibus

1812 4829 2022 4868 eorum.
2059 4816 2172 4886 Ion,
2205 4814 2282 4882 5.]
2311 4814 2547 4870 Joannes
2578 4826 2754 4871 autem
2787 4833 2909 4872 cum
2940 4819 3180 4872 audisset
3212 4822 3261 4874 in
3290 4826 3407 4879 vin-

1812 4907 1945 4960 culis
1977 4922 2144 4976 Opera
2177 4907 2409 4974 Christi,
2444 4909 2664 4961 mittens
2693 4909 2831 4964 duos
2861 4910 2927 4964 de
2960 4910 3242 4980 discipulis
3269 4918 3403 4981 suis,

1815 5001 1889 5053 ait
1923 5000 2038 5054 illi:
2070 5000 2148 5054 Tu
2181 5015 2271 5065 cs,
2300 5003 2392 5069 qui
2418 5009 2673 5053 venturus
2702 5016 2763 5055 es
2786 5042 2800 5065 ,
2835 5018 2899 5054 an
2933 5002 3097 5055 alium
3124 5018 3405 5075 exspecta-

1818 5094 1970 5146 mus?
2000 5093 2068 5145 Et
2091 5091 2423 5160 respondens
2444 5090 2599 5144 Jesus
2622 5091 2694 5144 ait
2719 5093 2854 5146 illis:
2879 5094 3080 5149 Euntes
3102 5098 3407 5153 renuntiate

1813 5183 2007 5238 Joanni
2040 5200 2156 5252 qum
2190 5184 2419 5237 audistis
2453 5192 2505 5235 et
2537 5183 2768 5240 vidistis.
2801 5188 2937 5240 (Σικρὶ
2970 5188 3187 5252 vident,
3232 5189 3406 5243 claudi

1815 5276 2111 5339 ambulant,
2144 5276 2341 5344 leprnsi
2372 5277 2724 5341 mundantur,
2758 5281 2903 5334 surdi
2934 5280 3179 5344 audiunt,
3209 5284 3407 5337 mortui

1816 5376 2103 5435 resurgunt
2129 5408 2141 5430 ,
2176 5384 2441 5437 pauperes
2470 5370 2912 5437 cvangelizantur
2938 5390 2951 5426 :
2985 5384 3035 5427 et
3066 5374 3253 5427 beatus
3281 5384 3403 5441 est,

1816 5461 1903 5529 qui
1936 5474 2040 5512 non
2071 5458 2231 5512 fuerit
2272 5460 2671 5515 scandalizatus
2706 5465 2759 5517 in
2787 5480 2893 5519 me.
2944 5466 3055 5519 lllis
3091 5476 3269 5519 autem
3314 5468 3403 5519 ab.

1816 5549 2070 5604 euntibus
2095 5590 2110 5615 ,
2158 5551 2325 5618 coepit
2362 5550 2520 5606 Jesus
2549 5552 2731 5608 dicere
2757 5554 2822 5607 ad
2848 5556 3036 5611 turbas
3064 5556 3128 5611 de
3157 5557 3365 5611 Jwattm;
3395 5577 3406 5613 :

1887 5666 1911 5702 l'
1956 5664 2145 5720 Minori
2182 5683 2405 5721 numero
2431 5669 2703 5742 civitatem,
2739 5681 2791 5723 ut
2824 5671 2874 5723 in
2899 5672 3089 5726 Gra'co
3122 5682 3201 5727 est
3236 5682 3410 5742 textu,

1819 5754 1957 5792 unus
1984 5753 2197 5808 quoque
2228 5754 2258 5795 c
2288 5739 2487 5793 nosu'is
2514 5753 2643 5795 mss.
2670 5742 2905 5809 prtcfert.

2813 5841 2887 5903 18
