3920 6200
463 246 573 307 ess
1456 224 1527 283 s.
1562 204 1957 279 HIERONYMI
1982 191 2230 271 ‘mvtNA
2269 194 2747 268 ramoraum.
3144 193 3165 208 '
3699 184 3803 248 ssc

464 356 607 431 Quid
635 351 831 412 existis
855 351 911 407 in
944 346 1224 403 desertum
1251 337 1480 396 videre?
1527 334 1855 393 arundinem
1891 336 2057 386 vento
2085 326 2279 389 A‘Non
2306 326 2515 400 legistis
2534 324 2663 397 quid
2693 321 2881 381 fecerit
2902 317 3096 387 David,
3118 310 3338 389 quando
3359 310 3596 380 esuriit,
3628 318 3690 365 et
3711 311 3802 380 qui

1745 428 1755 431 ‘
2018 423 2031 431 ‘
2559 428 2566 431 λ
2869 415 2883 431 ι
2952 415 2964 427 ·
3012 423 3023 431 -
3068 410 3171 431 -ηε-
3205 410 3255 431 εΔ
3291 407 3512 431 Δ-........
3556 403 3662 431 nn:
3752 409 3801 431 --

473 403 753 526 :gitatam.
796 442 903 502 Sed
943 438 1073 511 quid
1101 436 1295 495 existis
1324 432 1551 490 videre?
1610 428 1886 487 hominem
1923 423 2066 481 mol-
2168 439 2296 482 cum
2328 438 2394 480 eo
2418 428 2572 479 erant
2599 437 2614 479 :
2645 415 2922 491 quomodo
2952 410 3177 503 intravit
3205 410 3259 497 in
3287 407 3513 465 domum
3552 403 3707 471 Dei,
3752 409 3804 456 et

1726 524 1736 526 _
2017 517 2030 526 .
2580 513 2592 526 ο
2622 513 2633 525 ι
2720 513 2729 523 ι
2848 524 2915 526 νη
2938 506 3037 526 ρυι
3136 517 3269 526 ω---
3316 516 3422 526 ..κη
3474 496 3702 526 ιζηηιυιο
3754 494 3799 526 ης

476 494 623 603 libus
658 537 956 598 vestitum?
1004 534 1146 591 Ecce
1182 531 1277 603 qui
1318 528 1574 586 mollibus
1603 524 1909 583 vestiuntur
1943 562 1960 589 ,
2016 517 2069 573 in
2171 532 2340 591 panes
2376 513 2765 588 propositionis
2802 494 3079 577 comedit,
3130 494 3272 577 quos
3308 494 3427 585 non
3474 496 3707 583 licebat
3753 494 3804 550 ei

476 635 728 696 domibus
755 645 939 702 regum
978 636 1123 684 sunt.
1157 623 1268 681 Sed
1289 620 1417 694 quid
1442 618 1635 677 existis
1660 616 1851 674 videre
1870 615 1898 669 ?
1939 612 2073 669 Pro-
2175 611 2339 671 edere
2364 652 2379 677 ,
2421 610 2601 681 neque
2631 603 2717 662 his
2741 646 2757 673 ,
2796 603 2889 676 qui
2919 618 3041 659 cum
3066 615 3132 655 eo
3162 604 3354 663 erant,
3386 593 3492 651 nisi
3524 584 3684 648 solis
3715 602 3806 643 sa-

479 684 973 802 phetamiE'tiam
1009 719 1139 777 dico
1160 684 1327 775 vobis
1347 758 1364 785 ,
1397 722 1455 772 et
1480 713 1607 786 plus
1635 726 1796 783 quam
1841 706 2073 781 propbe-
2177 702 2538 764 cerdotibus‘?
2569 703 2724 776 [cxv,
2757 697 2870 772 10.]
2892 697 2999 752 Aut
3022 709 3131 777 non
3160 690 3371 764 legistis
3402 690 3453 744 in
3478 688 3638 760 lege,
3675 684 3808 756 quia

483 781 612 879 iam.
640 820 776 894 [c111,
797 814 881 886 2.]
907 815 1003 870 llic
1022 822 1110 871 est
1129 812 1277 869 enim
1300 781 1369 866 de
1388 781 1503 881 quo
1518 781 1786 876 scriptum
1807 804 1919 859 est:
1940 799 2080 855 Ecce
2180 799 2421 858 sabbatis
2451 796 2773 855 sacerdotes
2802 792 2856 848 in
2889 789 3091 861 templo
3130 785 3417 843 sabbatum
3447 781 3670 838 violant
3698 822 3714 847 ,
3752 784 3811 833 et

2036 888 2077 894 .-
2392 891 2405 894 -
2471 891 2481 894 -
2728 874 2839 894 λλ.
3018 891 3027 894 _
3575 870 3806 894 um,‘

482 929 586 987 ego
628 870 786 968 mitto
830 906 1086 978 angelum
1125 918 1307 961 meum
1337 910 1463 958 ante
1502 897 1703 954 faciem
1732 904 1888 951 tuam
1923 934 1939 961 ,
1989 888 2083 960 qui
2184 895 2302 951 sine
2329 891 2558 947 crimine
2588 885 2751 944 sunt?
2774 874 2913 941 Dico
2940 891 3124 938 autem
3161 877 3323 935 vobis
3345 918 3362 943 ,
3406 875 3525 955 quia
3574 870 3809 942 templo

473 962 813 1079 pi‘aeparabit
836 962 980 1057 viain
1024 1006 1172 1054 tuam
1196 1003 1329 1052 ante
1370 1002 1443 1049 te.
1476 991 1583 1065 [civ
1610 1032 1627 1060 ,
1654 986 1735 1060 5.]
1766 989 1938 1043 Amen
1963 982 2085 1039 dico
2184 984 2359 1058 major
2384 974 2602 1040 est'bic.
2653 980 2711 1036 Si
2759 987 2938 1034 autem
2962 972 3180 1031 sciretis
3206 1011 3223 1040 ,
3260 968 3393 1042 quid
3415 977 3525 1024 est:
3564 962 3813 1021 Miseri-

485 1058 684 1079 τ-πεη-
750 1058 755 1059 κ
1480 1058 1497 1065 ,
1612 1058 1618 1060 .
1720 1058 1727 1060 _

485 1101 680 1168 vobis,
731 1112 842 1154 non
893 1093 1137 1151 surrexit
1186 1091 1330 1146 inter
1374 1095 1534 1143 natos
1574 1081 1864 1141 mulierum
1915 1075 2089 1147 major
2189 1078 2429 1135 cordiam
2459 1074 2585 1131 volo
2612 1114 2626 1141 ,
2670 1081 2727 1128 et
2765 1082 2871 1127 neu
2902 1058 3227 1124 sacrificium
3269 1081 3285 1120 :
3332 1073 3633 1132 numquam
3663 1072 3808 1112 con-

484 1199 699 1255 Joanne
722 1190 966 1263 Baptista
991 1204 1007 1241 :
1047 1187 1140 1259 qui
1170 1195 1353 1242 autem
1382 1182 1560 1239 minor
1584 1178 1755 1237 estin
1774 1186 1951 1247 regno
1981 1176 2092 1229 θῶ·
2192 1167 2556 1228 demnassetis
2590 1167 2930 1221 innocentes.
2983 1161 3131 1233 [cxvr
3156 1198 3172 1225 ,
3202 1153 3297 1249 92.]
3343 1152 3615 1235 Dominus
3643 1150 3807 1206 enim

2193 1276 2277 1325 est
2304 1262 2476 1322 Filius
2498 1261 2739 1319 hominis
2762 1258 2926 1315 etiam
2953 1252 3187 1312 sabbati.
3212 1253 3432 1325 Etcum
3456 1249 3584 1306 inde
3617 1257 3810 1304 trans-

490 1291 695 1355 lorum,
713 1284 888 1355 major
912 1291 1000 1339 est
1026 1280 1144 1336 illo.
1176 1278 1288 1350 [cv,
1319 1275 1400 1347 5.]
1434 1277 1473 1330 A
1499 1272 1693 1330 diebus
1717 1279 1899 1326 amem
1930 1266 2095 1322 Joan-
2193 1276 2277 1325 est
2304 1266 2476 1322 Filius
2498 1266 2739 1319 hominis
2762 1266 2926 1315 etiam
2953 1266 3187 1312 sabbati.
3213 1266 3283 1308 bl
3304 1266 3343 1331 c]

493 1384 579 1441 nis
628 1378 887 1450 Baptistae
934 1388 1109 1445 usque
1161 1384 1306 1427 nunc
1333 1411 1346 1436 ,
1396 1382 1628 1440 regnum
1669 1364 1939 1423 ccelorum
1980 1359 2097 1415 vim
2196 1361 2373 1430 isset,
2422 1355 2573 1413 venit
2612 1355 2666 1411 in
2709 1365 3040 1443 synagogam
3075 1361 3288 1405 eorum.
3344 1345 3413 1400 Et
3451 1358 3577 1399 ecce
3628 1341 3811 1395 homo

498 1426 747 1549 patitur:
780 1481 835 1526 et
866 1426 1095 1525 violenti
1120 1466 1332 1537 rapiunt
1363 1426 1519 1517 illud.
1554 1461 1665 1534 [ενι
1692 1500 1707 1527 ,
1737 1450 1855 1527 HL]
1894 1454 2100 1510 Omnes
2200 1426 2421 1509 manum
2448 1440 2658 1505 habens
2691 1426 2896 1502 aridam
2927 1486 2942 1512 ,
2991 1451 3048 1499 et
3076 1437 3478 1523 interrogabant
3500 1451 3627 1492 eum
3655 1474 3674 1503 ,
3723 1432 3812 1488 di-

498 1528 651 1626 gnim
678 1561 963 1636 prophetae
986 1568 1044 1615 et
1070 1528 1203 1624 lex;
1214 1570 1392 1626 usque
1420 1552 1488 1610 ad
1519 1528 1787 1609 Joannem
1813 1589 1829 1614 ,
1851 1543 2100 1618 prophe-
2198 1555 2390 1636 centes
2418 1561 2433 1599 ;
2461 1538 2517 1600 Si
2539 1540 2666 1599 licet
2693 1528 2935 1609 sabbatis
2959 1534 3190 1593 curare?
3218 1542 3278 1590 ut
3301 1537 3618 1605 accusarent
3640 1543 3809 1613 eum.

498 1604 759 1717 taverulnt
784 1604 884 1710 et
911 1654 959 1709 si
988 1650 1153 1707 vultis
1184 1604 1437 1719 recipere
1457 1688 1472 1713 ,
1507 1646 1626 1716 ipse
1655 1652 1739 1701 est
1760 1641 1912 1697 Elius
1943 1680 1959 1704 ,
2009 1635 2101 1708 qui
2129 1714 2167 1719 _
2196 1624 2323 1710 ipse
2348 1645 2527 1691 autem
2561 1630 2699 1689 dixit
2726 1626 2834 1688 illis
2862 1604 3039 1697 :iQuis
3068 1628 3178 1684 erit
3204 1641 3276 1683 ex
3304 1604 3456 1681 vobis
3482 1621 3674 1690 homo,
3694 1604 3809 1692 ‘qui

502 1761 766 1808 venturus
789 1754 892 1802 est.
923 1742 1025 1812 Qui
1040 1741 1210 1799 habet
1233 1714 1393 1795 aures
1415 1714 1694 1802 audiendi,
1717 1732 1917 1789 audiat.
1946 1730 2098 1803 ['cvu,
2129 1714 2176 1774 Β
2207 1726 2407 1788 haheat
2440 1744 2600 1786 ovem
2625 1726 2807 1783 ’unam
2831 1765 2848 1793 ,
2894 1732 2949 1780 et
2974 1723 3021 1778 si
3051 1720 3314 1800 ceciderit
3342 1717 3458 1773 ham
3480 1715 3728 1775 sabbatis
3757 1714 3809 1767 in

503 1842 701 1914 5.]Cui
724 1848 904 1895 autem
924 1825 2099 1903 similemmstimabogenerationemistam?
2203 1822 2439 1889 foveam,
2492 1835 2672 1876 nonne
2714 1815 2958 1883 tenebit,
3012 1812 3316 1897 et_levabit
3356 1809 3525 1867 eam?
3583 1808 3808 1877 Quanto

507 1890 715 1994 Siinilis
738 1938 823 1987 est
848 1927 1033 2000 pueris
1059 1924 1382 1983 sedentibus
1404 1924 1463 1979 in
1481 1890 1648 1989 iero,
1679 1921 1774 1993 qui
1805 1921 2102 1977 clamantes
2206 1916 2378 1989 magis
2408 1906 2602 1971 melior
2650 1923 2731 1969 εει
2756 1909 2925 1966 homo
2972 1890 3114 1991 ove!
3158 1890 3353 1977 itaque
3386 1903 3520 1979 licet
3561 1899 3807 1957 sabbatis

506 1983 882 2097 coaequalibus
908 2019 1142 2076 dicunt:
1188 2015 1500 2074 Cecinimus
1534 1983 1733 2083 vobis“,
1780 2021 1972 2070 et'non
1997 2012 2101 2068 sal-
2196 1983 2552 2067 benefacere.
2614 2003 2765 2060 Tunc
2815 2002 2892 2060 ait
2947 1983 3152 2055 homini
3206 2015 3222 2054 :
3276 1994 3526 2052 Extende
3581 2007 3806 2049 manum

506 2124 665 2183 lastis
695 2141 709 2179 :
737 2116 1182 2183 lamentav‘imus,
1210 2123 1269 2171 et
1296 2128 1405 2170 non
1428 2112 1745 2184 planxistis.
1778 2108 1944 2166 Venit
1964 2105 2102 2162 enim

507 2220 752 2276 Joannes
778 2224 955 2285 neque
984 2208 1342 2272 manducans,
1370 2220 1550 2276 neque
1570 2200 1785 2269 bibens,
1803 2208 1866 2257 et
1888 2199 2102 2255 dicunt:

508 2307 846 2367 Daemouium
874 2303 1061 2359 habet.
1107 2299 1270 2355 Venit
1303 2297 1476 2353 Filius
1504 2295 1739 2351 hominis
1772 2292 2110 2349 manducans

509 2411 565 2459 et
589 2399 805 2466 bibens,
837 2404 891 2452 et
918 2394 1147 2450 dicunt:
1183 2391 1328 2447 Ecce
1354 2390 1518 2445 homo
1548 2400 1719 2443 vorax
1749 2428 1763 2454 ,
1803 2392 1860 2443 e't
1893 2392 2110 2456 potator

510 2491 646 2560 vini,
680 2488 1098 2562 publicanorum
1130 2494 1187 2541 et
1214 2492 1564 2555 peccatorum
1595 2481 1825 2535 anticus.
1859 2478 1926 2533 Et
1952 2476 2111 2549 justi-

512 2585 670 2643 ﬁca'la
697 2589 781 2639 cst
808 2579 1078 2651 sapientia
1102 2593 1133 2633 a
1158 2575 1286 2632 ﬁliis
1314 2575 1447 2631 suis.
1474 2574 1643 2645 [cvm,
1669 2571 1748 2644 5.]
1773 2571 1926 2627 Tunc
1946 2568 2114 2640 cmpit

513 2674 851 2747 exprobrare
878 2669 1194 2728 civitatibus
1222 2668 1280 2726 in
1303 2667 1500 2738 quibus
1523 2664 1680 2721 factae
1710 2672 1837 2719 sunt
1866 2661 2112 2733 plurimm

515 2770 748 2826 virtutes
767 2767 908 2837 ejus,
925 2766 1048 2835 quia
1070 2778 1179 2819 nou
1200 2762 1444 2834 egissent
1470 2756 1969 2832 pmnitentiamNa:
1993 2754 2111 2825 tibi,

510 2860 778 2918 Corozain
808 2856 919 2935 [AL
944 2854 1266 2927 Corazain],
1296 2870 1382 2910 va:
1413 2854 1506 2910 tibi
1531 2896 1546 2922 ,
1572 2851 1870 2910 Betbsaida
1902 2869 1913 2904 :
1946 2850 2070 2921 quia
2097 2892 2111 2918 ,

2211 2115 2356 2159 tuam
2400 2123 2415 2162 :
2452 2110 2508 2157 et
2552 2097 2832 2164 extendit,
2880 2106 2936 2152 et
2979 2094 3229 2179 restituta
3279 2099 3364 2146 est
3410 2088 3627 2144 sanitati
3669 2087 3808 2141 sicut

2200 2196 2398 2254 altera.
2444 2197 2648 2269 [cxvu,
2690 2189 2772 2264 4.]
2803 2192 3082 2248 Exeuntes
3128 2197 3312 2244 autem
3342 2183 3642 2259 ,Pharisaai,
3681 2196 3810 2237 con-

2208 2286 2392 2349 Siliunt
2424 2289 2697 2346 faciebant
2724 2286 2987 2361 adversus
3016 2298 3172 2351 eum,
3203 2278 3480 2353 quomodo
3511 2276 3808 2349 perderent

2211 2402 2359 2443 eum.
2394 2380 2603 2457 [enim
2638 2379 2749 2455 i0.]
2778 2380 2940 2438 Jesus
2965 2386 3147 2435 autem
3177 2378 3359 2455 sciens
3391 2373 3618 2431 recessit
3639 2370 3768 2426 inde
3794 2386 3809 2426 :

2211 2488 2266 2536 et
2290 2464 2461 2534 secuti
2494 2483 2621 2532 sunt
2646 2462 3076 2555 eum‘mpultiv,let
3115 2468 3332 2526 curavit
3372 2482 3470 2524 eos
3494 2479 3724 2523 omnes:
3759 2469 3810 2518 et

2188 2572 2475 2648 ‘praaccpit
2503 2573 2584 2630 eis
2607 2588 2676 2628 ne
2711 2552 3061 2627 manifestum
3092 2581 3215 2623 eum
3249 2565 3512 2620 facerent.
3541 2560 3613 2618 Ut
3641 2558 3810 2615 adim—

2214 2660 2454 2741 pleretur
2482 2650 2624 2738 quod
2646 2664 2853 2721 dictum
2879 2672 2963 2740 est
2989 2662 3086 2733 per
3115 2660 3312 2716 Isaiam
3338 2658 3666 2730 prophetam
3686 2696 3702 2722 ,
3732 2652 3811 2707 di-

2213 2772 2433 2847 centem
2453 2779 2464 2815 :
2488 2761 2626 2816 Ecce
2654 2774 2790 2830 puer
2819 2771 2994 2829 meus,
3010 2769 3171 2828 quem
3193 2752 3361 2824 elegi,
3386 2751 3805 2813 dilectusmeus,

2216 2853 2271 2911 in
2292 2848 2409 2925 iquo
2428 2838 2575 2910 bene
2616 2848 2947 2922 complacuit
2980 2848 3179 2903 animae
3210 2860 3368 2902 mem.
3411 2842 3617 2900 Ponam
3658 2838 3811 2911 spiri-

514 2951 563 3009 si
590 2952 644 3007 in
666 2951 812 3023 Tyro
841 2958 897 3006 et
916 2948 1123 3007 Sidone
1144 2948 1300 3004 facta
1320 2956 1511 3004 essent
1532 2947 1785 3014 virtutes,
1816 2960 1935 3016 qua:
1960 2944 2115 3000 facta:
2218 2958 2330 3005 tum
2363 2932 2541 3003 meum
2573 2960 2739 3017 super
2766 2959 2913 3013 eum,
2939 2953 2994 2999 et
3017 2940 3281 3013 judicium
3310 2938 3563 3009 gentibus
3594 2934 3805 2991 nuutia-

515 3052 645 3098 sunt
673 3042 729 3097 in
750 3041 906 3099 vobis
932 3082 947 3108 ,
997 3040 1126 3097 olim
1158 3042 1211 3095 in
1241 3038 1419 3096 cilicio
1447 3048 1502 3096 et
1529 3040 1714 3096 cinere
1742 3036 2113 3109 pmnitentiam
2150 3099 2187 3109 _
2219 3040 2320 3097 bit.
2352 3039 2470 3095 Non
2499 3037 2793 3096 contendet
2813 3077 2827 3101 ,
2862 3049 3038 3106 neque
3081 3032 3373 3097 clamabit,
3416 3044 3592 3101 neque
3628 3026 3812 3083 audiet

516 3136 780 3206 egissent.
812 3133 1202 3191 Verumtamen
1230 3133 1351 3190 dico
1382 3133 1537 3189 vobis
1582 3150 1597 3188 :
1643 3131 1789 3205 Tyro
1832 3141 1888 3187 et
1927 3129 2117 3188 Sidoai
2141 3099 2189 3165 ο
2221 3133 2416 3205 aliquis
2446 3120 2500 3189 in
2525 3130 2724 3203 plateis
2748 3099 2937 3185 vocem
2950 3099 3085 3198 Iejus
3116 3144 3129 3180 :
3159 3123 3482 3181 arundinem
3507 3099 3811 3193 quassatam

519 3229 808 3287 remissius
828 3229 937 3285 erit
966 3229 1021 3284 in
1043 3228 1135 3284 die
1156 3226 1370 3298 judicii,
1398 3232 1559 3297 quam
1588 3226 1775 3282 vobis.
1809 3224 1877 3280 Et
1905 3235 1984 3292 tu,
2008 3218 2121 3280 'Ca-
2223 3243 2332 3284 non
2361 3225 2702 3295 confringet,
2726 3231 2782 3279 et
2803 3222 3008 3295 lignum
3043 3219 3313 3290 iumigans
3343 3232 3453 3272 non
3485 3215 3806 3283 cxstinguct,

516 3322 825 3394 pharnaum
855 3364 869 3390 ,
913 3320 1179 3392 numquid
1211 3333 1386 3389 usque
1421 3319 1474 3374 in
1516 3318 1717 3375 coelum
1744 3318 2121 3376 exaltaberis?
2223 3300 2399 3376 donec
2434 3318 2617 3389 ejiciat
2641 3315 2710 3371 ad
2739 3314 3021 3371 victoriam
3062 3311 3330 3384 judicium
3363 3326 3377 3363 :
3423 3317 3481 3364 et
3509 3308 3559 3361 in
3602 3304 3811 3361 nomine

522 3430 700 3486 usque
730 3416 783 3469 in
812 3413 1088 3468 internum
1118 3408 1443 3466 descendes.
1475 3409 1609 3482 [crx,
1644 3409 1758 3481 10.]
1788 3409 1963 3478 'Quia,
1994 3412 2041 3465 si
2066 3410 2123 3467 in

2230 3416 2346 3487 ejus
2375 3422 2566 3486 gentes
2594 3410 2915 3483 sperabunt.
2944 3408 3115 3482 [cx1x,
3138 3404 3218 3478 5.]
3237 3404 3390 3460 Tunc
3412 3402 3628 3459 oblatus
3655 3406 3742 3455 est
3767 3394 3811 3452 ei

524 3507 779 3565 Sodomis
806 3505 961 3560 facta:
985 3503 1217 3558 fuissent
1235 3499 1804 3571 virtut’e’s,qua3'fact;e
1824 3506 1950 3555 sunt
1971 3502 2022 3555 in
2048 3510 2120 3571 te,
2227 3512 2559 3571 daemonium
2587 3509 2817 3575 habens,
2835 3519 3013 3563 cacus
3033 3513 3089 3560 ει
3116 3511 3320 3567 χιιι,ιωὶ
3356 3509 3411 3556 ει
3439 3497 3642 3554 curavi;
3673 3506 3809 3557 eum,

528 3598 669 3655 forte
710 3594 1038 3652 mansissent
1069 3606 1241 3662 usque
1282 3591 1337 3646 in
1366 3591 1507 3646 hanc
1543 3590 1707 3648 diem.
1740 3589 2124 3649 Verumtamen

2230 3606 2300 3661 ita
2331 3613 2387 3660 ut
2424 3604 2763 3674 loqueretur,
2787 3608 2844 3657 et
2878 3597 3107 3654 videret.
3150 3594 3277 3667 [cxx
3298 3635 3314 3659 ,
3340 3591 3420 3664 7.]
3444 3592 3513 3647 Et
3534 3589 3810 3659 stupebant

529 3688 657 3746 dico
687 3687 863 3752 vobis,
904 3684 1030 3755 quia
1058 3692 1217 3739 terrae
1245 3678 1606 3739 Sodomorum
1634 3683 1915 3739 remissius
1946 3674 2123 3740 erit‘iu

532 3781 622 3838 die
644 3776 855 3849 iudicii,
877 3791 1038 3846 quam
1070 3775 1306 3848 tibi.‘[cx,
1330 3774 1411 3847 5.]
1432 3776 1491 3830 lu
1516 3775 1610 3832 illo
1636 3784 1884 3847 tempore
1910 3782 2129 3850 respon-

532 3872 669 3929 dens
688 3870 847 3926 Jesus
866 3868 1004 3925 dixit
1028 3887 1041 3922 :
1067 3876 1092 3908 ι
1114 3866 1393 3925 Conﬁteor
1416 3868 1542 3937 tibi,
1571 3868 1733 3925 Pater
1755 3869 1983 3928 Domine
2003 3872 2127 3928 coeli

534 3973 592 4022 et
610 3975 794 4031 terrai,
824 3963 953 4034 quia
977 3961 1305 4018 abscondisti
1336 3963 1449 4018 haec
1475 3977 1502 4016 a
1526 3963 1890 4034 sapientibus,
1919 3976 1975 4021 et
2004 3982 2126 4037 pru-

533 4056 809 4123 dentibus,
842 4064 899 4111 et
938 4054 1195 4111 revelasti
1237 4069 1300 4111 ea
1338 4055 1599 4125 parvulis.
1632 4056 1731 4123 Ita,
1756 4056 1919 4114 Pater
1952 4079 1967 4116 :
1997 4074 2134 4131 quo-

538 4151 687 4207 niam
717 4148 797 4205 sic
827 4147 927 4204 fuit
949 4146 1212 4219 placitum
1240 4157 1366 4205 ante
1395 4155 1470 4204 te.
1506 4148 1637 4221 [cx],
1667 4150 1749 4222 5.]
1779 4153 1968 4209 Omnia
1999 4156 2132 4213 mihi

460 4294 464 4298 Α
541 4245 737 4303 tradita
765 4254 889 4300 sunt
918 4259 949 4299 a
978 4243 1143 4299 Patre
1169 4257 1313 4299 meo.
1349 4243 1496 4316 [cxn
1522 4285 1538 4312 ,
1568 4245 1622 4300 5.
1647 4243 1667 4317 ]
1700 4245 1768 4300 Et
1796 4261 1957 4305 nemo
1984 4250 2134 4307 novit

536 4338 707 4397 ﬁlium
733 4381 748 4407 ,
796 4337 899 4392 nisi
928 4336 1091 4392 Pater
1115 4380 1129 4405 ,
1177 4350 1353 4407 neque
1393 4335 1610 4393 Patrem
1642 4335 1763 4407 Quis
1789 4338 1980 4409 novit,
2030 4342 2132 4400 nisi

540 4431 753 4497 Filius,
800 4438 856 4485 et
924 4432 1014 4485 cui
1068 4427 1301 4484 voluerit
1351 4426 1522 4485 Filius
1580 4429 1856 4486 revelare.
1916 4433 2131 4506 [cxm,

541 4520 657 4594 10.]
688 4520 885 4578 Venite
910 4519 979 4576 ad
1010 4535 1099 4577 me
1123 4533 1316 4575 omnes
1338 4558 1355 4588 ,
1384 4519 1477 4590 qui
1507 4520 1766 4579 laboratis
1792 4565 1807 4589 ,
1840 4534 1897 4580 et
1921 4529 2136 4585 onerati

538 4618 671 4675 estis
700 4658 715 4684 ,
772 4625 829 4673 et
884 4628 986 4687 ego
1042 4612 1286 4671 reﬁciam
1333 4628 1451 4669 vos.
1482 4613 1680 4671 Tollite
1716 4615 1903 4688 jugum
1949 4635 2132 4677 meum

541 4723 706 4780 super
750 4721 886 4776 vos,
934 4714 990 4763 et
1042 4704 1238 4762 discite
1278 4719 1308 4759 a
1355 4720 1483 4777 me,
1531 4707 1655 4778 quia
1698 4707 1845 4766 mitis
1887 4725 2005 4767 sum
2031 4757 2045 4782 ,
2084 4722 2138 4769 et

539 4800 764 4859 humilis
816 4798 984 4856 corde
1029 4817 1043 4853 :
1095 4808 1152 4856 et
1206 4799 1496 4856 invenietis
1552 4802 1801 4873 requiem
1853 4805 2138 4867 animabus

541 4893 759 4952 vestris.
819 4892 1013 4965 Jugum
1058 4891 1206 4950 enim
1259 4907 1441 4951 meum
1503 4908 1675 4951 suave
1717 4904 1839 4965 est,
1896 4907 1952 4955 et
2001 4915 2139 4961 onus

542 5001 723 5045 meum
750 4984 892 5043 leve.

615 5078 770 5154 [Cap.
802 5078 921 5135 XII.
946 5093 1100 5148 cxrv,
1129 5076 1215 5153 2.]
1243 5078 1301 5135 lu
1324 5078 1415 5137 illo
1442 5089 1688 5154 tempore
1716 5082 1849 5141 abiit
1868 5085 2026 5144 lesus
2048 5103 2144 5160 per

543 5179 663 5231 sata
686 5170 919 5228 sabbato
948 5188 960 5225 :
990 5169 1245 5241 discipuli
1292 5180 1472 5229 autem
1519 5174 1640 5243 ejus
1687 5177 1989 5238 esurientes
2034 5195 2145 5238 coa-

540 5272 744 5336 perunt
772 5261 974 5320 vellere
999 5262 1178 5334 spicas
1202 5303 1217 5329 ,
1262 5271 1317 5320 et
1358 5264 1713 5322 manducare.
1738 5267 2000 5326 Pharisaei
2045 5287 2143 5328 au-

545 5366 654 5417 tem
678 5357 950 5423 videntes,
981 5354 1240 5413 dixerunt
1269 5357 1320 5412 ei
1350 5374 1364 5412 :
1394 5357 1537 5415 Ecce
1562 5357 1814 5433 discipuli
1838 5362 1913 5418 tui
1936 5362 2144 5423 faciunt

539 5450 688 5524 quod
718 5463 831 5508 non
860 5446 988 5505 licet
1021 5445 1049 5486 ιι
1077 5447 1261 5505 facere
1292 5450 1556 5509 sabbatis.
1589 5452 1659 5509 At
1702 5454 1796 5512 ille
1838 5455 1975 5515 dixit
2015 5462 2139 5518 eis:

537 5643 1700 5787 Rélgitacraacum
1724 5653 2134 5731 ἐξομολογοῦμαι.

2230 3708 2422 3753 omnes
2454 3692 2626 3749 turba:
2653 3731 2670 3761 ,
2701 3697 2758 3746 et
2792 3688 3048 3745 dicebant
3084 3705 3096 3742 :
3130 3684 3403 3755 Numquid
3448 3683 3535 3738 hic
3562 3690 3646 3737 est
3681 3678 3807 3734 ﬁlius

2231 3786 2440 3845 David?
2472 3785 2618 3858 [cxxt
2640 3826 2655 3851 ,
2678 3782 2759 3856 2.]
2799 3781 3059 3838 Pharisaei
3103 3790 3284 3836 autem
3320 3777 3639 3841 audientes,
3670 3774 3805 3830 dixe-

2231 3888 2355 3938 runt
2386 3896 2400 3935 :
2426 3879 2525 3935 Hic
2546 3892 2655 3932 non
2674 3875 2823 3947 ejicit
2842 3874 3119 3945 dmmoucs
3138 3871 3245 3929 nisi
3268 3872 3323 3927 in
3338 3868 3652 3927 Beelzebub
3669 3866 3805 3938 priu-

2232 3973 2352 4045 cipe
2401 3962 2815 4027 dremouibrum.
2865 3967 3055 4042 [σιω.
3086 3964 3169 4038 2.]
3207 3963 3368 4020 Jesus
3408 3973 3594 4019 autem
3639 3961 3800 4017 sciens

2232 4064 2591 4138 cogitationes
2625 4076 2815 4141 eorum
2842 4103 2857 4131 ,
2893 4059 3032 4137 dixit
3062 4058 3143 4116 eis
3176 4075 3187 4111 :
3216 4056 3393 4113 Omne
3433 4069 3657 4127 regnum
3684 4052 3804 4107 divi-

2233 4176 2356 4218 sum
2397 4168 2586 4217 contra
2624 4172 2688 4214 se
2714 4196 2729 4223 ,
2771 4154 3112 4212 desolabitur
3142 4170 3154 4207 :
3189 4161 3243 4208 et
3281 4150 3465 4208 omnis
3486 4150 3671 4206 civitas
3694 4140 3802 4215 ,vel

2233 4254 2431 4313 domus
2452 4253 2623 4310 divisa
2652 4258 2842 4307 contra
2866 4262 2949 4316 se,
2974 4262 3080 4302 non
3106 4245 3293 4302 stabit.
3322 4244 3393 4300 Et
3412 4244 3459 4299 si
3483 4243 3702 4301 Satanas
3720 4236 3803 4293 Sa-

2237 4357 2416 4404 tanam
2442 4344 2614 4417 ejicit,
2642 4342 2903 4398 adversus
2930 4355 2990 4396 se
3012 4338 3220 4396 divisus
3247 4345 3371 4393 est:
3403 4333 3675 4408 quomodo
3692 4338 3802 4399 ergo

2237 4441 2403 4498 stabit
2432 4453 2658 4510 regnum
2707 4436 2862 4508 ejus?
2901 4435 2970 4491 Et
2996 4435 3041 4491 si
3083 4448 3184 4505 ego
3231 4433 3284 4487 iu
3330 4428 3632 4487 Beelzebub
3662 4422 3802 4496 ejicio

2239 4534 2540 4599 daemones,
2567 4531 2666 4587 ﬁlii
2694 4530 2862 4587 vestri
2892 4529 2943 4585 in
2966 4542 3075 4603 quo
3100 4525 3371 4598 ejiciunt?
3410 4524 3539 4580 ideo
3565 4520 3661 4594 ipsi
3677 4515 3806 4586 judi-

2240 4643 2334 4686 ces
2361 4624 2532 4684 vestri
2563 4634 2743 4681 erunt.
2769 4622 2828 4681 Si
2862 4630 3044 4679 autem
3078 4635 3185 4693 ego
3221 4620 3277 4675 in
3313 4619 3511 4688 spiritu
3552 4614 3645 4672 Dei
3668 4609 3803 4684 ejicio

2240 4718 2518 4776 daemones
2543 4758 2559 4785 ,
2592 4716 2759 4788 igitur
2791 4714 3037 4785 pervenit
3072 4712 3125 4768 in
3156 4726 3252 4766 vos
3289 4725 3518 4781 regnum
3562 4707 3676 4764 Dei.
3715 4702 3804 4759 Aut

2241 4808 2516 4884 quomodo
2544 4817 2727 4881 potest
2767 4807 3053 4879 quisquam
3084 4805 3291 4859 intrare
3318 4803 3374 4858 in
3399 4801 3620 4857 domum
3650 4795 3799 4856 tortis,

2241 4882 2299 4960 et
2325 4916 2451 4959 vasa
2481 4899 2600 4972 ejus
2631 4898 2868 4972 diripere
2889 4939 2906 4966 ,
2940 4897 3042 4953 nisi
3079 4895 3229 4969 prius
3264 4893 3574 4966 alligaverit
3600 4882 3801 4947 fortem?

2244 5004 2299 5053 et
2329 5004 2459 5051 tunc
2487 4993 2710 5050 domum
2740 4991 2887 5047 illius
2914 4987 3157 5062 dir'ipiet.
3195 4986 3295 5057 Qui
3323 5000 3433 5042 non
3463 4992 3549 5041 est
3589 4991 3799 5040 mecum.

2243 5098 2434 5147 contra
2458 5104 2547 5146 me
2570 5098 2656 5147 est
2689 5106 2702 5145 :
2731 5098 2788 5146 et
2812 5087 2903 5159 qui
2942 5103 3051 5143 non
3090 5091 3382 5156 congregat
3403 5095 3652 5145 mecum,
3678 5087 3800 5147 spar-

2242 5180 2345 5254 git.
2380 5180 2599 5253 [cxxm,
2640 5182 2721 5257 2.]
2754 5181 2882 5238 Ideo
2928 5178 3051 5234 dico
3101 5175 3256 5233 vobis
3290 5192 3302 5228 :
3337 5172 3514 5230 Omne
3553 5176 3797 5244 peccatum

2243 5283 2299 5331 et
2322 5273 2657 5346 blasphemia
2682 5272 2993 5332 remittetur
3019 5268 3325 5326 hominibus
3346 5311 3360 5337 ,
3394 5266 3623 5336 spiritus
3647 5270 3796 5320 auten

2243 5368 2584 5441 blasphemia
2633 5382 2739 5449 nou
2787 5365 3116 5422 remittetur.
3163 5363 3227 5418 Et
3263 5359 3592 5432 quicumque
3634 5350 3796 5449 dier

2246 5438 2469 5519 verbum
2506 5470 2696 5517 contra
2712 5442 2920 5515 Filium
2953 5454 3186 5514 hominis
3210 5497 3224 5521 ,
3271 5451 3580 5510 remittetur
3608 5449 3656 5507 ei
3687 5465 3700 5503 :
3726 5438 3795 5516 qui

2320 5660 2347 5699 ι’
2377 5660 2595 5715 Addunt
2622 5661 2783 5730 iidem
2815 5675 2973 5730 mss.,
2997 5658 3092 5726 eis,
3126 5654 3269 5728 quod
3291 5662 3345 5712 et
3361 5653 3603 5725 quaedam
3628 5649 3798 5707 habent

2247 5726 2436 5788 Graeca
2464 5729 2811 5803 exemplaria.
