3920 6200
180 265 275 323 557

1143 254 1594 316 EVANGELIUM
1632 250 2008 315 SECUNDUII
2040 253 2482 317 MAMUM.

3349 265 3454 323 558

187 388 358 434 autem
380 376 585 435 dixerit
612 380 794 432 contra
818 373 1075 445 Spiritum
1120 382 1365 429 sanctum
1389 416 1402 439 ,
1438 389 1543 428 non
1576 373 1757 429 remit-
1786 370 1840 433 Α
1864 370 1982 427 Alia
2000 380 2185 430 autem
2222 376 2539 431 ceciderunt
2578 376 2631 431 in
2664 382 2864 432 terram
2908 378 3106 434 bonam
3135 397 3145 432 ε
3179 388 3233 435 et
3258 382 3461 440 dabant

189 479 322 525 tetur
367 472 453 537 ei,
488 484 665 538 neque
713 469 763 522 in
815 468 915 521 hoc
962 466 1193 530 smeulo,
1240 480 1413 535 neque
1458 466 1511 520 in
1557 466 1757 521 futuro.

189 561 382 633 [cxxtv,
419 562 531 633 10.]
562 562 672 615 Aut
701 560 859 615 facite
886 560 1136 614 arborem
1180 560 1374 614 bonam
1403 604 1418 626 ,
1442 569 1499 615 et
1527 558 1761 614 fructum

187 653 295 723 ejus
325 655 529 710 bonum
561 670 574 706 :
606 661 701 708 aut
730 653 883 709 facite
912 653 1163 707 arborem
1195 652 1424 717 malam,
1450 661 1506 707 et
1527 652 1759 709 fructum

182 746 289 814 ejus
318 746 522 801 malum
562 766 573 798 :
604 746 866 813 siquidem
914 761 978 799 ex
1014 744 1195 800 fructu
1226 745 1388 800 arbor
1421 747 1759 817 agnoscitur.

180 839 468 909 Progenies
500 840 831 908 viperarum,
860 840 1134 910 quomodo
1160 841 1394 911 potestis
1423 841 1564 897 bona
1591 842 1761 912 loqui,

179 946 289 985 cum
322 932 444 988 sitis
492 931 666 986 mali?
710 946 773 986 ex
819 930 1150 986 abundantia
1195 931 1340 985 enim
1372 931 1553 987 cordis
1590 947 1653 987 os
1686 932 1765 987 lo-

170 1026 368 1096 quitur.
396 1026 580 1097 [cxxv,
604 1024 685 1094 5.]
710 1026 889 1080 Bonus
915 1024 1079 1080 homo
1101 1024 1168 1079 de
1189 1026 1334 1081 bono
1360 1025 1619 1081 thesauro
1640 1042 1763 1097 pro-

178 1120 277 1173 fert
302 1121 445 1175 bona
477 1137 490 1172 :
523 1129 579 1174 et
607 1120 775 1173 malus
800 1118 965 1173 homo
998 1118 1067 1173 de
1095 1118 1237 1173 malo
1268 1118 1528 1173 thesauro
1558 1117 1765 1189 profert

176 1216 331 1268 mala.
384 1214 613 1284 [exn],
676 1212 789 1285 10.]
839 1213 969 1267 Ilico
1021 1222 1199 1283 autem
1258 1210 1444 1276 vobis,
1506 1211 1764 1281 quoniam

170 1322 337 1361 omne
363 1306 593 1361 verbum
616 1306 873 1371 otiosum,
900 1304 1047 1375 quod
1071 1305 1235 1360 locuti
1260 1303 1465 1359 fuerint
1493 1303 1762 1368 homines,

172 1399 405 1454 reddent
433 1399 698 1452 rationem
753 1398 822 1453 de
869 1413 935 1453 eo
986 1397 1042 1453 in
1094 1398 1184 1453 die
1226 1396 1439 1466 judicii.
1474 1397 1557 1452 Ex
1584 1398 1766 1453 verbis

170 1493 315 1547 enim
349 1491 455 1545 tuis
480 1491 887 1561 justificaberis,
916 1501 970 1547 et
1000 1507 1069 1548 ex
1096 1492 1280 1547 verbis
1309 1493 1413 1546 tuis
1430 1491 1766 1547 condemna-

171 1584 336 1640 beris.
376 1584 601 1655 [cxxvm
635 1584 713 1655 5.]
746 1584 896 1640 Tunc
930 1586 1334 1656 responderunt
1374 1587 1421 1640 ei
1453 1585 1667 1654 quidam
1698 1584 1766 1639 de

170 1677 377 1733 Scribis
408 1687 463 1734 et
491 1677 802 1742 Pharismis,
829 1676 1075 1733 dicentes
1104 1696 1118 1731 :
1148 1679 1419 1747 Magister,
1454 1677 1710 1731 volumus
1732 1690 1763 1730 a

173 1780 223 1826 te
253 1786 472 1841 Signum
503 1770 707 1825 videre.
738 1772 979 1841 [cxxvtm
1006 1770 1087 1841 5.]
1114 1772 1215 1838 Qui
1243 1769 1579 1839 reapondens
1604 1769 1680 1822 ait
1705 1768 1769 1824 il-
1798 1759 1847 1821 B
1874 1768 2192 1824 clauserunt
2238 1786 2251 1822 :

172 1862 235 1917 lis
264 1880 279 1918 :
306 1862 604 1918 Generatio
632 1862 773 1917 mala
817 1874 869 1917 et
912 1861 1159 1917 adultera
1191 1864 1401 1933 signum
1430 1862 1625 1931 quaerit
1660 1877 1674 1915 :
1714 1873 1769 1917 et

170 1956 384 2026 signum
418 1972 527 2009 non
564 1955 780 2009 dabitur
800 1956 849 2009 ei
872 1996 885 2019 ,
912 1954 1019 2008 nisi
1044 1953 1256 2023 signum
1280 1953 1431 2009 Jonce
1466 1953 1766 2022 prophetae.

171 2049 321 2105 Sicut
348 2050 499 2105 enim
525 2048 628 2105 fuit
650 2048 817 2104 Jonas
845 2048 901 2103 in
928 2057 1119 2103 ventre
1146 2049 1251 2104 ceti
1282 2048 1449 2102 tribus
1469 2046 1683 2113 diebus,
1716 2054 1773 2100 et

177 2142 355 2198 tribus
385 2143 640 2198 noctibus
695 2158 708 2195 :
758 2142 837 2198 sic
886 2142 992 2198 erit
1021 2141 1192 2196 Filius
1224 2140 1459 2195 hominis
1502 2142 1555 2195 in
1603 2138 1771 2194 corde

180 2243 341 2291 terra:
370 2235 547 2290 tribus
578 2234 802 2299 diebus,
829 2244 885 2289 et
917 2235 1091 2289 tribus
1121 2233 1393 2290 noctibus.
1427 2232 1539 2286 Viri
1569 2231 1772 2286 Ninivi-

178 2337 243 2383 tae
272 2338 500 2400 surgent
534 2329 587 2383 in
614 2327 820 2398 judicio
846 2342 970 2382 cum
1004 2327 1361 2397 generatione
1392 2324 1493 2379 ista
1518 2367 1532 2390 ,
1563 2334 1615 2379 et
1644 2337 1773 2380 con-

176 2420 509 2477 damnabunt
533 2434 651 2476 eam
687 2439 699 2474 :
730 2421 857 2490 quia
880 2419 1256 2490 paenitentiam
1278 2425 1507 2489 egerunt
1533 2418 1585 2472 in
1620 2432 1772 2487 oprte-

180 2512 451 2569 dicatione
493 2514 666 2569 Jonae.
704 2514 927 2569 Etecce
970 2513 1092 2583 plus
1131 2528 1291 2584 quam
1334 2510 1501 2567 Jonas
1533 2510 1641 2565 hic.
1668 2506 1774 2565 Re-

192 2608 308 2677 gina
341 2606 521 2661 Austri
559 2616 740 2676 surget
774 2607 825 2658 in
862 2605 1069 2674 judicio
1099 2620 1219 2659 cum
1249 2604 1602 2675 generatione
1632 2603 1729 2657 ista
1755 2644 1769 2669 ,

182 2706 239 2751 et
264 2697 645 2753 condemnabit
676 2712 794 2751 eam
824 2714 836 2749 :
867 2696 995 2767 quia
1020 2697 1168 2751 venit
1198 2712 1227 2751 a
1258 2696 1457 2750 finibus
1490 2703 1651 2749 terra:
1682 2708 1776 2748 au—

188 2789 303 2843 dire
335 2790 650 2859 sapientiam
682 2789 1014 2856 Salomonis,
1044 2799 1096 2845 et
1126 2805 1257 2845 ecce
1286 2791 1407 2860 plus
1437 2804 1596 2861 quam
1625 2788 1775 2845 Salo-

186 2897 311 2935 mon
341 2882 441 2937 hic.
474 2884 689 2953 μίξις,
723 2883 801 2954 5.]
828 2883 965 2939 Cum
995 2890 1175 2937 autem
1206 2881 1517 2937 immundus
1551 2880 1776 2950 spiritus

186 2974 378 3029 exierit
405 2976 471 3030 ab
502 2974 747 3041 homine,
779 2976 1024 3030 ambulat
1052 2991 1148 3047 per
1176 2976 1292 3029 loca
1322 2974 1495 3042 arida,
1523 2987 1776 3043 quaerens

192 3071 461 3138 requiem,
492 3081 545 3125 et
585 3085 692 3126 non
732 3070 959 3125 invenit.
1004 3070 1155 3124 Tunc
1196 3068 1324 3123 dicit
1368 3086 1381 3121 :
1426 3067 1694 3123 Revertar
1722 3065 1776 3119 itt

1866 466 2139 533 fructum,
2188 468 2335 523 aliud
2381 469 2740 524 centesimum
2769 514 2783 537 ,
2832 470 2978 525 aliud
3034 475 3456 543 sexagesimum,

1866 559 2011 614 aliud
2044 560 2403 630 trigesimum.
2429 562 2529 628 Qui
2554 562 2720 619 habet
2746 578 2904 619 aures
2932 564 3217 631 audiendi,
3250 568 3458 623 audiat.

1868 652 1931 706 Et
1961 654 2287 710 accedentes
2316 655 2568 725 discipuli
2606 657 2937 714 dixeruntei
2970 676 2979 711 :
3012 658 3191 726 Quare
3221 663 3270 714 in
3303 678 3460 732 para-

1867 744 2007 799 bolis
2039 746 2429 816 loqueris'eis?
2458 749 2561 815 Qui
2595 750 2933 820 respondens
2961 796 2975 819 ,
3026 753 3100 807 ait
3138 753 3243 807 illis
3278 772 3289 807 :
3324 756 3459 821 Quia

1866 838 2027 895 vobis
2054 840 2241 895 datum
2271 853 2357 897 est
2384 858 2545 899 nosse
2577 846 2836 915 mysteria
2879 848 3029 915 regni
3058 849 3358 914 caelorum;
3400 853 3457 905 il-

1868 931 1933 985 lis
1954 942 2135 987 autem
2164 948 2274 989 non
2306 944 2391 991 est
2419 935 2624 991 datum.
2660 937 2887 1009 [cxxxn,
2923 939 3001 1010 5.]
3039 940 3146 1007 Qui
3188 943 3335 996 enim
3366 943 3461 997 ha-

1870 1024 1979 1091 bet,
2008 1024 2223 1081 dabitur
2253 1028 2325 1095 ei,
2360 1036 2416 1082 et
2436 1028 2735 1085 abundabit
2765 1048 2777 1083 :
2810 1031 2902 1101 qui
2929 1043 3111 1088 autem
3141 1049 3249 1090 non
3274 1035 3459 1105 habet,

1869 1127 1925 1171 et
1951 1119 2096 1189 quod
2128 1119 2327 1187 habet,
2360 1122 2641 1178 auferetur
2668 1124 2737 1178 ab
2760 1139 2845 1180 eo.
2880 1125 3120 1196 [cxxxnt,
3152 1127 3228 1197 1.]
3262 1128 3386 1183 ideo
3413 1130 3465 1183 in

1872 1211 2147 1280 parabolis
2185 1213 2378 1282 loquor
2415 1214 2495 1269 eis
2529 1233 2541 1268 :
2574 1216 2697 1286 quia
2730 1216 2976 1274 videntes
3013 1233 3122 1274 non
3146 1221 3335 1276 vident
3365 1263 3379 1287 ,
3415 1232 3470 1279 et

1871 1304 2153 1359 audientes
2180 1320 2286 1360 non
2326 1308 2547 1361 audiunt
2578 1349 2593 1372 ,
2630 1324 2805 1378 neque
2839 1311 3165 1382 intelligunt.
3198 1313 3265 1367 Et
3295 1314 3468 1369 adim-

1871 1395 2052 1464 pletur
2084 1397 2138 1451 in
2170 1397 2249 1452 eis
2290 1398 2575 1468 prophetia
2623 1400 2775 1457 Isaite
2818 1402 3050 1459 dicentis
3084 1403 3328 1461 :Auditu
3374 1423 3469 1462 au-

1871 1491 2036 1547 dietis
2057 1534 2071 1557 ,
2098 1502 2152 1547 et
2191 1508 2298 1547 non
2336 1494 2652 1565 intelligetis
2679 1514 2691 1550 :
2732 1505 2786 1553 et
2815 1498 3062 1554 videntes
3094 1500 3343 1556 videbitis
3370 1546 3383 1569 ,
3415 1512 3471 1557 et

1873 1601 1980 1641 non
2004 1586 2283 1641 videbitis.
2318 1587 2682 1645 lncrassatum
2722 1601 2805 1646 est
2844 1594 2988 1647 enim
3018 1609 3114 1649 cor
3140 1596 3324 1665 populi
3367 1596 3469 1652 hu-

1870 1677 1959 1746 jus
1984 1718 1999 1743 ,
2033 1686 2087 1732 et
2129 1678 2353 1733 auribus
2393 1682 2632 1750 graviter
2659 1682 2989 1753 audierunt,
3031 1694 3086 1741 et
3126 1689 3314 1743 oculos
3345 1704 3471 1744 suos

2301 1772 2588 1841 nequando
2617 1773 2837 1830 videant
2887 1776 3101 1845 oculis,
3149 1790 3204 1834 et
3251 1782 3473 1837 auribus

1874 1860 2116 1925 audiant,
2147 1871 2199 1916 et
2232 1862 2396 1918 corde
2428 1864 2757 1935 intelligant,
2786 1875 2841 1921 et
2859 1878 3270 1935 convertantur,
3304 1883 3357 1927 et
3388 1890 3473 1928 sa-

1876 1970 2001 2009 netn
2027 1970 2141 2009 eos.
2176 1955 2415 2027 [cxxxtv,
2446 1957 2522 2029 5.]
2560 1958 2735 2015 Vestri
2764 1972 2944 2017 autem
2976 1963 3117 2019 beati
3147 1967 3313 2034 oculi,
3347 1968 3470 2037 quia

1875 2046 2085 2113 vident,
2116 2056 2170 2102 et
2198 2063 2358 2104 aures
2384 2060 2604 2118 γεδιιιω,
2634 2052 2758 2122 quia
2796 2054 3046 2111 audiunt.
3076 2056 3246 2113 Amen
3276 2060 3477 2128 quippe

1874 2139 1997 2194 dico
2048 2140 2220 2205 vobis,
2256 2143 2379 2211 quia
2415 2144 2567 2197 inulti
2615 2145 2894 2216 propheta:
2935 2157 2988 2202 et
3023 2149 3153 2218 justi
3184 2153 3471 2221 cupierunt

1874 2230 2061 2285 videre
2088 2248 2209 2301 quae
2240 2232 2458 2301 videtis,
2486 2245 2542 2289 et
2575 2250 2681 2289 non
2716 2237 3001 2303 viderunt;
3036 2250 3090 2294 et
3133 2242 3326 2298 audire
3356 2260 3475 2313 quae

1876 2322 2073 2377 auditis
2104 2366 2116 2389 ,
2149 2335 2201 2377 et
2229 2339 2338 2379 non
2366 2324 2674 2381 audierunt.
2722 2326 2941 2399 [cxxxv,
2968 2329 3051 2401 2.]
3074 2330 3185 2386 Vos
3223 2349 3352 2401 ergo
3383 2350 3477 2387 au-

1878 2414 1991 2470 dite
2026 2415 2337 2484 parabolam
2371 2419 2710 2475 seminantis.
2743 2419 2930 2475 Omnis
2962 2422 3052 2491 qui
3082 2422 3228 2476 audit
3252 2425 3475 2479 verbum

1878 2509 2026 2579 regni
2052 2554 2065 2577 ,
2098 2520 2151 2564 et
2182 2524 2288 2565 non
2320 2510 2573 2581 intelligit
2601 2558 2613 2580 ,
2640 2512 2787 2567 venit
2816 2513 2990 2569 malus
3013 2556 3027 2579 ,
3076 2524 3131 2570 et
3161 2518 3300 2585 rapit
3331 2517 3476 2587 quid

1877 2600 2206 2656 seminatum
2240 2610 2324 2657 est
2346 2602 2400 2657 in
2429 2602 2597 2658 corde
2630 2603 2745 2673 ejus
2781 2604 2903 2659 :hic
2924 2614 3007 2660 est
3038 2608 3133 2675 qui
3164 2623 3319 2663 secus
3336 2611 3475 2664 viant

1878 2696 2183 2751 seminatus
2212 2703 2314 2751 est.
2366 2695 2467 2763 Qui
2498 2705 2677 2751 autem
2722 2712 2884 2767 super
2924 2707 3142 2768 pelrosa
3185 2702 3494 2756 seminatus

1879 2797 1984 2853 est,
2014 2787 2101 2843 ltic
2128 2797 2231 2855 est,
2255 2787 2347 2857 qui
2378 2789 2597 2845 verbum
2626 2790 2794 2855 audit,
2819 2800 2874 2846 et
2896 2792 3154 2847 continuo
3182 2808 3303 2848 cum
3337 2811 3455 2864 gau-

1881 2880 1971 2935 dio
1994 2883 2201 2952 accepit
2226 2882 2361 2937 illud
2397 2900 2408 2935 :
2441 2899 2545 2938 non
2582 2883 2749 2939 habet
2780 2895 2961 2941 autem
3006 2886 3057 2939 in
3092 2900 3152 2941 se
3193 2887 3431 2942 radicem
3460 2931 3474 2955 ,

1881 2974 1975 3029 sed
2009 2983 2091 3029 est
2120 2976 2452 3045 temporalis.
2488 2976 2651 3031 Facta
2680 2987 2860 3032 autem
2898 2978 3242 3033 tribulatione
3273 2990 3320 3033 et
3356 2995 3478 3047 per-

1884 3068 2166 3123 secutione
2203 3077 2429 3139 propter
2458 3069 2683 3125 verbum
2710 3114 2723 3139 ,
2753 3072 3014 3125 continuo
3054 3070 3474 3126 scandalizatur.

189 3160 403 3217 domum
428 3178 601 3218 meam
627 3207 640 3229 ,
674 3164 816 3218 unde
852 3163 1019 3219 exivi.
1067 3163 1131 3217 Et
1158 3162 1383 3217 veniens
1422 3160 1629 3216 invenit
1657 3172 1778 3215 eatn
1805 3153 1851 3216 C
1883 3160 1985 3229 Qui
2017 3170 2196 3216 autem
2219 3162 2519 3217 seminatus
2544 3172 2628 3218 est
2662 3166 2712 3218 in
2744 3164 2917 3233 spinis
2945 3206 2958 3229 ,
2987 3164 3072 3218 hic
3099 3174 3207 3231 est,
3243 3169 3330 3235 qui
3356 3182 3475 3219 ver-

188 3267 461 3313 vacantem
484 3300 499 3325 ,
531 3258 719 3328 scopis
749 3258 1084 3325 mandatam,
1115 3266 1169 3313 et
1196 3266 1469 3311 ornatam.
1503 3254 1655 3309 Tunc
1680 3270 1775 3309 va-

197 3345 302 3413 dit,
328 3360 378 3405 et
405 3352 639 3406 assumit
669 3361 879 3422 septem
906 3352 1046 3406 alios
1076 3352 1305 3421 spiritus
1335 3365 1519 3406 secum
1551 3349 1776 3419 nequio-

193 3455 279 3496 res
304 3457 383 3509 se,
410 3453 462 3499 ct
486 3446 761 3500 intrantes
807 3446 1049 3501 habitant
1090 3446 1164 3502 ibi
1194 3463 1206 3500 :
1238 3453 1293 3500 et
1321 3446 1455 3500 ﬁunt
1483 3443 1776 3499 novissima

195 3534 422 3591 hominis
450 3538 592 3592 illius
621 3538 809 3609 pejora
857 3539 1155 3608 prioribus.
1188 3537 1280 3593 Sic
1322 3538 1426 3593 erit
1452 3545 1505 3592 et
1546 3551 1775 3607 genera-

193 3630 320 3685 tioni
349 3631 473 3688 huic
513 3634 789 3703 pessimre.
823 3634 1015 3705 [cxxx,
1048 3632 1131 3705 2.]
1176 3631 1366 3688 Adhuc
1409 3647 1475 3687 eo
1521 3632 1778 3702 loquente

190 3723 257 3777 ad
292 3726 471 3781 turbas
499 3768 513 3792 ,
549 3742 677 3781 ecce
708 3735 883 3782 mater
910 3728 1027 3798 ejus
1050 3737 1104 3782 et
1136 3727 1330 3783 fratres
1362 3726 1578 3781 stabant
1602 3725 1733 3779 foris
1759 3769 1773 3793 ,

196 3829 489 3887 quaerentes
532 3821 679 3891 loqui
722 3822 794 3877 ei.
840 3822 985 3877 Dixit
1028 3830 1209 3877 autem
1250 3823 1297 3877 ci
1344 3822 1601 3892 quidam:
1636 3820 1777 3875 Ecce

197 3922 361 3969 mater
391 3924 499 3981 tua,
528 3924 585 3969 et
608 3914 809 3971 fratres
836 3916 908 3970 tui
939 3914 1072 3970 foris
1098 3924 1246 3969 stant
1268 3922 1571 3984 qurerentes
1606 3921 1678 3969 te.
1708 3914 1778 3966 At

194 4005 303 4075 ipse
328 4008 660 4078 respondens
683 4008 884 4065 dicenti
906 4008 1029 4078 sibi,
1054 4009 1128 4063 ait
1146 4026 1158 4061 :
1174 4007 1303 4075 Quae
1324 4016 1407 4062 est
1430 4014 1601 4061 mater
1624 4020 1767 4074 mea,

194 4102 351 4170 etqui
376 4113 495 4157 sunt
526 4104 719 4158 fratres
750 4103 894 4158 mei?
916 4104 979 4158 Et
1001 4101 1298 4158 extendens
1321 4115 1512 4155 manus
1534 4101 1587 4153 in
1611 4098 1771 4153 disci-

198 4192 343 4258 pulos
370 4210 497 4250 suos
521 4239 535 4261 ,
586 4196 720 4250 dixit
746 4213 760 4251 :
786 4197 923 4252 Ecce
946 4205 1117 4252 mater
1150 4212 1265 4252 mea
1285 4239 1298 4260 ,
1332 4203 1387 4250 et
1414 4193 1610 4249 fratres
1650 4194 1774 4247 mei.

196 4282 519 4358 Quicumque
544 4288 687 4344 enim
708 4289 896 4344 fecerit
916 4290 1241 4345 voluntatem
1264 4288 1438 4341 Patris
1463 4286 1587 4351 mei,
1614 4285 1702 4355 qui
1724 4284 1779 4339 in

197 4376 340 4433 caelis
359 4390 439 4437 est
470 4400 480 4434 :
507 4383 622 4453 ipse
650 4397 805 4439 meus
833 4382 1031 4450 frater,
1060 4390 1117 4437 et
1140 4396 1319 4446 soror,
1348 4388 1403 4436 et
1429 4388 1600 4434 mater
1622 4390 1723 4434 eSt.

267 4470 409 4544 [ϐαρ.
440 4473 582 4531 Xlll.
616 4490 779 4531 cxxxt
802 4516 814 4540 ,
844 4474 923 4545 2.]
955 4473 1013 4529 In
1048 4474 1138 4529 illo
1185 4474 1275 4528 die
1302 4472 1489 4527 exiens
1515 4472 1673 4528 Jesus
1714 4470 1782 4526 de

202 4559 353 4619 domo
377 4609 389 4633 ,
425 4568 650 4625 sedebat
676 4583 834 4624 secus
865 4583 1037 4623 mare.
1073 4567 1142 4622 Et
1172 4576 1514 4638 congregatae
1548 4574 1674 4620 sunt
1714 4562 1781 4619 ad
1806 4549 1858 4610 Ῑ)
1890 4558 2041 4617 Unde
2088 4574 2216 4626 erg"
2276 4557 2439 4611 ιιθυθῑ
2474 4555 2714 4609 Zizaim?
2760 4553 2827 4606 Εί
2872 4554 2947 4607 ³η
3000 4552 3103 4606 ί¹¹ίε
3156 4569 3169 4606 ³

205 4665 318 4710 eum
353 4661 520 4717 turba:
550 4662 760 4728 multae,
793 4661 868 4717 ita
910 4672 969 4717 ut
992 4661 1046 4716 in
1072 4659 1182 4733 [Αι.
1220 4671 1319 4714 tac.
1356 4658 1431 4727 in]
1480 4659 1781 4714 naviculam

210 4754 494 4810 ascendens
527 4756 769 4823 sederet,
808 4766 860 4811 et
887 4756 1066 4811 omnis
1096 4755 1251 4810 turba
1280 4753 1457 4809 stabat
1488 4752 1541 4807 in
1570 4752 1779 4807 littore:

208 4850 256 4895 et
282 4843 487 4904 locutus
533 4860 619 4905 est
647 4849 726 4905 eis
767 4849 934 4904 multa
973 4849 1027 4903 in
1068 4848 1343 4918 parabolis
1384 4846 1568 4901 dicens
1601 4863 1611 4898 :
1641 4846 1779 4900 Ecce

206 4934 325 4990 exiit
354 4940 439 5007 qui
467 4942 701 4997 seminat
728 4942 1019 4996 seminare.
1062 4940 1129 4994 Et
1159 4939 1285 4994 dum
1318 4940 1551 4994 seminat
1578 4979 1591 5003 ,
1632 4951 1781 5004 quae-

205 5023 317 5081 dam
359 5030 671 5089 ceciderunt
703 5046 862 5088 secus
903 5034 1045 5087 viam
1074 5074 1089 5097 ,
1135 5044 1189 5087 et
1228 5039 1497 5086 venerunt
1536 5030 1783 5084 volucres

205 5123 229 5152 ⁸
257 5121 395 5189 coeli,
423 5135 479 5180 et
508 5124 874 5181 comederunt
903 5140 988 5181 ea.
1019 5124 1141 5179 Alia
1171 5133 1353 5178 autem
1382 5121 1700 5177 ceciderunt
1729 5122 1781 5175 in

199 5223 405 5282 petrosa
429 5262 443 5283 ,
474 5219 565 5273 ubi
597 5235 705 5273 non
731 5219 1007 5274 habebant
1037 5226 1243 5274 terram
1271 5216 1492 5270 multam
1528 5230 1542 5267 :
1572 5221 1629 5269 et
1654 5226 1785 5268 con-

202 5308 347 5366 tinuo
384 5323 572 5369 exorta
618 5324 746 5369 sunt
771 5357 785 5381 ,
832 5315 955 5385 quia
995 5329 1105 5367 non
1140 5312 1415 5368 habebant
1446 5308 1787 5365 altitudinem

204 5411 375 5459 terrae.
406 5406 537 5463 Sole
569 5416 752 5463 autem
787 5416 912 5464 orto
958 5414 1328 5462 (lellaVCI‘UIll
1362 5422 1372 5455 :
1418 5412 1474 5458 et
1516 5402 1639 5471 quia
1681 5415 1789 5455 non

202 5494 728 5557 habebantradicem
748 5540 763 5567 ,
791 5508 1079 5557 aruerunt.
1115 5499 1229 5554 Alia
1254 5506 1439 5553 autem
1475 5492 1794 5549 ceciderunt

206 5588 253 5644 in
278 5592 461 5662 spinas
490 5611 506 5651 :
532 5602 588 5650 et
610 5601 909 5651 creverunt
938 5594 1111 5663 spiam
1128 5637 1142 5663 ,
1187 5600 1242 5647 et
1267 5590 1677 5647 suffocaverunt
1705 5599 1789 5641 ea.

1882 3257 2008 3311 bttm
2042 3256 2232 3322 audit,
2266 3265 2321 3312 et
2357 3255 2666 3312 sollicitudo
2696 3257 2879 3313 saeculi
2917 3258 3071 3313 istius
3094 3302 3107 3325 ,
3155 3266 3209 3313 et
3258 3258 3464 3314 fallacia

1881 3349 2219 3417 divitiarum,
2254 3350 2487 3405 suffocat
2510 3351 2752 3418 verbum,
2785 3360 2838 3405 et
2866 3351 2982 3406 sine
3010 3350 3184 3406 fructu
3215 3351 3467 3406 efficitur.

1880 3441 1982 3509 Qui
2015 3457 2143 3497 vero
2171 3443 2225 3497 in
2274 3452 2473 3498 terram
2519 3443 2717 3498 bonam
2748 3443 3043 3498 seminatus
3075 3452 3159 3497 est
3182 3488 3194 3511 ,
3232 3443 3317 3497 hic
3346 3452 3469 3509 est,

1882 3535 1971 3605 qui
2003 3536 2151 3590 audit
2180 3535 2406 3591 verbum
2434 3577 2448 3601 ,
2481 3544 2533 3592 et
2558 3534 2827 3605 intelligit,
2860 3546 2913 3590 et
2944 3537 3176 3591 fructum
3199 3535 3354 3591 affert
3381 3578 3395 3601 ,
3426 3545 3483 3589 et

1883 3628 2008 3683 facit
2040 3628 2181 3683 aliud
2216 3628 2433 3699 quidem
2462 3630 2842 3695 centesimum,
2876 3628 3022 3682 aliud
3054 3638 3231 3683 autem
3257 3644 3480 3699 sexage-

1882 3720 2101 3784 simum,
2132 3720 2277 3775 aliud
2304 3736 2433 3775 vero
2457 3718 3080 3791 trigesintum.[cxxxv1,
3118 3716 3230 3788 10.]
3252 3729 3275 3755 ει
3298 3720 3480 3774 Aliam

1883 3813 2197 3884 parabolam
2222 3813 2504 3883 proposuit
2532 3811 2665 3875 illis,
2693 3810 2882 3865 dicens
2914 3828 2927 3865 :
2955 3810 3144 3865 Simile
3177 3810 3377 3865 factum
3403 3821 3485 3867 est

1885 3920 2113 3974 regnum
2143 3904 2405 3959 cmlorum
2444 3903 2644 3957 homini
2674 3946 2687 3967 ,
2721 3902 2809 3970 qui
2843 3902 3131 3957 seminavit
3170 3902 3373 3958 bonum
3402 3920 3486 3959 se-

1885 4015 2009 4054 men
2053 3999 2106 4052 in
2154 4013 2285 4067 agro
2314 4012 2432 4051 suo.
2466 3996 2598 4049 Cum
2632 4004 2811 4050 autem
2856 3996 3157 4052 dormirent
3187 3997 3433 4053 homines
3467 4043 3479 4066 ,

1885 4091 2034 4146 venit
2081 4089 2333 4145 inimicus
2379 4090 2495 4158 ejus
2523 4134 2536 4158 ,
2588 4101 2642 4143 et
2687 4090 3149 4160 superseminavit
3186 4094 3389 4147 zizania
3429 4092 3481 4146 iu

1885 4183 2069 4238 medio
2096 4182 2260 4235 tritici
2289 4222 2302 4245 ,
2337 4188 2392 4237 et
2420 4180 2571 4236 abiit.
2606 4180 2741 4236 Cum
2773 4190 2953 4238 autem
2976 4186 3241 4241 crevisset
3276 4186 3441 4241 herba
3468 4230 3479 4253 ,

1885 4286 1939 4332 et
1974 4276 2202 4330 fructum
2249 4274 2507 4342 fecisset,
2568 4282 2694 4329 tunc
2747 4286 3117 4344 apparuerunt
3156 4285 3210 4329 et
3249 4278 3477 4332 zizania.

1886 4370 2228 4426 Accedentes
2254 4376 2434 4423 autem
2464 4370 2611 4423 servi
2644 4368 3067 4435 patrisfamilias,
3101 4368 3356 4421 dixerunt
3386 4371 3434 4423 ei
3468 4389 3476 4423 :

1887 4464 2139 4531 Domine,
2164 4478 2343 4519 nonne
2368 4463 2570 4515 bonum
2601 4477 2788 4516 semen
2812 4461 3089 4517 seminasti
3113 4459 3167 4512 in
3195 4474 3324 4529 agro
3349 4464 3479 4515 tuo?

3222 4554 3473 4609 Inimicus

1888 4653 2052 4708 homo
2077 4651 2179 4706 hoc
2210 4650 2355 4704 fecit.
2388 4648 2543 4705 Servi
2566 4657 2746 4701 autem
2772 4645 3031 4699 dixerunt
3057 4645 3106 4698 ei
3136 4661 3147 4696 :
3172 4644 3283 4711 Vis,
3318 4647 3476 4713 imus,

1890 4755 1942 4800 et
1971 4745 2273 4814 colligimus
2302 4742 2403 4796 ea?
2434 4740 2499 4793 Et
2541 4740 2617 4793 ait
2647 4756 2656 4791 :
2691 4737 2808 4791 Non
2842 4755 2852 4789 :
2882 4751 2947 4791 ne
2989 4738 3125 4791 forte
3157 4738 3477 4806 colligentes

1889 4841 2092 4895 zizania
2142 4880 2155 4904 ,
2238 4834 2525 4892 eradicetis
2582 4832 2743 4886 simul
2796 4845 2919 4885 cum
2979 4832 3057 4885 eis
3106 4839 3160 4885 et
3215 4832 3475 4887 triticum.

1889 4932 2065 4988 Sinite
2123 4940 2349 4999 utraque
2401 4940 2652 4981 crescere
2705 4936 2874 4993 usque
2937 4922 3003 4976 ad
3074 4937 3347 4992 messem,
3426 4934 3481 4980 et

1890 5029 1944 5083 in
1995 5038 2236 5097 tempore
2292 5022 2484 5077 messis
2537 5020 2714 5074 dicam
2761 5018 3094 5074 messoribus
3155 5037 3167 5071 :
3228 5018 3478 5089 Colligite

1891 5124 2123 5193 primum
2176 5118 2419 5182 zizania,
2473 5121 2526 5168 et
2579 5113 2801 5181 alligate
2849 5126 2912 5166 ea
2963 5112 3015 5165 in
3068 5111 3358 5167 fasciculos
3411 5114 3477 5167 ad

1892 5208 2357 5269 eomburendum:
2392 5204 2629 5259 triticum
2664 5212 2845 5258 autem
2890 5214 3216 5274 congregate
3260 5204 3311 5259 in
3354 5204 3482 5258 lior-

1892 5319 2047 5361 reum
2078 5314 2277 5353 meum.

1964 5396 2239 5466 [cxxxvu,
2380 5388 2553 5443 Aliam
2603 5387 2916 5457 parabolam
2961 5388 3243 5458 proposuit
3286 5388 3365 5444 eis
3400 5389 3481 5445 di—

1893 5504 2022 5545 cens
2069 5504 2080 5538 :
2130 5482 2318 5538 Simile
2363 5491 2445 5539 est
2478 5496 2701 5552 regnum
2750 5480 3013 5537 caelorum
3034 5496 3206 5552 grano
3235 5480 3479 5552 sinapis,

1895 5578 2035 5651 quod
2066 5573 2340 5645 accipiens
2382 5576 2542 5631 homo
2574 5573 2861 5630 seminavit
2898 5572 2955 5629 in
2985 5586 3117 5645 agro
3152 5587 3249 5631 suo
3284 5592 3295 5630 :
3341 5572 3487 5644 quod

280 5803 300 5830 ε
325 5793 532 5854 Nomen
559 5796 695 5863 caeli,
720 5795 863 5867 quod
886 5805 940 5852 et
968 5796 1225 5867 pleraque
1250 5794 1436 5850 Graeca
1467 5785 1795 5858 exemplaria
1829 5788 2009 5841 tacent
2035 5824 2047 5851 ,
2083 5794 2113 5835 a
2145 5778 2367 5852 Regina:
2396 5777 2608 5836 duobus
2644 5792 2775 5835 mss.
2808 5778 2984 5838 abest.
