3920 6200
488 249 592 305 559

1486 241 1544 294 S.
1587 236 1970 294 lllERONYMl
2013 235 2244 293 DIVINA
2289 232 2765 292 BIBLIOTIIECA.

3686 229 3783 285 560

492 362 777 418 minimum
807 356 1024 426 quidem
1050 363 1133 408 est
1168 352 1419 408 omnibus
1449 351 1752 407 seminibus
1783 369 1797 406 :
1829 366 1951 406 cum
1983 366 2082 404 au-
2107 353 2161 414 Α
2184 351 2315 406 fecit
2362 351 2435 406 ibi
2485 351 2717 406 virtutes
2764 349 2963 404 multas
2991 390 3006 414 ,
3057 355 3284 418 prepter
3341 346 3779 403 incredulitatem

493 464 602 509 tem
625 450 861 506 creverit
885 491 897 512 ,
922 447 1094 515 majus
1121 457 1206 499 est
1246 444 1502 498 omnibus
1532 443 1791 507 oleribus,
1817 453 1874 497 et
1903 442 1962 495 lit
1988 457 2082 496 ar-

490 543 593 600 bor
618 585 634 609 ,
657 543 730 597 ita
759 549 817 595 ut
846 540 1099 592 volucres
1127 535 1250 592 caeli
1281 536 1506 589 veniant
1530 574 1546 600 ,
1576 545 1631 589 et
1656 532 1905 588 habitent
1929 533 1983 587 in
2008 547 2086 586 ra-

493 635 593 688 mis
621 632 758 701 ejus.
789 629 1072 700 [cxxxvm,
1100 625 1179 693 5.]
1211 625 1386 680 Aliam
1416 624 1730 694 parabolam
1761 623 1976 679 locutus
1999 631 2086 678 est

490 730 590 784 eis.
621 723 814 781 Simile
840 733 923 778 est
950 736 1174 792 regnum
1205 720 1469 775 caelorum
1503 720 1790 783 lermento,
1825 717 1970 787 quod
1993 731 2083 771 ae-

485 831 700 890 ceptum
727 815 922 872 mulier
937 814 1222 870 abscondit
1245 814 1297 866 in
1324 812 1508 866 farinae
1532 812 1664 866 satis
1688 812 1885 877 tribus,
1907 809 2085 865 donec

489 915 872 969 fermentatum
904 920 989 962 est
1021 915 1214 961 totum.
1249 905 1491 977 [cxxxrx,
1523 903 1599 972 6.]
1632 902 1759 957 Πωο
1793 901 1974 955 omnia
2007 901 2087 954 lo-

489 1014 647 1061 cutus
676 1011 760 1058 est
789 1000 950 1056 Jesus
977 1001 1028 1054 in
1062 998 1338 1070 parabolis
1366 997 1434 1050 ad
1469 997 1655 1050 turbas
1690 1016 1701 1048 ;
1733 1005 1788 1050 et
1835 996 1953 1048 sine
1985 1008 2082 1063 pa-

491 1098 692 1155 rabolis
720 1110 826 1151 non
857 1095 1181 1165 loquebatur
1206 1093 1286 1146 eis
1320 1108 1335 1156 ;
1376 1102 1431 1145 ut
1462 1090 1787 1161 impleretur
1815 1087 1958 1158 quod
2006 1087 2087 1142 di-

487 1200 632 1246 ctum
676 1197 796 1243 erat
845 1202 939 1256 per
979 1184 1301 1255 prophetam
1351 1183 1622 1237 dicentem
1671 1198 1684 1235 :
1733 1181 1983 1251 Aperiam
2030 1178 2082 1232 in

489 1280 762 1352 parabolis
794 1294 855 1332 os
882 1293 1059 1332 meum
1090 1318 1105 1338 ,
1133 1277 1390 1330 eructaho
1420 1274 1735 1328 abscondita
1765 1289 1793 1325 a
1821 1273 2087 1326 constitu-

493 1374 641 1428 tione
669 1371 877 1426 mundi.
918 1373 1062 1441 [exh
1099 1367 1209 1438 10.]
1242 1367 1412 1432 Tunc,
1447 1367 1685 1420 dimissis
1719 1364 1914 1427 turbis,
1937 1364 2089 1418 venit

492 1467 544 1520 in
572 1466 835 1520 domum:
879 1473 932 1516 et
973 1469 1326 1515 accesserunt
1362 1459 1429 1512 ad
1478 1474 1600 1513 eum
1639 1457 1891 1526 discipuli
1922 1455 2040 1524 ejus
2065 1495 2082 1520 ,

490 1559 736 1614 dicentes
785 1575 795 1608 :
859 1555 1116 1609 Edissere
1170 1554 1327 1607 nobis
1379 1551 1697 1620 parabolam
1751 1550 2085 1603 zizaniorum

489 1651 624 1719 agri.
656 1652 754 1716 Qui
788 1646 1121 1716 respondens
1148 1647 1220 1700 ait
1253 1655 1275 1680 ει
1313 1646 1417 1697 illis
1444 1661 1456 1696 :
1487 1644 1587 1710 Qui
1623 1644 1852 1697 seminat
1879 1643 2081 1697 bonum

2194 446 2434 501 illorum.

2262 535 2412 606 |Cap.
2443 534 2585 591 XIV.
2618 534 2906 606 cxun,2.]
2943 534 3000 590 In
3033 535 3128 589 illo
3155 543 3409 604 tempore
3438 532 3653 588 audivit
3681 532 3780 589 lle-

2188 630 2352 686 rodes
2400 629 2695 685 Tetrarcba
2749 631 2945 684 famam
2993 629 3161 684 Jesn:
3194 641 3250 684 et
3294 629 3370 683 ait
3414 628 3602 698 pueris
3634 628 3779 683 suis:

2189 723 2287 777 llic
2326 731 2409 777 est
2440 721 2680 777 Joannes
2711 721 2953 791 Baptista
2985 738 2998 773 :
3044 722 3160 790 ipse
3201 722 3441 775 surrexit
3472 736 3500 774 a
3531 720 3779 788 mortuis,

2187 821 2241 868 et
2265 812 2389 867 ideo
2416 812 2647 867 virtutes
2675 821 2969 880 aperantur
3000 810 3055 866 in
3086 826 3172 867 eo.
3207 813 3410 882 |cxuv,
3433 808 3512 881 2.]
3543 811 3783 866 Herodes

2187 908 2332 962 enim
2368 906 2539 961 tenuit
2563 906 2851 968 Joannem,
2881 914 2937 961 et
2961 905 3207 976 alligavit
3232 921 3356 960 eum
3383 921 3398 959 :
3428 915 3480 960 et
3508 907 3687 974 posuit
3726 906 3781 960 in

2185 1013 2463 1054 carcerem
2520 1008 2743 1069 propter
2791 998 3153 1053 llerodiadem
3194 1013 3418 1052 uxorem
3455 997 3631 1052 fratris
3670 997 3776 1052 sui.

2189 1091 2409 1146 Dicebat
2453 1093 2602 1145 enim
2653 1092 2729 1145 illi
2778 1090 3059 1146 Jonnnes:
3113 1090 3232 1145 Non
3278 1091 3405 1145 licet
3453 1089 3545 1143 tibi
3577 1089 3779 1146 habere

2187 1199 2330 1237 cant.
2387 1184 2453 1237 Et
2499 1183 2688 1238 volens
2719 1183 2871 1236 illum
2921 1181 3208 1248 occidere,
3258 1181 3436 1235 timuit
3482 1181 3775 1250 populum:

2187 1277 2310 1345 quia
2322 1276 2462 1330 sicut
2485 1275 2809 1343 Prophetatn
2833 1290 2957 1328 eum
2973 1274 3266 1328 habebant.
3285 1272 3550 1345 [θηκτὰ]
3569 1274 3664 1328 Die
3687 1289 3779 1328 au-

2188 1379 2296 1423 tem
2326 1368 2525 1422 natalis
2553 1367 2785 1422 Herodis
2836 1367 3049 1422 saltavit
3091 1368 3196 1419 lilia
3230 1365 3553 1420 llerodiadis
3580 1367 3633 1420 in
3666 1382 3777 1421 me-

2186 1460 2278 1515 dio
2303 1501 2318 1525 ,
2352 1468 2404 1514 et
2435 1460 2636 1529 placuit
2667 1459 2889 1514 llerodi.
2942 1458 3099 1514 Unde
3127 1473 3251 1513 cum
3277 1459 3582 1527 juramento
3619 1458 3778 1527 polli-

2186 1553 2328 1606 citus
2356 1560 2437 1605 est
2471 1552 2520 1605 ei
2565 1552 2698 1606 dare
2735 1551 3115 1620 quodcumque
3143 1550 3466 1619 postulasset
3498 1549 3563 1604 ab
3592 1565 3673 1604 eo.
3706 1549 3778 1605 At

2189 1648 2278 1701 illa
2310 1647 2632 1717 prmmonita
2663 1662 2691 1699 a
2737 1656 2910 1701 matre
2940 1661 3058 1711 sua,
3089 1646 3162 1700 Da
3188 1645 3352 1713 mihi,
3385 1647 3574 1713 inquit,
3604 1645 3690 1699 hic
3720 1645 3778 1698 in

486 1756 700 1804 semen,
731 1751 813 1794 est
838 1737 1279 1790 Filiushoininis.
1307 1739 1447 1804 Ager
1477 1744 1656 1788 autem
1679 1773 1694 1797 ,
1721 1743 1804 1787 est
1828 1733 2083 1786 mundus.
2116 1734 2163 1793 Β
2191 1740 2342 1794 disco
2379 1747 2543 1807 caput
2582 1738 2809 1793 Joannis
2854 1724 3132 1807 Baptism.
3197 1737 3263 1791 Et
3308 1738 3663 1792 contristatus
3703 1744 3781 1790 est

491 1833 697 1886 Bonum
732 1845 864 1884 vero
894 1843 1079 1883 semen
1106 1871 1120 1894 ,
1157 1828 1209 1880 lti
1252 1836 1377 1880 sunt
1406 1827 1497 1879 lilii
1529 1827 1700 1894 regni.
1733 1824 1948 1877 Zizania
1988 1839 2085 1876 au-

492 1936 623 1991 tem,
653 1924 749 1977 lilii
778 1932 904 1976 sunt
926 1937 1180 1991 nequam.
1213 1920 1464 1974 Inimicus
1495 1928 1698 1982 autem,
1734 1918 1825 1987 qui
1853 1916 2088 1971 semina-

493 2018 572 2071 vit
599 2032 658 2071 ea
679 2055 694 2079 ,
731 2024 813 2069 est
833 2014 1102 2068 diabolus.
1136 2012 1328 2068 Messis
1362 2028 1490 2067 vero
1513 2055 1527 2078 ,
1554 2011 1954 2066 consummatio
1983 2026 2087 2064 sm-

489 2109 597 2163 culi
631 2117 732 2162 est.
769 2107 1031 2161 Messores
1061 2113 1240 2158 autem
1267 2144 1282 2171 ,
1326 2104 1505 2174 angeli
1536 2111 1682 2156 sunt.
1732 2101 1884 2156 Sicut
1911 2117 2042 2172 ergo
2069 2144 2083 2166 ,

490 2200 824 2270 colliguntur
847 2197 1050 2252 zizania
1070 2236 1086 2265 ,
1117 2204 1171 2252 et
1197 2195 1306 2264 igni
1339 2195 1732 2248 comburuntur
1756 2211 1770 2246 :
1799 2193 1877 2248 sic
1899 2192 2000 2246 erit
2030 2193 2085 2247 in

489 2292 959 2350 consummatione
981 2291 1189 2344 surculi.
1216 2288 1385 2342 Mittct
1412 2287 1582 2342 Filius
1605 2287 1841 2342 hominis
1860 2287 2087 2356 angelos

491 2401 643 2449 suos,
677 2392 730 2437 et
761 2382 1016 2452 colligent
1043 2382 1111 2436 de
1141 2395 1309 2450 regno
1340 2379 1458 2447 ejus
1487 2378 1666 2432 omnia
1688 2377 1943 2432 scandala
1974 2422 1986 2443 ,
2032 2386 2088 2432 et

489 2494 584 2532 eos
615 2477 704 2546 qui
735 2474 935 2530 faciunt
966 2473 1303 2543 iniquitatem
1338 2489 1350 2524 :
1378 2481 1437 2526 et
1465 2472 1681 2525 mittent
1707 2485 1801 2526 eos
1832 2470 1886 2524 in
1913 2469 2084 2524 cami-

489 2583 615 2622 num
649 2566 806 2636 ignis.
844 2564 922 2620 lbi
951 2563 1057 2619 erit
1094 2562 1255 2617 lletus
1279 2605 1292 2628 ,
1327 2572 1382 2616 ct
1411 2561 1616 2616 stridor
1643 2560 1906 2615 dentium.
1936 2559 2087 2613 Tunc

491 2660 625 2731 justi
661 2659 939 2729 fulgebunt
963 2659 1098 2712 sicut
1127 2657 1208 2709 sol
1247 2655 1299 2709 in
1339 2670 1508 2723 regno
1534 2653 1709 2708 Patris
1740 2668 1950 2706 eorum.
1982 2651 2082 2719 Qui

487 2755 652 2808 habet
698 2767 857 2805 aures
903 2747 1204 2815 audiendi,
1238 2746 1443 2800 audiat.
1489 2744 1679 2799 Simile
1730 2753 1818 2798 est
1856 2757 2083 2812 regnum

490 2846 753 2904 cmlorum
804 2845 1056 2900 thesauro
1100 2839 1422 2896 abscondito
1468 2839 1518 2892 in
1561 2851 1694 2908 agro
1742 2856 1752 2887 :
1793 2850 1952 2907 quem
1993 2835 2083 2905 qui

486 2939 694 2996 invenit
724 2939 907 3005 homo,
938 2934 1258 3001 abscondit,
1287 2942 1343 2989 et
1368 2947 1476 3002 pra:
1505 2930 1705 3001 gaudio
1733 2929 1882 2983 illius
1913 2927 2080 2996 vadit,

484 3043 540 3086 ct
572 3030 754 3086 vendit
780 3031 1027 3085 universa
1062 3043 1182 3097 qua:
1206 3025 1404 3090 habet,
1436 3031 1492 3079 et
1520 3025 1652 3078 emit
1692 3036 1879 3092 agrum
1909 3020 2078 3074 illum.

2191 1845 2286 1884 rex
2313 1848 2326 1881 :
2363 1839 2583 1900 propter
2605 1830 2973 1900 juramentnm
3001 1839 3215 1897 autem,
3253 1838 3308 1883 et
3332 1845 3431 1884 eos
3461 1830 3552 1899 qui
3587 1829 3783 1898 pariter

2190 1921 2618 1985 recumbebaut,
2664 1919 2829 1990 jussit
2877 1921 3015 1975 dari.
3077 1920 3362 1991 Misitque,
3405 1931 3462 1976 et
3499 1920 3780 1976 decollarit

2187 2011 2454 2068 Joannem
2504 2014 2556 2067 in
2584 2029 2826 2069 carcere.
2893 2015 2956 2068 Et
2994 2015 3217 2069 allatum
3257 2023 3342 2070 est
3384 2024 3553 2085 caput
3582 2015 3699 2085 ejus
3733 2017 3780 2070 in

2187 2105 2364 2169 disco,
2396 2116 2452 2161 et
2477 2105 2662 2160 datum
2691 2115 2776 2161 est
2805 2107 3024 2176 puellae,
3060 2118 3115 2162 et
3139 2107 3323 2162 attulit
3350 2109 3510 2162 matri
3545 2124 3678 2163 suae.
3718 2109 3781 2163 Et

2186 2197 2512 2251 accedentes
2555 2197 2809 2265 discipuli
2856 2198 3000 2267 ejus,
3055 2198 3297 2253 tulerunt
3317 2214 3521 2269 corpus
3543 2201 3684 2270 ejus,
3731 2208 3783 2256 et

2187 2289 2528 2357 sepelierunt
2576 2289 2746 2344 illud:
2790 2299 2845 2344 et
2884 2291 3168 2346 venientes
3207 2292 3603 2348 nuntiaverunt
3639 2293 3778 2349 Jesu.

2188 2380 2486 2451 [chvt,5.]
2519 2380 2672 2446 Quod
2697 2395 2822 2436 cum
2849 2382 3092 2437 audisset
3119 2381 3300 2449 Jesus,
3330 2385 3561 2440 secessit
3597 2385 3715 2440 inde
3735 2387 3782 2440 in

2188 2472 2431 2527 navicula
2458 2513 2474 2537 ,
2522 2472 2575 2526 in
2606 2473 2787 2526 locum
2819 2474 3094 2528 desertum
3127 2489 3414 2529 seorsum:
3448 2485 3503 2530 et
3537 2493 3664 2532 cum
3691 2491 3781 2531 au-

2186 2564 2393 2618 dissent
2422 2563 2618 2630 turben,
2649 2575 2849 2618 secuta:
2877 2575 3003 2620 sunt
3028 2581 3150 2620 eum
3185 2566 3469 2635 pedestres
3499 2569 3568 2624 de
3606 2569 3784 2623 civita-

2188 2653 2352 2708 tibus.
2396 2654 2464 2708 Et
2506 2654 2702 2709 exiens
2731 2655 2868 2710 vidit
2903 2657 3114 2711 turbam
3144 2657 3368 2712 multam
3394 2699 3410 2722 ,
3452 2667 3508 2714 et.
3536 2660 3782 2715 misertus

2186 2757 2273 2801 est
2319 2748 2400 2802 eis
2432 2787 2450 2813 ,
2495 2755 2553 2802 ct
2597 2750 2810 2804 curavit
2855 2749 3138 2821 languidos
3186 2765 3399 2806 eorum.
3453 2752 3684 2824 [chvn,
3715 2751 3782 2822 l.]

2191 2837 2430 2909 Vespere
2460 2848 2639 2894 autem
2670 2839 2813 2895 facto
2835 2882 2850 2906 ,
2898 2851 3250 2901 accesserunt
3280 2843 3345 2898 ad
3378 2859 3502 2900 eum
3534 2845 3784 2916 discipuli

2187 2929 2326 2999 ejus,
2361 2929 2648 2987 dicentes:
2685 2934 2944 2988 Desertus
2964 2935 3236 3002 estlocus,
3268 2949 3326 2991 et
3347 2937 3482 2992 hora
3504 2937 3623 3008 jam
3651 2955 3778 3011 pra:-

2188 3020 2368 3076 teriit:
2418 3022 2632 3080 dimitte
2675 3026 2889 3092 turbas,
2923 3037 2978 3080 ut
3005 3037 3202 3083 euntes
3234 3029 3290 3083 in
3315 3030 3538 3085 castella
3559 3072 3575 3096 ,
3613 3040 3785 3087 emant

491 3123 686 3177 lterum
719 3119 895 3174 simile
919 3129 998 3174 est
1031 3133 1258 3188 regnum
1290 3117 1552 3172 etelorum
1592 3113 1797 3168 homini
1844 3112 2083 3182 negotia—
2112 3115 2158 3177 Ο
2188 3114 2291 3168 sibi
2322 3129 2498 3170 escas.
2550 3115 2709 3172 Jesus
2753 3126 2936 3173 autem
2981 3119 3118 3174 dixit
3145 3121 3266 3176 eis:
3316 3122 3434 3176 Non
3463 3122 3672 3180 habent
3699 3141 3785 3181 ne-

493 3212 616 3278 tori,
655 3211 917 3280 quaerenti
946 3209 1114 3264 bonas
1141 3207 1482 3278 margaritas.
1515 3205 1736 3260 Inventa
1769 3214 1949 3258 autem
1981 3217 2082 3256 una

493 3303 731 3374 pretiosa
762 3301 1046 3370 margarita
1079 3344 1090 3364 ,
1127 3299 1255 3353 abiit
1281 3339 1294 3363 ,
1336 3307 1390 3352 ct
1419 3296 1603 3351 vendit
1633 3297 1810 3350 omnia
1838 3312 1957 3365 qua:
1991 3295 2086 3348 ha-

492 3397 628 3465 buit,
646 3404 701 3450 et
719 3395 852 3448 emit
874 3409 1014 3448 eam.
1030 3391 1230 3448 lterum
1263 3391 1441 3446 simile
1465 3400 1548 3444 est
1572 3405 1796 3459 regnum
1821 3389 2082 3443 caelorum

493 3502 708 3556 sagena:
744 3485 921 3540 missae
962 3483 1013 3536 in
1053 3497 1232 3546 mare,
1267 3491 1322 3536 et
1351 3497 1417 3537 ex
1442 3480 1589 3535 omni
1629 3495 1829 3549 genere
1860 3480 2084 3548 piscium

491 3576 859 3648 congreganti.
896 3576 1104 3642 Quam,
1136 3587 1259 3628 cum
1284 3571 1506 3642 impleta
1536 3581 1717 3638 esset,
1756 3570 2080 3634 educentes,

492 3680 546 3726 et
575 3685 735 3725 secus
783 3667 935 3723 littus
965 3665 1218 3721 sedentes
1241 3706 1254 3732 ,
1301 3664 1583 3733 elegerunt
1622 3662 1795 3717 honos
1838 3662 1890 3716 in
1923 3677 2046 3715 vasa
2067 3703 2081 3727 ,

493 3760 664 3816 malos
696 3769 878 3814 autem
907 3757 1053 3814 foras
1084 3757 1369 3810 miserunt.
1403 3753 1496 3810 Sic
1520 3753 1625 3808 erit
1655 3754 1707 3808 in
1737 3767 2084 3808 consumma-

493 3853 640 3908 tione
663 3849 847 3906 szeculi
879 3868 890 3902 :
917 3850 1144 3905 exibunt
1165 3846 1364 3919 angeli,
1390 3855 1445 3901 et
1467 3846 1798 3916 separabunt
1822 3846 1992 3901 malos
2020 3845 2086 3902 de

493 3946 673 4000 medio
700 3945 969 4014 justorum
995 3985 1008 4008 ,
1043 3953 1098 3999 et
1131 3943 1348 3997 mittent
1376 3955 1472 3996 eos
1501 3940 1555 3995 in
1595 3941 1865 3995 caminum
1901 3940 2039 4012 ignis
2071 3957 2083 3993 :

495 4040 570 4095 ibi
600 4038 703 4094 erit
732 4037 915 4101 fletus,
942 4043 998 4091 et
1021 4035 1224 4090 stridor
1246 4033 1518 4090 dentium.
1546 4032 1572 4071 δ
1604 4033 1949 4089 lntellexistis
1975 4035 2088 4089 haec

490 4131 712 4188 omnia?
740 4130 944 4184 Dicunt
986 4129 1032 4183 ei
1084 4145 1098 4183 :
1144 4127 1341 4182 Etiam.
1389 4127 1478 4180 Ait
1517 4127 1624 4181 illis
1677 4145 1689 4180 :
1743 4127 1871 4183 ldeo
1910 4129 2087 4183 omnis

494 4221 678 4278 scriba
707 4220 901 4277 doctus
932 4219 986 4274 in
1018 4234 1184 4289 regno
1208 4217 1476 4272 emlorum
1498 4256 1514 4283 ,
1546 4217 1736 4272 similis
1769 4228 1851 4273 est
1882 4218 2086 4274 homini

495 4313 878 4386 patrifamilias
903 4353 919 4380 ,
961 4313 1048 4384 qui
1094 4310 1299 4382 profert
1336 4309 1406 4364 de
1435 4309 1694 4365 thesauro
1724 4324 1825 4365 suo
1856 4327 1992 4365 nova
2033 4320 2089 4367 et

491 4418 700 4466 vetera.
735 4408 801 4462 Et
832 4407 1032 4461 factum
1063 4411 1170 4471 est,
1203 4419 1324 4458 cum
1354 4411 1789 4458 consummasset
1814 4403 1972 4459 Jesus
1993 4419 2086 4474 pa-

494 4503 709 4558 rabolas
736 4501 905 4567 istas,
934 4499 1146 4553 transiit
1167 4497 1310 4552 inde.
1338 4497 1480 4570 [cht
1504 4541 1518 4567 ,
1553 4497 1631 4567 l.|
1678 4497 1745 4552 Et
1774 4500 1999 4554 veniens
2033 4498 2085 4554 in
2114 4491 2163 4551 D

491 4593 725 4662 patriam
755 4606 932 4652 suam.
959 4590 1188 4646 docebat
1216 4603 1310 4643 eos
1343 4589 1396 4642 in
1439 4589 1726 4659 synagOgis
1755 4605 1972 4656 eorum,
2007 4590 2082 4645 ita

492 4695 554 4740 ut
580 4684 928 4748 mirarentur,
957 4689 1014 4737 et
1035 4677 1481 4735 dicerentzUnde
1511 4679 1634 4733 lmie
1658 4681 1920 4750 sapientia
1945 4682 2080 4750 haec,

493 4788 548 4833 et
579 4775 843 4832 virtutes?
882 4773 1070 4830 Nonne
1101 4773 1189 4828 hic
1218 4781 1300 4827 est
1331 4771 1464 4826 labri
1491 4773 1668 4828 lilius?
1699 4773 1887 4829 Nonne
1912 4784 2084 4832 mater

493 4869 610 4938 ejus
640 4869 838 4925 dicitur
869 4867 1064 4932 Maria;
1095 4873 1151 4922 et
1180 4864 1378 4919 fratres
1409 4863 1528 4932 ejus
1563 4863 1762 4934 Jacob,
1796 4875 1849 4922 et
1878 4866 2081 4938 Joscph

495 4962 604 5033 [ΑΙ.
637 4958 815 5028 Joses]
846 5004 860 5027 ,
904 4970 956 5014 et
979 4959 1168 5014 Simon
1191 4999 1205 5025 ,
1241 4967 1299 5012 et
1341 4955 1546 5013 Judas?
1578 4967 1633 5012 et
1676 4973 1895 5015 sorores
1923 4960 2039 5030 ejus
2065 5005 2080 5029 ,

494 5069 673 5110 nonne
720 5068 910 5108 omnes
980 5049 1122 5122 apud
1173 5064 1273 5105 nos
1321 5049 1500 5105 sunt?
1577 5049 1728 5105 Unde
1777 5067 1909 5122 ergo
1961 5053 2087 5108 huic

492 5147 673 5202 omnia
721 5144 859 5198 ista?
910 5144 976 5198 Et
1020 5142 1522 5198 scandalizabantur
1561 5142 1612 5196 in
1655 5157 1742 5199 eo.
1793 5144 1976 5216 [cxut,
2009 5144 2085 5214 1.]

491 5241 650 5296 Jesus
703 5248 884 5293 autem
939 5237 1077 5292 dixit
1129 5236 1212 5291 eis
1268 5253 1281 5289 :
1340 5233 1456 5290 Non
1501 5243 1584 5290 est
1645 5235 1916 5306 Propheta
1967 5237 2085 5292 sine

491 5331 697 5388 honore
719 5371 734 5397 ,
767 5331 868 5384 nisi
899 5329 954 5385 in
985 5329 1156 5399 patria
1188 5343 1314 5392 sua,
1346 5326 1473 5382 etin
1508 5326 1670 5382 domo
1716 5343 1835 5383 sua.
1880 5329 1946 5384 Et
1978 5346 2083 5384 non

564 5487 589 5515 ει
622 5475 738 5532 Hoc
778 5474 940 5530 etiam
975 5488 1225 5543 pronam.
1256 5472 1360 5543 illis
1401 5469 1821 5539 praetermittunt
1863 5471 2080 5543 Reginae

492 5549 710 5604 codices
736 5560 858 5600 cum
900 5541 1106 5599 Graecis
1138 5541 1382 5597 melioris
1415 5548 1577 5594 notm.

565 5619 589 5656 δ
629 5615 1166 5687 Praeponuntﬁrazca
1190 5614 1446 5687 pleraque
1469 5611 1801 5682 exemplaria
1825 5615 1967 5687 Δέγιι
1994 5616 2079 5671 αὐ-

492 5699 602 5752 ταῖς
629 5688 656 5745 ὁ
683 5682 883 5747 ἰηὰοὓς
909 5725 923 5752 ,
956 5683 1092 5738 Dicit
1122 5686 1194 5740 eis
1223 5682 1397 5740 laus.

2187 3219 2342 3260 cesse
2368 3207 2488 3261 ire:
2524 3205 2650 3261 date
2693 3208 2800 3262 illis
2829 3223 2925 3264 vos
2968 3211 3317 3268 manducare.
3370 3213 3786 3284 Responderunt

2185 3295 2233 3349 ei
2261 3313 2272 3347 ε
2305 3295 2425 3352 Νοη
2455 3297 2720 3353 habemus
2759 3297 2848 3353 hic
2895 3299 2998 3354 nisi
3045 3301 3287 3372 quinque
3326 3319 3528 3373 panes,
3562 3316 3627 3362 et
3655 3307 3783 3362 duos

2188 3387 2385 3456 pisces.
2413 3387 2517 3455 Qui
2551 3391 2626 3444 ait
2654 3391 2774 3445 eis:
2814 3390 3018 3448 Allerte
3053 3392 3185 3448 mihi
3221 3394 3346 3449 illos
3378 3394 3504 3452 huc.
3570 3398 3783 3455 Etcum

2183 3477 2444 3547 jussisset
2473 3481 2684 3537 turbam
2727 3481 3072 3539 discumbere
3117 3500 3282 3557 super
3308 3487 3518 3555 fenum,
3549 3491 3784 3560 acceptis

2189 3570 2428 3640 quinque
2457 3573 2708 3643 panibus,
2758 3583 2813 3628 et
2859 3574 3072 3630 duobus
3104 3577 3342 3646 piscibus
3366 3623 3379 3646 ,
3425 3580 3703 3649 aSpiciens
3733 3581 3780 3635 in

2185 3665 2383 3720 ctnlum
2414 3665 2732 3735 benedixit,
2776 3675 2833 3724 et
2859 3667 3062 3739 fregit,
3108 3680 3161 3725 et
3186 3670 3341 3726 dedit
3380 3673 3666 3744 discipulis
3696 3690 3782 3746 pa-

2187 3770 2305 3822 nes,
2339 3755 2588 3825 discipuli
2626 3767 2806 3814 autem
2845 3759 3040 3816 turbis.
3084 3761 3150 3816 Et
3178 3763 3649 3821 manducaverunt
3676 3783 3782 3820 ont-

2196 3862 2325 3912 nes,
2360 3858 2416 3904 et
2455 3851 2679 3905 saturati
2703 3863 2851 3907 sunt.
2905 3853 2971 3908 Et
3005 3855 3246 3910 tulerunt
3273 3857 3554 3929 reliquias,
3582 3861 3779 3916 duode-

2187 3941 2294 3996 cim
2325 3941 3035 4014 cophinosl'ragmcntorum
3073 3949 3280 4017 plenos.
3345 3949 3776 4010 Manducantium

2188 4044 2368 4090 autem
2393 4035 2490 4090 fuit
2518 4053 2777 4093 numerus
2799 4079 2812 4106 ,
2845 4039 3083 4110 quinque
3109 4042 3277 4096 millia
3322 4044 3602 4112 virorum,
3632 4061 3776 4101 esce-

2191 4127 2295 4198 ptis
2325 4129 2682 4200 mulieribus,
2725 4141 2778 4186 et
2815 4133 3077 4202 parvulis.
3120 4135 3369 4207 [cxt.vttt,
3404 4137 3484 4209 6.]
3514 4139 3577 4192 Et
3607 4139 3772 4193 statim

2193 4229 2213 4257 ε
2247 4221 2513 4291 compulit
2538 4221 2698 4279 Jesus
2723 4222 3016 4295 di:cipulos
3044 4228 3343 4284 ascendere
3375 4229 3428 4284 in
3458 4231 3768 4293 naviculam,

2189 4323 2243 4370 et
2275 4317 2585 4385 prtccedere
2631 4333 2753 4373 eum
2809 4328 2958 4376 trans
3007 4320 3205 4378 fretum
3232 4365 3247 4391 ,
3281 4323 3455 4379 donec
3485 4324 3772 4381 dimitteret

2192 4409 2399 4464 turbas.

2261 4500 2461 4572 [.chtx,
2502 4501 2583 4576 2.]
2616 4503 2680 4558 Et
2706 4504 2928 4562 dimissa
2961 4509 3117 4563 turba
3138 4552 3154 4578 ,
3179 4510 3427 4567 ascendit
3460 4515 3510 4567 in
3545 4520 3769 4567 montem

2189 4595 2347 4649 solus
2374 4611 2550 4651 orare.
2579 4597 2686 4668 [ειη
2717 4598 2797 4670 4.]
2828 4599 3068 4671 Vespere
3097 4615 3278 4660 autem
3303 4607 3467 4674 facto,
3494 4607 3635 4662 solus
3657 4615 3771 4659 erat

2190 4687 2284 4743 ibi.
2319 4688 2577 4746 Navicula
2618 4703 2801 4749 autem
2844 4695 2899 4750 in
2923 4697 3103 4752 medio
3145 4701 3279 4754 tnari
3311 4700 3620 4770 jactabatur
3678 4700 3771 4754 nu-

2189 4783 2370 4838 ctibus
2399 4802 2411 4836 :
2443 4795 2560 4839 erat
2590 4787 2739 4841 enim
2766 4790 3075 4846 contrarius
3104 4801 3322 4848 ventus.
3365 4796 3573 4863 Quarta
3602 4805 3766 4850 autem

2191 4874 2379 4946 vigilia
2408 4876 2585 4932 noctis
2615 4919 2629 4944 ,
2662 4880 2814 4934 venit
2858 4879 2924 4935 ad
2968 4896 3066 4937 eos
3098 4883 3383 4939 ambulans
3414 4901 3579 4956 super
3608 4898 3764 4940 mare.

2193 4964 2262 5020 Et
2308 4967 2558 5023 videntes
2608 4985 2731 5024 eum
2779 4971 2887 5043 [AL
2919 4973 3045 5027 add.
3096 4973 3369 5047 discipuli]
3420 4992 3586 5048 super
3626 4991 3764 5032 mare

2191 5058 2588 5128 ambulantem,
2626 5062 2830 5118 turbati
2861 5074 3010 5131 sunt,
3042 5065 3328 5123 dicentes:
3374 5069 3512 5135 Quia
3555 5070 3768 5139 phanta-

2190 5166 2304 5206 sma
2336 5160 2439 5208 est.
2473 5153 2540 5208 Et
2565 5169 2678 5224 pra:
2714 5154 2906 5212 timore
2933 5157 3327 5214 clamaverunt.
3358 5161 3658 5232 Statimque
3684 5159 3766 5215 Je-

2189 5257 2283 5298 sus
2315 5244 2528 5300 locutus
2564 5257 2649 5302 est
2681 5247 2797 5314 eis,
2830 5245 3018 5304 dicens
3047 5267 3058 5304 :
3104 5251 3311 5307 l-labete
3345 5252 3634 5310 ﬁduciam:
3673 5266 3762 5323 ego

2189 5349 2332 5404 sum,
2363 5336 2534 5393 nolite
2584 5337 2798 5395 timere.
2852 5339 2994 5412 [cu,
3024 5339 3134 5411 10.]
3185 5343 3551 5414 Respondens
3599 5355 3758 5402 autem

2267 5491 2287 5515 ο
2329 5479 2446 5534 Duo
2473 5479 2693 5557 Regina:
2724 5496 2883 5547 mss.,
2908 5485 3102 5557 statim
3131 5483 3294 5557 jussit
3324 5484 3756 5557 discipulis,jipso

2183 5547 2338 5676 {68:18
2385 5547 2602 5606 nomine
2643 5553 3054 5621 przetermisso:
3101 5547 3158 5612 ei
3204 5554 3396 5611 Graeco
3418 5547 3755 5612 dissentiente

2208 5634 2274 5675 ex
2306 5638 2356 5676 ιι.

2208 5634 2356 5676 CXI“.
