3920 6200
149 255 229 311 :‘iGI
1067 254 1523 311 EVANGELIUM
1563 254 1937 314 SECUNDUM
1978 256 2414 317 MATTIIEUM.
3133 262 3143 287 ‘

3290 263 3395 317 562

153 370 320 425 Petrus
349 370 491 425 dixit
524 369 809 431 :Domine,
839 370 884 421 si
920 375 973 421 tu
1006 382 1094 431 es,
1132 368 1263 437 jube
1306 384 1393 423 me
1423 368 1488 422 ad
1523 377 1572 421 te
1606 382 1687 422 ve~
1728 376 1778 433 Α
1809 369 2006 424 finibus
2036 372 2139 425 illis
2172 387 2394 441 egressa
2435 374 2731 435 clamavit,
2782 373 2968 428 dicens
3010 375 3057 429 ei
3089 391 3101 427 :
3136 374 3394 430 Miserere

154 461 251 516 nire
272 476 435 532 super
457 476 633 529 aquas.
680 464 748 512 At
777 460 893 528 ipse
922 460 1034 513 ait:
1072 459 1229 515 Veni.
1262 459 1330 513 Et
1355 460 1701 515 descendens

152 552 318 608 Petrus
345 555 412 608 de
444 550 703 616 navicula,
733 550 1046 605 ambulabat
1072 568 1240 622 super
1267 569 1484 622 aquam,
1522 564 1577 607 ut
1610 569 1700 608 ve-

151 646 268 701 niret
296 646 357 700 ad
384 645 589 700 Jesum.
645 644 847 699 Videns
888 660 1023 699 vero
1061 654 1282 699 ventum
1322 646 1557 699 validum
1586 688 1600 709 ,
1636 648 1699 699 ti-

146 738 290 792 muit:
316 748 368 791 et
396 752 519 791 cum
542 738 794 804 coepisset
821 738 1012 805 mergi,
1045 737 1307 792 clamavit
1334 740 1522 793 dicens
1549 758 1560 793 :
1591 739 1696 793 Do-

143 832 289 895 mine,
318 830 531 884 salvum
562 845 648 885 me
679 830 786 886 fac.
831 830 898 885 Et
926 831 1183 887 continuo
1209 831 1366 885 .lesus
1398 832 1698 888 extendens

144 938 347 988 manum,
367 923 726 992 apprehendit
751 939 874 978 eum
903 941 916 977 :
948 934 1002 978 et
1028 924 1103 978 ait
1134 925 1213 978 illi
1242 942 1253 976 :
1284 925 1507 981 Modica:
1536 926 1660 981 lidei
1680 968 1694 991 ,

137 1032 275 1086 quare
299 1017 607 1070 dubitasti?
650 1016 799 1089 [CLII,
830 1016 909 1086 6.]
960 1018 1023 1072 Et
1064 1034 1185 1072 cum
1228 1021 1613 1075 ascendissent
1643 1020 1695 1075 in

137 1110 413 1165 naviculam
435 1154 450 1177 ,
485 1112 717 1165 cessavit
762 1121 976 1166 ventus.
1020 1111 1120 1179 Qui
1150 1119 1329 1166 autem
1358 1113 1408 1166 in
1444 1114 1693 1167 navicula

134 1215 282 1267 erant,
330 1213 643 1267 venerunt,
692 1214 746 1258 et
796 1204 1164 1258 adoraverunt
1208 1220 1367 1268 eum,
1404 1204 1691 1263 dicentes:

129 1295 246 1350 Vere
266 1294 432 1349 Filius
450 1295 545 1349 Dei
570 1310 650 1350 es.
680 1294 849 1366 [cum
874 1295 954 1367 2.]
982 1298 1192 1351 Etcum
1224 1300 1694 1363 transfretassent,

122 1398 368 1441 venerunt
401 1390 453 1441 in
490 1396 689 1441 terram
722 1387 987 1442 Genesar.
1062 1387 1128 1441 Et
1155 1403 1276 1442 cum
1307 1390 1696 1458 cognovissent

123 1494 229 1535 eum
285 1481 383 1535 viri
430 1480 534 1535 loci
594 1481 779 1546 illius,
825 1481 1089 1536 miserunt
1134 1482 1186 1535 in
1238 1498 1541 1537 universam
1605 1500 1693 1537 re-

127 1575 321 1645 gionem
380 1576 559 1641 illam,
619 1581 677 1629 et
713 1573 1027 1629 obtulerunt
1070 1574 1120 1628 ei
1160 1590 1351 1629 omnes
1403 1575 1542 1629 male
1605 1576 1696 1629 ba-

122 1666 309 1721 bentes.
364 1667 427 1720 Et
474 1667 733 1736 rogabant
772 1681 935 1733 eum,
986 1675 1045 1719 ut
1092 1668 1177 1720 vel
1228 1666 1494 1722 fimbriam
1530 1672 1696 1722 vesti-

1806 464 1931 527 tnei,
1969 464 2199 518 Domine
2230 465 2305 518 fili
2340 465 2548 519 David:
2594 466 2701 520 filia
2748 482 2864 521 mea
2899 468 3038 522 male
3066 485 3092 521 a
3122 469 3394 524 daemonio

1804 568 2055 612 vexatur.
2097 560 2197 625 Qui
2224 575 2327 613 non
2362 560 2638 629 rcSpondit
2667 562 2716 615 ei
2751 562 2997 615 verbum.
3046 565 3109 615 lit
3132 565 3401 618 acceden—

1805 660 1885 703 tes
1933 650 2184 719 discipuli
2224 653 2342 720 ejus
2386 653 2651 721 rogabant
2688 668 2813 708 eum
2856 655 3139 708 dicentes:
3180 656 3394 710 Dimitte

1802 756 1921 795 eam
1953 782 1967 805 ,
2006 743 2127 809 quia
2161 743 2358 796 clamat
2403 755 2520 812 post
2563 759 2681 799 nos.
2713 744 2916 815 [cr.vnr,
2950 745 3026 815 5.]
3058 743 3178 815 Ipse
3212 755 3393 801 autem

1804 833 2142 899 respondens
2180 834 2289 887 ait:
2321 834 2438 888 Non
2471 850 2589 889 sum
2621 838 2818 890 missus
2849 838 2949 890 nisi
2981 838 3049 891 ad
3082 852 3240 901 oves,
3274 854 3395 907 quzc

1802 927 2111 997 petierunt,
2146 927 2339 981 domus
2368 928 2554 983 Israel.
2586 928 2724 998 [cur
2751 970 2765 995 ,
2797 928 2873 999 6.]
2905 931 2973 984 At
3006 927 3093 983 illa
3128 930 3304 997 venit,
3338 941 3395 985 et

1800 1020 2043 1075 adoravit
2073 1036 2218 1087 eum,
2253 1022 2480 1075 dicens:
2514 1022 2758 1087 Domine,
2787 1022 2977 1092 adjuva
3010 1038 3119 1077 me.
3169 1024 3268 1091 Qui
3302 1039 3394 1079 reo

1800 1114 2077 1184 Spondens
2116 1116 2230 1169 ait:
2264 1114 2379 1169 Non
2417 1127 2499 1169 est
2537 1115 2741 1171 bonum
2778 1131 2992 1171 sumere
3034 1132 3225 1186 panem
3258 1118 3397 1171 lilio-

1800 1230 1917 1267 rum
1944 1254 1977 1285 ,θ
2004 1223 2061 1268 et
2091 1216 2309 1270 mittere
2346 1215 2590 1269 canibus.
2627 1219 2695 1269 At
2728 1216 2813 1269 illa
2846 1215 3019 1270 dixit:
3058 1215 3261 1281 Etiam,
3290 1215 3395 1270 Du-

1802 1306 1984 1362 mine:
2018 1321 2141 1361 nam
2184 1316 2239 1361 et
2276 1308 2454 1362 catelli
2497 1310 2667 1363 edunt
2709 1310 2777 1365 de
2823 1310 3010 1375 micis,
3045 1326 3165 1378 quae
3192 1309 3392 1365 cadunt

1798 1402 1868 1457 de
1913 1418 2096 1457 mensa
2145 1403 2489 1458 dominorum
2540 1420 2782 1459 suorum.
2847 1404 2997 1458 Tunc
3046 1407 3388 1473 respondens

1798 1494 1980 1557 Iesus,
2014 1494 2089 1547 ait
2122 1495 2237 1549 illi:
2287 1496 2331 1550 Ο
2364 1498 2580 1558 mulier.
2621 1513 2812 1567 magna
2861 1509 2939 1553 est
2972 1497 3105 1552 fides
3135 1509 3221 1551 tua
3253 1517 3263 1550 :
3303 1500 3393 1552 fiat

1800 1588 1893 1642 tibi
1926 1589 2189 1641 sicutvis.
2236 1589 2302 1642 Et
2343 1597 2530 1643 sanata
2580 1601 2664 1644 est
2706 1590 2811 1644 ﬁlia
2858 1592 2977 1658 ejus
3008 1608 3070 1645 ex
3106 1593 3197 1645 illa
3230 1593 3385 1646 bora.

1801 1678 1943 1750 [c1.x,
1980 1678 2057 1749 6.]
2110 1679 2174 1732 Et
2202 1694 2321 1732 cmn
2353 1681 2638 1735 transisset
2668 1681 2792 1735 inde
2823 1681 3014 1749 Iesus,
3053 1685 3199 1737 venit
3233 1698 3390 1738 secus

122 1759 268 1812 menti
290 1758 405 1827 ejus
428 1767 731 1829 tangerent.
761 1758 827 1812 Et
849 1758 1172 1829 quicumque
1206 1760 1529 1829 tetigerunt,
1558 1762 1687 1816 salvi

1798 1787 1948 1827 mare
1994 1771 2273 1827 Galilaeam
2307 1783 2361 1826 et
2407 1772 2712 1827 ascendens
2759 1773 2809 1825 in
2859 1782 3127 1838 montem,
3167 1774 3393 1828 sedebat

123 1849 233 1904 facti
268 1859 406 1903 sunt.

192 1940 327 2013 ]Cap.
357 1941 473 1996 XV.
501 1957 644 2009 cuv,
673 1940 753 2015 6.]
796 1943 947 1999 Tunc
974 1955 1336 2014 accesserunt
1368 1946 1434 1999 ad
1474 1962 1596 2000 eum
1626 1946 1693 1999 ab

130 2034 452 2104 lerosolymis
497 2035 707 2091 Scriba:
753 2046 807 2091 et
839 2037 1120 2101 Pharisaei,
1175 2037 1458 2093 dicentes:
1512 2038 1692 2105 Quare

132 2128 351 2199 discipuli
382 2130 454 2183 tui
491 2129 967 2198 transgrediuntur
1000 2130 1345 2185 traditionem
1374 2132 1691 2185 seniorum?

131 2235 220 2273 non
257 2221 393 2274 enim
442 2222 626 2275 lavant
677 2237 869 2277 manus
899 2236 1054 2292 suas,
1088 2237 1207 2276 cum
1241 2238 1434 2292 panem
1466 2223 1691 2277 mandu-

129 2324 253 2368 cant.
283 2314 397 2385 Ipse
426 2323 606 2369 autem
637 2315 973 2386 respondens
1012 2315 1090 2370 ait
1122 2316 1227 2370 illis
1254 2336 1266 2371 :
1298 2316 1478 2385 Quare
1509 2328 1562 2372 et
1594 2333 1689 2371 vos

125 2408 548 2479 transgredimini
587 2409 898 2464 mandatum
941 2411 1033 2466 Dei
1072 2422 1298 2481 propter
1337 2411 1686 2466 traditionem

124 2504 377 2558 vestram?
415 2503 548 2558 Nam
580 2503 724 2559 Deus
747 2504 883 2558 dixit
914 2523 926 2556 :
960 2504 1176 2558 IIonora
1209 2515 1420 2573 patrem
1447 2546 1459 2568 ,
1492 2514 1547 2558 et
1574 2519 1687 2558 ma-

125 2604 262 2659 trem,
294 2605 342 2651 et
372 2614 383 2649 :
414 2597 515 2664 Qui
545 2596 889 2651 maledixerit
916 2598 1085 2667 patri,
1137 2598 1223 2653 vel
1268 2600 1459 2663 matri,
1512 2608 1688 2653 morte

121 2689 383 2744 moriatur.
452 2688 559 2743 Vos
603 2697 783 2743 autem
826 2689 1003 2744 dicitis
1045 2707 1059 2743 :
1102 2690 1444 2761 Quicumque
1492 2691 1689 2746 dixerit

119 2782 264 2849 patri,
288 2782 371 2837 vel
396 2783 552 2835 matri
575 2798 589 2838 :
617 2782 806 2836 Munus
834 2784 1215 2853 quodcumque
1242 2794 1325 2839 est
1355 2800 1423 2839 ex
1451 2800 1557 2850 me,
1588 2785 1687 2839 tibi

117 2873 378 2942 proderit:
428 2883 482 2928 et
516 2888 624 2929 non
665 2874 1047 2930 honorificabit
1098 2886 1304 2945 patrem
1356 2892 1545 2942 suum,
1595 2889 1690 2932 aut

123 2979 333 3023 matrent
377 2984 571 3024 suam:
621 2978 675 3023 et
713 2969 923 3023 irritum
975 2968 1184 3024 fecistis
1228 2972 1540 3026 mandatum
1590 2972 1688 3026 Dei

120 3071 327 3131 propter
357 3063 696 3117 traditionem
724 3072 980 3117 vestram.
1016 3063 1350 3133 I‘Iypocritae,
1404 3064 1541 3118 bene
1566 3079 1690 3133 pro-

110 3158 338 3224 pltetavit
386 3158 452 3212 de
490 3158 645 3213 vobis
675 3157 841 3213 Isaias
862 3200 877 3224 ,
910 3157 1134 3212 dicens:
1168 3160 1192 3187 ⁸
1222 3157 1463 3228 Populus
1490 3158 1577 3213 hic
1608 3158 1687 3213 la-
1712 3136 1756 3197 C

107 3249 209 3303 biis
237 3267 319 3306 me
347 3252 608 3307 honorat:
643 3267 738 3307 cor
770 3261 952 3307 autem
981 3266 1170 3307 eorum
1209 3253 1369 3323 longe
1400 3264 1481 3307 est
1514 3268 1543 3305 a
1575 3269 1679 3307 me.

103 3343 229 3398 Sine
262 3360 416 3400 causa
448 3356 630 3401 autem
677 3346 871 3400 colunt
911 3362 994 3401 me
1023 3388 1037 3409 ,
1083 3346 1347 3402 docentes
1379 3347 1682 3413 doctrinas,

102 3448 153 3493 et
196 3442 441 3496 mandata
480 3441 786 3495 hominum.
832 3440 897 3494 Et
925 3442 1240 3496 convocatis
1279 3442 1344 3495 ad
1395 3458 1453 3495 se
1486 3442 1683 3507 turbis,

102 3530 227 3586 dixit
261 3534 376 3587 eis:
404 3534 632 3597 Audite,
668 3544 724 3588 et
759 3533 1067 3602 intelligite.
1116 3535 1234 3588 Non
1257 3533 1400 3603 quod
1436 3535 1604 3588 intrat
1632 3535 1682 3588 in

100 3640 178 3688 os,
212 3629 529 3697 coinquinat
559 3627 835 3682 hominem
864 3646 876 3681 :
906 3627 999 3682 sed
1025 3627 1167 3697 quod
1194 3629 1441 3696 procedit
1471 3644 1537 3683 ex
1566 3645 1682 3695 ore,

96 3713 196 3771 Itnc
225 3720 539 3790 coinquinat
562 3721 857 3775 hominem.
887 3719 1028 3791 [σωκ
1054 3719 1166 3789 I0.]
1191 3721 1343 3774 'I‘unc
1366 3720 1687 3776 accedentes

94 3808 340 3881 discipuli
371 3814 519 3884 ejus,
556 3814 810 3869 dixerunt
838 3815 886 3868 ei
918 3832 929 3867 :
963 3812 1085 3868 Scis
1115 3814 1241 3883 quia
1272 3814 1559 3879 Pharisaei,
1592 3829 1687 3867 au-

94 3900 207 3957 dito
255 3907 422 3962 verbo
452 3908 556 3962 hoc
581 3947 595 3971 ,
644 3906 993 3961 scandalizati
1036 3907 1208 3959 sunt?
1237 3910 1307 3958 At
1345 3907 1434 3960 ille
1459 3920 1688 3975 respon-

93 3993 228 4052 dens
256 4000 370 4052 ait:
404 4000 595 4054 Omnis
628 4000 927 4069 plantatio,
961 4013 1122 4067 quam
1154 4012 1258 4051 non
1294 3998 1556 4066 plantavit
1590 3998 1689 4050 I’a-

95 4096 175 4140 ter
219 4105 377 4145 meus
422 4090 661 4146 caelestis
693 4136 706 4159 ,
757 4090 1143 4145 eradicabitur.
1191 4087 1356 4159 [cr.v1,
1388 4087 1467 4157 5.]
1514 4088 1687 4143 Sinite

93 4178 253 4235 illos:
288 4185 414 4239 caeci
439 4193 588 4248 sunt,
620 4194 672 4238 et
694 4184 857 4239 duces
882 4197 1151 4238 caecorum
1173 4224 1187 4249 ,
1220 4197 1398 4237 czecus
1428 4190 1609 4237 autem
1640 4181 1685 4236 si

90 4281 235 4324 caeco
275 4274 534 4328 ducatum
576 4281 803 4343 praestet
832 4316 845 4339 ,
897 4274 1059 4327 ambo
1106 4272 1160 4326 in
1207 4273 1415 4328 foveam
1465 4273 1682 4327 cadunt.

93 4363 277 4429 ]crvn,
315 4365 393 4435 6.]
423 4365 785 4435 Respondens
813 4374 994 4418 autem
1028 4364 1221 4419 Petrus
1241 4365 1377 4419 dixit
1408 4365 1455 4418 ei
1487 4383 1498 4418 :
1530 4365 1687 4419 Edis-

91 4466 210 4509 Sere
255 4458 413 4512 nobis
452 4458 769 4527 parabolam
805 4458 982 4511 istam.
1038 4460 1102 4510 At
1144 4457 1235 4511 ille
1274 4458 1445 4511 dixit:
1495 4457 1683 4511 Adhuc

1799 1866 1891 1919 ibi.
1936 1866 2001 1919 Et
2029 1874 2378 1919 accesserunt
2408 1865 2475 1917 ad
2509 1880 2631 1919 eum
2669 1865 2839 1917 turba:
2874 1866 3089 1933 multre,
3126 1864 3389 1919 habentes

1795 1974 1977 2016 secum
2028 1970 2206 2013 mutos
2228 2002 2240 2023 ,
2277 1967 2331 2012 et
2362 1974 2570 2023 caacns,
2605 1959 2863 2025 claudos,
2898 1959 3138 2026 debiles,
3170 1968 3224 2013 et
3252 1961 3389 2013 alios

1796 2053 2035 2107 multos:
2069 2060 2125 2105 et
2154 2052 2507 2120 projecerunt
2528 2064 2621 2105 eos
2646 2052 2711 2104 ad
2739 2052 2903 2118 pedes
2932 2052 3073 2120 ejus,
3105 2061 3158 2105 ct
3187 2054 3395 2105 curavit

1794 2160 1929 2199 eos:
1978 2145 2049 2198 ita
2102 2152 2159 2197 ut
2210 2144 2383 2199 turbre
2430 2145 2787 2209 mirarentur,
2822 2144 3068 2199 videntes
3102 2146 3388 2198 ntutosln-

1794 2248 2056 2308 quentes,
2109 2238 2335 2293 claudos
2374 2239 2750 2303 ambulantes,
2792 2255 2967 2292 czreos
3014 2240 3299 2293 videntes:
3334 2249 3386 2291 ct

1794 2333 2206 2404 magnificabant
2238 2332 2404 2387 Deum
2443 2333 2630 2387 Israel.
2663 2331 2821 2386 Jesus
2845 2343 3045 2393 autem,
3078 2332 3390 2385 convocatis

1792 2426 2068 2495 discipulis
2110 2424 2225 2479 suis
2252 2469 2265 2491 ,
2318 2425 2455 2479 dixit
2486 2443 2497 2480 :
2532 2426 2791 2479 Misereor
2821 2426 2987 2478 lttrbu:
3012 2466 3025 2486 ,
3059 2425 3182 2490 quia
3215 2424 3392 2477 triduo

1786 2518 1896 2588 jatn
1932 2526 2283 2587 perseverant
2304 2532 2536 2581 mecum,
2568 2530 2615 2571 ct
2638 2535 2743 2571 non
2772 2518 3124 2586 habentqnnd
3158 2518 3385 2571 mandu-

1790 2618 1949 2665 cent:
1981 2617 2036 2662 et
2076 2608 2352 2664 dimittere
2387 2624 2480 2664 eos
2504 2610 2720 2678 jejunos
2753 2610 2912 2677 nolo,
2957 2626 3023 2662 ne
3055 2610 3305 2663 deficiant
3332 2611 3382 2664 in

1793 2703 1897 2757 via.
1938 2702 2008 2757 Et
2033 2701 2225 2757 dicunt
2263 2702 2314 2757 ei
2344 2702 2597 2770 discipuli
2626 2719 2637 2755 :
2670 2702 2825 2756 Unde
2854 2718 2982 2770 ergo
3016 2702 3174 2755 nobis
3205 2701 3256 2755 in
3290 2703 3387 2756 de-

1790 2808 1937 2849 serto
1980 2811 2146 2864 panes
2197 2804 2410 2856 tantos,
2459 2805 2515 2848 ut
2563 2804 2870 2849 saturemus
2901 2796 3105 2847 turbant
3134 2795 3383 2847 tantam?

1792 2888 1859 2943 Et
1886 2890 1960 2942 ait
1985 2888 2094 2942 illis
2124 2888 2325 2942 Iesus:
2366 2888 2508 2954 Quot
2536 2888 2743 2941 habetis
2781 2890 2988 2957 panes?
3020 2894 3087 2941 At
3127 2889 3199 2940 illi
3229 2888 3381 2943 dive-

1790 2989 1961 3035 ruut:
2006 2980 2226 3051 Septem
2256 3023 2269 3045 ,
2321 2988 2376 3034 et
2412 2995 2613 3049 pauens
2666 2980 2973 3049 pisciculos.
3018 2982 3083 3035 Et
3124 2982 3385 3050 przeccpit

1794 3075 1984 3137 turba).
2015 3086 2071 3129 ut
2102 3074 2513 3128 discumberent
2544 3088 2709 3142 super
2742 3084 2962 3127 terram.
3014 3075 3083 3128 Et
3111 3076 3382 3142 accipiens

1790 3150 1995 3236 septem
2032 3181 2219 3235 partes,
2254 3174 2308 3219 ct
2335 3166 2528 3236 pisces,
2561 3177 2613 3219 et
2643 3168 2841 3235 gratias
2873 3181 3068 3235 agens,
3103 3167 3295 3236 fregit,
3330 3177 3385 3221 et

1789 3259 1940 3313 dedit
1969 3257 2251 3326 discipulis
2296 3259 2408 3311 suis
2435 3299 2448 3321 ,
2498 3269 2552 3311 et
2589 3257 2835 3326 discipuli
2868 3257 3135 3311 dederunt
3162 3258 3377 3328 populo.

1792 3353 1858 3405 Et
1908 3350 2265 3405 comederunt
2309 3364 2539 3416 omnes,
2578 3360 2629 3403 et
2666 3350 2893 3403 saturati
2934 3360 3077 3403 sunt.
3152 3350 3381 3419 thuod

1789 3443 2056 3512 superfuit
2097 3442 2165 3497 de
2216 3441 2573 3511 fragmentis,
2626 3440 2865 3495 tulerunt
2913 3451 3119 3509 septem
3168 3452 3383 3510 sportas

1788 3537 1998 3605 plenas.
2043 3536 2211 3589 Erant
2258 3545 2437 3589 autem
2484 3534 2575 3603 qui
2606 3534 3112 3593 manducavcrunt.
3149 3540 3382 3601 quatuor

1791 3628 1959 3681 millia
2013 3628 2334 3690 hominum,
2387 3636 2536 3679 extra
2589 3625 2841 3694 parvulos
2874 3636 2924 3679 et
2968 3624 3248 3678 mulieres.
3294 3625 3377 3687 Et,

1790 3723 2013 3777 dimissa
2050 3724 2206 3775 turba
2232 3762 2247 3786 ,
2293 3720 2545 3776 ascendit
2592 3721 2643 3772 in
2684 3720 2985 3772 naviculam
3013 3734 3030 3775 :
3062 3728 3111 3771 et
3148 3718 3292 3770 venit
3326 3718 3378 3770 in

1793 3817 1925 3869 fines
1954 3814 2229 3882 Magedan.

1864 3909 2016 3981 [ϐαρ.
2049 3906 2186 3962 XVI.
2223 3921 2364 3970 cut,
2392 3904 2472 3977 4.]
2517 3905 2581 3958 Et
2617 3913 2963 3958 accesserunt
2991 3902 3056 3957 ad
3084 3918 3205 3957 eum
3240 3903 3379 3957 Pha-

1792 4002 1938 4055 risaei
1979 4009 2034 4054 et
2074 3999 2356 4054 Sadducmi
2407 4006 2680 4051 tentantes
2714 4014 2726 4047 :
2759 4005 2812 4049 et
2853 4006 3181 4065 rogaverunt
3232 4012 3379 4059 eum,

1792 4104 1849 4146 ut
1879 4094 2090 4161 signum
2120 4091 2187 4145 de
2224 4090 2365 4145 caelo
2398 4088 2711 4143 ostenderet
2738 4089 2839 4141 eis.
2871 4086 3053 4158 [CLer
3089 4088 3166 4159 5.]
3194 4089 3261 4141 At
3287 4088 3378 4141 ille

1792 4183 2152 4253 respondens,
2201 4184 2273 4236 ait
2310 4182 2420 4236 illis
2455 4202 2467 4236 :
2500 4182 2664 4236 Facto
2704 4196 2931 4250 vespere
2960 4181 3138 4235 dicitis
3174 4200 3184 4234 :
3219 4182 3379 4235 Sere—

1792 4293 1918 4331 num
1950 4276 2071 4341 erit,
2113 4275 2473 4329 rubicundum
2520 4282 2605 4329 est
2635 4274 2777 4327 enim
2809 4275 3030 4327 caelum.
3068 4273 3129 4324 Et
3171 4288 3328 4323 manu
3364 4290 3376 4323 :

1792 4369 1962 4424 Iludie
2019 4376 2335 4436 tempestas,
2385 4366 2568 4420 rutilat
2617 4367 2761 4419 enim
2803 4364 2958 4417 triste
2999 4362 3217 4415 cmlum.
3273 4361 3375 4413 Fa-

1789 4464 1926 4517 ciem
1958 4476 2087 4530 ergo
2117 4461 2238 4515 cceli
2273 4459 2572 4527 dijudicare
2602 4457 2773 4510 nostis
2805 4473 2816 4506 :
2846 4455 2997 4522 signa
3025 4460 3204 4504 autem
3241 4463 3376 4505 tent-

90 4558 141 4601 et
179 4564 280 4605 vos
322 4553 439 4606 sine
475 4550 761 4605 intelleCtu
806 4551 981 4604 estis?
1035 4550 1150 4604 Non
1198 4550 1524 4620 intelligitis,
1559 4551 1682 4620 quia
1708 4524 1765 4587 D
1792 4571 1979 4625 porum
2028 4568 2133 4608 non
2181 4554 2405 4622 potestis
2446 4550 2471 4589 ι’
2510 4549 2686 4604 scire?
2716 4547 2919 4619 [CLXlll,
2963 4542 3042 4613 6.]
3086 4545 3376 4598 Gcneratio

90 4655 248 4699 omne
297 4646 435 4715 quod
488 4646 539 4699 itt
587 4660 650 4699 os
698 4645 900 4711 intrat,
944 4645 998 4699 in
1039 4656 1282 4699 ventrem
1326 4646 1501 4709 vadit,
1536 4654 1590 4699 et
1630 4646 1680 4699 in

89 4753 364 4797 secessum
395 4742 701 4797 emittitur?
748 4741 881 4808 Quae
926 4750 1105 4795 autem
1136 4742 1431 4809 procedunt
1464 4742 1531 4795 de
1561 4756 1676 4807 ore,

89 4828 158 4884 de
182 4834 351 4890 corde
381 4841 626 4899 exeunt,
677 4844 730 4886 et
768 4847 830 4886 ea
876 4831 1229 4902 coinquinant
1266 4832 1537 4888 hominem
1571 4852 1582 4887 :
1615 4834 1683 4888 de

86 4926 252 4981 corde
290 4928 433 4983 enim
478 4935 684 4981 exeunt
731 4928 1089 4996 cogitationes
1134 4928 1325 4993 malm,
1368 4927 1675 4993 homicidia,

85 5016 395 5085 adulteria,
448 5021 878 5086 fornicationes,
932 5021 1068 5074 furta
1097 5060 1113 5085 ,
1166 5020 1297 5074 falsa
1344 5022 1676 5085 testimonia,

86 5106 461 5180 blasphemiae.
505 5111 639 5167 Haec
668 5119 816 5180 sunt,
852 5126 969 5181 quae
997 5111 1349 5181 coinquinant
1378 5111 1676 5166 bominent.

87 5198 204 5256 Non
238 5206 365 5259 lotis
404 5216 589 5260 autem
624 5203 875 5259 manibus
904 5203 1266 5270 manducare,
1301 5218 1405 5259 non
1435 5204 1683 5274 coinqui-

90 5304 181 5349 nat
218 5296 517 5355 hominem.
562 5300 632 5355 Et
677 5312 928 5369 egressus
971 5297 1095 5352 inde
1137 5297 1298 5353 Jesus
1322 5341 1337 5364 ,
1368 5299 1596 5354 secessit
1627 5299 1680 5351 in

92 5400 273 5454 partes
303 5392 430 5464 Tyri
457 5402 513 5450 et
541 5391 785 5449 Sidonis.
832 5392 897 5446 Et
930 5405 1059 5447 ecce
1090 5392 1287 5447 mulier
1311 5391 1619 5447 Clianamea
1652 5407 1681 5445 a

164 5598 189 5625 ⁸
229 5591 358 5649 Plus
405 5595 571 5652 habet
619 5596 843 5653 Graecus
886 5603 1100 5659 textus,
1128 5594 1343 5668 Ἐγοιίζει
1367 5614 1452 5666 μοι
1494 5592 1520 5668 ᾇ
1561 5594 1682 5656 λαὸς

95 5656 244 5739 οὗτος
271 5674 344 5739 τῷ
372 5670 614 5740 στόματι,
637 5672 848 5728 καὶτοῖς
877 5668 1077 5740 χείλεσὶ
1094 5687 1159 5740 με
1188 5656 1333 5738 Ζἁμᾷ,
1350 5656 1453 5720 ἑιο.
1477 5662 1687 5734 Appro-

96 5738 450 5802 pinquat'mihi
466 5738 699 5809 populus
718 5740 812 5793 iste
837 5738 944 5807 ore,
963 5748 1009 5792 et
1031 5738 1181 5791 labiis
1207 5753 1286 5791 me
1309 5741 1552 5799 honorat,
1574 5743 1680 5791 etc.

1790 4650 1929 4703 mala
1959 4656 2014 4701 et
2043 4646 2285 4699 adultera
2315 4645 2530 4712 signum
2555 4641 2747 4709 quaerit
2780 4658 2791 4692 :
2822 4651 2869 4691 et
2902 4640 3114 4706 signum
3150 4652 3255 4688 non
3284 4635 3379 4687 da-

1789 4742 1935 4797 bitur
1959 4741 2032 4806 ei,
2068 4739 2167 4793 nisi
2198 4739 2413 4806 signum
2452 4734 2602 4789 Jonac
2635 4731 2931 4801 prophetae.
2986 4729 3049 4781 Et
3078 4726 3283 4781 relictis
3316 4727 3379 4778 il-

1787 4833 1877 4900 lis,
1910 4833 2061 4887 abiit.
2094 4832 2157 4885 Et
2188 4845 2309 4883 cum
2346 4827 2622 4881 venissent
2657 4822 2905 4891 discipuli
2940 4820 3054 4888 ejus
3087 4827 3239 4872 trans
3267 4818 3379 4871 fre-

1789 4940 1924 4995 tum,
1976 4925 2130 4980 obliti
2176 4932 2302 4977 sunt
2352 4936 2518 4988 panes
2565 4918 2832 4985 accipere.
2888 4914 3095 4984 I'Cthv,
3146 4909 3227 4982 2.]
3274 4912 3376 4977 Qui

1791 5019 1930 5073 dixit
1975 5018 2080 5071 illis
2113 5034 2124 5069 :
2153 5013 2464 5078 Intuemini,
2507 5018 2560 5063 et
2602 5016 2791 5064 cavete
2833 5021 2861 5057 a
2896 5005 3163 5058 fermento
3193 5003 3379 5056 Phari-

1788 5126 2021 5167 saeorum
2053 5117 2109 5163 et
2149 5106 2595 5161 Sadducawrum.
2640 5099 2830 5169 ]cr.xv,
2882 5097 2961 5167 6.]
3006 5099 3073 5150 At
3118 5096 3192 5149 illi
3235 5097 3380 5165 cogi-

1793 5204 1974 5257 tabant
2006 5201 2144 5253 intra
2168 5213 2228 5251 se
2253 5196 2494 5250 dicentes
2519 5210 2532 5245 :
2562 5191 2696 5257 Quia
2728 5204 2893 5259 panes
2917 5206 3022 5244 non
3046 5190 3371 5257 accepimus.

1789 5293 1983 5350 Sciens
2012 5300 2189 5343 autem
2214 5287 2394 5351 Jesus,
2423 5284 2560 5339 dixit
2590 5298 2603 5336 :
2636 5280 2775 5349 Quid
2802 5279 3057 5351 cogitatis
3087 5280 3227 5334 intra
3257 5290 3375 5340 vos,

1792 5387 2019 5445 modica:
2047 5382 2198 5448 fidei,
2227 5381 2349 5450 quia
2381 5390 2549 5449 panes
2590 5390 2700 5429 non
2728 5373 2981 5429 habetis?
3013 5371 3261 5428 Nondum
3296 5370 3379 5424 in-

1860 5586 2150 5644 bVerbum
2206 5585 2338 5638 scire
2386 5595 2506 5637 cum
2568 5578 2839 5650 plerisque
2894 5577 3098 5634 Graecis
3158 5576 3378 5648 Regium

1790 5662 1953 5722 etiam
1980 5657 2195 5714 codices
2228 5662 2425 5711 tacent.
