3920 6200
469 253 575 308 563

1468 236 1528 294 S.
1570 232 1953 292 IIIERONYII
1989 232 2219 293 DIVI!“
2266 229 2744 291 BIBIJOTBECA.

3665 234 3758 293 εει

470 367 753 438 telligitis,
803 378 981 430 neque
1035 357 1395 415 recordamini
1445 355 1690 426 quinque
1750 368 1951 425 panum
2004 354 2061 408 in
2091 353 2423 418 ADomine,
2462 350 2666 404 bonum
2702 356 2787 403 est
2818 362 2921 401 nos
2956 348 3045 401 hic
3071 359 3243 401 esse:
3274 346 3325 400 si
3368 346 3477 411 vis,
3510 344 3762 401 faciamus

474 464 715 533 quinque
762 456 932 512 millia
979 453 1285 518 hominum,
1335 460 1393 505 et
1419 460 1557 521 quot
1603 446 1870 518 cophinos
1920 462 2068 501 surn—

481 553 716 629 psistis?
742 563 920 619 neque
949 553 1156 617 septem
1194 558 1391 615 panum
1425 544 1477 597 in
1502 552 1735 612 quatuor
1774 540 1941 594 millia
1972 540 2067 594 ho-

480 651 710 709 minum,
750 651 807 699 et
845 648 979 712 quot
1004 649 1220 709 sportas
1244 636 1594 708 sumpsistis?
1623 636 1805 703 Quare
1847 649 1956 689 non
1986 634 2070 689 in-

485 740 747 810 telligitis,
772 736 897 807 quia
923 749 1032 789 non
1055 733 1125 788 de
1142 747 1285 802 pane
1315 730 1428 786 dixi
1452 730 1608 785 vobis
1641 747 1657 783 :
1688 727 1888 783 Cavete
1909 742 1939 781 a
1970 727 2073 782 ler-

478 842 661 892 meuto
696 829 1102 885 Pharisaeorum
1147 834 1205 881 et
1227 824 1693 881 Sadducaorum?
1731 822 1884 878 Tunc
1912 822 2067 877 intel—

478 932 754 992 lexerunt,
792 923 919 994 quia
970 937 1078 975 non
1125 920 1326 974 dixerit
1372 918 1673 974 cavendum
1721 933 1748 969 a
1805 916 2074 970 fermento

480 1036 707 1092 panum,
739 1016 837 1072 sed
877 1030 908 1069 a
941 1013 1193 1069 doctrina
1224 1011 1625 1066 Pbarisaorum
1658 1019 1713 1065 et
1749 1010 2076 1065 Sadducaco-

480 1131 621 1171 rum.
658 1113 865 1185 {cum
898 1109 975 1182 1.]
1006 1109 1169 1163 Venit
1201 1116 1379 1162 autem
1420 1106 1579 1163 Iesus
1604 1107 1656 1160 in
1688 1116 1869 1175 partes
1899 1104 2075 1159 Caesa-

482 1222 591 1264 reze
621 1204 903 1275 Philippi:
937 1212 993 1257 et
1037 1200 1407 1269 interrogabat
1448 1198 1752 1267 discipulos
1799 1212 1953 1262 suos,
1993 1197 2075 1250 di-

483 1315 613 1356 cens
646 1318 661 1353 :
691 1298 863 1365 Quem
901 1294 1090 1349 dicunt
1115 1292 1365 1347 homines
1390 1306 1515 1346 esse
1562 1290 1761 1345 Filium
1791 1288 2078 1343 hominis?

481 1393 555 1449 At
584 1392 658 1446 illi
684 1392 940 1445 dixerunt
963 1385 1378 1441 :AliiIoannem
1413 1382 1741 1453 Baptistam,
1774 1382 1865 1436 alii
1895 1390 2077 1435 autem

485 1484 684 1547 Eliam,
716 1483 806 1536 alii
839 1494 968 1536 vero
993 1481 1312 1545 Ieremiam,
1341 1489 1434 1536 aut
1470 1493 1631 1532 unum
1672 1492 1734 1532 ev
1768 1475 2078 1545 Prophetis.

402 1644 411 1649 ε
484 1574 628 1630 Dicit
656 1574 761 1627 illis
789 1572 987 1627 Iesus:
1023 1571 1133 1626 Vos
1177 1583 1356 1626 autem
1386 1586 1549 1643 quem
1578 1583 1664 1624 me
1704 1583 1825 1623 esse
1858 1567 2082 1622 dicitis?

485 1664 849 1734 ReSponilcns
896 1664 1082 1718 Simon
1131 1662 1327 1717 Petrus
1368 1663 1512 1717 dixit
1539 1679 1553 1712 ε
1579 1660 1660 1715 Tu
1701 1676 1763 1714 es
1803 1659 2078 1726 Christus,

2172 448 2260 503 hic
2305 447 2408 501 tria
2461 443 2835 505 tabernacula,
2884 441 2978 495 tibi
3027 455 3215 505 unum,
3259 438 3433 511 Πειγεί
3484 454 3676 509 unum,
3714 454 3765 498 et

2171 543 2305 598 Elia:
2348 554 2540 594 unum.
2568 537 2761 594 Adhuc
2788 550 2863 591 eo
2899 536 3176 605 loquente,
3224 548 3359 589 ecce
3388 534 3571 589 nubes
3593 535 3759 591 lucida

2171 634 2519 692 obumbravit
2556 646 2677 687 eos.
2708 630 2774 685 Et
2812 643 2941 685 ecce
2964 644 3072 683 vox
3109 628 3180 683 de
3218 628 3385 695 nube,
3420 628 3617 684 dicens
3639 648 3651 681 :
3674 630 3765 685 llic

2172 743 2257 787 est
2286 731 2456 786 Filius
2482 742 2636 783 meus
2663 726 2917 791 dilectus,
2953 726 3008 779 in
3036 739 3150 794 quo
3180 722 3317 777 mihi
3352 722 3507 778 bene
3529 724 3760 793 compla-

2175 827 2261 880 cui
2297 843 2310 878 :
2336 825 2513 894 ipsum
2538 821 2743 876 audite.
2768 820 2837 875 Et
2860 817 3145 873 audientes
3171 815 3431 885 discipuli
3460 816 3767 872 ceciderunt

2176 921 2229 974 in
2258 919 2454 973 faciem
2484 931 2661 985 suam,
2693 925 2749 971 et
2779 916 3081 969 timuerunt
3106 910 3288 966 valde.
3322 910 3391 965 Et
3430 912 3655 966 accessit
3678 910 3765 968 Ie-

2176 1025 2293 1079 sus,
2322 1019 2378 1066 et
2406 1010 2589 1079 tetigit
2622 1022 2718 1063 eos
2752 1024 2767 1059 :
2795 1005 3041 1075 dixitque
3074 1003 3157 1059 eis
3190 1000 3474 1073 :Surgite,
3512 1002 3671 1057 nolite
3694 1002 3758 1057 ti-

2180 1121 2350 1161 mere.
2380 1105 2657 1160 Levantes
2694 1111 2879 1155 autem
2901 1099 3092 1153 oculos
3126 1111 3280 1161 suos,
3314 1097 3583 1150 neminem
3618 1094 3763 1151 vide-

2180 1208 2331 1265 runt,
2380 1198 2483 1252 nisi
2515 1197 2691 1250 solum
2720 1195 2930 1249 Iesum.
2980 1191 3047 1246 Et
3090 1187 3553 1245 descendentibus
3574 1187 3681 1242 illis
3700 1188 3767 1244 de

2182 1300 2387 1355 monte,
2419 1289 2678 1360 praecepit
2722 1288 2804 1343 eis
2828 1286 2993 1342 Iesus
3020 1285 3212 1341 dicens
3243 1282 3501 1339 :Nemini
3524 1282 3763 1339 dixeritis

2183 1384 2472 1451 visionem,
2512 1382 2686 1437 donec
2718 1379 2890 1435 Filius
2923 1377 3161 1432 hominis
3187 1391 3218 1430 a
3248 1377 3483 1431 mortuis
3506 1385 3757 1447 resurgat.

2186 1480 2434 1552 lcum",
2465 1474 2547 1544 6.]
2596 1476 2664 1530 Et
2705 1474 3180 1543 interrogaverunt
3224 1486 3351 1526 eum
3386 1469 3654 1541 discipuli,
3686 1470 3765 1525 di-

2185 1578 2371 1625 centes
2400 1588 2415 1623 :
2442 1568 2579 1636 Quid
2612 1582 2743 1638 ergo
2771 1566 2985 1623 Scriba
3008 1567 3217 1631 dicunt,
3242 1564 3389 1634 quod
3416 1563 3585 1618 Eliam
3606 1578 3760 1634 opor-

2190 1670 2304 1715 teat
2353 1662 2587 1731 primum
2620 1659 2847 1715 venire?
2884 1659 2957 1713 At
3004 1657 3098 1713 ille
3144 1655 3503 1726 respondens,
3540 1656 3615 1709 ait
3638 1656 3716 1710 eis
3740 1669 3761 1710 :

490 1756 663 1811 Filius
715 1756 807 1810 iiei
850 1754 955 1807 vivi
1001 1772 1016 1808 :
1057 1755 1282 1824 [CLXVI],
1328 1753 1440 1825 10.]
1490 1752 1852 1822 Respondens
1902 1762 2082 1806 autem
2115 1754 2166 1816 Β
2192 1754 2339 1809 Elits
2375 1754 2596 1825 quidem
2622 1762 2886 1808 venturus
2911 1759 3014 1815 est,
3043 1756 3100 1805 et
3128 1749 3383 1804 restituet
3419 1749 3620 1801 ournia.
3649 1746 3771 1800 Dico

489 1848 674 1915 Iesus,
724 1847 865 1901 dixit
903 1847 950 1901 ei
981 1863 996 1900 :
1025 1846 1226 1902 Beatus
1265 1863 1347 1914 es,
1389 1846 1576 1902 Simon
1608 1845 1878 1901 Har-Iona
1910 1864 1925 1896 :
1958 1847 2083 1916 quia

492 1954 642 2003 caro,
678 1947 733 1992 et
762 1939 983 2006 sanguis
1013 1952 1119 1991 non
1144 1938 1411 1992 revelavit
1443 1938 1560 2003 tibi,
1593 1937 1688 1992 sed
1715 1936 1878 1992 Pater
1902 1953 2083 2005 meus,

494 2032 583 2102 qui
615 2031 669 2085 in
701 2030 857 2086 cmlis
883 2038 986 2085 est.
1019 2029 1087 2084 Et
1108 2045 1211 2100 ego
1238 2031 1367 2087 dico
1397 2031 1516 2091 tibi.
1545 2030 1672 2101 quia
1697 2040 1751 2087 tu
1783 2047 1843 2087 es
1870 2031 2085 2099 Petrus,

496 2134 551 2180 et
572 2139 737 2195 super
760 2124 900 2179 hanc
931 2135 1143 2195 petram
1169 2124 1455 2180 mditicabo
1478 2126 1782 2181 Ecclesium
1812 2141 2007 2191 meam,
2035 2136 2089 2181 et

491 2226 667 2288 porta:
698 2216 858 2272 infe-ri
889 2231 997 2271 non
1026 2216 1400 2285 praavalebunt
1437 2217 1705 2272 adversus
1730 2231 1873 2275 eam.
1900 2218 1967 2273 Et
1996 2218 2089 2272 tibi

500 2310 641 2364 dabo
670 2310 851 2363 claves
883 2309 1037 2378 regni
1064 2308 1349 2363 oculorum.
1387 2310 1453 2363 Et
1482 2310 1868 2380 quodcumque
1899 2310 2093 2380 ligave-

497 2402 573 2457 ris
604 2416 767 2470 super
798 2409 1025 2465 terram,
1053 2402 1159 2456 erit
1183 2401 1411 2472 ligatum
1433 2410 1489 2458 et
1516 2403 1570 2457 in
1596 2403 1756 2458 caelis
1787 2419 1802 2456 :
1835 2413 1893 2459 et
1918 2402 2093 2474 quod-

501 2510 733 2565 cumque
775 2494 1005 2548 solveris
1048 2508 1218 2562 super
1252 2504 1476 2561 terram,
1517 2494 1624 2551 erit
1666 2496 1907 2550 solutum
1953 2497 2094 2550 etin

501 2585 674 2640 cmlis.
709 2586 950 2656 [οιιγιιῃ
981 2584 1063 2654 2.]
1090 2582 1244 2639 Tunc
1274 2584 1533 2654 prmcepit
1560 2583 1842 2654 discipulis
1867 2586 2003 2652 suis,
2034 2592 2094 2639 ut

503 2678 706 2733 nemini
765 2678 1016 2733 dicerent
1066 2677 1195 2748 quia
1236 2677 1352 2746 ipse
1414 2688 1560 2732 esset
1605 2677 1767 2734 Iesus
1820 2677 2090 2733 Christus.

504 2772 713 2827 Exinde
740 2772 909 2841 ctepit
934 2770 1096 2826 Iesus
1139 2771 1440 2827 ostendere
1473 2770 1767 2841 discipulis
1811 2772 1943 2839 suis,
1971 2770 2097 2841 quia

508 2872 785 2936 oporteret
811 2880 935 2920 eum
968 2865 1049 2920 ire
1074 2862 1495 2935 Ierosulymam,
1534 2874 1589 2920 et
1618 2865 1783 2919 multa
1812 2866 1921 2934 pati
1949 2881 1980 2921 a
2013 2881 2099 2921 se-

506 2958 773 3024 nioribus,
813 2966 868 3012 et
907 2957 1123 3022 scribis,
1171 2964 1228 3011 et
1275 2956 1614 3028 principibus
1650 2958 2021 3025 sacerdotum,
2047 2967 2103 3014 et

506 3052 701 3114 occidi,
741 3060 795 3105 et
826 3051 983 3105 tertia
1034 3050 1122 3106 die
1159 3065 1474 3122 resurgere.
1502 3050 1703 3124 [cum
1734 3053 1814 3125 6.]
1856 3054 1921 3108 Et
1944 3069 2104 3109 assu-

2190 1858 2372 1903 autem
2400 1848 2576 1914 vobis,
2617 1845 2744 1915 quia
2781 1843 2931 1899 Elias
2954 1842 3065 1911 jam
3094 1840 3265 1908 venit,
3285 1850 3344 1895 et
3380 1853 3489 1893 non
3520 1851 3772 1909 cognove-

2196 1949 2321 1996 runt
2344 1956 2492 2007 eum,
2523 1939 2618 1995 sed
2643 1939 2894 1995 fecerunt
2922 1937 2977 1992 in
2999 1950 3068 1992 eo
3092 1948 3451 2006 quacumque
3471 1933 3768 1988 voluerunt.

2192 2033 2284 2089 Sic
2310 2041 2369 2087 et
2386 2032 2530 2087 filius
2556 2030 2799 2087 hominis
2822 2044 3084 2101 passurus
3106 2037 3190 2084 est
3212 2028 3283 2084 ab
3310 2027 3412 2082 eis.
3437 2026 3594 2081 Tune
3625 2025 3771 2080 intelo

2195 2126 2449 2183 lexeruut
2477 2124 2753 2197 discipuli.
2782 2124 2907 2195 quia
2940 2123 3011 2179 de
3035 2123 3246 2178 Joanne
3290 2121 3536 2191 Baptista
3566 2118 3777 2176 dixisset

2194 2218 2298 2274 eis.
2331 2218 2569 2291 [curm
2603 2215 2688 2288 2.]
2712 2215 2782 2271 Et
2807 2230 2932 2271 cum
2971 2214 3214 2269 venisset
3242 2212 3313 2268 ad
3344 2212 3582 2278 turbam,
3610 2226 3779 2268 acces-

2196 2311 2270 2365 sit
2296 2310 2362 2365 ad
2394 2325 2519 2364 eum
2551 2309 2718 2365 homo
2744 2308 2977 2379 genibus
3008 2308 3332 2377 provolutus
3361 2312 3492 2362 ante
3525 2319 3675 2374 eum,
3707 2305 3778 2361 di-

2196 2418 2331 2461 cens
2349 2421 2362 2457 :
2380 2404 2628 2468 Domine,
2645 2402 2905 2458 miserere
2928 2401 3038 2457 ﬁlio
3064 2416 3211 2467 meo,
3231 2402 3357 2472 quia
3383 2400 3659 2457 lunatieus
3686 2409 3777 2467 est,

2197 2507 2254 2553 et
2290 2497 2433 2551 male
2460 2496 2668 2566 patitur
2696 2513 2711 2549 :
2739 2510 2865 2550 nam
2908 2509 3055 2565 saepe
3083 2494 3229 2548 cadit
3258 2495 3314 2549 in
3345 2494 3554 2563 ignem,
3584 2502 3642 2548 et
3677 2506 3781 2548 cre-

2201 2591 2301 2646 bro
2330 2590 2385 2645 in
2415 2604 2627 2659 aquam.
2662 2588 2736 2644 Et
2765 2587 2939 2644 obtuli
2971 2603 3095 2643 eum
3127 2586 3414 2658 discipulis
3444 2587 3573 2652 tuis,
3608 2595 3663 2642 rt
3688 2600 3783 2640 non

2201 2689 2493 2753 potuerunt
2532 2695 2726 2736 curare
2776 2694 2923 2736 eum.
2966 2678 3328 2751 Respondens
3381 2687 3566 2735 autem
3616 2678 3781 2745 Iesus,

2200 2774 2278 2828 ait
2309 2773 2398 2830 :0
2429 2773 2711 2845 generatio
2749 2772 3049 2837 incredula.
3094 2783 3151 2829 et
3195 2787 3478 2843 perversa,
3516 2787 3788 2844 quousque

2201 2880 2300 2923 ero
2322 2865 2601 2922 vobiscum
2618 2867 2644 2920 ἲ
2671 2880 2965 2936 usquequo
2998 2864 3178 2936 patiar
3204 2865 3347 2921 vos?
3373 2863 3585 2920 Alerte
3607 2865 3709 2920 hue
3730 2864 3789 2919 il-

2202 2959 2314 3014 lum
2344 2958 2412 3013 ad
2435 2973 2543 3014 me.
2581 2959 2647 3013 Et
2668 2959 2973 3029 increpavit
3001 2959 3156 3015 illum
3185 2958 3371 3024 Iesus,
3402 2967 3456 3014 et
3480 2959 3621 3015 exiit
3639 2959 3705 3014 ab
3728 2973 3790 3015 eo

2206 3054 2561 3121 daemonium,
2587 3062 2642 3109 et
2671 3062 2893 3109 curatus
2920 3061 3005 3108 est
3028 3068 3162 3123 puer
3182 3068 3251 3109 ex
3279 3053 3368 3108 illa
3393 3052 3550 3108 hora.
3574 3052 3787 3124 [cusv,

509 3160 665 3199 mens
713 3158 837 3198 eum
870 3143 1082 3208 Petrus,
1133 3145 1298 3212 C(Bpil
1344 3144 1626 3215 increpare
1664 3144 1817 3200 illum
1862 3144 2052 3201 dicens
2082 3162 2098 3199 :
2127 3147 2171 3210 C
2205 3146 2285 3217 5.]
2313 3147 2464 3203 Tunc
2487 3151 2841 3202 accesserunt
2877 3145 3128 3216 discipuli
3159 3145 3229 3200 ad
3258 3144 3445 3201 Iesum
3474 3154 3708 3209 secreto,
3740 3152 3790 3201 et

507 3239 665 3294 Absit
689 3256 719 3293 a
753 3246 827 3306 te,
874 3237 1120 3300 Domine.
1155 3253 1264 3292 non
1303 3238 1408 3293 erit
1453 3238 1553 3294 tibi
1586 3239 1721 3294 hoc-
1744 3239 1843 3306 Qui
1876 3254 2106 3295 conver-

512 3348 624 3399 sus,
668 3333 803 3387 dixit
830 3332 993 3387 Petro
1025 3350 1038 3385 :
1072 3330 1221 3386 Vade
1250 3340 1373 3401 post
1395 3347 1481 3385 me
1502 3376 1516 3397 ,
1550 3340 1762 3397 satana,
1788 3333 2105 3388 scandalum

512 3440 570 3480 es
599 3424 729 3480 mihi
761 3441 774 3477 :
809 3424 932 3494 quia
962 3438 1073 3478 non
1117 3424 1265 3492 sapis
1299 3437 1362 3477 ea
1391 3438 1513 3492 qua:
1554 3422 1650 3479 Dei
1693 3436 1842 3492 sunt,
1876 3427 1975 3481 sed
2018 3443 2105 3494 ea,

509 3534 629 3588 quas
671 3515 976 3571 hominum.
1007 3515 1192 3585 [cnxx,
1220 3513 1303 3584 2.]
1334 3514 1488 3570 Tunc
1515 3513 1677 3570 Iesus
1703 3516 1842 3572 dixit
1866 3518 2107 3589 discipu-

512 3610 576 3663 lis
620 3610 733 3662 suis
767 3625 779 3660 :
810 3608 865 3662 Si
899 3608 1023 3676 quis
1054 3605 1171 3659 vult
1210 3613 1338 3675 post
1374 3620 1466 3661 me
1509 3607 1718 3672 venire,
1752 3610 1987 3680 abneget
2017 3627 2106 3666 se-

510 3701 829 3769 metipsum,
861 3707 915 3753 et
944 3697 1102 3752 tollat
1141 3712 1360 3752 crucem
1401 3711 1578 3766 suam,
1623 3710 1679 3756 et
1707 3712 1965 3771 sequatur
1995 3719 2103 3761 me.

513 3793 614 3859 Qui
638 3792 785 3846 enim
814 3789 1052 3845 voluerit
1072 3791 1310 3846 animum
1331 3805 1482 3847 suam
1514 3796 1720 3849 salvam
1752 3794 1955 3867 facere,
1986 3813 2111 3870 per-

514 3883 608 3938 det
647 3896 804 3936 eam:
839 3880 928 3951 qui
967 3892 1150 3938 autem
1176 3882 1478 3953 perdiderit
1520 3887 1758 3941 animam
1798 3901 1950 3944 suam
1981 3905 2112 3961 pro-

518 3984 640 4045 pter
670 3989 779 4041 me,
814 3973 1052 4030 inveniet
1081 3989 1225 4032 eam.
1259 3977 1401 4047 Quid
1430 3978 1578 4035 enim
1607 3979 1833 4051 prodest
1870 3982 2107 4053 homini,

517 4068 563 4123 si
611 4064 870 4122 mundum
916 4065 1232 4124 universum
1279 4069 1541 4139 lucretur,
1588 4074 1785 4130 animae
1820 4091 1953 4133 vero
1996 4093 2113 4135 suae

515 4157 906 4215 detrimentum
944 4157 1222 4229 patiatur?
1247 4160 1358 4216 Aut
1378 4176 1537 4233 quam
1574 4164 1724 4220 dabit
1756 4166 1920 4225 homo
1962 4184 2113 4227 com-

513 4252 873 4307 mutationem
906 4264 1005 4321 pro
1025 4250 1207 4306 anima
1229 4253 1365 4308 sua?
1390 4250 1592 4323 [cum
1624 4254 1738 4329 10.]
1766 4256 1937 4315 Filius
1961 4261 2109 4318 enim

511 4341 750 4398 hominis
785 4351 1048 4398 venturus
1088 4351 1176 4399 est
1217 4342 1274 4399 in
1303 4343 1479 4415 gloria
1506 4346 1685 4403 Patris
1733 4350 1816 4406 sui
1857 4366 1981 4409 cum
2014 4369 2112 4410 an-

508 4438 647 4510 gelis
703 4437 815 4492 suis
864 4453 880 4493 :
932 4445 987 4492 et
1036 4444 1166 4493 tunc
1213 4438 1409 4495 reddet
1458 4440 1755 4514 unicuique
1808 4446 2107 4504 secundum

2206 3242 2506 3298 dixerunt:
2534 3240 2715 3309 Quare
2756 3254 2858 3295 nos
2899 3255 3007 3295 non
3038 3240 3319 3310 potuimus
3358 3240 3562 3311 ejicere
3601 3238 3788 3295 illum?

2209 3337 2354 3392 Dixit
2384 3336 2488 3391 illis
2518 3335 2545 3365 ⁸
2575 3334 2737 3390 Iesus
2766 3351 2781 3388 :
2813 3333 3047 3404 Propter
3072 3333 3509 3390 incredulitatem
3537 3343 3785 3390 vestram.

2209 3429 2383 3484 Amen
2410 3428 2611 3499 quippe
2638 3426 2763 3483 dico
2801 3425 2981 3493 vobis,
3021 3427 3069 3482 si
3111 3426 3417 3483 habueritis
3447 3428 3631 3494 iidem,
3662 3428 3792 3483 sicut

2210 3537 2437 3594 granum
2480 3520 2727 3591 sinapis,
2776 3518 2977 3576 dicetis
3022 3521 3194 3575 monti
3238 3519 3368 3576 huic
3401 3519 3644 3577 :Transi
3682 3520 3795 3575 hinc

2211 3612 2361 3679 illuc,
2413 3619 2472 3669 et
2498 3610 2777 3679 transibit,
2816 3619 2873 3667 et
2918 3610 3054 3667 nihil
3102 3611 3447 3685 impossibile
3490 3613 3600 3669 erit
3624 3612 3789 3668 vobis.

2212 3703 2327 3759 Hoc
2374 3712 2552 3759 autem
2584 3717 2759 3774 genus
2796 3717 2903 3758 non
2931 3702 3153 3773 ejicitur
3197 3703 3300 3759 nisi
3345 3719 3445 3774 per
3472 3704 3787 3767 orationem.

2212 3807 2269 3855 et
2293 3797 2582 3868 jejunium.
2614 3796 2853 3871 [ccxxvr,
2883 3795 2966 3866 3.]
2993 3796 3464 3853 Conversautihus
3499 3804 3677 3853 autem
3717 3795 3790 3852 eis

2212 3891 2268 3946 in
2298 3890 2544 3957 Galilrea,
2568 3889 2708 3945 dixit
2739 3889 2847 3944 illis
2877 3888 3078 3945 Iesus:
3108 3888 3283 3945 Filius
3314 3888 3561 3945 hominis
3589 3889 3790 3945 traden-

2213 3982 2315 4038 dus
2362 3990 2449 4038 est
2496 3982 2549 4037 in
2597 3996 2793 4039 manus
2822 3980 3103 4037 hominum
3137 3990 3239 4036 τοι
3260 3979 3516 4037 occident
3555 3995 3696 4046 eum,
3741 3986 3790 4034 ct

2215 4076 2371 4133 tertia
2398 4075 2487 4132 die
2517 4084 2791 4147 resurget.
2823 4075 2891 4130 Et
2917 4073 3229 4131 contristati
3267 4080 3396 4129 sunt
3424 4074 3783 4131 vehementer.

2215 4168 2475 4243 [chxvu,
2500 4168 2613 4242 10.]
2638 4168 2709 4224 Et
2729 4184 2854 4225 cum
2869 4169 3148 4225 venissent
3175 4167 3581 4239 Capharnaum,
3610 4181 3787 4223 acces-

2214 4271 2407 4319 serunt
2443 4262 2532 4333 qui
2575 4260 2896 4318 didracbma
2937 4261 3301 4332 accipiebant,
3349 4260 3421 4317 ad
3458 4259 3696 4327 Petrum,
3739 4267 3787 4314 et

2214 4356 2476 4413 dixerunt
2498 4356 2549 4413 ei
2586 4375 2599 4411 :
2630 4356 2891 4428 Magister
2913 4364 3101 4413 vester
3130 4370 3237 4412 non
3262 4354 3427 4411 solvit
3455 4351 3788 4411 didrachma?

2215 4449 2344 4505 Ait:
2373 4451 2573 4506 Etiam.
2611 4451 2681 4506 Et
2717 4465 2843 4506 cum
2872 4450 3134 4507 intrasset
3174 4450 3228 4505 in
3252 4448 3504 4515 domum,
3538 4445 3788 4519 prmvenit

511 4546 677 4601 opera
706 4530 842 4600 ejus.
874 4530 1100 4604 [csxxu,
1138 4530 1219 4605 2.]
1248 4531 1426 4590 Amen
1452 4533 1580 4591 dico
1606 4536 1787 4605 vobis,
1819 4550 1945 4597 sunt
1982 4543 2107 4614 qui-
2133 4540 2188 4605 Β
2212 4557 2337 4600 eum
2367 4543 2549 4612 Iesus,
2582 4544 2772 4600 dicens
2798 4562 2811 4598 :
2838 4544 2976 4613 Quid
3010 4544 3108 4601 tibi
3141 4543 3380 4612 videtur,
3422 4542 3644 4601 Simon?
3682 4540 3789 4595 Re-

508 4622 634 4678 dam
660 4622 729 4677 de
761 4621 847 4678 hic
870 4623 1140 4680 stantibus
1162 4665 1178 4691 ,
1224 4627 1316 4696 qui
1360 4641 1471 4683 non
1507 4629 1801 4698 gustabunt
1830 4644 2062 4690 mortem
2088 4676 2104 4703 ,

510 4716 686 4772 donec
720 4714 939 4774 videant
980 4716 1176 4774 Filium
1208 4718 1445 4777 hominis
1483 4722 1790 4781 venientem
1840 4727 1893 4783 in
1938 4743 2107 4800 regno

511 4820 632 4864 suo.

583 4898 733 4973 [Cap.
767 4898 958 4973 χω]
996 4900 1065 4957 Et
1089 4910 1215 4974 post
1237 4902 1355 4960 dies
1378 4919 1473 4963 sex
1502 4908 1802 4980 assumpsit
1828 4908 1990 4968 Iesus
2014 4912 2113 4970 Pe-

503 5004 671 5061 trum,
705 5003 758 5049 et
775 4991 1069 5063 Iacobum,
1093 5003 1151 5052 et
1168 4996 1435 5054 Joannem
1457 4997 1685 5057 fratrem
1710 5000 1851 5071 ejus,
1877 5011 1931 5059 et
1951 5003 2108 5061 duxit

505 5087 629 5143 illos
659 5088 711 5141 in
741 5093 983 5144 montem
1020 5087 1305 5146 excelsum
1348 5103 1597 5147 seorsum
1623 5108 1639 5148 :
1662 5102 1716 5149 et
1745 5094 2105 5167 transﬁgura-

504 5187 591 5235 tus
624 5187 707 5234 est
726 5186 856 5236 ante
874 5191 992 5235 eos.
1015 5176 1087 5235 Et
1112 5179 1455 5251 resplenduit
1481 5180 1650 5239 facies
1678 5183 1796 5255 ejus
1818 5185 1958 5242 sicut
1981 5188 2061 5243 sol
2086 5206 2099 5242 :

506 5273 827 5328 vestimenta
858 5279 1043 5328 autem
1074 5271 1197 5343 ejus
1221 5271 1366 5331 facta
1392 5284 1527 5332 sunt
1553 5275 1679 5332 alba
1709 5276 1850 5333 sicut
1879 5279 1993 5335 nix.
2036 5279 2105 5336 Et

507 5378 638 5420 ecce
667 5373 1036 5437 apparuerunt
1064 5364 1175 5421 illis
1201 5364 1436 5439 Moyses,
1483 5375 1540 5423 et
1568 5367 1715 5425 Elius
1746 5382 1872 5426 cum
1910 5386 1980 5428 eo
2019 5371 2102 5428 lo-

510 5466 761 5527 quentes.
793 5456 1154 5528 liespondeus
1176 5467 1360 5515 autem
1390 5457 1609 5530 Petrus,
1632 5459 1770 5518 dixit
1787 5461 1856 5519 ad
1879 5462 2097 5521 Iesum:

587 5675 615 5704 ι
643 5664 1038 5735 Βεείηωᾲωεβ.
1068 5665 1159 5722 hic
1190 5680 1384 5724 nomen
1412 5665 1571 5724 Iesus
1599 5683 1724 5726 cum
1765 5668 1968 5729 Graecis
2010 5671 2111 5730 all-

517 5744 647 5807 qu0t
670 5733 1104 5803 exemplaribus,
1130 5747 1185 5793 et
1212 5739 1372 5807 paulo
1395 5748 1540 5810 post,
1568 5740 1660 5797 ubi
1679 5741 1892 5811 dicitur,
1920 5742 2106 5800 Transi

2211 4650 2309 4706 ges
2338 4643 2500 4693 terrm
2526 4650 2558 4692 a
2590 4635 2792 4707 quibus
2819 4636 3098 4707 accipiunt
3133 4635 3397 4693 tributum
3424 4636 3512 4693 vel
3540 4647 3746 4690 censum
3763 4632 3789 4684 τ

2213 4742 2246 4785 a
2273 4728 2399 4783 ﬁliis
2424 4729 2560 4795 suis,
2592 4744 2660 4784 an
2683 4730 2752 4785 ab
2772 4729 3012 4785 alienis?
3040 4729 3109 4784 Et
3146 4728 3237 4785 ille
3264 4730 3406 4785 dixit
3435 4746 3448 4783 :
3480 4729 3563 4786 Ah
3586 4725 3782 4781 alienis.

2213 4819 2361 4874 Dixit
2387 4820 2467 4875 illi
2492 4818 2652 4876 Iesus
2683 4837 2699 4876 :
2730 4821 2872 4891 Ergo
2898 4819 3053 4877 liberi
3082 4828 3213 4876 sunt
3241 4821 3361 4875 lilii.
3394 4820 3469 4878 Ut
3495 4829 3661 4876 autem
3683 4830 3784 4872 non

2213 4910 2646 4969 scandalizemus
2675 4927 2793 4981 eos,
2816 4911 2957 4969 vade
2979 4911 3048 4968 ad
3071 4927 3243 4981 mare,
3278 4921 3336 4969 et
3362 4915 3521 4970 mitte
3540 4912 3746 4968 hamum
3770 4931 3785 4966 :

2212 5014 2268 5061 et
2316 5020 2439 5062 eum
2478 5007 2708 5077 piscem,
2756 5007 2849 5077 qui
2904 5005 3112 5076 primus
3152 5006 3485 5073 ascenderit,
3530 5007 3701 5063 tolle:
3736 5011 3787 5058 et

2208 5108 2399 5169 aperto
2438 5113 2537 5154 ore
2565 5099 2707 5169 ejus,
2740 5099 2990 5155 invenies
3019 5106 3319 5155 staterem:
3353 5099 3507 5155 illum
3556 5108 3781 5159 sumens,

2207 5191 2277 5247 da
2307 5191 2387 5249 eis
2416 5206 2516 5262 pro
2547 5207 2656 5260 me,
2683 5201 2739 5247 et
2770 5201 2843 5248 te.

2280 5283 2437 5357 [ϐαρ.
2478 5284 2670 5342 XVIII.
2713 5299 2971 5353 csxxvrn,
3019 5283 3101 5358 2.]
3142 5284 3202 5342 In
3243 5283 3335 5341 illa
3364 5285 3503 5341 hora
3548 5292 3778 5340 necesse.

2203 5386 2332 5434 runt
2377 5377 2630 5450 discipuli
2686 5378 2754 5433 ad
2808 5377 3020 5445 Iesum,
3070 5378 3327 5434 dicentes
3357 5394 3374 5434 :
3402 5378 3556 5447 Quis,
3610 5383 3768 5447 putas.

2206 5470 2383 5542 major
2430 5479 2517 5528 est
2558 5472 2614 5527 in
2658 5484 2827 5543 regno
2867 5471 3174 5528 caelorum?
3216 5470 3288 5527 Et
3331 5472 3597 5530 advocans
3637 5469 3778 5527 Iesus

2216 5677 2339 5734 hinc
2369 5678 2514 5750 illuc,
2540 5678 2765 5737 alterum
2804 5677 2973 5737 hocce
2998 5676 3313 5737 adverbium
3355 5676 3775 5755 praetermittunt.
