3920 6200
712 146 747 165 »Ὦ

126 197 217 254 565
1068 190 1527 265 EVANGELHJM;
1558 192 1941 265 SECBNDUM,
1969 197 2406 265 MAT'I‘IIJEUM.

3280 208 3391 267 568

126 318 412 387 parvulum,
448 315 639 371 statuit
675 327 793 369 eum
834 313 886 367 in
927 310 1105 366 medio
1153 326 1364 377 eorum,
1414 323 1469 368 et
1498 313 1635 369 dixit
1668 330 1681 367 :
1713 316 1924 377 Acens
1959 334 1970 370 :
2005 315 2329 372 Patientiam
2390 316 2529 374 habe
2572 316 2627 372 in
2671 331 2780 387 me,
2830 326 2891 375 et
2932 321 3113 377 omnia
3164 322 3388 380 reddam

133 413 281 468 Amen
312 410 439 466 dico
471 408 640 476 vobis,
689 405 793 460 nisi
833 404 1082 462 conversi
1130 403 1365 473 fueritis,
1400 415 1455 461 et
1483 404 1689 462 efficia-

133 506 246 559 mini
272 506 401 560 sicut
435 501 659 575 parvuli,
703 516 811 556 non
841 499 1117 555 intrabitis
1162 502 1212 555 in
1264 516 1487 571 regnum
1521 502 1686 559 casio-

134 615 257 654 rutn.
291 598 620 667 Quicumque
665 610 795 666 ergo
825 594 1191 649 humiliaverit
1232 609 1290 649 se
1320 594 1461 649 sicut
1492 610 1688 665 parvu-

132 694 205 747 lus
230 696 339 757 iste,
381 690 472 745 hic
510 700 595 744 est
636 689 809 759 major
849 688 902 743 in
950 702 1121 758 regno
1166 686 1453 742 ccelorum.
1501 688 1569 743 Et
1597 688 1689 759 qui

127 782 393 851 susceperit
436 797 603 835 unum
653 780 937 852 parvulum
986 778 1145 834 talem
1196 780 1248 834 in
1280 779 1502 837 nomine
1541 794 1686 846 meo,

127 892 200 932 me
238 875 479 946 suscipit.
516 875 721 945 [cxxtx,
754 873 833 945 2.]
872 874 971 943 Qui
1013 883 1192 930 autem
1234 875 1688 932 scandalizaverit

126 986 265 1026 unum
294 970 357 1025 de
390 970 604 1039 pusillis
634 969 768 1035 istis,
802 970 894 1040 qui
929 970 979 1021 in
1032 985 1118 1023 me
1164 969 1420 1037 credunt,
1467 970 1688 1043 expedit

122 1066 183 1129 ei,
214 1071 265 1118 ut
310 1062 675 1131 suspendatur
711 1061 853 1117 mola
899 1062 1135 1117 asinaria
1170 1061 1223 1115 in
1270 1062 1410 1116 collo
1443 1062 1584 1131 ejus,
1633 1071 1689 1117 et

120 1158 435 1228 demergatur
460 1156 513 1210 in
546 1155 872 1226 profundum
905 1156 1091 1210 maris.
1128 1154 1219 1209 Va:
1238 1154 1443 1209 mundo
1472 1171 1502 1209 a
1531 1169 1687 1210 scan-

116 1252 259 1306 datis.
290 1250 526 1306 Necesse
563 1259 647 1305 est
687 1250 858 1317 enim,
904 1259 961 1303 ut
992 1250 1215 1304 veniant
1256 1248 1515 1304 scandala
1550 1268 1562 1304 :
1591 1264 1684 1305 ve.

115 1354 396 1400 rumtameu
428 1360 512 1399 vae
546 1344 750 1399 homini
786 1344 884 1408 illi,
921 1358 1015 1413 per
1045 1358 1204 1413 quem
1250 1343 1563 1398 scandalum
1596 1358 1686 1399 ve-

115 1439 204 1493 nit.
236 1439 452 1510 [ειμι.
500 1434 589 1507 6.]
629 1436 684 1492 Si
729 1444 907 1489 autem
951 1450 1143 1490 manus
1172 1445 1285 1503 tua,
1318 1436 1404 1490 vel
1439 1452 1533 1505 pes
1563 1445 1687 1492 tuus

114 1532 427 1589 scandalizat
460 1540 513 1587 te
539 1572 555 1597 ,
607 1529 867 1586 abscinde
918 1544 1066 1596 eum,
1112 1540 1168 1585 et
1198 1529 1407 1601 projice
1440 1530 1537 1584 abs
1585 1539 1636 1584 te
1670 1548 1683 1583 :

116 1628 297 1681 bonum
330 1625 423 1678 tibi
447 1632 533 1679 est
569 1622 636 1677 ad
669 1624 833 1677 vitam
867 1621 1080 1693 ingredi
1118 1621 1385 1685 debilem,
1415 1622 1502 1676 vel
1534 1622 1687 1677 clau-

1794 409 1915 464 tibi.
1958 408 2214 467 Misertus
2264 418 2443 465 autem
2484 410 2744 467 dominus
2783 414 2929 469 servi
2977 414 3144 479 illius,
3180 416 3391 473 dimisit

1793 516 1939 571 eum,
1972 502 2291 558 etdebitum
2324 502 2534 558 dimisit
2563 504 2634 559 ei.
2680 504 2946 573 Egressus
2982 518 3161 562 autem
3195 524 3391 564 servus

1790 596 1913 661 ille,
1955 596 2165 652 invenit
2205 612 2373 652 unum
2420 597 2488 653 de
2537 599 2821 655 conservis
2865 602 3000 669 suis,
3033 602 3124 671 qui
3155 602 3390 658 debebat

1789 689 1839 745 ei
1871 699 2093 745 centum
2138 674 2396 746 denarios
2420 707 2432 744 :
2454 698 2511 745 et
2550 701 2744 748 tenens
2792 693 3092 749 suﬂ'ueabat
3121 710 3266 764 eum,
3298 697 3385 752 di-

1790 796 1925 837 cens
1955 800 1965 835 :
1997 781 2186 837 Redde
2232 782 2379 852 quod
2418 783 2607 839 debes.
2662 784 2729 839 Et
2756 786 3046 855 procidens
3086 802 3385 844 conservus

1791 875 1929 945 ejus,
1962 875 2186 945 rogabat
2213 890 2358 941 eum,
2388 876 2579 933 dicens
2605 894 2619 931 :
2648 877 2979 933 Patientiam
3014 879 3156 935 habe
3185 881 3237 935 in
3270 898 3380 947 me,

1790 975 1843 1022 et
1872 969 2050 1023 omnia
2084 968 2308 1024 reddam
2340 968 2453 1025 tibi.
2504 968 2599 1025 ille
2641 979 2819 1025 autem
2855 970 3029 1027 noluit
3058 990 3070 1023 :
3096 971 3193 1028 sed
3229 973 3385 1039 abiit,

1791 1073 1846 1119 et
1879 1064 2028 1119 misit
2059 1080 2181 1119 eum
2216 1064 2269 1119 in
2300 1078 2604 1129 carcerem,
2635 1064 2808 1120 donec
2836 1064 3091 1121 redderet
3118 1065 3382 1124 debitum.

1793 1155 2052 1212 V’identes
2078 1166 2260 1213 autem
2291 1157 2539 1212 conservi
2571 1156 2712 1227 ejus,
2758 1174 2881 1228 qua:
2912 1157 3135 1225 fiebant,
3186 1160 3389 1214 contri-

1791 1248 1921 1303 stati
1962 1258 2090 1303 sunt
2134 1248 2290 1304 valde
2322 1266 2335 1303 :
2369 1259 2423 1304 et
2469 1258 2763 1317 venerunt,
2808 1259 2862 1305 et
2893 1259 3257 1305 narraverunt
3295 1251 3391 1306 do-

1792 1342 1940 1396 mino
1968 1356 2068 1397 suo
2113 1342 2317 1409 omnia,
2356 1357 2478 1412 qua:
2512 1342 2651 1397 facta
2696 1342 2930 1400 fuerant.
2978 1344 3132 1399 Tunc
3175 1344 3389 1399 meavit

1792 1434 1944 1489 illum
1987 1434 2246 1490 dominus
2295 1450 2426 1490 suus
2474 1453 2487 1488 :
2530 1444 2586 1491 et
2625 1437 2702 1492 ait
2747 1436 2823 1493 illi
2868 1436 3086 1494 :Serve
3131 1453 3386 1509 nequam,

1790 1541 1951 1581 omne
1995 1526 2240 1583 debitum
2288 1526 2471 1583 dimisi
2515 1528 2630 1596 tibi,
2686 1530 2943 1600 quoniam
2988 1532 3195 1603 rogasti
3242 1548 3379 1589 me:

1791 1635 1976 1675 nonne
2013 1634 2143 1691 ergo
2174 1622 2439 1690 oportuit,
2490 1631 2544 1677 et
2588 1631 2642 1678 te
2692 1624 2940 1679 misereri
2985 1626 3239 1680 conservi
3286 1627 3385 1690 tui,

116 1720 252 1787 dum,
280 1733 435 1788 quam
481 1716 618 1770 duas
659 1729 872 1780 manus,
901 1714 989 1769 vel
1019 1714 1158 1768 duos
1188 1713 1364 1783 pedes
1396 1714 1683 1768 habentem
1714 1710 1765 1772 Β
1792 1712 1931 1767 sicut
1970 1723 2024 1768 et
2071 1727 2172 1783 ego
2202 1714 2277 1767 tui
2319 1712 2580 1769 misertus
2612 1714 2771 1769 sum?
2812 1715 2879 1770 Et
2927 1716 3096 1771 iratus
3138 1718 3389 1771 dominus

118 1814 245 1873 mitti
275 1814 321 1867 in
352 1811 531 1882 ignem
576 1818 862 1864 aeternum.
898 1808 966 1865 Et
992 1808 1043 1863 si
1068 1809 1260 1864 oculus
1299 1816 1424 1863 tuus
1453 1809 1681 1863 scanda-

120 1907 232 1961 lizat
260 1914 326 1969 te,
354 1919 482 1959 erue
505 1918 651 1969 eum,
685 1910 740 1957 et
766 1901 969 1972 projice
998 1901 1093 1957 abs
1126 1910 1176 1957 te
1206 1919 1217 1954 :
1248 1901 1446 1957 bonum
1478 1900 1571 1956 tibi
1600 1910 1686 1957 est

120 2014 226 2054 cum
254 2012 353 2051 uno
380 1995 539 2051 oculo
569 1996 619 2048 in
650 1994 818 2048 vitam
850 1993 1080 2060 intrare,
1125 2008 1284 2063 quam
1330 1993 1469 2055 duos
1496 1993 1685 2048 oculos

122 2091 384 2145 habentem
436 2088 579 2142 mitti
634 2087 688 2141 in
739 2086 1040 2157 gehennam
1081 2086 1239 2156 ignis.
1292 2087 1528 2157 [ccum
1572 2084 1683 2156 10.]

121 2182 310 2249 Videte,
342 2196 407 2235 ne
432 2180 801 2235 contemnatis
843 2194 1010 2234 unum
1053 2193 1119 2233 ex
1163 2178 1250 2233 his
1278 2178 1488 2246 pusillis
1522 2197 1532 2231 :
1561 2178 1684 2232 dico

119 2275 242 2330 enim
271 2274 418 2327 vobis
471 2272 596 2343 quia
640 2271 818 2343 angeli
846 2286 1037 2326 eorum
1070 2272 1123 2325 in
1154 2271 1310 2326 ctelis
1355 2286 1571 2339 semper
1598 2270 1685 2324 vi-

116 2368 225 2422 dent
249 2367 433 2421 faciem
463 2365 631 2433 patris
659 2365 787 2431 mei,
816 2365 903 2434 qui
938 2364 989 2417 in
1021 2362 1177 2418 caelis
1209 2370 1310 2418 est.
1345 2360 1509 2416 Venit
1536 2363 1680 2417 enim

115 2460 268 2515 Filius
300 2458 531 2513 hominis
572 2457 788 2513 salvare
836 2456 978 2528 quod
1020 2457 1275 2526 perierat.
1310 2456 1571 2527 [cuum
1603 2456 1681 2527 5.]

113 2552 235 2619 Quid
267 2552 418 2607 vobis
456 2550 708 2605 videtur?
737 2550 781 2603 si
823 2548 1027 2603 fuerint
1072 2548 1232 2603 alicui
1265 2557 1485 2602 centum
1527 2562 1684 2615 oves,

114 2656 161 2699 et
188 2646 442 2700 erraverit
468 2658 573 2698 una
616 2658 683 2697 ex
713 2642 796 2697 eis
830 2657 843 2695 :
878 2655 1058 2696 nonne
1098 2640 1359 2710 relinquit
1392 2641 1686 2713 nonaginta

110 2754 295 2793 novem
325 2740 375 2792 in
406 2736 709 2800 montibus,
745 2743 801 2789 et
838 2732 987 2789 vadit
1012 2748 1253 2804 qumrere
1284 2748 1427 2800 eam,
1460 2748 1578 2804 qurc
1600 2748 1688 2789 er-

110 2832 285 2886 ravit?
316 2841 368 2886 et
396 2832 441 2885 si
468 2828 779 2900 contigerit,
820 2836 879 2882 ut
902 2826 1147 2895 inveniat
1164 2842 1280 2881 eam
1315 2845 1326 2879 :
1367 2829 1535 2889 Amen
1564 2827 1688 2882 dico

106 2926 279 2993 vobis,
313 2926 437 2996 quia
483 2922 688 2996 gaudet
731 2935 896 2991 super
937 2935 1056 2976 eam
1102 2919 1276 2989 magis
1314 2934 1474 2989 quam
1525 2933 1688 2987 super

103 3020 387 3090 nonaginta
420 3034 642 3085 novem,
669 3032 791 3088 qua;
822 3031 930 3070 non
964 3023 1307 3070 erraverunt.
1344 3014 1433 3070 Sic
1462 3028 1566 3069 non
1597 3025 1681 3070 est

1791 1806 1909 1875 ejus
1952 1804 2177 1860 tradidit
2217 1821 2341 1862 eum
2380 1807 2703 1873 tortoribus,
2730 1808 3086 1879 quoadusque
3135 1810 3392 1864 redderet

1794 1897 2109 1953 universum
2139 1897 2403 1953 debitum.
2429 1898 2517 1954 Sic
2550 1908 2605 1954 et
2632 1900 2795 1955 Pater
2834 1914 2990 1956 meus
3034 1901 3275 1957 crtelestis
3306 1902 3386 1957 fa-

1791 1989 1899 2044 ciet
1928 1988 2103 2055 vobis,
2136 1988 2180 2043 si
2210 2004 2319 2044 non
2350 1990 2676 2046 remiseritis
2701 1991 3080 2063 unusquisque
3110 1992 3266 2049 fratri
3292 2008 3391 2049 suo

1791 2085 1859 2141 de
1880 2083 2139 2139 cordibus
2161 2083 2381 2139 vestris.

1863 2174 2011 2247 [Cap.
2046 2174 2189 2229 XIX.
2220 2191 2477 2240 ccxxx“,
2511 2174 2589 2245 6.]
2621 2175 2691 2233 Et
2720 2175 2919 2232 factum
2948 2187 3054 2244 est,
3096 2194 3216 2235 cum
3256 2196 3390 2235 con-

1791 2277 2116 2326 summasset
2144 2268 2301 2323 Jesus
2327 2282 2608 2325 sermones
2631 2269 2784 2335 istos,
2813 2271 3063 2341 migravit
3086 2288 3115 2327 a
3138 2273 3385 2339 Galilaea,

1790 2372 1845 2418 et
1875 2360 2021 2417 venit
2050 2361 2105 2415 in
2150 2360 2285 2416 ﬁnes
2317 2359 2521 2416 Judrea:
2558 2370 2706 2415 trans
2746 2362 3057 2432 Jordanem,
3102 2375 3151 2419 et
3193 2374 3394 2420 secuta:

1793 2463 1916 2509 sunt
1947 2469 2070 2509 eum
2097 2453 2266 2507 turbte
2295 2453 2499 2519 multas,
2532 2463 2588 2509 et
2611 2456 2822 2509 curavit
2850 2470 2945 2511 eos
2978 2456 3071 2513 ibi.
3106 2456 3175 2512 Et
3202 2472 3388 2513 acces-

1792 2557 1978 2603 serunt
2010 2547 2076 2601 ad
2103 2562 2227 2603 eum
2255 2546 2518 2605 Pharisaei
2546 2555 2817 2603 tentantes
2847 2564 2994 2615 eum,
3024 2557 3080 2605 et
3106 2550 3386 2606 dicentes:

1794 2640 1849 2697 Si
1878 2640 2003 2696 licet
2028 2640 2234 2695 homini
2263 2640 2535 2695 dimittere
2564 2657 2793 2696 uxorem
2835 2657 3009 2712 suam,
3049 2659 3391 2715 quacumque

1792 2747 1858 2787 ex
1904 2734 2101 2787 causa?
2145 2731 2247 2799 Qui
2300 2733 2659 2803 respondens,
2711 2734 2787 2787 ait
2834 2734 2948 2790 eis:
2997 2734 3113 2791 Non
3164 2736 3391 2806 legistis,

1792 2825 1916 2895 quia
1944 2826 2032 2894 qui
2062 2824 2190 2879 fecit
2219 2825 2491 2879 hominem
2523 2827 2591 2879 ab
2612 2826 2786 2893 initio,
2818 2828 3119 2883 masculum
3148 2840 3203 2883 et
3232 2829 3385 2887 femi-

1794 2930 1917 2969 nam
1946 2914 2071 2970 fecit
2100 2916 2231 2970 eos?
2258 2925 2313 2970 et
2333 2916 2506 2973 dixit:
2536 2916 2765 2985 Propter
2804 2918 2907 2973 hoc
2946 2918 3185 2975 dimittet
3222 2920 3387 2991 homo

1795 3014 2003 3077 patrem
2026 3016 2081 3062 et
2105 3014 2358 3073 matrem,
2390 3016 2448 3064 et
2471 3009 2768 3067 adhaerebit
2797 3010 2955 3065 uxori
2982 3026 3115 3079 suae,
3147 3020 3203 3066 et
3231 3023 3392 3068 erunt

101 3114 351 3167 voluntas
381 3121 503 3167 ante
534 3110 750 3165 Patrem
784 3117 1041 3172 vestrum,
1078 3107 1167 3177 qui
1209 3107 1265 3160 in
1308 3105 1467 3163 caelis
1495 3114 1600 3173 est,
1630 3116 1693 3163 ut
1718 3094 1771 3159 (ἱ
1796 3102 1903 3157 duo
1933 3102 1985 3157 in
2012 3117 2178 3159 carne
2206 3118 2331 3158 una.
2360 3102 2539 3174 itaque
2558 3104 2670 3174 jam
2704 3120 2814 3159 non
2842 3113 2967 3160 sunt
2989 3105 3117 3172 duo,
3149 3107 3245 3161 sed
3282 3123 3391 3163 una

99 3217 288 3277 pereat
315 3222 452 3263 unus
482 3208 552 3263 de
574 3205 787 3275 pusillis
816 3204 955 3259 istis.
988 3204 1271 3275 [cunmm
1305 3200 1385 3273 5.]
1420 3200 1477 3257 Si
1507 3211 1690 3257 autem
1793 3210 1941 3251 caro.
1974 3194 2130 3263 Quod
2160 3210 2291 3266 ergo
2325 3196 2463 3251 Deus
2495 3196 2799 3266 conjunxit,
2824 3196 2987 3252 homo
3019 3214 3127 3253 non
3150 3210 3391 3268 separet.

98 3300 403 3369 peccaverit
448 3299 502 3353 in
553 3307 605 3353 te
634 3296 799 3363 frater
831 3305 976 3359 tuus,
1011 3294 1173 3360 vade,
1216 3301 1273 3349 et
1316 3294 1531 3362 corripe
1566 3308 1695 3349 eum
1795 3288 1993 3344 Dicunt
2021 3288 2133 3343 illi:
2168 3289 2307 3357 Quid
2330 3304 2459 3360 ergo
2487 3289 2700 3361 Moyses
2735 3292 3012 3347 mandavit
3055 3292 3192 3350 dare
3236 3294 3393 3351 libel-

96 3394 240 3447 inter
270 3402 319 3448 te
344 3402 398 3447 et
425 3393 599 3462 ipsum
632 3389 831 3445 solum.
863 3388 918 3443 Si
953 3397 1003 3442 te
1032 3387 1284 3451 audierit,
1314 3386 1559 3441 lucratus
1579 3389 1689 3443 eris

97 3483 318 3540 fratrem
350 3494 520 3540 tuum.
555 3484 831 3556 [cuum
862 3479 976 3552 10.]
1004 3480 1059 3535 Si
1086 3489 1271 3539 autem
1292 3488 1343 3536 te
1371 3494 1479 3535 non
1510 3480 1692 3536 audie-

98 3579 180 3643 rit,
210 3579 411 3636 adhibe
442 3588 621 3635 tecum
645 3576 824 3633 adhuc
866 3590 1055 3641 unum,
1086 3575 1170 3631 vel
1202 3575 1358 3642 duos,
1401 3583 1458 3629 ut
1497 3576 1552 3631 in
1582 3588 1680 3633 ore

100 3670 371 3740 duorum,
428 3672 515 3728 vel
562 3671 724 3725 trium
783 3668 1006 3724 testium
1064 3676 1172 3723 stet
1217 3682 1377 3722 omne
1436 3666 1684 3723 verbum.

100 3764 250 3830 Quod
292 3766 338 3823 si
385 3780 493 3821 non
542 3764 779 3819 audierit
819 3776 952 3828 eos,
985 3760 1072 3815 dic
1101 3760 1367 3816 ecclesiae.
1402 3758 1458 3815 Si
1506 3769 1689 3817 autem

99 3861 379 3915 ecclesiam
409 3874 517 3915 non
570 3856 831 3921 audierit,
878 3859 947 3913 sit
991 3854 1086 3909 tibi
1130 3854 1275 3909 sicut
1318 3852 1592 3917 ethnicus,
1634 3862 1689 3908 et

100 3955 398 4023 eunuchus,
424 3961 479 4010 et
498 3950 846 4024 publicanus.
872 3948 1124 4020 [cuxxv,
1149 3944 1229 4015 7.]
1249 3945 1422 4001 Amen
1446 3945 1569 4000 dico
1592 3958 1688 4001 vo-

102 4046 208 4113 bis,
244 4062 605 4118 quaacumque
632 4044 988 4117 alligaveritis
1037 4056 1204 4112 super
1250 4051 1476 4106 terram,
1525 4050 1689 4097 erunt

98 4136 255 4209 ligata
302 4151 361 4197 et
398 4142 450 4195 in
495 4140 638 4196 caelo
669 4156 681 4191 :
715 4147 769 4193 et
804 4150 1162 4207 anccumque
1205 4134 1478 4190 solveritis
1523 4147 1688 4203 super

98 4236 317 4298 terram,
350 4241 513 4289 erunt
540 4230 718 4286 soluta
750 4238 809 4284 et
836 4229 889 4283 in
930 4228 1095 4284 caelo.
1126 4226 1403 4299 [cr.xxxv1,
1432 4224 1545 4291 i0.]
1576 4224 1685 4281 lte-

91 4336 208 4382 rum
242 4328 371 4384 dico
400 4328 582 4396 vobis,
627 4325 751 4397 quia
781 4325 823 4379 si
857 4323 968 4379 duo
1010 4338 1079 4379 ex
1125 4322 1281 4377 vobis
1311 4320 1689 4377 consenserint

88 4427 251 4489 super
295 4432 521 4483 terram,
561 4419 630 4476 de
668 4417 817 4473 omni
858 4433 916 4473 re
962 4430 1365 4487 quamcumque
1404 4413 1683 4485 petierint,

1794 3382 1903 3437 lum
1933 3383 2164 3452 repudii,
2197 3392 2251 3438 et
2275 3382 2592 3438 dimittere?
2620 3382 2713 3439 Ait
2750 3384 2892 3439 illis:
2932 3385 3201 3451 Quoniam
3240 3388 3391 3459 Moy-

1792 3491 1879 3532 ses
1906 3476 1973 3533 δά
2002 3476 2256 3531 duritiam
2296 3477 2476 3532 cordis
2516 3477 2687 3533 vestri
2728 3478 2977 3547 permisit
3013 3478 3169 3534 vobis
3207 3480 3393 3535 dimit-

1794 3577 1905 3623 tere
1953 3583 2150 3624 uxores
2198 3578 2445 3625 vcstras:
2488 3569 2557 3624 ab
2604 3569 2760 3625 initio
2799 3579 2985 3626 autem
3026 3586 3132 3626 non
3160 3572 3259 3627 fuit
3286 3574 3389 3628 sic.

1792 3660 1934 3732 [cxc,
1963 3660 2044 3731 2.]
2078 3660 2208 3717 Dico
2250 3671 2429 3718 autem
2475 3663 2647 3733 vobis,
2690 3663 2817 3733 quia
2857 3665 3189 3736 quicumque
3227 3666 3390 3723 dimi-

1790 3753 1923 3817 serit
1954 3766 2177 3808 uxorem
2214 3768 2390 3820 suam,
2431 3754 2539 3809 nisi
2572 3755 2643 3809 ob
2674 3754 3116 3824 fornicationem,
3145 3766 3201 3813 et
3228 3758 3389 3813 aliam

1789 3842 2021 3909 duxerit,
2056 3844 2358 3900 moechatur
2386 3863 2400 3899 :
2428 3856 2479 3901 et
2507 3846 2601 3915 qui
2638 3846 2918 3901 dimissam
2966 3846 3205 3915 duxerit,
3255 3864 3392 3907 mte-

1789 3936 2002 3993 chatur.
2051 3935 2216 4008 [cxcr,
2262 3936 2368 4005 10.]
2406 3937 2602 3993 Dicunt
2634 3939 2685 3994 ei
2722 3938 2978 4009 discipuli
3018 3942 3173 4011 ejus:
3217 3942 3274 4000 Si
3316 3944 3393 4001 ita

1789 4039 2058 4087 estcausa
2090 4028 2325 4085 hominis
2354 4044 2475 4085 cum
2506 4045 2697 4099 uxore,
2739 4048 2847 4088 non
2893 4034 3114 4106 expedit
3162 4036 3390 4093 nubere.

1790 4122 1891 4191 Qui
1924 4122 2059 4178 dixit
2088 4121 2229 4178 illis:
2276 4122 2391 4178 Non
2441 4138 2637 4180 omnes
2676 4126 2899 4196 capiunt
2944 4128 3172 4184 verbum
3219 4128 3393 4197 istud,

1790 4216 1888 4275 sed
1935 4216 2129 4287 quibus
2173 4216 2356 4271 datum
2407 4226 2508 4274 est.
2556 4217 2697 4274 Sunt
2741 4221 2886 4276 enim
2916 4221 3173 4291 eunuchi,
3202 4224 3294 4293 qui
3323 4222 3392 4279 de

1790 4312 1978 4367 matris
2012 4319 2165 4367 utero
2195 4312 2273 4367 sic
2306 4312 2419 4368 nati
2447 4320 2609 4368 sunt:
2638 4324 2691 4369 et
2714 4322 2840 4369 sunt
2866 4316 3123 4383 eunuchi,
3149 4317 3241 4386 qui
3263 4316 3393 4371 facti

1791 4414 1912 4461 sunt
1945 4406 2013 4461 ab
2041 4405 2355 4462 hominibus
2381 4424 2395 4463 :
2426 4415 2481 4462 et
2508 4416 2632 4462 sunt
2654 4407 2912 4473 eunuchi,
2941 4409 3032 4478 qui
3068 4406 3276 4478 seipsos
3303 4421 3395 4463 ca-

80 4481 179 4566 ﬁe-t
206 4514 314 4570 illis
336 4530 364 4568 a
392 4481 556 4569 Patre
579 4525 725 4575 meo,
751 4510 842 4579 qui
870 4509 922 4563 in
946 4481 1106 4564 cinlis
1129 4516 1233 4561 est.
1261 4481 1363 4562 Ubi
1388 4481 1532 4561 enim
1559 4512 1688 4560 sunt
1714 4481 1771 4545 Ῑ)
1794 4506 2103 4555 straverunt
2153 4507 2381 4569 propter
2432 4514 2656 4569 regnum
2713 4500 3001 4555 ctelorum.
3052 4500 3155 4567 Qui
3215 4507 3396 4569 potest

72 4600 221 4669 duo,
262 4606 348 4659 vel
375 4615 485 4659 tres
512 4600 833 4673 congregati
862 4598 915 4653 in
954 4598 1176 4655 nomine
1204 4612 1351 4665 meo,
1387 4597 1456 4651 ibi
1485 4610 1603 4651 sum
1632 4597 1685 4652 in

60 4694 273 4749 medio
307 4712 519 4752 eorum.
552 4695 848 4766 [CLXXXVI],
883 4690 962 4761 5.]
996 4690 1150 4745 Tunc
1194 4688 1465 4745 accedens
1494 4688 1687 4744 Petrus

1796 4605 2009 4661 capere,
2035 4589 2232 4660 capiat.
2260 4591 2442 4663 [cxcn,
2465 4589 2548 4661 2.]
2570 4591 2722 4647 Tunc
2744 4592 2908 4646 oblati
2938 4600 3062 4646 sunt
3083 4593 3132 4647 ei
3158 4592 3390 4660 parvuli,

1794 4691 1855 4737 ut
1883 4697 2072 4738 manus
2102 4684 2181 4739 eis
2216 4683 2543 4753 imponeret,
2577 4692 2633 4740 et
2660 4694 2861 4739 oraret.
2907 4684 3166 4754 Discipuli
3209 4692 3391 4739 antem

43 4789 162 4843 δᾶ
190 4806 315 4846 eum
344 4791 481 4846 dixit
512 4808 525 4845 :
554 4788 806 4852 Domine,
851 4787 1064 4857 quoties
1092 4786 1339 4857 peccabit
1376 4784 1429 4839 in
1462 4800 1548 4841 me
1577 4784 1687 4839 fra-

35 4874 75 4921 ῑ
125 4896 181 4935 er
222 4900 395 4950 meus,
438 4894 493 4940 et
521 4883 795 4938 dimittam
831 4881 917 4935 ei?
948 4895 1120 4951 usque
1168 4880 1405 4952 septies?
1430 4880 1574 4935 Dicit
1611 4878 1689 4934 illi

17 4958 295 5034 .esus:
328 4979 440 5035 Non
473 4980 599 5035 dico
628 4977 723 5033 tibi
756 4991 929 5046 usque
977 4976 1210 5045 septies;
1259 4976 1352 5032 sed
1394 4990 1567 5045 usque
1605 4990 1689 5030 se-

1795 4876 1850 4923 et
1875 4868 2043 4925 nolite
2064 4883 2160 4925 eos
2182 4868 2470 4940 prohibere
2496 4867 2565 4924 ad
2582 4884 2669 4923 me
2689 4865 2869 4922 venire
2893 4883 2905 4918 :
2937 4865 3121 4922 talium
3144 4876 3226 4921 est
3248 4866 3391 4921 enim

1796 4978 2021 5032 regnum
2053 4961 2334 5018 caelorum.
2367 4962 2433 5017 Et
2482 4976 2605 5015 cum
2654 4957 2999 5027 imposuisset
3044 4959 3123 5013 eis
3175 4973 3387 5022 manus,

1796 4777 2145 4846 increpabant
2175 4790 2289 4832 eos.
2321 4774 2477 4832 Jesus
2501 4791 2635 4831 vero
2664 4776 2739 4831 ait
2765 4776 2843 4831 eis
2870 4794 2881 4829 :
2914 4774 3084 4829 Sinite
3108 4774 3390 4844 parvulos,
3479 4775 3485 4781 ’

29 5066 341 5142 Dtuagies
386 5073 609 5142 septies.
648 5071 966 5143 [CLXXXVII],
1016 5068 1128 5139 10.]
1171 5068 1299 5125 Ideo
1336 5068 1688 5124 assimilatum

79 5163 179 5211 ttest
208 5181 434 5237 regnum
467 5167 737 5223 caelorum
769 5164 975 5219 homini
1016 5165 1155 5234 regi,
1203 5165 1293 5234 qui
1326 5163 1497 5218 voluit
1525 5162 1691 5216 ratio-

105 5257 224 5309 "eln
249 5274 448 5328 ponere
475 5274 599 5315 cum
633 5256 809 5312 servis
830 5257 963 5315 suis.
998 5256 1207 5312 Etcum
1238 5256 1500 5325 coepisset
1524 5255 1691 5309 ratio-

98 5346 226 5405 "em
256 5366 477 5421 ponere,
509 5351 727 5406 oblatus
753 5360 832 5405 est
866 5349 912 5404 ei
943 5365 1101 5413 unus,
1134 5349 1224 5418 qui
1255 5348 1493 5403 debebat
1516 5347 1565 5402 ei
1594 5347 1690 5401 de-

93 5433 221 5492 cem
263 5444 422 5497 millia
456 5443 684 5497 talenta.
720 5441 853 5495 Cum
903 5450 1083 5493 autem
1124 5455 1229 5491 non
1275 5438 1501 5491 haberet
1547 5438 1689 5489 unde

83 5525 371 5602 redderet,
412 5538 569 5607 jussit
616 5552 740 5589 eum
790 5534 1043 5589 dominus
1074 5533 1193 5601 ejus
1243 5530 1583 5594 venumdari,
1636 5541 1689 5585 et

80 5616 328 5683 "‘urem
370 5630 508 5697 ejus,
563 5639 615 5683 et
652 5627 815 5692 ﬁlios,
850 5635 907 5683 et
952 5626 1134 5680 omnia
1165 5640 1285 5694 qua:
1331 5620 1584 5686 habebat,
1638 5629 1694 5676 et

70 5714 95 5750 Γ
97 5714 195 5771 ed
210 5726 280 5779 di.
312 5727 604 5783 Procidcns
636 5735 816 5781 autem
844 5738 1035 5781 servus
1066 5722 1177 5791 ille,
1213 5721 1408 5777 orabat
1436 5732 1579 5789 cum,
1606 5715 1687 5772 di-

1796 5054 1926 5111 ahiit
1958 5054 2103 5110 inde.
2137 5054 2336 5125 [cxcm,
2385 5052 2466 5121 2.]
2520 5053 2586 5106 Et
2628 5066 2755 5107 ecce
2802 5067 2938 5105 unus
2990 5051 3276 5115 accedens,
3319 5050 3397 5105 ait

1796 5146 1913 5201 illi:
1950 5146 2203 5214 Magister
2235 5145 2394 5207 bone,
2441 5142 2567 5211 quid
2618 5142 2744 5197 boni
2792 5142 3005 5205 faciam,
3054 5151 3112 5196 ttt
3162 5143 3383 5196 habeam

1795 5241 1962 5295 vitam
1994 5238 2289 5293 aeternam?
2320 5236 2419 5304 Qui
2450 5234 2585 5297 dixit
2629 5235 2717 5293 ei:
2759 5235 2901 5301 Quid
2955 5251 3041 5291 me
3092 5236 3393 5303 interrogas

1796 5331 1864 5386 de
1887 5329 2064 5384 bono?
2089 5327 2241 5383 Unus
2268 5335 2350 5382 est
2375 5329 2549 5380 bonus
2574 5327 2733 5383 Dens.
2759 5327 2813 5384 Si
2836 5338 3014 5382 autem
3038 5330 3117 5382 vis
3138 5326 3204 5381 ad
3228 5328 3391 5381 vitam

1797 5424 2025 5495 ingredi,
2058 5436 2209 5476 serva
2243 5422 2511 5474 mandata.
2556 5420 2693 5475 Dicit
2717 5421 2810 5475 illi.
2836 5422 3003 5489 Qttte?
3033 5420 3191 5475 Jesns
3214 5427 3393 5473 autem

1797 5517 1967 5571 dixit:
2023 5513 2135 5568 Non
2191 5512 2540 5566 homicidium
2596 5512 2801 5568 facies:
2851 5514 2969 5569 Non
3018 5510 3391 5567 adulterabis:

1797 5608 1917 5665 Non
1946 5607 2107 5662 facies
2140 5604 2337 5660 furtum
2367 5622 2376 5657 :
2406 5604 2523 5659 Non
2558 5603 2752 5662 falsum
2785 5606 3153 5662 testimonium
3201 5605 3349 5659 dices
3382 5617 3395 5653 :

1798 5705 2019 5761 Honora
2068 5707 2278 5773 patrem
2327 5706 2501 5767 tuum,
2553 5708 2608 5757 et
2651 5712 2878 5758 matrem
2911 5708 3097 5758 tuam:
3133 5710 3182 5756 et
3212 5696 3404 5765 diliges
