3920 6200
489 177 589 234 567

1484 168 1543 223 S.
1588 162 1967 223 HIERONYMI
2004 160 2239 219 DIVINA
2278 160 2757 219 BIBLIOTHECA.

3673 162 3768 221 568

489 290 796 362 proximum
822 296 971 343 tuum
998 287 1136 342 sicut
1164 284 1414 355 teipsum.
1448 282 1591 337 Dicit
1619 281 1699 336 illi
1727 280 2081 335 adolescens:
2111 280 2160 339 Α
2189 292 2287 346 ego
2314 278 2489 332 bonus
2518 277 2675 332 sum?
2708 277 2795 331 Sic
2824 284 2983 331 erunt
3014 274 3296 331 novissimi
3327 275 3513 347 primi,
3545 284 3595 331 et
3626 280 3769 348 primi

488 382 680 438 Omnia
724 382 840 436 haec
868 377 1130 435 custodivi
1158 390 1188 431 a
1212 376 1495 445 iuventute
1543 389 1683 441 mea,
1731 372 1857 444 quid
1908 370 2083 425 adhuc

491 474 625 529 mihi
652 471 841 529 deest?
874 471 1075 542 [cxctv,
1106 465 1188 538 2.]
1234 468 1321 523 Ait
1354 467 1432 521 illi
1470 466 1663 522 Jesus:
1700 465 1754 519 Si
1798 463 1876 518 vis
1912 461 2087 533 perfe-

489 574 612 622 ctus
639 580 780 633 esse,
808 549 962 631 vade,
994 559 1167 616 vende
1193 575 1315 631 qua:
1344 560 1532 629 habes,
1562 568 1615 641 et
1638 558 1703 613 da
1738 556 2085 628 pauperibus,

492 668 551 717 et
577 656 804 714 habebis
833 656 1145 711 thesaurum
1175 656 1227 709 in
1256 654 1438 710 caelo:
1468 663 1523 709 et
1547 653 1694 719 veni,
1722 666 1950 721 sequere
1978 664 2086 705 me.

492 753 677 827 [cxcv,
705 750 787 824 2.]
816 751 952 807 Cum
982 750 1221 806 audisset
1248 758 1429 804 autem
1477 748 1800 803 adolescens
1840 745 2087 808 verbum,

491 846 625 903 abiit
656 845 863 900 tristis:
895 853 1013 900 erat
1042 843 1189 899 enim
1227 842 1434 897 habens
1465 841 1661 895 multas
1692 839 2089 910 possessiones.

491 939 650 996 Jesus
678 946 858 994 autem
887 937 1023 991 dixit
1048 936 1329 1006 discipulis
1358 935 1507 991 suis:
1538 934 1709 989 Amen
1748 934 1872 987 dico
1912 932 2090 1001 vobis,

493 1033 621 1104 quia
645 1031 799 1087 dives
826 1028 1050 1085 difficile
1081 1029 1306 1085 intrabit
1337 1029 1389 1083 in
1427 1042 1650 1099 regnum
1695 1025 1979 1081 caelorum.
2028 1023 2097 1077 Et

492 1128 690 1182 iterum
717 1124 841 1180 dico
868 1123 1063 1179 vobis:
1092 1121 1329 1177 Facilius
1368 1130 1452 1175 est
1498 1120 1766 1175 eamelum
1817 1133 1913 1189 per
1955 1116 2095 1171 fora-

494 1232 620 1274 men
650 1231 779 1272 acus
803 1216 1055 1280 transire,
1088 1229 1249 1284 quam
1280 1213 1503 1268 divitem
1532 1211 1737 1266 intrare
1765 1211 1819 1264 in
1871 1224 2096 1279 regnum

497 1313 782 1368 caelorum.
815 1309 1031 1365 Auditis
1074 1318 1255 1363 autem
1303 1307 1408 1373 his,
1460 1305 1713 1375 discipuli
1766 1303 2101 1359 mirabantur

496 1406 675 1476 valde,
702 1406 985 1461 dicentes:
1017 1402 1149 1471 Quis
1176 1416 1307 1472 ergo
1332 1401 1530 1470 poterit
1558 1399 1737 1453 salvus
1758 1396 1917 1453 esse?
1942 1395 2103 1465 Aspi-

498 1500 651 1555 ciens
677 1506 855 1552 autem
886 1496 1067 1561 Jesus,
1112 1494 1250 1549 dixit
1297 1493 1443 1548 illis:
1497 1491 1655 1562 Apud
1704 1489 1954 1545 homines
2000 1491 2103 1544 hoc

500 1591 832 1663 impossibile
861 1600 944 1644 est
968 1606 983 1643 :
1015 1587 1154 1659 apud
1178 1587 1353 1642 Deum
1377 1596 1559 1641 autem
1590 1584 1770 1638 omnia
1822 1582 2101 1654 possibilia

2186 369 2482 424 novissimi.
2516 367 2664 423 Multi
2692 368 2834 424 enim
2861 378 2983 423 sunt
3014 368 3214 433 vocati,
3255 367 3417 438 pauci
3447 382 3576 424 vero
3604 369 3769 427 electi.

2259 460 2384 533 [σοι.
2411 457 2493 529 2.]
2527 460 2593 515 Et
2616 458 2917 515 ascendens
2943 457 3102 515 Jesus
3129 457 3551 530 Jerosolymam,
3578 475 3774 517 assum-

2190 554 2296 623 psit
2340 552 2623 607 duodecim
2674 551 2969 621 discipulos
3013 559 3249 617 secreto,
3286 560 3343 607 et
3364 552 3444 606 ait
3470 551 3611 608 illis:
3645 552 3771 610 Ecce

2190 645 2532 701 ascendimus
2560 645 2979 716 Jerosolymam,
3008 653 3061 700 et
3092 644 3233 699 filius
3271 645 3509 701 hominis
3548 646 3773 703 tradetur

2192 738 2527 810 principibus
2554 737 2920 802 sacerdotum,
2951 745 3006 792 et
3033 736 3251 803 scribis,
3276 746 3333 793 et
3351 738 3774 797 condemnabam

2193 850 2315 890 eum
2349 845 2545 900 morte,
2573 844 2627 888 et
2656 832 2874 889 tradent
2895 848 3015 887 eum
3049 832 3299 904 gentibus
3331 834 3399 889 ad
3433 833 3772 905 illudendum,

2194 936 2248 983 et
2272 926 2670 998 flagellandum,
2699 934 2753 980 et
2772 925 3221 995 cruciﬁgendum,
3247 935 3303 980 et
3324 926 3477 982 tertia
3497 926 3580 983 die
3601 944 3775 985 resur-

2195 1029 2306 1088 get.
2336 1019 2483 1090 [cum
2516 1019 2597 1090 6.]
2625 1018 2776 1073 Tunc
2801 1017 3034 1073 accessit
3060 1018 3127 1072 ad
3172 1034 3296 1073 eum
3346 1027 3520 1075 mater
3560 1018 3778 1075 ﬁliorum

2198 1110 2447 1166 Zebedzei
2491 1127 2611 1164 cum
2665 1109 2787 1166 ﬁliis
2832 1112 2974 1176 suis,
3024 1110 3262 1165 adorans
3289 1120 3346 1166 et
3375 1120 3567 1182 petens
3592 1113 3780 1184 aliquid

2200 1204 2267 1258 ab
2306 1218 2392 1257 eo.
2440 1203 2540 1269 Qtti
2583 1202 2718 1256 dixit
2755 1202 2843 1257 ei:
2885 1202 3025 1270 Quid
3058 1203 3174 1256 vis?
3203 1203 3295 1258 Ait
3325 1203 3449 1258 illi:
3481 1203 3590 1272 Dic,
3618 1213 3675 1260 ut
3699 1220 3782 1261 se-

2202 1297 2368 1352 deant
2396 1296 2448 1350 lti
2480 1296 2589 1351 duo
2620 1295 2712 1349 lilii
2748 1296 2875 1362 mei,
2919 1310 3059 1350 unus
3089 1295 3156 1349 ad
3204 1295 3485 1351 dexteram
3528 1304 3688 1362 tuam,
3733 1306 3783 1353 et

2204 1403 2345 1444 unus
2370 1388 2439 1443 ad
2464 1389 2762 1453 sinistram,
2794 1388 2847 1443 in
2878 1402 3048 1458 regno
3074 1397 3188 1444 tuo.
3228 1387 3580 1458 Respondeas
3613 1399 3782 1444 autem

2204 1482 2384 1547 Jesus,
2412 1481 2584 1536 dixit:
2625 1480 2856 1535 Nescitis
2900 1481 3027 1551 quid
3074 1480 3296 1551 petatis.
3353 1481 3572 1537 Potestis
3608 1481 3781 1537 bibere

2206 1576 2449 1640 calicem,
2485 1590 2643 1644 quem
2670 1589 2769 1644 ego
2795 1574 3062 1629 bibiturus
3088 1575 3249 1628 sum?
3281 1575 3472 1630 Dicunt
3494 1577 3572 1631 ei:
3596 1574 3783 1630 Possu-

502 1659 649 1741 sunt.
699 1684 850 1738 Tunc
891 1680 1226 1751 respondens
1267 1679 1481 1743 Petrus,
1526 1678 1662 1733 dixit
1699 1678 1749 1731 ei
1776 1693 1788 1729 :
1835 1673 1979 1729 Ecce
2006 1688 2106 1728 nos
2136 1659 2182 1719 Β
2210 1681 2351 1721 mus.
2378 1666 2462 1719 Ait
2486 1666 2629 1720 illis:
2662 1662 2898 1720 Calicem
2921 1666 3141 1736 quidem
3166 1682 3347 1722 meum
3369 1665 3785 1723 bibetis:sedere

504 1777 823 1846 reliquimus
870 1774 1075 1842 omnia,
1123 1780 1178 1827 et
1225 1770 1395 1827 secuti
1421 1784 1606 1824 sumus
1634 1779 1725 1824 te:
1760 1766 1958 1840 [cxcvn,
1993 1763 2107 1834 ‘10.]

505 1866 637 1938 quid
680 1879 811 1935 ergo
839 1866 945 1919 erit
983 1863 1177 1919 nobis?
1199 1862 1360 1919 Jesus
1384 1871 1569 1917 autem
1596 1859 1733 1916 dixit
1763 1860 1870 1914 illis
1894 1876 1908 1914 :
1938 1860 2109 1913 Amen

506 1960 630 2015 dico
657 1957 832 2025 vobis,
865 1956 1013 2028 quod
1039 1971 1137 2011 vos
1168 1956 1259 2026 qui
1288 1956 1459 2011 secuti
1484 1955 1618 2009 estis
1648 1970 1757 2023 me,
1784 1954 1839 2007 in
1883 1966 2110 2023 regene-

506 2051 740 2116 ratione,
771 2064 898 2104 cum
922 2047 1128 2105 sederit
1158 2047 1327 2103 Filius
1355 2047 1591 2102 hominis
1616 2047 1670 2101 in
1697 2045 1831 2101 sede
1860 2045 2113 2114 majesta-

510 2147 580 2201 tis
608 2159 743 2212 suae,
773 2142 989 2215 [cxcvn,
1027 2140 1105 2211 5.]
1137 2140 1394 2197 sedebitis
1421 2151 1476 2196 ct
1497 2154 1593 2194 vos
1620 2154 1781 2209 super
1800 2138 1959 2194 sedes
1979 2136 2113 2192 duo-

509 2236 707 2302 decim,
747 2234 1053 2305 judicantes
1094 2234 1378 2289 duodecim
1431 2233 1603 2289 tribus
1644 2232 1829 2287 Israel.
1870 2232 2107 2302 [exet-tn,

508 2324 590 2396 2.]
628 2326 698 2382 Et
716 2324 893 2382 omnis
920 2327 1011 2396 qui
1046 2325 1325 2396 reliquerit
1350 2325 1458 2397 [AL
1489 2321 1731 2394 reliquit]
1756 2323 1999 2390 domum,
2028 2322 2112 2377 vel

512 2419 728 2488 fratres,
758 2432 853 2476 aut
892 2434 1133 2486 sorores,
1165 2428 1258 2474 aut
1306 2429 1535 2488 patrem,
1585 2426 1680 2473 aut
1726 2427 1977 2487 matrem,
2023 2428 2117 2473 aut

512 2529 760 2582 uxorem,
806 2523 898 2569 aut
924 2513 1089 2582 filios,
1118 2522 1213 2567 aut
1234 2527 1417 2583 agros,
1446 2522 1668 2582 propter
1688 2526 1887 2566 nomen
1905 2525 2112 2576 meum,

512 2612 823 2683 centuplum
859 2609 1109 2681 accipiet,
1165 2616 1221 2664 et
1271 2609 1435 2662 vitam
1483 2618 1741 2662 :eternam
1790 2604 2114 2676 possidebit.

516 2707 717 2779 [exotx,
760 2703 842 2776 2.]
886 2703 1036 2759 Multi
1070 2712 1251 2759 autem
1301 2712 1462 2758 erunt
1507 2701 1666 2771 primi
1706 2699 2017 2765 novissimi,
2063 2706 2118 2754 et

512 2798 797 2855 novissimi
838 2798 1018 2868 primi.

584 2890 734 2963 [Cap.
770 2888 890 2944 XX.
924 2905 1009 2955 cc,
1054 2886 1166 2959 10.]
1213 2888 1405 2944 Simile
1445 2894 1533 2943 est
1581 2899 1808 2956 regnum
1856 2884 2115 2940 ccelorum

512 2982 719 3037 homini
744 2982 1136 3051 patrifamilias,
1162 2983 1251 3051 qui
1276 2982 1407 3036 exiit
1430 2981 1606 3051 primo
1628 2994 1786 3034 mane
1809 2977 2118 3033 conducere

515 3076 795 3145 operarios
821 3075 875 3127 in
901 3075 1116 3130 vineam
1142 3089 1314 3129 suam.
1346 3072 1720 3129 Conventione
1754 3083 1938 3128 autem
1979 3071 2117 3126 facta

520 3182 642 3223 cum
664 3167 929 3235 Operariis
957 3182 1022 3222 ex
1035 3166 1259 3221 denario
1284 3166 1501 3233 diurno,
1530 3167 1678 3221 misit
1702 3180 1797 3221 eos
1826 3166 1880 3221 in
1903 3164 2117 3220 vineam

520 3275 693 3315 suam.
726 3258 793 3312 Et
814 3273 1065 3327 egressus
1091 3260 1235 3314 circa
1281 3261 1468 3313 horam
1514 3262 1748 3323 tertiam,
1802 3258 1935 3314 vidit
1983 3258 2119 3313 alios

521 3362 728 3408 stautes
771 3351 825 3406 in
873 3348 992 3404 foro
1036 3352 1263 3417 otiosos,
1313 3360 1366 3405 et
1412 3351 1545 3404 dixit
1576 3351 1718 3407 illis:
1750 3351 1828 3407 Ite
1855 3360 1910 3407 et
1939 3365 2035 3404 vus
2063 3350 2119 3404 in

518 3443 733 3498 vineam
763 3451 786 3479 ³
817 3456 1016 3509 meam,
1049 3453 1100 3496 et
1130 3441 1275 3511 quod
1315 3441 1517 3511 justum
1562 3442 1722 3496 fuerit
1759 3442 1900 3496 dabo
1944 3441 2117 3497 vehis.

520 3533 604 3591 llli
628 3543 809 3590 autem
836 3533 1107 3589 abierunt.
1144 3534 1340 3589 lterum
1376 3543 1552 3588 autem
1582 3535 1714 3589 exiit
1740 3535 1880 3589 circa
1906 3544 2117 3589 sextam

521 3637 578 3685 et
600 3642 796 3684 nonam
820 3627 1013 3683 horam
1041 3645 1054 3680 :
1082 3635 1140 3683 et
1158 3626 1285 3683 fecit
1310 3625 1574 3682 similiter.
1599 3625 1756 3682 Circa
1779 3626 2119 3683 undecimam

523 3738 655 3777 vero
674 3724 829 3789 exiit,
858 3731 912 3777 et
932 3722 1136 3777 invenit
1158 3722 1294 3777 alios
1320 3730 1544 3787 stantes,
1579 3730 1633 3776 et
1659 3720 1788 3777 dicit
1814 3722 1956 3777 illis:
1980 3722 2120 3791 Quid

523 3813 613 3868 hic
638 3815 794 3868 statis
820 3823 930 3870 tota
961 3814 1048 3869 die
1077 3814 1274 3870 otiosi?
1299 3813 1498 3869 Dicunt
1521 3813 1570 3869 ei
1595 3830 1611 3868 :
1641 3812 1776 3882 Quia
1820 3829 1980 3869 nemo
2022 3829 2120 3870 nos

523 3908 801 3965 conduxit.
833 3908 975 3964 Dicit
1005 3909 1148 3965 illis:
1197 3908 1276 3964 lte
1320 3916 1375 3963 et
1422 3923 1516 3963 vos
1563 3907 1617 3963 in
1658 3907 1870 3963 vineam
1921 3924 2115 3964 meam.

523 4000 657 4057 Cum
689 4015 815 4056 sero
840 4011 1020 4056 autem
1048 4002 1246 4055 factum
1275 4009 1440 4065 esset,
1471 3999 1601 4055 dicit
1647 4000 1899 4056 dominus
1948 4003 2121 4057 vinem

523 4092 863 4163 procuratori
897 4106 1033 4145 suo.
1069 4090 1212 4146 Voca
1237 4092 1535 4161 operarios,
1570 4102 1626 4147 et
1653 4093 1818 4149 redde
1844 4094 1952 4150 illis
1978 4110 2122 4150 mer-

521 4184 735 4251 cedem,
763 4182 1028 4252 incipiens
1050 4197 1081 4236 a
1109 4182 1419 4237 novissimis
1449 4198 1620 4252 usque
1642 4185 1707 4237 ad
1738 4185 1963 4254 primos.
1987 4184 2120 4240 Cnnt

519 4275 759 4332 venisset
784 4289 916 4345 ergo
949 4274 1039 4344 qui
1067 4273 1209 4328 circa
1243 4273 1585 4330 undecimam
1617 4274 1804 4330 horam
1832 4287 2118 4345 venerant,

2212 1768 2390 1814 autem
2432 1757 2501 1813 ad
2545 1757 2824 1814 dexteram
2867 1771 3064 1823 meam,
3111 1759 3195 1813 vel
3239 1759 3538 1827 sinistram,
3590 1774 3688 1815 non
3716 1769 3788 1815 est

2214 1866 2393 1907 meum
2434 1851 2566 1907 dare
2609 1851 2783 1918 vobis,
2827 1851 2922 1906 sed
2968 1853 3163 1922 quibus
3200 1863 3453 1922 paratum
3482 1861 3565 1909 est
3593 1868 3622 1907 a
3650 1853 3785 1910 Patre

2216 1961 2355 2002 meo.
2393 1947 2561 2020 [cctu,
2591 1947 2672 2021 2.]
2705 1949 2771 2004 Et
2798 1948 3083 2005 audientes
3125 1949 3339 2015 decem,
3386 1950 3642 2020 indignati
3683 1960 3787 2005 sunt

2215 2040 2283 2095 de
2313 2039 2521 2096 duobus
2547 2041 2822 2096 fratribus.
2850 2040 3009 2096 Jesus
3036 2050 3215 2097 autem
3245 2042 3465 2097 vocavit
3493 2058 3591 2100 eos.
3623 2042 3683 2097 ad
3720 2057 3785 2109 se,

2216 2143 2270 2188 et
2311 2134 2427 2189 ait:
2475 2132 2637 2189 Scitis
2679 2136 2801 2203 quia
2856 2135 3127 2205 principes
3176 2136 3423 2206 gentium
3472 2137 3788 2192 dominantur

2214 2244 2403 2284 eorum
2429 2247 2443 2285 :
2477 2240 2533 2285 et
2555 2231 2647 2302 qui
2679 2230 2914 2300 majores
2940 2240 3088 2297 sunt,
3118 2240 3443 2302 potestatem
3475 2240 3719 2286 exercent
3744 2231 3786 2285 in

2217 2339 2332 2380 eos.
2365 2323 2480 2380 Non
2511 2326 2584 2381 ita
2624 2325 2730 2381 erit
2780 2326 2921 2381 inter
2966 2340 3103 2380 vos:
3149 2325 3246 2381 sed
3277 2326 3606 2396 quicumque
3634 2323 3791 2379 volue«

2217 2420 2287 2473 rit
2315 2420 2454 2475 inter
2483 2434 2579 2475 vos
2609 2420 2779 2489 major
2825 2420 2963 2488 fieri,
3007 2420 3077 2475 sit
3105 2429 3282 2475 vester
3311 2418 3604 2475 minister:
3648 2428 3694 2472 et
3716 2418 3792 2487 qui

2218 2512 2453 2568 voluerit
2481 2513 2622 2569 inter
2650 2527 2746 2568 vos
2795 2512 3001 2581 primus
3031 2526 3174 2578 esse,
3217 2513 3323 2566 erit
3362 2520 3543 2566 vester
3592 2525 3788 2565 servus:

2220 2606 2384 2680 [cetv,
2411 2603 2491 2676 4.]
2519 2605 2669 2661 Sicut
2697 2605 2840 2660 filius
2873 2605 3109 2661 hominis
3154 2621 3260 2659 non
3310 2606 3457 2660 venit
3504 2603 3791 2671 ministrari,

2219 2696 2314 2751 sed
2349 2695 2657 2750 ministrare
2682 2704 2736 2750 et
2765 2695 2895 2751 dare
2918 2698 3153 2751 animam
3185 2711 3361 2761 suam,
3390 2694 3794 2765 redemptionem

2220 2806 2320 2862 pro
2352 2791 2555 2845 multis.
2591 2791 2733 2862 [ccv,
2757 2791 2839 2863 2.]
2880 2792 2946 2848 Et
2984 2790 3392 2859 egredientibus
3436 2791 3541 2846 illis
3586 2790 3650 2845 ab
3682 2788 3799 2844 Jeri-

2220 2885 2345 2950 cho,
2374 2894 2554 2938 secuta
2586 2892 2670 2940 est
2694 2899 2817 2940 eum
2852 2884 3007 2939 turba
3030 2884 3235 2941 multa:
3282 2894 3337 2938 et
3377 2898 3506 2939 ecce
3550 2884 3657 2937 duo
3690 2882 3797 2937 caci

2223 2975 2473 3032 sedentes
2495 2991 2650 3032 secus
2673 2979 2833 3047 viam,
2858 2978 3144 3033 audierunt
3181 2978 3305 3049 quia
3342 2978 3502 3033 .lesus
3533 2976 3796 3032 transiret:

2148 3048 2195 3113 ο
2226 3078 2283 3127 et
2310 3070 2700 3138 clamaverunt,
2734 3072 3013 3128 dicentes:
3048 3072 3300 3139 Domine,
3331 3071 3597 3127 miserere
3630 3070 3797 3133 nostri,

2221 3163 2296 3217 fili
2327 3163 2516 3220 David.
2544 3164 2722 3220 Turba
2753 3176 2931 3221 autem
2959 3164 3271 3235 increpabat
3296 3180 3414 3235 eos,
3445 3175 3505 3220 ut
3554 3171 3791 3221 tacerent.

2220 3255 2291 3310 At
2321 3256 2393 3310 illi
2419 3257 2590 3326 magis
2614 3258 2944 3327 clamabant,
2969 3258 3248 3314 dicentes:
3273 3258 3528 3327 Domine,
3557 3258 3789 3313 miserere

2220 3348 2417 3413 nostri,
2446 3348 2516 3402 fili
2549 3348 2733 3405 David.
2764 3350 2827 3404 Et
2856 3349 3006 3404 stetit
3040 3349 3218 3413 Jesus,
3249 3359 3305 3405 et
3354 3352 3567 3406 vocavit
3608 3365 3714 3415 eos,
3749 3358 3795 3404 et

2221 3441 2326 3495 ait:
2351 3440 2489 3509 Quid
2513 3442 2697 3511 vultis,
2722 3452 2780 3496 ut
2800 3441 2993 3498 faciam
3018 3442 3204 3498 vobis?
3229 3444 3421 3498 Dicunt
3443 3443 3546 3512 illi,
3573 3442 3791 3511 Domine,

2224 3542 2281 3589 ut
2322 3534 2637 3604 aperiantur
2682 3535 2823 3591 oculi
2870 3538 3063 3591 nostri.
3118 3535 3369 3592 Misertus
3413 3546 3593 3593 autem
3628 3550 3790 3591 eorum

2221 3626 2403 3701 Jesus,
2438 3626 2611 3698 tetigit
2639 3629 2829 3685 oculos
2860 3644 3068 3685 eorum.
3115 3629 3183 3684 Et
3221 3629 3512 3685 confestim
3550 3629 3787 3694 viderunt,

2221 3727 2277 3774 et
2298 3720 2467 3774 secuti
2492 3729 2622 3775 sunt
2643 3737 2787 3777 eum.

2294 3810 2447 3885 [Cap.
2472 3812 2615 3868 XXI.
2639 3829 2779 3883 ccvr,
2801 3814 2881 3887 2.]
2905 3815 2972 3870 Et
2991 3830 3112 3872 cum
3128 3813 3787 3887 appropinquassentlero-

2224 3903 2416 3976 lymis,
2456 3916 2510 3959 et
2540 3906 2817 3962 venissent
2850 3907 3163 3977 Bethphage
3200 3908 3266 3961 ad
3306 3916 3545 3963 montem
3574 3905 3783 3963 Oliveti:

2225 4008 2351 4054 tunc
2381 3999 2542 4055 Jesus
2573 4003 2717 4056 misit
2745 4000 2881 4056 duos
2911 4000 3233 4071 discipulus,
3265 4001 3456 4057 dicens
3496 4001 3611 4057 eis:
3650 4000 3717 4055 lte
3741 3997 3785 4052 in

2224 4093 2542 4161 castellum,
2571 4094 2713 4164 quod
2754 4102 2940 4149 contra
2977 4110 3073 4149 vos
3104 4103 3208 4163 est,
3239 4104 3295 4150 et
3325 4096 3506 4149 statim
3533 4088 3784 4149 invenietis

2224 4186 2433 4240 asinam
2455 4186 2756 4256 alligatam,
2788 4198 2843 4244 et
2871 4188 3074 4257 pullum
3104 4205 3223 4242 eum
3255 4203 3349 4243 ea:
3392 4188 3607 4254 solvite,
3638 4196 3684 4240 et
3709 4183 3786 4238 ad-

2225 4277 2407 4334 ducite
2444 4278 2604 4334 mihi:
2655 4290 2709 4335 et
2751 4282 2795 4335 si
2829 4282 2951 4350 quis
2985 4282 3136 4336 vobis
3177 4281 3382 4349 aliquid
3411 4282 3620 4345 dixerit,
3647 4276 3785 4333 dicite

519 4379 848 4440 acceperunt
880 4368 1124 4439 singulos
1170 4367 1445 4424 denarios.
1500 4368 1792 4424 Venientes
1837 4381 2016 4426 autem
2067 4382 2122 4425 et
2143 4422 2199 4483 Β
2227 4374 2350 4442 quia
2384 4373 2645 4428 Dominus
2676 4373 2759 4429 his
2790 4389 2925 4446 opus
2957 4373 3154 4430 habet:
3186 4384 3241 4429 et
3272 4376 3557 4430 confestim
3582 4370 3785 4427 dimittet

519 4463 678 4483 __!_.!
755 4459 996 4483 -..ζει-ηιξ
1051 4470 1173 4483 ----ι
1228 4460 1365 4483 ---ΑΔ
1417 4461 1535 4483 ..Ι-.-
1590 4475 1661 4483 --ι
1681 4470 1761 4483 Α-.
1807 4463 2073 4483 --ΛΑ-.--με
2106 4480 2115 4483 Α
2236 4481 2313 4483 A__
2382 4465 2513 4483 r,A,,,
2607 4466 2639 4483 I-
2666 4465 2685 4483 1
2741 4467 2784 4483 II
2837 4481 2848 4483 _
2910 4482 2916 4483 ,
2974 4476 2985 4483 .
3048 4482 3069 4483 η
3104 4463 3132 4483 ι.
3165 4473 3238 4483 ΑΑΑ
3298 4482 3325 4483 η
3384 4468 3419 4483 ιιᾼ
3470 4475 3482 4483 .
3509 4481 3563 4483 ___
3619 4474 3683 4483 --.
3735 4468 3783 4483 ..ι

517 4463 705 4534 primi,
754 4459 998 4517 arbitrati
1051 4470 1176 4515 sunt
1222 4460 1367 4529 quod
1417 4461 1537 4531 plus
1585 4470 1767 4516 essent
1804 4463 2117 4532 accepturi:

517 4562 851 4626 acceperunt
874 4562 1056 4609 autem
1083 4562 1139 4608 et
1165 4554 1270 4624 ipsi
1302 4554 1541 4624 singulos
1565 4554 1838 4611 denarios.
1881 4555 1948 4611 Et
1973 4558 2119 4613 acci-

518 4649 732 4719 pientes
757 4646 1169 4702 murmurabant
1215 4646 1474 4701 adversus
1518 4646 1991 4718 patremfamilias,
2039 4649 2121 4704 di-

516 4748 741 4795 centes:
776 4737 840 4793 ili
887 4737 1170 4793 novissimi
1213 4752 1315 4791 una
1362 4738 1494 4794 hora
1545 4739 1808 4806 fecerunt,
1862 4750 1917 4796 et
1961 4755 2119 4810 pares

515 4830 636 4887 illos
678 4830 838 4886 nobis
885 4829 1082 4899 fecisti,
1130 4829 1224 4901 qui
1269 4830 1603 4900 portavimus
1647 4832 1859 4902 pondus
1900 4832 2029 4901 dici,
2062 4843 2118 4890 et

517 4934 704 4981 aestus.
737 4926 811 4980 At
835 4923 926 4979 ille
957 4923 1293 4995 respondens
1324 4923 1415 4979 uni
1444 4939 1656 4991 eorum,
1691 4924 1835 4980 dixit
1862 4942 1871 4977 :
1907 4926 2113 4992 Amice,

518 5031 628 5072 non
650 5016 789 5072 facio
812 5016 909 5071 tibi
937 5016 1191 5087 injuriam
1219 5034 1235 5072 :
1267 5032 1447 5072 nonne
1475 5031 1542 5072 ex
1571 5017 1793 5073 denario
1817 5019 2116 5075 convenisti

519 5109 768 5166 mecum?
799 5108 1132 5182 Tolle,quod
1151 5119 1303 5166 tuum
1325 5121 1429 5178 est,
1453 5119 1509 5167 et
1531 5112 1691 5168 vade:
1709 5113 1832 5169 volo
1858 5122 2117 5171 autemet

519 5203 643 5263 huic
674 5206 973 5263 novissimo
1003 5208 1133 5264 dare
1159 5208 1300 5264 sicut
1327 5216 1384 5264 et
1415 5207 1530 5263 tibi.
1562 5208 1669 5263 Aut
1688 5224 1798 5264 non
1821 5208 1949 5265 licet
1984 5209 2114 5267 mihi

515 5298 659 5368 quod
683 5300 831 5367 volo,
860 5298 1077 5357 facere?
1106 5316 1175 5356 an
1202 5300 1392 5357 oculus
1419 5308 1543 5357 tuus
1574 5315 1805 5372 nequam
1846 5309 1950 5370 est,
1985 5302 2112 5374 quia

582 5510 610 5539 ι
638 5500 833 5582 Meum,
868 5500 1304 5582 pronomen_hic,
1333 5512 1387 5558 et
1400 5502 1577 5582 paulo
1620 5512 1761 5575 post,
1791 5504 1880 5560 ubi
1920 5506 2110 5582 eadem

507 5573 738 5645 recurrit
768 5572 1052 5645 pericope,
1069 5572 1122 5626 in
1150 5572 1360 5629 duobus
1399 5572 1633 5645 Reginae
1665 5590 1797 5632 mss.
1850 5587 1903 5632 ut
1953 5587 2007 5634 et
2055 5578 2109 5634 in

511 5640 702 5696 Graeco
729 5650 878 5697 textu
902 5640 1268 5700 desideratur.

2224 4481 2341 4521 cos.
2382 4465 2574 4537 [ccvu,
2607 4465 2686 4540 7.]
2741 4467 2856 4522 Huc
2900 4476 3078 4522 autem
3104 4463 3133 4503 ιι
3164 4473 3335 4522 totum
3384 4468 3570 4521 factum
3612 4474 3710 4525 est,
3735 4468 3785 4514 ut

2224 4559 2615 4630 adimpleretur
2639 4558 2785 4629 quod
2813 4559 3014 4613 dictum
3046 4566 3128 4613 est
3158 4573 3252 4628 per
3283 4557 3592 4630 Prophetatn
3615 4551 3783 4607 dicen-

2224 4662 2332 4708 tem
2363 4671 2373 4704 :
2403 4652 2572 4707 Dicite
2598 4652 2725 4707 lilia:
2744 4650 2905 4708 Sion:
2934 4651 3072 4707 Ecce
3095 4666 3191 4706 rex
3212 4660 3334 4705 tuus
3360 4652 3509 4706 venit
3536 4644 3623 4702 tibi
3648 4656 3780 4698 tuan-

2222 4754 2431 4810 suetus,
2461 4744 2658 4799 sedens
2688 4759 2852 4813 super
2898 4744 3128 4809 asinam,
3156 4750 3212 4798 et
3252 4742 3456 4813 pullum
3496 4739 3650 4795 filium
3677 4730 3782 4789 sub-

2216 4836 2433 4908 jugalis.
2464 4835 2673 4908 [ccvm,
2706 4834 2786 4906 2.]
2830 4835 3038 4891 Euntes
3066 4845 3248 4890 autent
3290 4833 3535 4903 discipuli
3565 4828 3783 4885 fecerunt

2219 4933 2361 4988 sicut
2394 4932 2646 5001 prwcepit
2690 4930 2799 4986 illis
2823 4928 3003 4986 Jesus.
3029 4929 3098 4985 Et
3132 4928 3477 4985 adduxerunt
3500 4926 3710 4988 asinam,
3735 4924 3779 4973 et

2222 5024 2425 5095 pullum
2454 5041 2467 5078 :
2514 5032 2571 5078 et
2614 5022 2990 5093 imposuerunt
3024 5036 3187 5092 super
3222 5035 3316 5075 eos
3343 5020 3652 5076 vestimenta
3677 5023 3775 5073 sua.

2216 5117 2415 5185 etfcum
2438 5115 2673 5186 desuper
2692 5115 2883 5171 sedere
2906 5115 3171 5170 fecerunt.
3186 5112 3424 5168 Plurima
3448 5118 3617 5166 autem
3644 5102 3777 5161 turba

2222 5215 2536 5265 straverunt
2571 5207 2893 5263 vestimenta
2924 5220 3020 5262 sua
3050 5205 3103 5261 in
3136 5205 3253 5260 via:
3295 5203 3383 5259 alii
3427 5214 3598 5259 autem
3622 5193 3772 5254 caade-

2222 5302 2351 5358 baut
2378 5315 2561 5357 ramos
2588 5301 2656 5357 de
2677 5300 2980 5367 arboribus,
3009 5309 3064 5356 et
3090 5298 3407 5356 sternebant
3429 5303 3480 5353 in
3509 5296 3611 5353 via.
3635 5292 3768 5364 [cem

2292 5505 2318 5545 δ
2361 5505 2510 5561 Istud
2559 5512 2756 5569 totum,
2799 5516 2921 5557 cum
2958 5501 3163 5559 Grecis
3208 5500 3451 5559 melioris
3491 5505 3625 5554 nota:
3651 5501 3761 5550 mss-

2219 5578 2421 5635 laudati
2454 5576 2671 5646 Regina:
2697 5573 2914 5629 codices
2945 5582 3142 5628 tacent.
