3920 6200
155 208 247 266 569

1059 195 1505 254 EVANGELIUM
1545 196 1916 256 SECUNDUM
1959 199 2394 259 MATTHEUM.

3267 203 3373 262 570

155 323 224 393 1.]
251 319 426 377 Turbae
451 325 630 377 autem,
668 329 781 384 qum
813 313 1210 384 praecedebant,
1245 323 1296 367 et
1331 327 1448 381 qum.
1480 327 1667 380 scquc-
1701 315 1749 376 Α
1779 327 1883 366 non
1928 314 2232 370 credidisus
2262 317 2310 371 ei
2342 335 2352 368 :
2400 315 2670 386 publicani
2699 324 2875 372 autem
2903 358 2918 381 ,
2962 325 3016 372 et
3060 319 3374 372 meretrices

152 418 349 478 bantur,
379 408 678 468 clamabant,
707 406 982 461 dicentes:
1039 405 1286 459 llos-anna
1324 404 1432 458 lilio
1479 404 1676 458 David:

149 507 450 570 benedictus,
479 502 554 571 qui
579 499 712 552 venit
741 499 790 552 in
823 499 1039 553 nomine
1069 498 1278 552 Domini
1305 513 1318 550 :
1354 500 1587 552 bosanna
1622 497 1676 550 in

135 596 402 655 altissimis.
428 594 556 666 [CCL
593 591 702 661 10.]
731 592 791 645 Et
813 606 931 646 cum
972 591 1229 645 intrasset
1259 589 1672 659 Jerosolymatn,

127 704 357 751 commota
381 702 454 746 est
485 688 743 743 uniuersa
771 686 977 748 civitas,
1011 684 1198 739 dicens
1222 703 1232 737 :
1281 684 1411 751 Quis
1439 692 1519 737 est
1549 682 1680 736 hic?

133 785 294 854 i‘opuli
317 795 480 836 autem
497 781 613 835 dice
631 777 784 832 bant:
816 778 910 830 llic
933 786 1013 829 est
1039 776 1196 830 Jesus
1228 775 1495 845 Propheta
1523 789 1549 826 a
1580 772 1680 827 Na-

145 875 296 932 zareth
339 875 585 928 Caiiitnte:
635 871 801 942 μεσπι,
834 870 909 941 1.]
933 868 1001 923 Ει
1030 869 1427 923 intravitJesus
1460 869 1510 920 in
1545 877 1678 920 tern-

143 970 262 1040 plum
301 968 406 1030 Dei,
434 975 486 1020 et
508 965 748 1034 ejiciebat
777 978 966 1017 omnes
997 961 1314 1026 vendentes,
1347 969 1403 1014 et
1434 968 1677 1014 ementes

141 1062 184 1116 in
209 1059 405 1129 templo,
449 1066 501 1113 et
530 1071 734 1112 mensas
792 1054 1246 1118 numulariorum,
1288 1063 1341 1107 et
1388 1052 1676 1106 cathedras

139 1152 436 1208 vendentium
459 1150 726 1205 columbas
750 1148 981 1203 evertit:
1012 1157 1067 1202 et
1095 1147 1221 1201 dicit
1252 1147 1332 1200 eis
1359 1163 1371 1197 :
1402 1145 1672 1215 Scriptum

137 1255 232 1300 est:
264 1245 444 1298 Domus
475 1257 588 1298 mea
622 1241 809 1296 domus
839 1240 1102 1295 orationis
1135 1250 1158 1276 ει
1193 1239 1472 1294 vocabitur
1513 1255 1528 1292 :
1579 1251 1676 1292 vos

136 1349 282 1393 autem
304 1335 494 1391 fecistis
516 1336 658 1389 illam
681 1334 994 1404 speluncam
1024 1339 1314 1386 latronum.
1350 1330 1536 1400 [CCXI],
1563 1327 1674 1399 10.]

136 1433 184 1487 Et
201 1439 519 1486 accesserunt
550 1428 618 1482 ad
649 1444 769 1483 cum
797 1429 924 1483 czeci
957 1437 1010 1482 et
1038 1425 1220 1481 claudi
1254 1425 1305 1478 in
1340 1425 1537 1492 templo
1558 1466 1570 1490 ,
1620 1432 1675 1477 et

135 1528 309 1583 sanavit
350 1541 459 1581 eos.
499 1526 707 1597 [ccxtu,
737 1525 817 1597 5.]
867 1525 1123 1581 \‘identes
1171 1532 1350 1579 autem
1402 1524 1674 1592 principes

136 1617 453 1682 sacerdotum,
482 1627 534 1672 et
563 1618 756 1671 scribae
790 1618 1090 1685 mirabilia,
1123 1633 1242 1686 qua:
1285 1615 1431 1682 fecit,
1465 1625 1518 1670 et
1545 1630 1674 1684 pue—

1783 407 2128 463 crediderunt
2150 412 2228 464 ei:
2259 424 2356 464 vos
2378 420 2554 465 autem
2580 411 2844 477 videntes,
2871 426 2969 466 nec
2995 411 3366 482 pmnitentiam

1785 502 2049 556 habuistis
2079 513 2287 571 postea,
2323 513 2377 557 ut
2419 503 2712 559 crederetis
2743 504 2810 559 ei.
2848 506 3054 574 ]ccxrx,
3085 503 3164 576 2.]
3196 503 3373 558 Aliam

1783 597 2093 666 parabolarn
2143 599 2343 652 audite.
2403 599 2574 651 llomo
2628 609 2742 652 erat
2800 598 3228 668 paterfamilias,
3282 595 3374 666 qui

1781 691 2042 760 plantavit
2077 691 2312 755 vineam,
2339 701 2393 745 et
2432 705 2618 760 sepem
2648 689 3005 746 circumdedit
3035 690 3115 754 ei,
3149 697 3202 744 et
3242 687 3377 742 fodit

1780 781 1832 837 in
1863 799 1922 837 ea
1966 784 2224 846 torcular,
2269 791 2323 837 et
2364 783 2646 837 aedificavit
2679 783 2888 843 turrim,
2921 791 2976 836 et
3015 781 3210 834 locavit
3255 795 3373 834 eam

1780 876 2059 947 agricolis,
2090 886 2143 931 et
2174 891 2403 946 peregre
2437 875 2710 946 profectus
2739 884 2841 930 est.
2873 873 3005 928 Cum
3036 885 3212 927 autem
3240 881 3376 926 tem-

1781 985 1880 1039 pus
1915 973 2182 1025 fructuum
2215 970 2726 1039 appropinquasset,
2759 969 2906 1022 misit
2933 981 3118 1021 servos
3149 979 3276 1020 suos
3306 964 3373 1018 ad

1778 1064 2080 1132 agricolas,
2129 1073 2185 1117 ut
2230 1063 2539 1133 acciperent
2580 1064 2782 1118 fructus
2831 1062 2967 1131 ejus.
3002 1062 3067 1115 Et
3095 1059 3372 1131 agricolae,

1777 1158 2136 1228 apprehensis
2166 1158 2339 1212 servis
2367 1157 2508 1227 ejus,
2535 1157 2699 1212 alium
2727 1157 3060 1219 ceciderunt,
3085 1155 3244 1208 alium
3278 1167 3372 1208 oc-

1777 1249 2046 1316 ciderunt,
2075 1250 2234 1304 alium
2265 1266 2392 1304 vero
2415 1249 2810 1320 lapidaverunt.
2843 1249 3040 1303 lterum
3069 1247 3213 1302 misit
3237 1246 3370 1304 alios

1777 1357 1964 1399 servos
1998 1345 2178 1412 plures
2232 1343 2533 1413 prioribus,
2567 1353 2620 1398 et
2654 1344 2897 1397 fecerunt
2947 1341 3053 1395 illis
3099 1339 3371 1395 similiter.

1777 1438 2078 1493 Novissime
2107 1447 2288 1492 autem
2313 1439 2459 1492 misit
2497 1437 2562 1490 ad
2609 1451 2705 1491 eos
2731 1435 2898 1489 filium
2940 1449 3125 1500 suum,
3153 1433 3370 1488 dicens:

1780 1532 2124 1587 Verebantur
2152 1532 2317 1584 tilium
2352 1545 2554 1584 meum.
2599 1529 2865 1597 Agricola:
2908 1540 3089 1582 autem
3128 1525 3374 1580 videntes

1779 1623 1972 1691 filium,
1999 1624 2255 1679 dixerunt
2284 1624 2420 1677 intra
2451 1638 2541 1678 se:
2578 1623 2674 1677 llic
2700 1632 2782 1677 est
2811 1621 3007 1686 haeres,
3037 1619 3240 1687 venite,
3273 1633 3370 1672 oc-

132 1724 204 1764 ros
226 1709 495 1763 clamantes
528 1710 578 1762 in
613 1709 834 1778 templo,
861 1720 916 1764 et
955 1710 1232 1764 dicentes:
1279 1709 1528 1762 llosanna
1561 1708 1670 1761 lilio

1779 1717 2017 1772 cidamus
2044 1731 2167 1771 eum
2193 1759 2206 1776 ,
2240 1724 2296 1771 et
2340 1713 2658 1770 habebimus
2704 1713 3076 1768 haereditatem
3119 1711 3255 1780 ejus.
3310 1711 3375 1765 Et

133 1802 308 1856 David:
354 1802 608 1873 indignati
651 1812 804 1868 sunt,
844 1814 896 1858 et
941 1804 1194 1856 divernnt
1222 1803 1312 1857 ei:
1347 1802 1512 1856 Audis
1543 1801 1670 1870 qttid

129 1895 200 1949 isti
230 1896 443 1951 dicunt?
489 1895 646 1952 Jesus
693 1906 873 1950 autem
904 1895 1041 1949 dixit
1073 1897 1152 1948 eis
1187 1914 1198 1947 :
1241 1893 1436 1962 Utique
1465 1939 1477 1960 ,
1510 1910 1670 1946 num-

131 2004 259 2057 quam
285 1991 477 2060 legistis
503 2007 514 2042 :
547 1990 684 2058 Quia
729 2005 800 2044 ex
837 2004 932 2044 ore
961 1989 1242 2042 infantium
1273 1997 1328 2042 et
1359 1986 1670 2042 lactentium

129 2081 355 2151 perfecisti
388 2082 641 2137 laudem?
679 2082 877 2153 [ccxtv,
910 2081 987 2153 6.]
1030 2083 1096 2135 Et
1123 2080 1326 2135 relictis
1370 2079 1504 2144 illis,
1539 2078 1675 2131 abiit

130 2171 245 2226 iuras
280 2185 417 2228 extra
451 2175 727 2228 civitatem
756 2173 808 2227 in
838 2172 1158 2227 Bethaniam
1192 2189 1204 2224 :
1241 2173 1428 2241 ibique
1450 2171 1671 2224 mansit.

128 2265 252 2320 llane
266 2274 429 2321 autem
449 2278 732 2322 revertens
759 2268 810 2321 in
835 2265 1133 2333 civitatem,
1156 2265 1368 2320 esuriit.
1393 2263 1454 2317 Et
1488 2264 1675 2317 videns

129 2360 192 2414 fici
227 2361 454 2416 arborem
489 2377 654 2415 unam
698 2376 855 2416 secus
899 2363 1070 2426 viam,
1102 2363 1245 2416 venit
1290 2361 1355 2413 ad
1407 2374 1566 2414 eam:
1621 2368 1675 2413 et

126 2453 231 2508 nihil
258 2457 513 2511 invenitin
535 2472 598 2511 ea
625 2457 730 2510 nisi
760 2456 885 2510 folia
919 2466 1147 2520 tantum,
1181 2465 1235 2510 et
1257 2456 1332 2509 ait
1363 2455 1438 2508 illi
1466 2472 1478 2507 :
1513 2453 1675 2508 Num-

125 2561 251 2617 quam
294 2563 352 2603 ex
397 2560 445 2603 te
485 2549 698 2604 fructus
745 2561 998 2604 nascatur
1049 2550 1101 2603 in
1145 2550 1558 2618 sempiternum.
1608 2547 1675 2601 Et

124 2639 316 2696 arefacta
341 2651 420 2697 est
440 2644 704 2697 continuo
739 2643 992 2697 ﬁculnea.
1024 2642 1090 2696 Et
1116 2643 1361 2697 videntes
1401 2641 1672 2710 diseipuli,

123 2734 272 2787 mirati
314 2746 472 2802 sunt,
519 2737 809 2792 dicentes:
860 2737 1144 2804 Quomodo
1192 2737 1451 2791 continuo
1499 2736 1670 2791 aruit!

122 2826 266 2896 [ccxv,
295 2830 366 2900 6.]
408 2830 768 2902 Respondens
810 2841 988 2885 autem
1017 2831 1196 2897 Jesus,
1240 2831 1313 2884 ait
1342 2832 1458 2885 eis:
1503 2833 1672 2884 Amen

121 2920 216 2975 dico
240 2924 397 2988 vobis,
433 2925 476 2979 si
499 2925 809 2980 habueritis
843 2924 1024 2987 fidem,
1057 2936 1104 2976 et
1134 2940 1238 2977 non
1274 2924 1672 2988 btesitaveritis,

120 3026 203 3066 non
226 3015 376 3069 solum
417 3016 483 3072 de
515 3018 753 3072 ficulnea
789 3015 1014 3082 facietis,
1046 3014 1140 3069 sed
1173 3023 1227 3068 ct
1271 3016 1314 3069 si
1349 3015 1516 3068 monti
1551 3015 1676 3069 huic

1775 1809 2176 1880 apprehensum
2204 1825 2326 1864 eum
2368 1808 2649 1878 ejeeerunt
2679 1817 2832 1860 extra
2862 1806 3100 1869 vineam,
3141 1813 3196 1857 et
3226 1803 3376 1857 occi—

1776 1904 2140 1961 derunt.Cum
2169 1919 2299 1974 ergo
2321 1902 2530 1958 venerit
2557 1901 2808 1956 dominus
2830 1900 3028 1961 vineae,
3055 1897 3182 1968 quid
3213 1895 3376 1950 faciet

1775 1998 2026 2070 agricolis
2061 1997 2208 2051 illis?
2233 1997 2398 2051 Aiunt
2432 1997 2508 2050 illi
2536 2015 2546 2050 :
2579 1995 2746 2049 Malos
2778 1993 2918 2049 male
2955 1991 3176 2062 perdet:
3202 1998 3258 2044 et
3289 1989 3374 2043 vi-

1777 2107 1935 2146 neam
1967 2106 2116 2145 suam
2159 2089 2359 2144 locabit
2406 2089 2527 2143 aliis
2559 2087 2850 2157 agricolis,
2898 2087 2990 2157 qui
3050 2084 3282 2140 reddant
3325 2081 3373 2136 ei

1777 2185 2007 2239 fructum
2035 2183 2366 2252 temporibus
2389 2183 2520 2236 suis.
2548 2181 2684 2235 Dicit
2707 2180 2817 2234 illis
2847 2179 3034 2235 Jesus:
3069 2178 3370 2247 Numquam

1779 2277 1982 2347 legisxis
2012 2276 2064 2330 in
2088 2275 2422 2344 Scripturis:
2450 2273 2708 2343 Lapidem
2750 2287 2910 2342 quem
2945 2270 3376 2340 reprobaverunt

1777 2369 2128 2434 tediiicantes,
2152 2368 2239 2422 hic
2265 2368 2436 2422 factus
2465 2377 2546 2421 est
2574 2367 2625 2419 in
2657 2373 2818 2434 caput
2847 2364 3035 2432 anguli
3062 2362 3086 2416 ?
3125 2363 3168 2417 A
3192 2360 3377 2416 Domi—

1779 2479 1848 2519 no
1872 2462 2071 2516 factum
2099 2470 2183 2516 est
2211 2459 2374 2521 istud,
2399 2469 2448 2514 et
2473 2468 2555 2513 est
2581 2456 2830 2511 mirabile
2860 2456 2911 2509 in
2941 2453 3112 2509 oculis
3134 2451 3376 2507 nostris?

1779 2560 1905 2615 Ideo
1931 2559 2053 2613 dico
2084 2559 2258 2622 vobis,
2291 2557 2414 2625 quia
2447 2553 2726 2608 auferetur
2759 2569 2786 2604 a
2820 2550 2971 2604 vobis
2999 2563 3222 2619 regnum
3256 2548 3374 2614 Dei,

1778 2664 1831 2710 et
1859 2653 2074 2708 dabitur
2095 2651 2241 2720 genti
2266 2649 2481 2703 facienti
2506 2647 2717 2701 fructus
2740 2645 2878 2715 ejus.
2910 2643 2975 2697 Et
3002 2643 3092 2713 qui
3120 2640 3377 2696 ceciderit

1779 2761 1942 2816 supra
1975 2742 2205 2815 lapidem
2238 2741 2423 2803 istutn,
2450 2738 2849 2807 confringetur:
2875 2751 3040 2806 super
3067 2749 3226 2804 quem
3247 2746 3377 2788 vero

1778 2837 2077 2902 ceciderit,
2121 2844 2368 2890 conteret
2399 2848 2546 2886 eum.
2583 2829 2759 2901 [αλκ
2796 2828 2870 2899 1.]
2929 2829 2995 2882 Et
3041 2841 3162 2882 cum
3196 2823 3378 2878 audis-

1779 2939 1902 2985 sent
1948 2928 2220 2999 principes
2276 2925 2618 2980 sacerdotum
2677 2932 2730 2977 et
2781 2919 3039 2975 Pharisa-i
3089 2916 3374 2988 parabolas

1781 3028 1917 3094 ejus,
1953 3031 2318 3093 cognoverunt
2346 3017 2490 3089 quod
2523 3017 2592 3071 de
2621 3015 2752 3085 ipsis
2785 3013 3011 3068 diceret.
3040 3012 3101 3065 Et
3124 3023 3373 3080 quaeren-

119 3103 350 3160 dixeritis:
380 3108 530 3165 Tolle
560 3120 613 3164 te
637 3151 654 3174 ,
697 3119 750 3163 et
777 3109 919 3177 jacta
957 3115 1007 3162 te
1035 3109 1085 3161 in
1121 3121 1293 3174 mare,
1329 3107 1438 3160 liet.
1471 3106 1668 3176 [CCva

1779 3127 1858 3173 tes
1889 3091 2276 3178 enm'tenere,
2324 3114 2620 3166 timuerunt
2663 3108 2884 3163 turbas:
2933 3105 3186 3177 quoniam
3235 3102 3374 3158 sicut

117 3194 179 3265 4.]
205 3197 256 3251 Et
284 3201 448 3253 omnia
481 3217 846 3270 qumeumque
886 3201 1146 3270 petieritis
1188 3203 1240 3253 in
1271 3198 1516 3252 oratione
1547 3211 1669 3252 cre-

118 3289 304 3354 dentes,
335 3295 633 3363 accipietis.
673 3294 908 3364 [ceu-tt,
949 3293 1028 3365 2.]
1075 3293 1293 3348 Etcum
1333 3291 1569 3345 venisset
1618 3290 1670 3344 in

118 3384 334 3452 templum
359 3429 372 3454 ,
401 3397 758 3442 accesserunt
795 3385 860 3439 ad
893 3401 1017 3439 eum
1058 3387 1364 3448 docentem,
1401 3382 1673 3454 principes

116 3476 433 3544 sacerdotum,
460 3488 516 3535 et
544 3482 806 3535 seniores
831 3480 1033 3549 populi,
1056 3479 1330 3534 dicentes:
1363 3479 1418 3532 ln
1442 3493 1546 3548 qua
1575 3492 1673 3546 po-

116 3575 272 3625 testate
298 3569 404 3626 haec
426 3573 557 3629 facis
580 3574 604 3626 ?
631 3573 698 3626 Et
720 3573 844 3642 quis
866 3572 959 3625 tibi
981 3572 1128 3626 dedit
1153 3571 1290 3626 hanc
1321 3571 1674 3641 potestatem?

114 3656 424 3730 Respondens
460 3665 628 3720 Jesus
659 3664 798 3718 dixit
825 3665 940 3718 eis:
990 3663 1340 3733 lnterrogabo
1370 3679 1467 3716 vos
1490 3673 1542 3716 et
1571 3677 1672 3733 ego

116 3764 248 3806 unum
270 3769 567 3813 sermonem
595 3777 607 3810 :
643 3772 806 3826 quem
839 3756 885 3812 si
915 3758 1162 3812 dixeritis
1185 3757 1334 3823 mihi,
1364 3767 1418 3811 et
1438 3771 1538 3826 ego
1569 3769 1669 3810 vo-

113 3843 181 3900 bis
216 3849 372 3904 dicam
418 3853 470 3907 in
518 3868 627 3923 qua
672 3859 940 3921 potestate
987 3852 1103 3905 haec
1147 3851 1304 3904 facio.
1340 3849 1671 3919 Baptismum

111 3935 296 3998 Joannis
325 3947 462 4001 unde
491 3948 649 4002 erat?
678 3962 706 3999 e
738 3945 897 4009 caelo,
925 3960 991 3999 an
1025 3961 1090 4000 ex
1120 3945 1472 4000 hominibus?
1500 3947 1567 3998 At
1594 3943 1672 3996 illi

112 4034 374 4102 cogitabant
403 4040 546 4094 inter
586 4055 672 4101 se,
699 4038 943 4093 dicentes
968 4056 979 4090 :
1012 4035 1071 4092 Si
1095 4037 1422 4101 dixerimus,
1455 4051 1486 4091 e
1507 4035 1668 4104 casio,

110 4125 225 4183 dicet
250 4132 417 4200 nobis,
440 4151 614 4204 quare
644 4150 774 4204 ergo
799 4151 904 4189 non
936 4133 1244 4189 credidiStis
1267 4133 1379 4187 illi?
1409 4133 1464 4190 Si
1491 4143 1670 4187 autem

111 4218 392 4286 dixerimus.
435 4242 501 4282 ex
532 4227 870 4291 hominibus,
907 4231 1156 4283 timemus
1199 4227 1406 4280 turbam
1435 4243 1447 4279 :
1479 4240 1671 4280 omnes

110 4311 226 4367 enim
271 4315 533 4374 habebant
586 4321 853 4376 Joannem
897 4321 1038 4374 sicut
1087 4321 1431 4390 Prophetam.
1483 4321 1546 4372 Et
1585 4333 1672 4374 re-

109 4407 399 4471 Spondentes
425 4413 578 4479 Jesu,
603 4414 890 4468 dixerunt:
915 4413 1216 4467 Nescimus.
1252 4414 1341 4469 Ait
1372 4412 1479 4467 illis
1502 4422 1553 4466 et
1580 4413 1666 4480 ip-

1779 3210 2104 3278 Prophetam
2130 3223 2252 3262 eum
2288 3203 2578 3260 habebant.

1848 3301 1998 3373 [_Cap.
2033 3299 2197 3354 XXII.
2230 3313 2406 3363 ccxvt,
2442 3295 2521 3367 5.]
2556 3294 2620 3348 Et
2662 3291 2999 3363 respondens
3027 3289 3205 3354 Jesus,
3240 3287 3377 3342 dixit

1777 3394 1969 3448 iterum
2003 3393 2054 3445 in
2088 3389 2357 3459 parabolis
2388 3389 2466 3443 eis
2488 3433 2502 3455 ,
2537 3387 2766 3441 dicens:
2816 3383 3010 3440 Simile
3061 3383 3262 3437 factum
3293 3389 3376 3436 est

1776 3502 2002 3558 regnmn
2033 3485 2292 3539 caelorum
2326 3481 2528 3535 homini
2560 3483 2696 3549 regi,
2729 3480 2816 3548 qui
2849 3477 2974 3531 fecit
3013 3475 3228 3544 nuptias
3263 3472 3374 3527 filio

1775 3596 1895 3638 suo.
1917 3581 1978 3634 Et
2004 3579 2151 3632 misit
2173 3591 2359 3632 servos
2384 3591 2512 3630 suos
2534 3590 2728 3627 vocare
2754 3571 3016 3626 invitatos
3041 3569 3106 3623 ad
3135 3567 3372 3637 nuptias,

1775 3685 1829 3732 et
1853 3671 2334 3730 nolebantveuire.
2363 3669 2558 3722 lterum
2587 3666 2732 3721 misit
2756 3664 2892 3718 alios
2916 3677 3130 3727 servos,
3157 3660 3373 3715 dicens:

1779 3765 1946 3821 Dicite
1977 3763 2213 3818 invitatis
2241 3780 2253 3816 :
2299 3760 2438 3814 Ecce
2471 3757 2754 3829 prandium
2788 3771 2964 3810 meum
2997 3753 3203 3822 paravi,
3235 3751 3376 3806 tauri

1775 3858 1880 3911 mei
1911 3864 1965 3910 et
1992 3854 2158 3908 altilia
2189 3852 2370 3906 occisa
2401 3859 2547 3910 sunt,
2578 3857 2635 3902 et
2657 3846 2830 3900 omnia
2855 3853 3039 3915 parata
3068 3861 3081 3899 :
3106 3844 3286 3899 venite
3308 3840 3375 3896 ad

1777 3951 2009 4018 nuptias.
2035 3947 2114 4002 Illi
2146 3955 2324 3999 autem
2357 3943 2739 4013 neglexerunt:
2772 3950 2825 3995 et
2852 3938 3121 4004 abierunt,
3155 3936 3293 3992 alius
3319 3936 3372 3989 in

1774 4042 1956 4096 villain
1980 4054 2153 4107 suam,
2185 4038 2321 4089 alius
2346 4052 2476 4089 vero
2507 4033 2570 4087 ad
2604 4033 3025 4102 negotiationem
3070 4045 3258 4084 suam:
3289 4041 3376 4082 re-

1775 4133 1906 4204 liqui
1935 4147 2066 4186 vero
2113 4137 2402 4184 tenuerunt
2443 4140 2634 4182 servos
2665 4125 2784 4195 ejus
2803 4167 2814 4189 ,
2848 4135 2902 4179 et
2929 4121 3271 4178 contumeliis
3297 4117 3376 4172 af-

1777 4229 1945 4282 fectos
1971 4225 2307 4281 occiderunt.
2352 4222 2465 4277 Rex
2506 4232 2684 4276 autem
2727 4236 2848 4273 cum
2889 4217 3168 4281 audisset,
3207 4216 3374 4267 iratus

1773 4328 1894 4373 est:
1925 4326 1979 4372 et
2017 4314 2200 4369 missis
2248 4313 2580 4368 exercitibus
2623 4311 2769 4376 suis,
2805 4309 3036 4378 perdidit
3076 4302 3374 4357 homicidas

1775 4413 1917 4480 illos,
1942 4421 1996 4466 et
2025 4410 2298 4464 civitatem
2331 4408 2544 4462 illorum
2577 4402 2875 4460 succendit.
2911 4400 3060 4452 Tune
3088 4398 3163 4450 ait
3192 4395 3363 4449 servis

109 4507 183 4550 se:
212 4499 311 4556 Nec
343 4519 441 4574 ego
485 4507 609 4560 dico
640 4507 794 4559 vobis
825 4504 877 4559 in
916 4521 1019 4576 qua
1055 4515 1323 4575 potestate
1357 4507 1471 4559 haec
1503 4471 1661 4559 facio.
1692 4471 1743 4530 D
1769 4471 1918 4559 suis;
1960 4501 2169 4570 Nuptia:
2209 4500 2425 4570 quidem
2457 4506 2656 4566 paratze
2697 4504 2855 4554 sunt,
2890 4491 2981 4545 sed
3029 4488 3120 4558 qui
3165 4485 3374 4540 invitati

110 4587 305 4660 lcexvm,
331 4597 435 4668 10.]
456 4599 598 4667 Quid
612 4609 794 4653 autem
812 4598 962 4652 vobis
989 4598 1235 4652 videtur?
1252 4597 1420 4652 Homo
1442 4597 1664 4666 quidam

109 4678 310 4743 habebat
330 4690 460 4745 duos
492 4693 668 4758 filios,
699 4702 753 4746 et
788 4691 1054 4746 accedens
1095 4691 1162 4744 ad
1197 4691 1452 4760 primum,
1485 4689 1622 4742 dixit
1649 4705 1661 4740 :

108 4772 223 4846 Fili,
253 4783 380 4838 vade
417 4783 608 4852 hodie,
639 4800 867 4854 operare
905 4785 956 4838 in
986 4786 1140 4838 vinea
1171 4800 1308 4838 mea.
1344 4785 1439 4838 Ille
1484 4792 1662 4836 autem

107 4873 433 4944 respondens,
478 4878 593 4930 ait:
642 4877 800 4932 Nolo.
831 4878 1027 4932 Postea
1074 4885 1293 4945 autem,
1350 4876 1662 4945 pcenitentia

105 4971 257 5020 motus
280 4967 421 5023 abiit.
454 4970 736 5026 Accedens
762 4979 939 5026 autem
969 4972 1036 5025 ad
1066 4971 1319 5037 alterum,
1350 4970 1484 5024 dixit
1511 4969 1665 5024 simi-

106 5051 225 5108 liter.
262 5060 325 5114 At
354 5061 442 5117 ille
470 5065 830 5134 respondens,
861 5065 939 5119 ait
971 5082 981 5118 :
1012 5063 1122 5129 Eo,
1171 5064 1422 5128 domine,
1455 5074 1509 5118 et
1552 5077 1662 5118 non

105 5143 202 5203 ivit.
227 5150 350 5220 Quis
380 5172 445 5211 ex
469 5157 688 5213 duobus
715 5157 841 5212 fecit
861 5159 1197 5213 voluntatem
1226 5157 1437 5227 patris?
1468 5157 1664 5212 Dicunt

104 5239 142 5292 ei
172 5257 184 5292 :
215 5243 433 5305 Primus.
467 5251 601 5305 Dicit
638 5250 746 5306 illis
773 5251 930 5306 Jesus
957 5269 969 5306 :
998 5253 1167 5307 Amen
1196 5252 1318 5307 dico
1340 5252 1513 5319 vobis,
1538 5251 1662 5322 quia

105 5333 378 5409 publicani,
412 5351 469 5397 et
505 5345 818 5400 meretrices
859 5345 1170 5414 prmcedent
1198 5360 1293 5399 vos
1335 5348 1388 5398 in
1435 5359 1658 5414 regnum

106 5419 202 5476 Dei.
227 5425 374 5485 Venit
421 5433 569 5488 enim
597 5435 663 5489 ad
689 5450 785 5490 vos
814 5434 1051 5492 Joannes
1092 5437 1144 5491 in
1178 5437 1259 5491 via
1301 5435 1524 5506 justitiae
1551 5476 1565 5499 ,
1607 5442 1662 5490 et

165 5613 187 5641 ει
207 5607 302 5689 Pro
317 5614 579 5667 vocabitur
596 5613 781 5689 verbo,
798 5613 944 5685 quod
966 5623 1018 5672 et
1034 5615 1256 5673 Graecus
1274 5611 1655 5683 textusbabet,

110 5670 302 5748 Reginae
329 5697 455 5742 mss.
480 5694 557 5740 est
582 5670 893 5756 prafer'uiit.

1768 4607 1943 4662 erant,
1979 4611 2083 4650 non
2117 4594 2334 4648 fuerunt
2365 4592 2531 4662 digni.
2564 4588 2639 4643 Ite
2669 4603 2795 4657 ergo
2823 4584 2888 4640 ad
2917 4583 3094 4638 exitus
3125 4583 3357 4646 viarum,

1769 4699 1823 4745 et
1865 4704 2231 4760 quoscumque
2278 4685 2630 4749 inveneritis,
2675 4689 2864 4734 vocate
2913 4677 2978 4732 ad
3015 4675 3248 4744 nuptias.
3300 4674 3368 4729 Et

1769 4786 1969 4852 egressi
2024 4784 2166 4836 servi
2213 4781 2332 4848 ejus
2381 4780 2430 4831 in
2466 4781 2614 4839 vias,
2658 4782 3123 4843 congregaverunt
3156 4782 3369 4835 omnes,

1769 4891 1903 4946 quos
1935 4876 2058 4931 inve
2082 4885 2254 4930 ierunt
2278 4917 2291 4939 ,
2326 4874 2500 4928 malos
2533 4880 2589 4926 et
2619 4869 2828 4924 bonos:
2879 4875 2933 4921 et
2976 4863 3210 4929 impleta:
3243 4871 3370 4918 sunt

1773 4971 1973 5037 nuptiae
2002 4967 2483 5023 discumbentium.
2527 4963 2744 5034 [ccum
2784 4958 2894 5029 10.]
2927 4957 3144 5012 latravit
3189 4963 3372 5009 autem

1775 5077 1869 5116 rex
1893 5107 1907 5130 ,
1941 5070 1998 5115 ut
2027 5060 2239 5114 videret
2280 5057 2716 5117 discumbentes,
2747 5063 2800 5107 et
2827 5049 2962 5104 vidit
2991 5049 3061 5102 ibi
3094 5047 3370 5101 hominem

1772 5172 1878 5211 non
1939 5154 2187 5207 vestitum
2241 5160 2391 5204 veste
2447 5147 2692 5216 nuptiali.
2750 5145 2815 5198 Et
2855 5145 2926 5197 ait
2969 5143 3086 5196 illi:
3145 5137 3368 5206 Amice,

1769 5245 2041 5319 quomodo
2073 5245 2176 5298 huc
2198 5243 2411 5296 intrasti
2437 5256 2543 5295 non
2569 5240 2772 5294 habens
2797 5246 3001 5291 vestem
3028 5232 3368 5305 nuptialem?
3421 5267 3428 5272 .

1775 5343 1844 5396 At
1873 5341 1963 5394 ille
2003 5335 2291 5391 obmutuit.
2323 5334 2476 5388 Tunc
2505 5332 2635 5385 dixit
2690 5346 2784 5385 rex
2835 5326 3130 5382 ministris:
3166 5319 3372 5390 Ligatis

1769 5435 2040 5500 manibus,
2073 5440 2127 5485 et
2162 5429 2390 5500 pedibus
2418 5427 2566 5498 ejus,
2603 5424 2626 5462 ι)
2659 5425 2851 5480 mittite
2881 5437 3004 5477 cum
3037 5421 3087 5475 in
3119 5413 3373 5474 tenebras

1835 5613 1862 5652 δ
1884 5609 2266 5686 Plusbabetur
2287 5608 2338 5663 in
2368 5607 2751 5686 (ἷιςαὶςιοβρατε
2777 5605 2953 5673 αὐτὸν,
2982 5609 3068 5663 καὶ
3095 5601 3360 5666 ἐκϐάλετε,

1778 5694 1880 5741 etc.
1909 5682 2096 5738 Tollite
2126 5696 2260 5746 eum,
2291 5689 2339 5735 et
2377 5681 2579 5749 mittite,
2611 5681 2715 5736 etc.
2886 5699 2900 5709 -
