3920 6200
479 148 584 210 574

1477 142 1537 203 S.
1577 138 1975 209 tuemur.
1999 135 2238 207 “VM
2274 134 2751 205 ιιιιιιιοτιιεειι.

3679 138 3773 198 δη

478 264 821 322 exteriores:
851 263 924 321 ibi
958 263 1061 318 erit
1101 260 1280 328 ﬂetus,
1308 271 1360 315 et
1395 259 1599 315 stridor
1626 258 1892 315 dentium.
1925 257 2078 313 Multi
2104 258 2158 321 Α
2181 264 2271 312 ota
2297 265 2484 312 mente
2504 264 2617 310 tua.
2649 253 2766 310 [loc
2800 261 2886 310 est
2915 252 3239 322 maximum,
3273 262 3332 312 et
3360 253 3603 327 primum
3633 272 3770 312 man-

483 358 629 414 enim
680 365 807 413 sunt
853 354 1065 421 vocali,
1099 353 1253 423 pauci
1306 367 1439 407 vero
1493 351 1675 408 electi.
1708 350 1949 423 [ccxxnt,
1994 349 2076 422 2.]

482 451 635 508 Tunc
684 452 949 507 abeuntes
978 448 1258 513 Pharisaei,
1284 446 1574 501 consilium
1605 446 1871 509 inierunt,
1901 452 1961 498 ut
1989 458 2079 498 ca-

485 554 678 618 perent
725 560 846 599 eum
901 542 950 595 in
1002 554 1274 596 sermone.
1319 539 1386 594 Et
1423 539 1643 593 mittunt
1686 538 1737 593 ei
1786 534 2080 604 discipulos

485 652 618 693 suos
664 650 785 691 cum
836 631 1157 687 llerodianis
1206 630 1497 685 dicentes:
1541 629 1832 700 Magister,
1878 628 2080 683 scimus

485 730 608 803 quia
636 742 803 782 verax
838 740 919 791 es,
952 734 1007 780 et
1035 725 1175 779 viam
1212 722 1308 779 Dei
1334 724 1386 778 in
1406 723 1634 780 veritate
1663 721 1854 789 doces,
1886 728 1945 776 et
1973 734 2081 775 non

486 830 569 879 est
600 819 693 874 tibi
735 832 866 873 cura
896 817 965 873 de
990 818 1205 887 aliquo:
1231 832 1339 871 non
1367 816 1512 871 enim
1540 815 1763 885 respicis
1795 826 2083 883 personam

489 913 772 970 hominum
810 926 823 964 :
855 910 943 981 dic
990 926 1118 981 ergo
1166 909 1325 965 nobis
1361 908 1489 980 quid
1538 908 1633 964 tibi
1677 906 1911 972 videtur,
1958 905 2085 961 licet

489 1021 714 1064 censum
746 1004 877 1061 dare
904 1002 1128 1069 Cresari,
1156 1018 1223 1057 an
1256 1002 1410 1057 non?
1450 1001 1676 1072 Cognita
1708 1010 1886 1054 autem
1927 998 2087 1054 Jesus

492 1102 732 1175 nequitia
780 1116 994 1168 eorum,
1039 1100 1147 1155 ait:
1184 1099 1321 1167 Quid
1364 1113 1449 1154 me
1479 1098 1718 1165 tentatis,
1748 1092 2087 1168 hypocriten?

490 1199 762 1257 ostendite
811 1196 942 1252 milii
995 1196 1264 1251 numisma
1304 1208 1520 1251 census.
1555 1193 1625 1248 At
1670 1193 1746 1247 illi
1774 1192 2091 1249 obtulerunt

490 1294 545 1351 ei
572 1292 878 1349 denarium.
902 1289 970 1345 Et
996 1289 1075 1344 ait
1102 1289 1208 1343 illis
1236 1287 1388 1343 Jcsuz
1417 1304 1433 1345 :
1455 1286 1623 1358 Cujus
1641 1296 1724 1341 est
1746 1284 1925 1355 imago
1947 1281 2086 1352 brec,

495 1396 551 1443 et
579 1382 1013 1455 superscriptio?
1045 1381 1244 1437 Dicunt
1273 1380 1325 1435 ei
1348 1398 1361 1434 ε
1393 1378 1643 1435 Caesaris.
1667 1378 1819 1437 Tunc
1846 1376 1920 1431 ait
1946 1375 2049 1430 illis
2073 1391 2091 1429 :

496 1479 730 1538 Reddite
758 1493 886 1551 ergo
911 1492 1033 1549 qua:
1054 1484 1186 1531 sunt
1205 1474 1454 1540 Caesaris,
1480 1472 1707 1542 Caesari,
1731 1480 1785 1526 et
1814 1487 1935 1543 quae
1964 1477 2096 1526 sunt

499 1572 636 1638 Dei,
683 1572 813 1627 Deo.
866 1570 932 1624 Et
962 1568 1246 1624 audientes
1292 1567 1471 1621 mirati
1502 1577 1652 1631 sunt,
1684 1574 1739 1623 et
1779 1565 1969 1621 relicto
2000 1578 2087 1632 eo,

2180 349 2387 404 ditum.
2440 346 2750 402 Secundum
2788 354 2967 404 autem
3018 346 3198 404 simile
3228 357 3315 403 est
3355 347 3489 404 huic
3522 368 3535 403 :
3585 351 3772 421 Diliges

2180 443 2490 514 proximum
2527 449 2678 496 tuum
2697 483 2712 507 ,
2739 442 2880 496 sicut
2906 441 3162 512 teipsum.
3193 440 3251 496 In
3284 440 3375 497 his
3396 440 3614 498 duobus
3638 459 3776 499 man-

2181 536 2323 590 datis
2350 534 2605 589 universa
2633 533 2742 588 Lex
2778 532 2996 601 pendet,
3028 543 3084 587 et
3110 531 3422 604 Prophetm.
3458 532 3672 605 [ccxxv,
3702 535 3774 607 2.]

2180 628 2533 701 Congregatis
2552 636 2733 684 autem
2760 626 3076 692 Pharismis,
3095 626 3455 698 interrogavit
3477 644 3577 684 eos
3599 629 3770 697 Jesns,

2183 723 2372 780 dicens
2402 740 2417 778 :
2450 722 2591 792 Quid
2621 722 2777 778 vobis
2813 722 3031 777 videtur
3056 722 3125 778 de
3153 721 3421 778 Christo?
3459 725 3612 796 Cujus
3641 726 3775 784 ﬁlius

2184 818 2317 873 est?
2345 816 2539 872 Dicunt
2566 816 2615 870 ei
2643 833 2656 871 :
2690 814 2878 869 David.
2909 816 3000 869 Ait
3029 815 3135 870 iliis
3165 834 3178 868 :
3202 815 3491 883 Quomodo
3520 833 3649 888 ergo
3677 817 3776 873 Da-

2188 910 2279 966 vid
2311 910 2365 965 in
2392 909 2586 980 spiritu
2612 916 2775 964 vocat
2793 922 2916 963 eum
2944 907 3230 963 Dominum
3257 907 3478 965 dicens:
3502 908 3645 965 Dixit
3672 910 3778 967 Do-

2194 1003 2374 1057 minus
2400 1001 2633 1056 Domino
2666 1015 2788 1056 meo
2818 1019 2829 1052 :
2862 998 3008 1056 Sede
3030 1015 3059 1053 a
3081 998 3289 1055 dextris
3313 999 3465 1069 nreis,
3487 1000 3656 1058 donec
3680 1018 3778 1073 po.

2188 1110 2311 1151 nam
2371 1094 2623 1148 inimicos
2678 1102 2801 1148 tuos
2846 1093 3140 1149 scabellum
3172 1092 3373 1165 pedum
3415 1098 3670 1150 tuorum?
3712 1093 3771 1151 Si

2187 1204 2318 1261 ergo
2365 1188 2532 1243 David
2577 1198 2736 1243 vocat
2780 1202 2903 1243 eum
2948 1187 3239 1242 Dominum
3265 1229 3279 1251 ,
3321 1188 3591 1255 quomodo
3634 1188 3770 1244 iilius

2190 1285 2309 1355 ejus
2343 1283 2461 1340 est?
2492 1282 2728 1354 [ccxxvn
2754 1280 2835 1352 2.]
2864 1281 2933 1336 Et
2955 1296 3120 1338 nemo
3141 1282 3425 1352 poteratei
3454 1282 3771 1353 respondere

2190 1377 2414 1435 verbum
2443 1395 2457 1432 :
2485 1392 2663 1447 neque
2698 1390 2862 1431 ausus
2892 1375 2993 1432 fuit
3016 1376 3303 1447 quisquam
3334 1391 3407 1434 ex
3434 1377 3523 1433 illa
3548 1378 3633 1433 die
3658 1393 3774 1434 eum

2192 1471 2425 1542 amplius
2456 1471 2815 1541 interrogare.

2265 1565 2418 1639 [Cap.
2444 1564 2637 1635 XXIII,
2663 1578 2899 1633 ccxxvtt,
2936 1562 3049 1635 10.]
3076 1563 3231 1620 Tunc
3266 1563 3422 1620 Iesus
3457 1563 3661 1621 locutus
3694 1573 3779 1621 est

498 1663 768 1720 abierunt.
798 1662 854 1717 ln
884 1661 977 1715 illo
1003 1661 1094 1716 die
1130 1666 1482 1715 accesserunt
1510 1658 1579 1711 ad
1626 1673 1749 1713 eum
1782 1655 2088 1723 Sadducaei,
2125 1645 2171 1717 ἢ
2195 1659 2261 1714 ad
2296 1659 2505 1725 turbas,
2545 1669 2600 1715 et
2630 1658 2699 1714 ad
2727 1657 3026 1728 discipulos
3055 1672 3206 1728 suos,
3243 1657 3470 1715 dicens:
3498 1656 3666 1728 Super
3692 1673 3779 1714 ca-

499 1756 593 1828 qui
618 1757 808 1813 dicunt
835 1769 943 1808 non
964 1767 1084 1808 esse
1110 1752 1602 1807 resurrectionem:
1636 1758 1691 1805 et
1718 1749 2092 1819 interrogave-

499 1859 627 1905 runt
649 1862 791 1912 eum,
826 1844 1104 1900 dicentes:
1139 1842 1413 1914 Magister,
1445 1843 1657 1914 Moyses
1684 1841 1858 1903 dixit:
1891 1840 1949 1897 Si
1974 1840 2095 1911 quis

501 1948 749 1996 mortuus
797 1936 959 1993 fuerit
1004 1952 1111 1991 non
1158 1935 1365 1990 habens
1410 1934 1601 2000 tilium,
1636 1942 1693 1988 ut
1732 1933 1896 1989 ducat
1932 1930 2097 1987 frater

506 2032 624 2102 ejus
668 2044 891 2085 uxorem
946 2028 1132 2096 illius,
1176 2038 1230 2085 et
1271 2027 1499 2083 suscitet
1545 2041 1731 2082 semen
1775 2024 1926 2081 fratri
1976 2038 2095 2080 suo.

506 2126 678 2185 Erant
708 2134 891 2181 autem
929 2123 1068 2194 apud
1110 2137 1209 2177 nos
1245 2132 1453 2194 septem
1500 2120 1725 2185 fratres,
1772 2127 1828 2174 et
1868 2118 2097 2190 primus,

508 2234 678 2275 uxore
715 2217 901 2282 (luela,
932 2214 1222 2270 defunctus
1268 2222 1350 2268 est
1376 2229 1390 2270 :
1428 2223 1483 2268 et
1513 2227 1620 2268 non
1651 2210 1857 2267 habens
1887 2226 2097 2277 semen,

506 2311 726 2382 reliquit
755 2324 977 2365 uxorem
1005 2322 1157 2362 suam
1186 2306 1344 2362 fratri
1371 2321 1489 2362 suo.
1517 2304 1782 2362 Similiter
1808 2303 2098 2375 secundus,

507 2413 564 2462 et
587 2404 798 2469 tertius,
826 2417 995 2473 usque
1016 2401 1081 2456 ad
1110 2399 1421 2470 septimum.
1456 2397 1760 2455 Novissime
1787 2407 1966 2461 autem
1985 2382 2105 2451 om?

507 2499 655 2555 nium
694 2505 750 2555 et
784 2497 979 2553 mulier
1028 2496 1281 2552 defuncta
1323 2503 1427 2551 est.
1452 2494 1510 2549 In
1542 2495 1945 2550 resurrectione
1973 2507 2102 2564 ergo

508 2593 664 2662 cujus
704 2592 811 2649 erit
853 2591 921 2647 de
961 2598 1166 2660 septem
1197 2590 1377 2645 uxor?
1404 2604 1594 2646 omnes
1621 2589 1767 2645 enim
1795 2588 2103 2644 habuerunt

510 2703 650 2745 eam.
675 2684 1034 2756 Respondens
1061 2693 1241 2741 autem
1265 2683 1445 2752 Jesus,
1480 2683 1555 2737 ait
1583 2683 1686 2738 illis
1712 2700 1723 2736 :
1750 2681 1979 2749 Erratis,
2009 2694 2104 2736 ne-

510 2782 745 2841 scientes
791 2779 1131 2850 Scripturas,
1164 2794 1338 2849 neque
1366 2778 1624 2834 virtutem
1657 2777 1770 2832 Dei.
1817 2775 1876 2831 In
1920 2790 2103 2833 resur-

509 2877 751 2933 rectione
778 2875 923 2930 enim
955 2888 1131 2944 neque
1158 2874 1381 2940 nubent,
1409 2886 1586 2941 neque
1614 2872 1925 2928 nubenlur:
1954 2879 1979 2909 ι
2006 2870 2103 2931 sed

509 2977 668 3025 erunt
698 2968 839 3022 sicut
868 2966 1048 3035 angeli
1081 2966 1174 3021 Dei
1203 2967 1253 3019 in
1288 2966 1448 3021 ccelo.
1483 2966 1558 3021 De
1585 2966 1983 3022 resurrectione
2005 2979 2105 3018 au-

2196 1754 2444 1810 tbedram
2473 1755 2645 1826 Moysi
2674 1754 2937 1810 sederunt
2962 1753 3169 1810 Scriba
3200 1764 3256 1810 et
3289 1752 3571 1809 Pharisai.
3597 1750 3780 1807 Omnia

2196 1862 2328 1918 ergo
2356 1861 2714 1918 quzecumque
2750 1846 2990 1903 dixerint
3036 1846 3192 1902 vobis
3230 1854 3478 1913 servate,
3508 1853 3561 1901 et
3590 1842 3777 1898 facite:

2200 1941 2503 1999 secundum
2544 1956 2709 2011 opera
2746 1955 2881 1997 vero
2919 1954 3110 1995 eorum
3151 1938 3322 1997 nolite
3360 1938 3541 1994 iacere
3571 1954 3583 1989 :
3613 1935 3780 1991 dicunt

2197 2033 2368 2103 enim,
2412 2040 2471 2090 et
2510 2048 2620 2088 non
2662 2032 2886 2090 faciunt.
2923 2032 3212 2105 [ccxxvm,
3255 2031 3337 2104 5.]
3381 2031 3624 2102 Alligant
3653 2029 3780 2085 enim

2198 2141 2366 2185 onera
2393 2127 2600 2200 gravia,
2634 2136 2691 2184 et
2719 2128 3109 2199 importabilia,
3137 2138 3192 2183 et
3218 2127 3512 2198 imponunt
3534 2126 3587 2180 in
3611 2125 3780 2179 hume-

2200 2237 2294 2279 ros
2322 2222 2601 2278 hominum
2636 2241 2649 2276 :
2691 2222 2862 2295 digito
2898 2230 3080 2279 autem
3102 2236 3204 2277 suo
3232 2221 3423 2276 nolunt
3455 2235 3521 2276 ea
3554 2232 3771 2275 movere.

2202 2315 2410 2387 [carm
2444 2313 2525 2386 2.]
2554 2314 2750 2371 Omnia
2797 2330 2930 2371 vero
2971 2330 3141 2386 Opera
3186 2328 3284 2369 sua
3327 2314 3574 2381 iaciunt,
3622 2321 3680 2369 ut
3709 2311 3781 2367 vi-

2202 2407 2435 2464 deantur
2478 2407 2547 2463 ab
2596 2408 2911 2465 hominibus
2957 2427 2971 2465 :
3007 2408 3239 2463 dilatant
3274 2407 3421 2464 enim
3474 2404 3781 2479 phylaeteria

2201 2515 2301 2556 sua
2324 2544 2339 2569 ,
2371 2510 2425 2557 et
2456 2500 2807 2572 magniﬁcam
2840 2501 3105 2557 ﬁmbrias.
3151 2500 3351 2557 Amant
3390 2508 3576 2557 autem
3604 2500 3785 2570 primos

2203 2593 2488 2662 recubitus
2523 2594 2578 2648 in
2609 2596 2807 2659 cumis.
2850 2593 3055 2665 primas
3083 2593 3374 2652 cathedras
3403 2594 3459 2650 in
3505 2592 3788 2667 synagcgis,

2206 2693 2263 2755 et.
2311 2684 2669 2742 salutationes
2722 2687 2775 2742 iu
2822 2684 2965 2754 foro,
3024 2694 3079 2742 et
3136 2686 3319 2743 vocari
3372 2685 3442 2740 ab
3502 2685 3789 2740 hominibus

2204 2777 2400 2835 Rabbi.
2436 2778 2655 2850 μαχεῖ,
2692 2777 2807 2850 10.]
2832 2778 2940 2833 Vos
2966 2789 3153 2834 autem
3183 2778 3359 2834 nolite
3392 2777 3581 2834 vocari
3615 2774 3790 2833 Rabbi.

2208 2870 2361 2927 Unus
2404 2882 2488 2927 est
2539 2870 2684 2927 enim
2726 2871 2982 2943 Magister
3022 2880 3225 2939 vester,
3268 2885 3460 2931 omnes
3502 2880 3681 2926 autem
3708 2882 3792 2923 vos

2207 2963 2406 3020 fratres
2436 2965 2587 3020 estis.
2630 2963 2701 3019 Et
2742 2973 2955 3035 patrem
3003 2965 3168 3021 nolite
3212 2980 3410 3021 vocare
3445 2964 3605 3021 vobis
3649 2977 3792 3032 super

512 3071 619 3118 tem
649 3069 986 3115 mortuorum
1018 3075 1124 3113 non
1155 3059 1359 3131 legistis
1398 3059 1541 3130 quod
1569 3059 1777 3116 dictum
1811 3068 1894 3117 est
1932 3074 1961 3117 ιι
1991 3058 2104 3113 Deo
2132 3065 2177 3128 (ζ
2211 3069 2446 3123 terram:
2479 3075 2617 3115 unus
2648 3060 2896 3116 estenim
2924 3060 3086 3117 Pater
3107 3068 3308 3126 vester,
3331 3060 3425 3131 qui
3445 3060 3499 3115 ia
3526 3059 3684 3117 cmlis
3702 3066 3790 3112 est.

509 3152 724 3207 dicente
756 3152 948 3204 vobis:
1002 3150 1115 3220 Ego
1155 3166 1274 3205 sum
1324 3152 1464 3208 Deus
1509 3152 1816 3218 Abraham,
1863 3161 1921 3226 et.
1965 3151 2107 3208 Deus

511 3242 681 3307 Isaac,
708 3250 765 3299 et
791 3240 936 3294 Deus
965 3239 1167 3295 .lacob?
1191 3241 1307 3296 Non
1339 3253 1418 3297 est
1446 3242 1590 3300 Deus
1616 3254 1976 3315 mortuorum,
2010 3244 2105 3301 sed

511 3332 834 3391 viventium.
866 3332 931 3386 Et
960 3332 1240 3388 audientes
1280 3333 1452 3389 turbae
1502 3335 1840 3391 mirabantur
1890 3337 1949 3392 in
1980 3337 2109 3396 doc-

515 3422 652 3480 trina
684 3422 821 3491 ejus.
864 3422 1119 3493 [ccum
1156 3423 1243 3493 6.]
1288 3423 1552 3479 Pharisaei
1599 3436 1785 3487 autem,
1822 3428 2113 3485 audientes

511 3515 655 3588 quod
683 3516 956 3572 silentium
989 3518 1332 3586 imposuisset
1364 3516 1697 3585 Sadducmis,
1731 3531 2108 3578 convenerunt

512 3609 565 3664 in
591 3624 752 3665 unum
778 3627 791 3664 :
821 3616 879 3665 et
900 3610 1250 3682 interrogavit
1276 3625 1400 3667 eum
1427 3626 1564 3667 unus
1594 3626 1662 3668 ex
1700 3612 1780 3667 eis
1812 3610 1947 3683 legis
1974 3614 2102 3677 doc:

512 3710 619 3767 tor,
648 3713 857 3760 tentans
880 3719 1037 3760 eum:
1067 3704 1341 3777 Magister,
1372 3705 1512 3777 quod
1536 3713 1621 3762 est
1644 3705 1956 3763 mandatum
1983 3721 2100 3763 ma-

510 3808 675 3868 gnum
703 3796 755 3849 in
784 3795 935 3867 lege?
959 3797 1049 3851 Ait
1070 3796 1144 3852 itli
1175 3799 1334 3854 Jcsus
1360 3817 1373 3854 :
1398 3798 1598 3870 Diliges
1626 3799 1909 3857 Dominum
1931 3800 2103 3861 Deum

514 3893 662 3957 tuum
691 3900 753 3953 ex
788 3895 899 3943 toto
937 3889 1107 3947 corde
1146 3896 1269 3958 tuo,
1296 3900 1351 3947 et
1383 3889 1437 3946 in
1481 3900 1592 3947 tota
1621 3891 1801 3958 anima
1827 3902 1939 3965 tua,
1967 3901 2023 3950 et
2050 3893 2102 3950 in

2210 3150 2322 3208 Nec
2353 3153 2621 3209 vocemini
2670 3154 2911 3223 magistui
2954 3171 2965 3204 :
2996 3154 3121 3223 quia
3152 3152 3405 3224 Magister
3452 3162 3636 3211 vester
3672 3166 3792 3207 unus

2212 3255 2297 3301 est
2332 3243 2604 3313 Christus.
2649 3244 2891 3318 [ccxxxr,
2926 3244 3007 3316 5.]
3054 3246 3155 3312 Qui
3202 3244 3375 3316 major
3422 3253 3506 3301 est
3542 3255 3788 3308 vesu'um,

2212 3342 2321 3405 erit
2348 3341 2597 3397 minister
2620 3351 2821 3398 vester.
2865 3341 2968 3409 Qui
3008 3350 3189 3399 autem
3237 3355 3298 3397 se
3325 3339 3658 3405 exaltaverit,
3690 3338 3787 3393 bu—

2212 3431 2513 3489 miliabitur
2570 3451 2582 3485 :
2641 3439 2696 3489 et
2741 3431 2835 3502 qui
2890 3446 2951 3491 se
3011 3430 3409 3498 bumiliaverit,
3458 3430 3786 3487 exaltabitur.

2215 3523 2473 3597 [court],
2504 3523 2582 3597 5.]
2614 3523 2706 3587 Va:
2747 3533 2924 3581 autem
2973 3525 3160 3592 vobis,
3201 3524 3411 3583 Scriba:
3455 3532 3515 3580 et
3552 3521 3787 3581 Ριιπίεειιί

2209 3616 2513 3688 hypocrita:
2565 3635 2581 3673 :
2629 3616 2753 3688 quia
2802 3615 3057 3672 clauditis
3104 3632 3330 3688 regnum
3376 3615 3633 3673 caelorum
3678 3621 3786 3669 ante

2210 3708 2478 3771 homines.
2516 3709 2625 3765 Vos
2650 3710 2797 3767 enim
2822 3724 2925 3767 non
2959 3711 3191 3777 intratis,
3217 3725 3327 3766 nec
3362 3711 3696 3765 introeuntes
3720 3707 3784 3762 si-

2206 3803 2335 3865 nitis
2380 3803 2609 3860 intrare.
2656 3805 2942 3877 [ccxxxnt,
2972 3802 3085 3876 10.]
3112 3803 3203 3861 Va:
3228 3802 3256 3844 δ
3290 3804 3452 3861 vobis
3471 3845 3486 3870 ,
3521 3802 3713 3862 Scriba:
3735 3810 3783 3856 et

2208 3894 2468 3953 Pharisaei
2502 3895 2797 3969 hypocrita:
2823 3916 2836 3954 :
2868 3897 2993 3968 quia
3033 3896 3272 3957 circuitis
3304 3911 3455 3955 mare
3480 3904 3534 3955 et
3571 3894 3780 3959 aridam,

587 4148 611 4177 ιι
635 4136 883 4214 Pressius
910 4136 1098 4198 Grmco
1121 4141 1244 4208 εἰσὶ,
1265 4138 1317 4195 in
1344 4138 1564 4197 instanti
1589 4149 1728 4209 sunt,
1752 4140 1860 4198 duo
1885 4141 2106 4214 Regina:
2135 4143 2187 4205 Ι)
2210 4141 2399 4214 risque
2442 4149 2591 4214 note
2631 4139 2911 4214 codicibus
2946 4153 3078 4214 mss.
3099 4180 3113 4205 ,
3149 4137 3345 4214 quales
3387 4135 3642 4209 plurimos
3684 4148 3777 4214 prae

512 4225 645 4268 mss.
678 4212 883 4283 legunt.

587 4306 613 4346 ι)
630 4306 977 4361 Rccentiores
995 4304 1210 4363 quidam
1228 4305 1445 4361 codices
1460 4322 1580 4362 eum
1596 4307 1754 4362 editis
1767 4307 1853 4362 hic
1872 4305 2104 4363 addunt:

522 4379 615 4435 Va:
636 4389 807 4433 autem
824 4378 981 4441 vobis,
1008 4376 1203 4431 Scribw
1220 4390 1266 4431 et
1286 4376 1542 4432 Phariswi
1557 4378 1840 4450 hypocrita:
1857 4379 2007 4448 :quio
2027 4394 2113 4434 co-

514 4452 718 4507 meditis
744 4450 924 4503 domos
946 4449 1234 4521 viduarum,
1257 4452 1512 4521 orationes
1533 4449 1716 4521 longas
1740 4460 1941 4505 orantes
1962 4465 1980 4503 :
1994 4466 2109 4521 pro-

515 4534 625 4595 pter
646 4523 741 4575 hoc
758 4521 983 4591 antpliua
1010 4519 1271 4595 accipietis
1286 4520 1570 4595 judicium.
1600 4519 1799 4595 [crum
1824 4521 1936 4575 hinc
1960 4519 2111 4591 pere-

513 4591 663 4721 irina
694 4607 813 4648 esse
839 4603 997 4660 atque
1021 4606 1084 4644 ex
1109 4591 1355 4659 capitulis
1383 4606 1578 4646 cxxxvt
1604 4591 1769 4647 Marc.
1803 4599 1857 4645 et
1896 4606 2104 4647 cchvtt

563 4681 675 4721 uc..
698 4666 797 4719 bne
810 4673 891 4719 est
912 4678 975 4718 ex
997 4664 1162 4717 Marc.
1182 4678 1233 4717 c.
1259 4679 1353 4721 xu.
1378 4679 1517 4720 vcrs.
1536 4665 1626 4721 40.
1645 4674 1696 4718 et
1717 4664 1847 4718 Luc.
1871 4678 1990 4721 can.
2014 4678 2104 4721 xx.

563 4681 675 4730 uc..
698 4666 797 4719 bne
810 4673 891 4719 est
912 4678 975 4718 ex
997 4664 1162 4717 Marc.
1182 4678 1233 4717 c.
1259 4679 1353 4730 xu,
1378 4679 1517 4720 vcrs.
1536 4665 1626 4727 40,
1645 4674 1696 4718 et
1717 4664 1847 4718 Luc.
1871 4678 1990 4734 cap.
2014 4678 2104 4729 xx,

517 4754 661 4799 vers.
684 4740 778 4804 47,
805 4737 1125 4808 quibusdam
1143 4737 1363 4805 additis,
1392 4736 1713 4807 quibusdam
1737 4749 1865 4790 vero
1888 4736 2108 4790 mutatis

524 4814 590 4869 ad
625 4810 949 4882 implendam
981 4808 1394 4874 cohaerentiam,
1426 4808 1532 4863 huc
1561 4808 1840 4880 translata,
1875 4809 2107 4882 suadent

520 4878 850 4956 primo-ipsa
890 4886 1026 4940 situs
1072 4884 1298 4939 variatio
1338 4884 1392 4939 in
1445 4885 1593 4941 iisin
1640 4878 1839 4953 quibus
1882 4878 2108 4956 habetur

516 4955 795 5009 codicibus
823 4974 837 5009 :
865 4957 1081 5025 quidam
1114 4957 1261 5013 enim
1307 4955 1423 5013 lure
1467 4964 1787 5026 prmponnnt
1816 4955 1942 5011 huic
1981 4968 2106 5008 sen—

519 5029 703 5099 tentim
731 5027 1091 5099 de_clavibus,
1124 5030 1176 5083 in
1202 5028 1398 5099 quibus
1421 5039 1507 5085 est
1531 5044 1635 5085 ms.
1661 5026 1979 5083 monasterii
2008 5043 2106 5081 no-

515 5098 641 5172 s_tri,
691 5097 1010 5172 S._Ta_urini
1054 5097 1428 5169 Ebroicensis,
1480 5100 2106 5172 complectensquatuor

517 5166 814 5293 Evangelia
842 5164 1030 5224 Gruter.
1060 5186 1182 5225 cum
1208 5164 1645 5237 Commentariis;
1673 5172 1761 5226 alii
1785 5164 2101 5226 subierunt.

569 5241 726 5293 eintle
757 5240 873 5293 haec
907 5242 957 5293 in
990 5242 1311 5293 linsebianis
1351 5242 1901 5293 llieronvmianisaue
1929 5241 2101 5293 Evan-

569 5241 726 5315 einile
757 5240 873 5293 haec
907 5242 957 5293 in
990 5242 1311 5315 linseliianis
1350 5242 1901 5315 liieronymianisque
1929 5241 2106 5296 Evan-

517 5311 782 5380 geliornm
836 5315 1139 5369 canonibus
1193 5314 1372 5367 locum
1417 5311 1616 5370 habere
1666 5330 1774 5368 non
1814 5311 2101 5382 possunt:

520 5397 699 5451 neque
739 5382 884 5437 enim
919 5386 970 5439 in
1000 5400 1212 5445 canone
1260 5388 1470 5443 decimo
1509 5386 1697 5453 reponi
1724 5392 1946 5455 queunt,
1980 5397 2102 5455 cum

519 5467 627 5527 non
674 5455 781 5509 sint
810 5457 1025 5527 propria
1072 5459 1305 5514 Mattbaei
1342 5500 1359 5525 ,
1407 5459 1501 5512 sed
1543 5452 1815 5527 praedictis
1840 5452 1999 5509 Marci
2040 5467 2104 5507 ac

517 5522 680 5579 Luca:
716 5522 969 5598 capitulis
992 5534 1297 5584 communia
1331 5522 1353 5585 ε’
1377 5530 1463 5583 illa
1511 5522 1691 5582 antem
1722 5527 1790 5582 ad
1837 5537 2101 5581 canonem

523 5604 1150 5676 octavum-revocantur,
1184 5604 1236 5676 in
1278 5599 1946 5676 qtto‘niltilde‘Matthmo
1975 5612 2107 5676 con-

522 5667 747 5720 tinetur.
781 5667 970 5724 Tertio
997 5670 1193 5726 absunt
1223 5667 1341 5727 haec
1371 5671 1442 5725 ab
1479 5672 1874 5741 antiquioribus
1916 5669 2106 5726 melio-

2214 4207 2464 4269 manibus
2508 4213 2771 4268 habemus
2814 4212 2884 4267 ab
2918 4207 3269 4279 octingentis,
3322 4207 3419 4264 aut
3455 4224 3519 4266 eo
3563 4207 3774 4277 amplius

2209 4286 2371 4341 annis
2418 4295 2697 4352 exaratos,
2747 4284 2930 4353 Regize
2969 4284 3184 4338 scilicet
3211 4280 3554 4353 bibliOthecte
3598 4292 3773 4353 uno_n.

2210 4355 2374 4419 3561,
2405 4356 2595 4427 Sancti
2616 4347 2872 4427 Germani
2903 4354 3297 4427 aAPratis‘scx,
3326 4351 3418 4427 his
3444 4350 3673 4427 numeris
3690 4347 3776 4427 de-

2209 4416 2435 4498 signatis
2466 4420 2521 4491 zi,
2546 4425 2599 4492 6,
2636 4427 2739 4498 15,7
2768 4426 2855 4493 18,
2892 4416 2981 4498 19,
3006 4426 3109 4491 ὗες
3139 4416 3458 4498 Corbeiensi
3491 4436 3588 4477 uno
3625 4421 3674 4474 in
3703 4416 3771 4498 bi-

2210 4488 2479 4553 bliotheca
2511 4488 3232 4552 nostra'San4t}ermanensi
3266 4504 3538 4549 asservato
3557 4503 3694 4545 num.
3718 4488 3768 4550 2;

2210 4569 2524 4624 monasterii
2563 4569 2622 4626 S.
2655 4568 2931 4624 Guillelmi
2963 4567 3019 4621 in
3067 4566 3316 4632 Deserto,
3350 4581 3487 4631 uno;
3525 4567 3773 4619 monaste-

2209 4641 2274 4696 rii
2304 4641 2639 4708 Crasscnsis,
2671 4641 2868 4707 altero.
2899 4640 3079 4697 Mur.

2279 4769 2352 4781 —-
2378 4737 2706 4803 Prmponunt
2732 4734 2943 4805 Vulgati
2969 4732 3090 4789 libri
3120 4730 3371 4805 solidum,
3389 4732 3593 4805 huncce
3613 4724 3771 4805 versi-

2208 4812 2390 4866 culum
2426 4826 2444 4864 :
2487 4799 2572 4864 Va:
2608 4816 2780 4863 autem
2804 4799 2966 4872 vobis,
3010 4803 3209 4861 Scriba:
3247 4811 3295 4857 et
3346 4802 3593 4857 Pharisaei
3628 4799 3773 4869 Ιιῃρο·

2208 4883 2351 4936 crita:
2376 4897 2393 4935 :
2424 4879 2547 4950 quia
2579 4879 2843 4933 comeditis
2872 4878 3053 4930 domos
3080 4875 3378 4950 rideantur.
3396 4874 3772 4950 oration-tiamn-

2207 4970 2301 5026 gas
2333 4942 2544 5008 orantes
2568 4969 2587 5005 :
2614 4959 2825 5026 propter
2855 4951 2953 5000 hoc
2981 4946 3210 5026 amplius
3240 4947 3500 5026 accipietis
3522 4942 3769 5026 iudiciuin.

2206 5012 2306 5092 Qui
2340 5025 2560 5094 quidem
2590 5012 2647 5078 εἰ
2671 5012 2724 5077 in
2757 5012 3390 5097 Cra-coest‘archetypo
3423 5016 3487 5070 ad
3524 5012 3726 5097 verbum
3757 5024 3771 5060 :

2206 5089 2333 5154 όύαὶ
2356 5089 2502 5169 ὖμίν,
2528 5100 2856 5173 ’γραμματεῖς
2880 5093 2964 5145 καὶ
2994 5097 3261 5173 (rapientia:
3281 5089 3564 5173 ὑπεκριταὶ,
3598 5089 3672 5171 «3;:
3694 5100 3772 5133 κα·

2206 5156 2431 5225 τεσθίεέε
2464 5156 2734 5229 τάξόἰὲίᾶς
2752 5172 2853 5220 τῶν
2880 5156 3079 5236 χηρῶιιζ
3098 5163 3185 5214 καὶ
3211 5156 3463 5236 προφάσέι
3478 5156 3635 5236 μακβὰ
3658 5170 3767 5236 np?-

2208 5181 2431 5225 τεσθιετε
2464 5181 2556 5229 τας
2577 5181 2734 5226 οικιας
2752 5185 2853 5220 των
2928 5185 2955 5219 η
2994 5184 3079 5225 ων,
3098 5182 3185 5214 και
3211 5181 3463 5236 προφασει
3478 5181 3635 5239 μακεα
3658 5181 3763 5223 πρυ-

2208 5240 2537 5313 σευχόμενοι’
2567 5237 2652 5293 διὰ
2685 5241 2839 5292 τοῦτο
2879 5181 3093 5313 {visz
3125 5231 3497 5313 περιςσότερον
3529 5223 3763 5313 κρευιξε..Δ

2207 5298 2589 5367 ιιιιιῖἶιέυιειῐι
2637 5324 2668 5363 e
2718 5298 2963 5369 nostris,
2994 5314 3154 5375 atque
3187 5298 3511 5375 aliishq'uos
3548 5298 3611 5350 ad
3647 5298 3765 5375 nunc

2208 5384 2384 5441 locum
2413 5381 2789 5447 consuluimus
2820 5374 3054 5446 antiquis
3075 5372 3293 5447 ‘Latinis
3325 5372 3473 5447 libris
3500 5371 3759 5447 invenitur.

2213 5436 2425 5509 VideSis
2458 5466 2617 5521 porro
2641 5448 2740 5503 hac
2762 5444 2830 5502 de
2853 5436 3273 5521 interpolatione
3307 5441 3623 5521 disserentes
3648 5436 3761 5521 Cri:

2208 5503 3371 5591 Densis—aeros,ipsumqueMa'rtianteumin
3390 5511 3535 5591 N_0tis
3556 5511 3607 5561 in
3631 5503 3760 5591 calce

2206 5573 2354 5653 iihii.
2372 5573 2752 5664 Paulo'auiem
2778 5573 2971 5664 piistin
2998 5585 3281 5664 ve_tustinri
3304 5582 3519 5664 Beginas
3540 5591 3637 5634 ms.
3658 5573 3759 5645 plus

2208 5668 2455 5735 habetur,
2493 5664 2587 5721 Va:
2606 5662 2767 5729 vobis,
2779 5656 3011 5725 'Scriba’,
3033 5656 3189 5710 duces
3209 5656 3349 5723 croci,
3371 5664 3472 5711 etc.
