3920 6200
106 201 197 261 575'
1057 197 1505 258 EVANGELIUM
1544 197 1670 258 SEC

1780 198 1925 258 DUM
1956 198 2389 269 Μάττηωι.

3268 211 3373 267 375

106 326 157 370 ut
182 314 391 371 faciatis
420 331 593 371 unum
628 311 999 385 proselytum:
1032 320 1087 367 et
1123 327 1246 367 cum
1284 311 1446 372 fuerit
1488 311 1680 381 factus,
1709 314 1764 376 Α
1789 312 1923 367 dixit
1954 312 2097 387 illis:
2128 314 2335 370 Videtis
2382 314 2498 373 haec
2547 317 2766 373 omnia?
2802 320 2974 376 Amen
3019 319 3149 377 dico.
3193 324 3368 387 vobis,

108 407 267 462 facitis
310 422 439 463 eum
486 405 651 461 ﬁlium
695 405 957 475 gehennae
1008 402 1171 473 duplo
1216 418 1377 474 quam
1428 418 1545 460 vos.
1590 403 1681 459 Vae

104 499 268 567 vobis,
300 499 469 554 duces
500 496 650 564 calci,
692 497 782 567 qui
823 496 1005 551 dicitis
1036 514 1048 550 :
1078 495 1417 567 Quicumque
1456 496 1679 566 jurave-

108 593 175 647 rit
212 608 303 663 per
334 592 613 661 templum,
656 589 793 644 nihil
829 597 911 645 est
940 606 954 643 :
980 588 1071 660 qui
1104 598 1286 644 autem
1322 589 1587 659 juraverit
1626 591 1681 647 in

105 702 227 743 auro
252 686 457 755 templi,
487 685 670 740 debet.
698 683 880 751 Stulti,
914 693 967 740 et
990 684 1150 739 caeci!
1175 683 1313 751 Quid
1340 685 1482 739 enim
1506 684 1682 754 majus

110 794 199 849 est,
229 797 443 848 aurum,
477 796 547 836 an
596 781 880 851 templum,
914 780 1063 851 quod
1100 780 1406 835 sanctiﬁcat
1448 780 1680 835 aurum?

111 878 165 933 Et
194 874 801 947 quicumquejuraverit
830 874 885 927 in
917 874 1096 941 altari,
1132 874 1267 928 nihil
1290 881 1376 929 est
1401 892 1411 925 :
1436 874 1682 944 quicum-

110 984 195 1042 que
228 976 401 1022 autem
427 966 703 1034 juraverit
739 966 792 1019 in
824 965 991 1030 dono,
1022 966 1165 1036 quod
1203 975 1285 1021 est
1332 982 1494 1035 super
1522 967 1677 1035 illud,

110 1061 266 1118 debet.
291 1058 468 1114 Caeci!
495 1058 632 1127 Quid
652 1059 797 1113 enim
824 1058 996 1129 majus
1018 1068 1119 1125 est,
1147 1060 1369 1123 donum,
1394 1075 1459 1113 an
1484 1062 1676 1129 altare,

111 1152 235 1224 quod
281 1150 590 1207 sanctiﬁcat
635 1151 870 1206 donum?
898 1152 996 1217 Qui
1042 1166 1171 1221 ergo
1217 1151 1361 1221 jurat
1407 1153 1457 1206 in
1495 1152 1675 1222 altari,

109 1246 233 1316 jurat
259 1244 309 1298 in
339 1258 427 1311 eo,
470 1254 527 1299 et
576 1245 630 1298 in
677 1244 956 1311 omnibus,
998 1259 1117 1314 quae
1158 1260 1319 1314 super
1359 1244 1491 1299 illud
1529 1254 1677 1300 sunt.

113 1339 165 1394 Et
189 1338 508 1408 quicumque
547 1336 817 1406 juraverit
860 1339 914 1392 in
944 1338 1170 1408 templo,
1199 1337 1347 1407 jurat
1384 1337 1439 1393 in
1486 1338 1599 1406 illo,
1626 1348 1683 1395 et

114 1431 157 1484 in
189 1444 269 1496 eo,
313 1430 401 1499 qui
448 1429 656 1484 habitat
702 1432 754 1485 in
803 1430 921 1502 ipso
955 1447 970 1485 :
1003 1440 1056 1486 et
1096 1432 1187 1501 qui
1220 1431 1361 1498 jurat
1408 1431 1459 1484 in
1500 1431 1676 1499 cmlo,

109 1522 232 1593 jurat
256 1521 306 1575 in
341 1521 537 1575 throno
567 1521 684 1587 Dei,
716 1530 772 1577 et
812 1522 864 1576 iu
896 1538 984 1590 eo,
1024 1522 1115 1592 qui
1146 1521 1298 1577 sedet
1332 1536 1495 1593 super
1529 1538 1676 1577 eum.

114 1614 364 1686 [eorum
400 1613 481 1685 5.]
512 1615 605 1671 Vze
632 1615 820 1681 vobis,
866 1615 1074 1671 Scribte
1108 1624 1163 1671 et
1206 1615 1461 1671 Pharisaei
1511 1616 1680 1688 her-

1787 398 1891 439 non
1922 384 2259 457 relinquetur
2307 387 2394 442 hic
2441 388 2572 460 lapis
2620 404 2784 459 super
2831 391 3084 460 lapidem,
3131 394 3222 463 qui
3267 384 3372 449 non

1784 476 2114 533 destruatur.
2174 480 2418 550 [ccxmn,
2470 480 2550 554 2.]
2598 480 2839 538 Sedente
2876 492 3055 539 autem
3099 500 3163 540 eo
3212 500 3377 556 super

1784 583 2024 629 montem
2068 572 2290 641 Oliveti,
2336 584 2685 631 accesserunt
2719 577 2785 631 ad
2833 591 2955 633 eum
2994 577 3243 649 discipuli
3289 596 3377 638 sc-

1784 674 1963 734 creto,
2005 663 2253 722 dicentes
2284 685 2295 719 :
2330 667 2427 723 Dic
2463 668 2641 736 nobis,
2686 669 2904 739 quando
2946 671 3059 725 haec
3103 673 3293 726 erunt?
3323 681 3377 728 et

1782 759 1928 831 quod
1956 761 2170 832 signum
2207 761 2470 818 adventus
2518 763 2626 832 tui,
2670 772 2724 819 et
2761 766 3246 821 consummationis
3278 782 3377 821 set--

1781 853 1923 908 culi?
1947 854 2013 910 Et
2046 856 2384 926 respondens
2406 857 2588 924 Jesus,
2614 857 2748 912 dixit
2775 859 2853 914 eis
2884 877 2895 911 :
2927 859 3137 927 Videte,
3164 875 3231 913 ne
3258 862 3375 930 quis

1781 960 1877 1002 vos
1906 947 2148 1004 scducat.
2182 950 2339 1007 Multi
2364 950 2507 1005 enim
2534 952 2754 1007 venient
2785 951 2837 1007 in
2868 953 3088 1008 nomine
3121 968 3261 1020 meo,
3296 954 3376 1008 di-

1781 1052 2013 1097 centes:
2058 1043 2171 1114 Ego
2225 1058 2345 1101 sum
2393 1044 2641 1101 Christus
2676 1064 2691 1100 ;
2732 1056 2787 1101 et
2834 1048 3037 1103 multos
3090 1051 3379 1115 seducent.

1784 1135 2040 1192 Audituri
2071 1139 2217 1193 enim
2240 1140 2377 1195 estis
2401 1140 2608 1211 przelia,
2642 1146 2697 1197 et
2726 1142 3010 1212 Opiniones
3044 1144 3372 1214 praeliorum.

1784 1228 1995 1297 Videte,
2032 1247 2102 1287 ne
2154 1232 2467 1288 turbemini.
2500 1233 2724 1303 Oportet
2754 1235 2895 1290 enim
2938 1235 3051 1292 hcec
3093 1236 3244 1300 ﬁeri,
3281 1238 3375 1292 sed

1780 1326 2019 1381 nondum
2047 1336 2129 1382 est
2154 1325 2299 1382 ﬁnis.
2327 1327 2633 1400 Consurget
2654 1328 2797 1385 enim
2821 1345 2951 1402 gens
2982 1332 3034 1385 in
3066 1339 3302 1402 gentem,
3324 1343 3379 1389 et

1782 1438 2014 1495 regnum
2049 1423 2103 1478 in
2132 1437 2377 1495 regnum,
2413 1433 2468 1480 et
2494 1434 2654 1480 erunt
2694 1426 3052 1496 pestilentiae,
3094 1435 3148 1483 et
3188 1426 3375 1493 fames,

1780 1528 1834 1575 et
1860 1528 2198 1574 terrmmotus
2228 1534 2324 1588 per
2348 1520 2489 1575 loca.
2525 1520 2652 1575 lltec
2673 1528 2853 1576 autem
2879 1520 3059 1575 omnia
3082 1520 3228 1577 initia
3254 1528 3381 1577 sunt

1779 1610 2054 1667 dolorum.
2088 1612 2323 1683 [030$le
2359 1611 2438 1685 1.]
2468 1612 2618 1668 Tunc
2666 1613 2879 1671 tradent
2916 1628 3013 1668 vos
3050 1613 3103 1669 in
3150 1614 3361 1669 trihula

109 1708 259 1772 eritze,
290 1708 376 1777 qui
421 1707 702 1764 decimatis
732 1708 1036 1776 mentham,
1078 1717 1135 1765 et
1160 1709 1453 1777 anethum,
1495 1720 1551 1765 et
1588 1726 1680 1783 cy-
1709 1716 1759 1778 B
1787 1708 2012 1771 tionem,
2063 1716 2119 1762 et
2156 1706 2409 1763 occident
2457 1720 2555 1762 vos
2592 1723 2607 1761 :
2658 1717 2714 1763 et
2759 1707 2911 1763 eritis
2962 1706 3087 1763 odio
3128 1707 3377 1762 omnibus

106 1800 317 1865 minum,
340 1809 392 1855 et
414 1800 715 1871 reliquistis
742 1818 862 1872 qute
884 1806 1133 1873 graviora
1165 1817 1288 1859 sunt
1318 1802 1507 1875 Legis,
1534 1803 1680 1874 judi-

108 1895 261 1961 cium,
294 1906 344 1947 et
374 1894 833 1961 misericordiam,
858 1906 914 1952 et
938 1896 1120 1952 ﬁdem.
1154 1898 1279 1953 Hsec
1316 1897 1558 1967 oportuit
1602 1896 1681 1951 fa-

103 2001 245 2055 cere,
273 1998 322 2041 et
344 1986 433 2042 illa
459 2004 571 2043 non
597 1989 873 2044 omittere.
902 1987 1157 2061 [ccxxxv,
1184 1990 1292 2061 10.]
1323 1990 1495 2046 Duces
1526 1990 1675 2058 caeci,

102 2080 393 2136 excolautes
455 2081 733 2151 culicem,
794 2081 1059 2137 camelum
1114 2093 1292 2137 autem
1363 2082 1675 2152 glutientes.

102 2171 365 2243 [ccxsxm
405 2172 484 2245 5.]
515 2173 609 2228 Vae
645 2175 831 2241 vobis,
871 2174 1076 2231 Scriba:
1114 2182 1169 2230 et
1206 2175 1466 2229 Phariswi
1509 2174 1679 2246 hypo—

102 2269 257 2333 critae,
286 2269 405 2337 quia
434 2268 709 2323 mundatis
746 2268 890 2338 quod
928 2268 1131 2325 deforis
1163 2279 1247 2324 est
1284 2269 1468 2324 ealicis
1497 2280 1552 2324 et
1586 2284 1679 2339 pa-

104 2360 319 2430 ropsidis
358 2378 371 2414 :
416 2360 563 2416 intus
600 2372 781 2416 autem
815 2362 957 2432 pleni
984 2364 1114 2417 estis
1138 2361 1323 2433 rapina
1356 2370 1411 2418 et
1444 2363 1678 2418 immun-

108 2454 237 2510 ditia.
265 2455 536 2512 Pharisaee
565 2471 730 2523 caece,
775 2458 977 2512 munda
1011 2459 1191 2528 prius,
1227 2458 1372 2529 quod
1416 2459 1561 2513 intus
1596 2467 1681 2517 est

106 2546 275 2602 calicis
313 2558 365 2603 et
408 2548 751 2619 paropsidis,
783 2559 838 2605 ut
884 2548 974 2605 ﬁat
1018 2550 1091 2617 id,
1132 2551 1276 2621 quod
1327 2550 1530 2607 deforis
1570 2560 1674 2619 est,

103 2640 366 2695 mundum.
398 2640 695 2713 [ccxxxvtt,
728 2639 806 2711 5.]
832 2642 924 2697 Va:
961 2643 1139 2710 vobis,
1171 2643 1379 2701 Scriba:
1409 2653 1464 2701 et
1490 2645 1680 2701 Phari-

104 2734 182 2787 smi
214 2733 509 2805 hypocrita:
542 2754 552 2787 ε
581 2736 705 2805 quia
747 2736 953 2793 similes
982 2738 1117 2793 estis
1151 2738 1417 2807 sepulcris
1457 2738 1679 2794 dealba.

107 2825 184 2890 tis,
211 2841 329 2896 quae
351 2828 519 2881 aforis
544 2837 731 2897 parent
758 2828 1072 2884 hominibus
1097 2831 1365 2899 speciosa,
1382 2832 1526 2886 intus
1548 2846 1679 2887 vero

104 2919 248 2989 plena
292 2930 411 2976 sunt
448 2922 665 2977 ossibus
706 2933 1067 2990 mortuorum,
1101 2932 1157 2978 et
1192 2925 1342 2979 omni
1386 2926 1674 2995 spurcitia.

106 3012 183 3069 Sic
213 3024 267 3069 et
302 3030 394 3070 vos
432 3015 599 3071 aforis
641 3015 856 3086 quidem
899 3017 1099 3086 paretis
1142 3014 1453 3073 hominibus
1500 3019 1673 3088 justi:

1782 1800 2039 1869 gentibus
2064 1808 2286 1870 propter
2310 1814 2504 1855 nomen
2538 1814 2739 1855 meum.
2773 1799 2984 1871 [cchv,
3020 1798 3133 1870 10.]
3158 1801 3223 1855 Et
3252 1808 3381 1855 tune

1782 1891 2294 1947 seandalizabuntur
2322 1892 2500 1958 multi,
2537 1901 2593 1948 et
2633 1891 2871 1947 invicem
2905 1890 3139 1958 tradent,
3170 1900 3224 1947 et
3252 1890 3383 1945 odio,

1783 1984 2056 2041 habebunt
2079 1985 2331 2041 invicem.
2362 1985 2425 2039 Et
2447 1985 2600 2041 multi
2625 1984 3113 2058 pseudOprophette
3128 1992 3373 2055 surgent,

1781 2089 1835 2139 et
1860 2082 2123 2137 seducent
2144 2082 2364 2137 multos.
2393 2082 2459 2137 Et
2486 2082 2742 2153 quoniam
2766 2080 3069 2137 abundavit
3094 2081 3375 2150 iniquitas,

1784 2177 2101 2247 refrigescet
2142 2176 2379 2233 charitas
2420 2179 2736 2235 multorum.
2782 2178 2886 2247 Qui
2914 2188 3095 2234 autem
3124 2192 3377 2249 perseve-

1782 2271 1993 2325 raverit
2018 2284 2188 2339 usque
2210 2262 2262 2325 in
2287 2270 2471 2337 ﬁnem,
2495 2271 2579 2324 hic
2601 2271 2786 2325 salvus
2808 2271 2930 2325 erit.
2962 2272 3193 2345 LCCXU‘I,
3214 2272 3291 2340 6.]
3314 2272 3379 2327 [ἐι

1783 2360 2164 2432 prmdieabitur
2186 2361 2288 2417 hoc
2312 2362 2670 2433 Evangelium
2691 2363 2838 2432 regni
2866 2363 2917 2417 in
2941 2364 3198 2418 universo
3220 2362 3373 2430 urbe,

1782 2457 1834 2511 in
1883 2454 2253 2510 testimonium
2300 2456 2556 2512 omnibus
2602 2455 2901 2527 gentibus:
2934 2465 2989 2510 et
3029 2464 3156 2511 tunc
3194 2456 3378 2510 veniet

1780 2551 2194 2607 consummatio.
2213 2550 2560 2624 [ccxnvtt,6.]
2580 2550 2713 2608 Cum
2738 2567 2866 2622 ergo
2894 2550 3142 2606 videritis
3168 2550 3375 2605 abomi-

1781 2647 2050 2702 nationem
2082 2645 2451 2714 desolationis,
2485 2662 2605 2717 quae
2639 2646 2776 2700 dicta
2818 2654 2903 2700 est
2930 2660 2960 2699 a
2996 2643 3213 2700 Daniele
3243 2656 3373 2712 pro~

1781 2740 1962 2809 pheta,
1993 2748 2223 2793 stantem
2264 2739 2316 2793 in
2351 2738 2472 2794 loco
2515 2747 2724 2803 saneto,
2758 2737 2849 2807 qui
2883 2737 3030 2808 legit,
3060 2734 3323 2806 intelligat
3355 2753 3371 2792 :

1782 2833 2057 2905 [CCXLVIII,
2103 2831 2184 2903 2.]
2226 2842 2352 2888 tunc
2402 2832 2491 2902 qui
2538 2832 2593 2885 in
2631 2830 2815 2886 .ludaza
2851 2841 3011 2897 sunt,
3055 2827 3261 2899 fugiant
3306 2827 3373 2885 ad

1779 2932 2029 2981 montes:
2053 2934 2105 2980 et
2134 2926 2223 2994 qui
2246 2926 2301 2980 in
2325 2934 2485 2990 tecto,
2519 2938 2623 2979 non
2647 2922 2938 2979 descendat
2962 2921 3149 2977 tollere
3171 2920 3373 2990 aliquid

1779 3019 1849 3075 de
1875 3018 2036 3073 domo
2062 3033 2158 3073 sua
2192 3026 2283 3075 :et
2306 3017 2396 3088 qui
2429 3017 2479 3071 in
2510 3032 2662 3087 agro,
2709 3031 2814 3071 non
2856 3022 3159 3072 revertatur
3185 3014 3375 3071 tollere

105 3104 240 3161 intus
282 3116 454 3164 autem
512 3108 658 3179 pleni
712 3109 846 3165 estis
909 3108 1187 3181 hypocrisi
1255 3119 1311 3165 et
1370 3112 1670 3182 iniquitate.
1700 3113 1745 3176 C
1780 3110 2013 3165 tunicam
2044 3126 2218 3167 suam.
2255 3110 2488 3182 [ccxux,
2518 3109 2599 3181 2.]
2631 3108 2724 3165 Va:
2754 3118 2932 3164 autem
2967 3107 3374 3180 prmgnantibus

108 3196 403 3267 [ccxxxvun
430 3200 508 3271 5.]
544 3201 634 3256 Vm
665 3201 818 3256 vobis
838 3242 851 3268 ,
884 3200 1091 3257 Scriba:
1119 3212 1172 3257 et
1212 3202 1468 3259 Pharisaei
1498 3205 1673 3276 hypo-

102 3294 272 3362 critze,
291 3294 374 3364 qui
402 3294 688 3351 aediﬁcatis
719 3296 967 3366 sepulcra
992 3296 1407 3367 pmphetarunt,
1433 3308 1489 3354 et
1516 3314 1677 3356 orna-

102 3384 167 3438 tis
190 3398 525 3444 monumenta
556 3387 851 3457 justorum,
884 3398 941 3445 et
962 3389 1140 3444 dicitis
1170 3407 1183 3444 :
1216 3390 1272 3445 Si
1304 3389 1591 3447 fuissemus
1623 3394 1676 3451 in

101 3475 285 3532 diebus
296 3488 502 3550 patrum
525 3489 856 3548 nostrorum,
878 3496 983 3535 non
1002 3496 1245 3538 essemus
1263 3483 1599 3541 sociieorum
1618 3487 1671 3544 in

101 3572 352 3641 sanguine
366 3574 775 3645 prophetarum.
792 3573 978 3644 Itaque
1003 3575 1314 3631 testimonio
1338 3578 1470 3633 estis
1490 3579 1674 3636 vobis-

100 3663 352 3732 ntetipsis,
373 3666 498 3736 quia
520 3664 611 3720 ﬁlii
636 3666 766 3721 estis
790 3681 1002 3733 eorum,
1023 3666 1115 3736 qui
1138 3666 1439 3739 Prophetas
1458 3672 1674 3728 occide-

100 3765 237 3810 runt.
266 3756 658 3829 [ccxxxtx,l0.]
682 3759 745 3813 Et
766 3773 864 3814 vos
882 3759 1101 3830 implete
1124 3775 1431 3815 mensuram
1457 3771 1676 3833 patrum

99 3858 409 3905 vestrorum.
436 3850 733 3923 Serpentes
761 3852 1035 3922 genimina
1058 3851 1677 3924 viperarum,quomodo

95 3939 304 4010 fugietis
329 3958 357 3999 a
378 3944 587 4013 judicio
617 3944 919 4015 gehennm?
950 3944 1126 4015 [CCXL,
1154 3944 1232 4015 5.]
1262 3944 1389 4002 Ideo
1414 3960 1544 4003 ecce
1573 3963 1677 4017 ego

95 4034 245 4091 mitto
264 4036 329 4092 ad
356 4052 450 4094 vos
478 4037 812 4108 Prophetas,
847 4045 901 4093 et
930 4038 1236 4107 sapientes,
1270 4047 1326 4094 et
1352 4039 1592 4105 scribas,
1621 4049 1679 4097 et

94 4139 167 4180 ex
190 4128 284 4183 illis
313 4130 599 4199 occidetis,
628 4138 684 4187 et
724 4129 1077 4201 crueiﬁgetis,
1123 4142 1179 4186 et
1214 4146 1280 4188 ex
1320 4132 1399 4187 eis
1437 4131 1676 4207 flagella-

94 4219 218 4277 bitis
247 4226 297 4278 in
325 4222 625 4299 Synagogis
656 4224 885 4291 vestris,
916 4233 971 4281 et
1002 4222 1401 4295 persequemini
1432 4224 1500 4280 de
1538 4224 1673 4280 civi-

98 4320 206 4369 tate
239 4318 289 4371 in
332 4318 609 4373 civitatem
640 4334 653 4371 :
687 4326 746 4372 ut
789 4316 972 4372 veniat
1012 4332 1174 4387 super
1202 4331 1298 4372 vos
1340 4317 1515 4372 omnis
1551 4331 1676 4373 san-

94 4407 207 4475 guis
224 4411 418 4479 justus,
450 4411 543 4483 qui
569 4410 776 4467 effusus
806 4418 891 4466 est
914 4424 1075 4479 super
1106 4418 1326 4477 terram,
1358 4424 1388 4465 a
1412 4410 1674 4480 sanguine

1777 3215 1831 3262 et
1864 3206 2230 3261 nutrientibus
2258 3207 2309 3260 in
2344 3204 2450 3260 illis
2475 3204 2688 3260 diebus.
2721 3205 2857 3277 μοι,
2882 3202 2959 3274 6.]
2981 3203 3145 3258 Orate
3171 3212 3375 3269 autem,

1779 3307 1837 3353 ut
1892 3312 1996 3353 non
2056 3297 2146 3352 ﬁat
2206 3298 2323 3367 fuga
2377 3308 2558 3354 vestra
2612 3297 2665 3352 in
2720 3296 2933 3369 hyeme,
2990 3296 3074 3351 vel
3127 3295 3373 3351 sabbato.

1777 3389 1936 3461 [σθω.
1961 3389 2040 3461 2.]
2071 3388 2190 3444 Erit
2210 3390 2352 3444 enim
2383 3398 2509 3444 tunc
2533 3389 2805 3443 tribulatio
2832 3403 3042 3459 magna,
3068 3386 3241 3457 qualis
3266 3400 3371 3442 non

1776 3483 1875 3538 fuit
1901 3482 1969 3537 ab
1999 3482 2152 3537 initio
2192 3481 2377 3536 mundi
2413 3495 2583 3551 usque
2615 3479 2798 3545 modo,
2831 3494 3003 3549 neque
3031 3478 3142 3533 ﬁet.
3178 3477 3366 3550 [ccut,

1777 3574 1856 3645 6.]
1888 3575 1950 3630 Et
1978 3574 2081 3630 nisi
2112 3574 2337 3629 breviati
2370 3571 2601 3628 fuissent
2629 3571 2746 3627 dies
2775 3571 2875 3638 illi,
2904 3585 3007 3625 non
3041 3568 3196 3625 ﬁeret
3225 3569 3371 3623 salva

1776 3670 1954 3724 omnis
1981 3683 2111 3725 caro
2140 3684 2155 3724 :
2183 3666 2278 3725 sed
2308 3676 2528 3737 propter
2571 3664 2776 3727 electos
2819 3661 3214 3719 hreviabuntur
3256 3660 3375 3716 dies

1776 3764 1855 3820 illi
1880 3763 2080 3836 [ccuu,
2108 3761 2188 3833 2.]
2216 3761 2371 3817 Tunc
2396 3760 2441 3816 si
2486 3759 2608 3829 quis
2643 3757 2798 3814 vobis
2827 3754 3024 3811 dixerit
3058 3772 3070 3809 :
3105 3754 3245 3809 Ecce
3287 3752 3373 3809 hic

1776 3867 1861 3913 est
1903 3855 2174 3919 Christus,
2220 3860 2316 3907 aut
2358 3850 2491 3919 illic,
2547 3849 2716 3905 nolite
2763 3846 3007 3903 credere.
3054 3844 3260 3919 [ccuv,
3293 3843 3374 3916 6.]

1777 3949 2012 4017 Surgeut
2039 3946 2183 4002 enim
2213 3942 2637 4015 pseudochristi,
2665 3950 2719 3997 et
2757 3938 3247 4012 pseudopmphette
3277 3954 3291 3992 :
3321 3948 3377 3995 et

1777 4042 1985 4098 dabunt
2027 4040 2177 4110 signa
2208 4054 2423 4109 magna,
2466 4048 2521 4094 et
2552 4035 2818 4107 prodigia,
2853 4038 2925 4090 ita
2958 4043 3018 4090 ut
3048 4034 3099 4089 in
3132 4046 3372 4090 errorem

1778 4135 2106 4191 inducantur
2138 4132 2207 4204 (si
2246 4131 2364 4188 ﬁeri
2406 4129 2610 4202 poteSt)
2638 4131 2800 4186 etiam
2844 4128 3024 4187 electi.
3070 4127 3209 4183 Ecce
3239 4139 3378 4196 prte-

1777 4229 1885 4283 dixi
1912 4226 2083 4283 vobis.
2117 4227 2291 4300 [ccam
2320 4225 2401 4297 5.]
2429 4226 2485 4282 Si
2515 4240 2643 4297 ergo
2670 4224 2909 4281 dixerint
2930 4224 3082 4281 vobis
3114 4240 3127 4277 :
3156 4223 3297 4277 Ecce
3324 4220 3376 4279 in

1778 4322 1996 4379 deserto
2025 4330 2134 4387 est,
2166 4322 2335 4379 nolite
2364 4320 2515 4377 exire
2544 4338 2555 4373 :
2589 4334 2717 4377 ecce
2748 4318 2802 4372 in
2846 4314 3248 4386 penetralibus,
3280 4326 3379 4367 no-

1780 4419 1873 4474 lite
1916 4419 2161 4474 credere.
2193 4418 2391 4491 [ccevr,
2437 4415 2519 4488 5.]
2560 4416 2714 4473 Sicut
2748 4414 2891 4471 enim
2944 4412 3120 4482 fulgur
3148 4410 3263 4467 exit
3307 4408 3375 4464 ah

94 4498 219 4555 Abel
241 4503 371 4572 justi
404 4519 578 4574 usque
606 4504 675 4560 ad
705 4504 1023 4574 sanguinem
1053 4502 1351 4570 Zachariae,
1384 4504 1481 4559 ﬁlii
1506 4504 1671 4559 Bara-
1697 4505 1751 4564 D
1778 4513 2015 4582 oriente,
2044 4522 2099 4569 et
2142 4522 2298 4582 paret
2343 4526 2512 4581 usque
2556 4510 2609 4564 in
2653 4507 2991 4563 occidentem
3023 4522 3035 4557 :
3066 4504 3139 4557 ita
3177 4502 3280 4557 erit
3320 4511 3377 4558 et

94 4588 241 4662 cbize,
266 4612 421 4666 quem
446 4596 725 4653 occidistis
752 4598 891 4652 inter
922 4597 1179 4667 templum
1202 4605 1257 4653 et
1277 4596 1467 4652 altare.
1499 4598 1671 4655 Amen

93 4682 213 4741 dico
250 4691 439 4759 vobis,
494 4692 717 4748 venient
766 4692 881 4749 haec
932 4694 1118 4747 omnia
1171 4707 1335 4760 super
1372 4693 1677 4764 generatio-

91 4791 212 4833 nem
250 4783 425 4839 istam.
460 4784 675 4858 [ccht,
722 4784 803 4857 5.]
842 4786 1171 4853 Jerusalem,
1202 4785 1521 4853 Jerusalem,
1552 4801 1675 4858 quae

88 4876 287 4935 occidis
332 4879 664 4951 Prophetas,
718 4888 776 4937 et
816 4880 1025 4950 lapidas
1072 4897 1167 4937 eos
1193 4883 1281 4952 qui
1312 4882 1379 4937 ad
1427 4892 1477 4937 te
1523 4882 1674 4937 missi

89 4982 235 5036 sunt,
281 4976 492 5045 quoties
536 4975 681 5030 volui
730 4989 1061 5047 congregare
1101 4976 1239 5031 ﬁlios
1282 4984 1421 5046 tuos,
1476 4991 1669 5047 quem-

81 5060 370 5123 admodum
406 5068 605 5139 gallina
651 5079 941 5139 congregat
983 5066 1164 5139 pullos
1208 5085 1337 5126 suos
1365 5069 1466 5125 sub
1514 5070 1667 5137 alas,

84 5164 148 5211 et
194 5163 444 5219 noluisti?
497 5164 637 5220 Ecce
690 5164 1023 5235 relinquetur
1067 5164 1217 5220 vobis
1264 5165 1460 5220 domus
1489 5174 1671 5222 vestra

80 5248 318 5310 deserta.
358 5256 491 5312 Dico
520 5257 666 5312 enim
695 5256 871 5323 vobis,
904 5272 1009 5311 non
1040 5272 1127 5312 me
1154 5256 1408 5314 videbitis
1437 5259 1669 5324 amodo,

76 5340 261 5400 donec
298 5346 486 5403 dicatis
534 5365 547 5403 :
597 5347 921 5404 Benedictus
949 5388 965 5415 ,
1012 5350 1103 5420 qui
1146 5350 1295 5405 venit
1345 5350 1399 5404 in
1451 5351 1673 5407 nomine

70 5431 325 5494 Domini.

152 5525 307 5603 [ϐαρ.
332 5534 525 5602 XXIV,
558 5550 755 5605 CCXLI],
786 5536 868 5610 2.]
895 5538 961 5593 Et
986 5552 1233 5609 egressus
1263 5538 1422 5595 Jesus
1446 5537 1514 5592 de
1542 5546 1675 5592 tem-

59 5618 171 5688 Ρῐο
217 5627 338 5682 ibat.
366 5631 435 5685 Et
468 5640 827 5687 accesserunt
866 5633 1115 5703 discipuli
1157 5635 1297 5703 ejus,
1327 5640 1387 5687 ut
1422 5632 1675 5687 ostende-

53 5723 222 5775 rent
246 5722 289 5776 ei
312 5723 701 5781 aediﬁcationes
733 5724 939 5796 templi.
968 5724 1088 5794 Ipse
1118 5732 1300 5782 autem
1342 5723 1675 5796 respondens

1784 4607 2046 4662 adventus
2074 4606 2197 4661 Filii
2222 4604 2477 4661 hominis.
2506 4604 2723 4675 [ccum
2742 4600 2822 4672 5.]
2845 4600 3183 4667 Ubicumque
3212 4595 3378 4651 fuerit

1782 4718 1998 4771 corpus,
2028 4701 2140 4758 illic
2170 4700 2647 4772 congregabuntur
2687 4706 2741 4752 et
2774 4694 2987 4766 aquilas.
3022 4690 3261 4764 [CCLVIII],
3293 4690 3375 4762 2.]

1783 4795 1979 4850 Statim
2004 4804 2184 4851 autem
2207 4803 2331 4865 post
2360 4792 2768 4848 tribulationem
2794 4790 3004 4844 dierum
3030 4784 3269 4849 illorum,
3295 4782 3375 4836 sol

1783 4888 2184 4954 obscurahitur,
2228 4896 2281 4942 et
2326 4887 2454 4941 luna
2502 4899 2609 4939 non
2652 4882 2803 4938 dabit
2851 4881 3033 4935 lumen
3081 4892 3277 4945 suum,
3324 4883 3381 4933 et

1783 4982 1958 5037 stella:
1983 4981 2181 5036 cadent
2207 4979 2273 5036 de
2304 4980 2443 5035 cmlo
2463 5022 2477 5043 ,
2510 4987 2565 5033 et
2593 4978 2824 5033 virtutes
2850 4974 3109 5030 caelorum
3137 4986 3380 5028 commo—

1779 5076 2045 5129 vehuntur
2074 5090 2087 5126 :
2115 5083 2172 5128 et
2216 5082 2343 5127 tunc
2389 5072 2601 5143 parebit
2637 5072 2848 5141 signum
2884 5070 3007 5125 Filii
3039 5069 3273 5125 hominis
3320 5069 3373 5122 in

1780 5168 1964 5223 caelo:
2008 5167 2205 5239 [ccux,
2251 5166 2331 5237 2.]
2379 5174 2433 5222 et
2481 5178 2606 5221 tunc
2654 5166 2915 5236 plangent
2959 5178 3151 5220 omnes
3205 5164 3374 5217 tribus

1783 5267 1986 5315 terrm:
2032 5267 2085 5312 et
2132 5257 2392 5313 videbunt
2436 5257 2630 5313 Filium
2683 5259 2919 5315 hominis
2967 5260 3273 5315 venientem
3318 5258 3374 5313 in

1784 5350 2015 5407 nubibus
2054 5350 2179 5404 coeli
2220 5365 2345 5405 eum
2392 5351 2591 5407 virtute
2640 5353 2828 5421 multa,
2872 5362 2927 5409 et
2969 5353 3272 5423 majestate.
3308 5353 3376 5407 Et

1784 5444 1962 5499 mittet
1992 5441 2214 5512 angelos
2240 5456 2367 5497 suos
2408 5458 2531 5498 eum
2582 5446 2732 5512 tuba,
2780 5452 2837 5501 et
2874 5459 3009 5500 voce
3055 5460 3245 5514 magna
3280 5463 3292 5499 :
3323 5454 3377 5501 et

1782 5534 2191 5605 congregabunt
2232 5535 2437 5590 electos
2470 5536 2592 5607 ejus
2620 5554 2645 5591 a
2675 5545 2904 5607 quatuor
2931 5538 3126 5605 ventis,
3166 5554 3193 5589 a
3227 5551 3374 5593 sum-

1784 5628 1887 5683 mis
1916 5626 2183 5683 caelorum
2231 5642 2402 5695 usque
2429 5629 2498 5683 ad
2538 5630 2799 5685 terminos
2828 5643 3038 5687 eorum.
3070 5631 3153 5687 Ab
3182 5631 3380 5695 arbore

1783 5732 1965 5781 autem
2009 5722 2095 5779 ﬁci
2127 5723 2317 5791 discite
2349 5726 2659 5794 parabolam
2696 5740 2858 5782 :eum
2887 5726 2999 5799 jam
3037 5742 3225 5789 ramus
3263 5727 3384 5799 ejus
