3920 6200
529 223 634 283 575

1532 220 1590 279 S.
1633 217 2019 275 HIERONYMI
2062 218 2291 276 DIVINA
2333 216 2804 275 BIBLIOTHECA.
3722 217 3781 272 37

535 350 690 394 tener
738 336 920 406 fuerit,
968 342 1023 391 et
1079 332 1205 389 folia
1257 343 1405 400 nata,
1455 331 1608 387 scitis
1661 331 1785 402 quia
1836 345 2002 403 prope
2047 340 2130 384 est
2158 333 2372 393 Aram.
2436 328 2671 399 [ccutx,
2700 330 2780 399 2.]
2830 328 2983 384 Sicut
3026 328 3171 383 enim
3214 326 3385 383 homo
3416 340 3653 399 peregre
3674 328 3815 398 proﬂ-

544 442 707 489 aestas
740 450 752 486 :
788 431 858 487 ita
888 439 942 486 et
976 444 1074 485 vos
1105 442 1228 483 cum
1256 426 1505 483 videritis
1546 426 1663 481 haec
1692 424 1898 493 omnia,
1936 423 2129 479 scitote

544 526 665 598 quia
693 540 861 596 prope
886 530 971 579 est
998 523 1054 577 in
1078 521 1279 594 januis.
1314 521 1486 577 Amen
1510 519 1633 575 dico
1659 519 1835 584 vobis,
1864 516 1992 588 quia
2021 529 2127 570 non

538 614 839 687 praeteribit
883 614 1168 684 generatio
1201 612 1349 682 have,
1382 611 1559 667 donec
1597 608 1778 665 omnia
1820 608 1935 662 haec
1977 608 2126 661 fiant.

538 706 747 762 Caelum
779 715 834 761 et
861 713 1001 761 terra
1054 704 1381 768 transibunt,
1422 703 1586 759 verba
1629 711 1811 756 autem
1856 716 1975 755 mea
2022 715 2129 754 non

548 799 926 869 prteteribunt.
973 796 1153 871 [ccu,
1186 796 1264 869 6.]
1306 797 1380 852 De
1420 796 1509 851 die
1547 805 1725 851 autem
1772 796 1859 849 illa
1902 804 1958 848 et
2000 796 2130 848 hora

536 905 699 947 nemo
724 890 850 957 scit,
883 906 1059 961 neque
1083 892 1261 961 angeli
1298 890 1587 955 caelorum,
1629 888 1735 943 nisi
1767 887 1917 943 solus
1942 885 2126 941 Pater.

535 983 734 1059 [ccaxt,
766 983 847 1058 5.]
878 984 1027 1041 Sicut
1054 993 1239 1040 autem
1272 984 1325 1039 in
1358 983 1549 1040 diebus
1575 982 1713 1049 Noe,
1738 982 1811 1037 ita
1833 982 1937 1037 erit
1960 989 2015 1035 et
2038 980 2134 1035 ad-

541 1087 738 1134 ventus
762 1077 882 1133 Filii
912 1078 1165 1133 hominis.
1197 1076 1349 1133 Sicut
1369 1077 1516 1131 enim
1538 1084 1699 1131 erant
1721 1075 1772 1129 in
1792 1073 1983 1128 diebus
2007 1082 2133 1127 ante

536 1172 796 1227 diluvium
819 1172 1172 1228 comedentes
1195 1180 1251 1227 et
1268 1171 1542 1238 bibentes,
1560 1168 1917 1232 uubentes,et
1944 1166 2131 1236 nuptui

538 1264 837 1333 tradentes,
871 1281 1043 1333 usque
1070 1267 1136 1319 ad
1167 1280 1288 1319 eum
1332 1264 1499 1331 diem,
1531 1277 1639 1333 quo
1679 1261 1901 1316 intravit
1930 1258 2046 1315 Noe
2077 1256 2133 1311 in

539 1371 747 1425 arcam,
777 1369 831 1414 et
861 1374 967 1413 non
1000 1366 1395 1429 cognoverunt,
1431 1356 1603 1411 donec
1654 1353 1802 1408 venit
1843 1351 2131 1418 diluvium,

544 1458 595 1505 et
627 1451 751 1505 tulit
789 1465 980 1507 omnes
1023 1468 1037 1505 :
1076 1452 1150 1505 ita
1186 1451 1293 1506 erit
1330 1458 1385 1504 et
1420 1448 1685 1503 adventus
1713 1444 1835 1501 Filii
1868 1441 2131 1498 hominis.

542 1544 765 1618 [cccxn,
797 1544 876 1615 5.]
908 1544 1062 1599 Tunc
1090 1544 1197 1599 duo
1227 1551 1389 1598 erunt
1418 1543 1470 1597 in
1502 1555 1633 1611 agro
1667 1558 1681 1593 :
1717 1553 1857 1593 unus
1892 1549 2136 1592 assume-

539 1645 649 1699 tur,
682 1645 737 1691 et
775 1649 915 1689 unus
961 1634 1322 1704 relinquetur.
1368 1633 1498 1687 Duas
1535 1631 1803 1686 molcntes
1836 1628 1888 1681 in
1935 1625 2077 1680 mola
2117 1640 2131 1677 :

2232 422 2464 488 ciscens,
2506 422 2722 478 vocavit
2764 437 2955 478 servos
3005 437 3154 489 suos,
3186 430 3242 477 et
3271 419 3501 477 tradidit
3551 420 3658 476 illis
3688 420 3812 479 bona

2232 532 2369 572 sua:
2404 515 2625 588 [ccaxx,
2660 515 2739 587 5.]
2790 518 2856 570 Et
2893 516 2985 572 uni
3016 514 3167 572 dedit
3209 516 3452 587 quinque
3483 515 3710 587 talenta,
3740 516 3814 573 alii

2233 620 2414 666 autem
2434 610 2565 679 duo,
2581 610 2672 666 alii
2705 625 2832 666 vero
2856 627 3041 677 unum,
3067 610 3359 679 unicuique
3380 609 3680 666 secundum
3704 625 3811 681 pro-

2231 703 2403 774 priam
2435 704 2710 769 virtutem,
2740 715 2796 760 et
2820 702 3090 774 profectus
3121 712 3206 758 est
3226 703 3431 758 statim.
3465 701 3616 759 Abiit
3644 713 3812 759 autem

2232 796 2326 864 qui
2351 797 2588 865 quinque
2619 794 2816 850 talenta
2845 803 3152 864 acceperat.
3174 804 3232 849 et
3251 803 3514 864 operatus
3538 795 3693 851 estin
3718 797 3809 863 eis,

2232 897 2287 943 et
2314 887 2553 942 lucratus
2581 895 2667 943 est
2694 886 2800 941 alia
2827 888 3089 958 quinque.
3116 886 3386 943 Similiter
3405 898 3458 943 et
3477 888 3568 959 qui
3595 889 3702 944 duo
3726 905 3813 945 ac-

2232 994 2473 1053 ceperat,
2507 983 2748 1037 lucratus
2769 994 2850 1036 est
2876 983 2980 1036 alia
3004 981 3133 1037 duo.
3165 981 3271 1050 Qui
3296 991 3472 1037 autem
3523 998 3679 1038 unum
3720 998 3813 1037 ac-

2235 1089 2475 1150 ceperat,
2508 1079 2696 1135 abiens
2740 1077 2878 1134 fodit
2908 1079 2960 1132 in
2994 1088 3219 1145 terram,
3245 1086 3303 1133 et
3329 1077 3612 1134 abscondit
3655 1094 3812 1149 pecu-

2234 1174 2377 1227 niam
2421 1170 2625 1226 domini
2672 1171 2777 1225 sui.
2810 1171 2939 1226 Post
2966 1171 3195 1225 multum
3227 1186 3359 1227 vero
3391 1172 3649 1242 temporis
3673 1174 3813 1228 venit

2234 1265 2485 1322 dominus
2519 1280 2797 1321 servorum
2831 1265 3070 1327 illorum,
3102 1275 3157 1320 et
3188 1265 3369 1335 posuit
3397 1266 3661 1322 rationem
3698 1281 3810 1322 cunt

2235 1359 2333 1413 eis.
2368 1359 2431 1412 Et
2479 1357 2744 1413 accedens
2772 1357 2864 1429 qui
2893 1358 3132 1428 quinque
3159 1357 3368 1413 talenta
3396 1367 3689 1428 acceperat,
3723 1360 3816 1414 ob-

2240 1449 2357 1503 tulit
2392 1449 2493 1503 alia
2517 1452 2752 1520 quinque
2801 1449 3022 1519 talenta,
3050 1448 3240 1504 dicens
3270 1466 3284 1501 :
3316 1448 3563 1517 Domine,
3591 1450 3814 1521 quinque

2238 1542 2443 1598 talenta
2467 1542 2734 1597 tradidisti
2766 1536 2920 1609 mihi,
2945 1555 3074 1597 ecce
3095 1541 3199 1596 alia
3222 1540 3460 1611 quinque
3482 1542 3815 1613 superfuera-

2240 1643 2324 1689 tus
2350 1650 2491 1689 sum.
2523 1635 2610 1689 Ait
2633 1634 2710 1689 illi
2738 1634 2991 1690 dominus
3017 1634 3137 1701 ejus
3170 1651 3184 1688 :
3212 1634 3385 1705 Euge,
3427 1650 3581 1690 serve
3605 1634 3741 1690 bone
3762 1644 3817 1691 et

545 1744 650 1784 una
695 1736 1027 1794 assumetur,
1071 1736 1127 1782 et
1164 1742 1273 1781 una
1314 1725 1677 1794 relinquetur.
1722 1730 1747 1758 ι
1780 1721 2020 1794 [CCLXHI,
2053 1717 2130 1791 6.]

2243 1727 2439 1795 ﬁdelis,
2473 1728 2594 1799 quia
2638 1745 2801 1799 super
2830 1744 2997 1798 pauca
3046 1727 3197 1783 fuisti
3243 1727 3441 1797 ﬁdelis,
3475 1742 3636 1797 super
3657 1728 3812 1782 multa

539 1821 773 1892 Vigilate
798 1837 950 1893 ergo,
981 1822 1106 1891 quia
1146 1820 1367 1877 nescitis
1386 1834 1492 1889 qua
1520 1818 1653 1874 hora
1679 1818 1939 1872 Dominus
1959 1825 2138 1871 vester

540 1924 805 1970 venturus
833 1916 923 1969 sit.
963 1916 1198 1988 [ccum
1235 1912 1491 1985 2.]vlllnd
1528 1921 1709 1966 autem
1747 1909 1964 1974 scitote,
2004 1922 2136 1979 quo-

537 2008 683 2064 niam
720 2008 767 2064 si
807 2008 973 2064 sciret
1015 2007 1400 2079 paterfamilias
1434 2021 1536 2077 qua
1575 2005 1705 2059 hora
1745 2003 1832 2058 fur
1874 2013 2137 2058 venturus

540 2111 709 2169 esset,
736 2099 983 2171 vigilaret
1004 2100 1212 2171 utique,
1244 2110 1299 2154 et
1329 2114 1438 2154 non
1460 2098 1660 2154 sineret
1695 2094 2136 2167 perfodidomum

540 2211 720 2251 suam.
749 2194 881 2251 Ideo
909 2204 966 2250 et
1008 2208 1107 2248 vos
1146 2202 1322 2248 estote
1363 2193 1534 2263 parati
1566 2211 1577 2246 :
1608 2190 1732 2263 quia
1770 2204 1873 2260 qua
1917 2188 2140 2243 nescitis

543 2290 674 2344 hora
713 2288 859 2343 ﬁlius
901 2287 1138 2343 hominis
1177 2294 1438 2342 venturus
1475 2294 1579 2342 est.
1619 2285 1833 2357 [ccuv,
1864 2282 1943 2356 5.]
1982 2280 2137 2350 Quis,

538 2390 717 2453 putas,
749 2387 835 2435 est
858 2377 1035 2434 ﬁdelis
1064 2392 1277 2443 servus,
1304 2387 1360 2431 et
1385 2375 1646 2447 prudens,
1669 2390 1830 2446 quem
1856 2373 2141 2429 constituit

539 2472 796 2529 dominus
826 2485 962 2526 suus
990 2484 1157 2541 super
1186 2468 1446 2523 familiam
1488 2483 1675 2533 suam,
1709 2476 1768 2522 ut
1809 2467 1900 2522 det
1932 2467 2039 2522 illis
2064 2467 2142 2524 ci-

542 2566 673 2622 bum
715 2566 770 2620 in
801 2562 1095 2634 tempore?
1131 2560 1368 2635 [ccaxvn
1417 2562 1499 2633 5.]
1542 2560 1740 2617 Beatus
1784 2559 1877 2615 ille
1923 2574 2136 2626 servus,

538 2676 704 2734 quem
746 2675 869 2716 cum
912 2658 1126 2715 venerit
1158 2655 1410 2713 dominus
1459 2655 1598 2726 ejus,
1635 2654 1903 2710 invenerit
1942 2654 2023 2709 sic
2062 2652 2142 2707 fa-

545 2756 801 2813 cientem.
849 2752 1024 2809 Amen
1069 2751 1193 2807 dico
1238 2750 1415 2816 vobis,
1464 2748 1719 2820 quoniam
1760 2762 1922 2814 super
1960 2747 2139 2802 omnia

550 2849 691 2906 bona
739 2864 835 2905 sua
886 2845 1183 2904 constituet
1235 2860 1382 2899 eum.
1431 2843 1686 2916 [cccxvn,
1733 2841 1813 2915 5.]
1851 2841 1905 2897 Si
1956 2849 2138 2897 autem

541 2944 742 3000 dixerit
774 2943 949 2998 malus
977 2954 1168 2997 servus
1196 2939 1287 2994 ille
1318 2939 1373 2994 in
1401 2936 1567 2993 corde
1601 2952 1700 2990 suo
1733 2934 1978 2990 :Moram
2011 2933 2141 2989 facit

540 3036 800 3091 dominus
822 3049 973 3089 meus
996 3034 1186 3089 venire
1218 3049 1231 3087 :
1263 3038 1319 3087 et
1342 3030 1572 3101 cmperit
1602 3038 1887 3099 percutere
1916 3042 2139 3083 conser-

549 3142 650 3183 vos
694 3142 843 3191 suos,
886 3127 1178 3182 manducet
1210 3133 1393 3180 autem
1427 3131 1482 3179 et
1524 3122 1673 3179 bibat
1702 3136 1824 3178 cum
1859 3118 2090 3177 ebriosis
2120 3137 2133 3174 :
2165 3091 2211 3157 (ἶ

544 3219 734 3276 veniet
761 3217 1017 3274 dominus
1048 3218 1190 3274 servi
1223 3218 1395 3284 illius,
1426 3217 1480 3271 in
1514 3216 1604 3272 die
1640 3232 1744 3286 qua
1778 3231 1884 3271 non
1929 3225 2133 3286 sperat,

543 3320 599 3369 et
640 3312 773 3366 hora
813 3325 919 3380 qua
964 3310 1178 3379 ignorat
1219 3328 1232 3361 :
1266 3321 1319 3364 et
1365 3309 1569 3365 dividet
1611 3325 1767 3374 eum,
1817 3321 2137 3381 partemque

542 3405 661 3475 ejus
693 3412 859 3475 ponet
884 3417 1008 3457 cum
1038 3402 1339 3474 bypocritis
1369 3418 1381 3455 :
1418 3400 1529 3456 illic
1556 3402 1660 3457 erit
1689 3402 1878 3471 ﬁctus,
1911 3413 1966 3458 et
2007 3403 2136 3458 stri-

545 3496 646 3554 dor
669 3496 939 3553 dentium.

620 3587 959 3663 [Cap.XXV,
982 3584 1367 3660 ccr.xvm,lO.]
1392 3586 1544 3641 Tunc
1571 3585 1749 3641 simile
1777 3588 1879 3641 crit
1909 3602 2133 3657 regnum

539 3682 800 3738 caelorum
824 3679 1011 3736 decem
1034 3677 1361 3749 virginibus,
1412 3693 1532 3749 qua:
1554 3677 1884 3748 accipientes
1930 3680 2135 3749 lampa-

540 3774 641 3830 des
669 3789 817 3845 suas,
858 3773 1107 3829 exierunt
1147 3771 1358 3828 obviam
1393 3785 1596 3842 sponso
1627 3782 1679 3826 et
1704 3785 1938 3842 sponsae.
1965 3770 2136 3838 Quin-

538 3881 645 3936 que
675 3876 856 3922 autem
878 3880 945 3922 ex
966 3866 1047 3921 eis
1075 3875 1228 3921 erant
1253 3863 1437 3933 fatuas,
1461 3874 1515 3919 et
1543 3863 1782 3934 quinque
1812 3863 2131 3934 prudentes.

536 3956 645 4014 Sed
678 3957 919 4026 quinque
947 3956 1131 4022 fatum,
1169 3958 1405 4028 acceptis
1446 3956 1807 4027 lampadibus,
1842 3973 1947 4011 non
1981 3973 2133 4012 sum-

539 4058 762 4121 pscrunt
810 4049 989 4103 oleum
1044 4064 1225 4104 secum
1260 4068 1273 4105 :
1308 4050 1601 4119 prudentes
1630 4065 1761 4106 vero
1797 4061 2130 4122 acceperunt

536 4141 717 4198 oleum
745 4141 798 4196 in
827 4142 970 4196 vasis
992 4141 1107 4196 suis
1144 4156 1267 4196 cum
1298 4143 1658 4211 lampadibus.
1692 4144 1897 4199 Moram
1945 4157 2128 4200 autem

532 4233 765 4289 faciente
795 4247 1018 4304 sponso,
1061 4232 1495 4289 dormitaveruut
1524 4249 1739 4304 omnes,
1787 4246 1841 4291 et
1885 4236 2129 4293 dormie-

532 4338 680 4383 runt.
726 4325 901 4381 Media
950 4334 1130 4382 autent
1174 4338 1334 4381 nocte
1371 4326 1578 4382 clamor
1620 4326 1795 4383 factus
1823 4338 1951 4384 est:
1986 4332 2128 4388 Ecce

529 4432 767 4490 sponsus
820 4419 988 4486 venit,
1042 4419 1186 4475 exite
1230 4419 1445 4475 obviam
1490 4420 1562 4475 ei.
1592 4419 1744 4475 'l‘unc
1771 4432 2129 4480 surrexerunt

531 4524 723 4567 omnes
754 4509 999 4582 virgines
1037 4511 1166 4576 illm,
1213 4519 1269 4566 et
1298 4519 1633 4567 ornaverunt
1672 4513 1946 4583 lampades
1972 4529 2121 4572 suas.
2154 4484 2204 4543 ο

529 4603 716 4660 Fatua:
761 4613 942 4661 autem
992 4604 1329 4676 sapientibus
1375 4605 1827 4663 dixerunt:Date
1876 4608 2033 4665 nobis
2059 4610 2128 4667 de

527 4698 652 4754 oleo
683 4708 887 4767 vestro,
933 4699 1058 4771 quia
1110 4698 1387 4770 lampades
1438 4710 1641 4755 nostrae
1684 4702 2122 4771 exstinguuntur.

528 4787 945 4860 Responderunt
966 4789 1279 4861 prudentes,
1313 4790 1589 4847 dicentes:
1611 4791 1689 4847 Ne
1717 4793 1854 4848 forte
1878 4809 1986 4849 non
2017 4795 2128 4850 suf-

526 4879 673 4937 ﬁciat
712 4883 869 4939 nobis
923 4891 981 4940 et
1027 4884 1217 4952 vobis,
1260 4884 1335 4941 ite
1389 4883 1569 4955 potius
1614 4885 1681 4942 ad
1728 4887 2047 4958 vendentes,
2073 4900 2128 4947 et

525 4975 693 5031 emite
716 4977 895 5032 vobis.
918 4976 1055 5033 Dum
1081 4987 1262 5035 autem
1293 4982 1433 5035 irent
1455 4993 1664 5048 emere,
1681 4981 1832 5037 venit
1856 4996 2118 5051 sponsus:

523 5076 577 5124 et
598 5083 719 5139 quae
748 5080 950 5140 parata:
974 5082 1149 5142 erant,
1183 5073 1528 5129 intraverunt
1554 5089 1676 5129 cum
1703 5089 1769 5130 eo
1794 5075 1863 5131 ad
1884 5076 2117 5149 nuptias,

520 5169 576 5216 et
608 5160 793 5216 clausa
823 5173 904 5217 est
943 5162 1128 5239 janua.
1162 5164 1470 5222 Novissime
1500 5182 1632 5222 vero
1662 5168 1890 5222 veniunt
1919 5178 1973 5224 et
1996 5170 2121 5225 reli-

519 5264 641 5320 qua:
666 5250 931 5322 virgines,
954 5251 1197 5311 dicentes
1232 5273 1245 5310 :
1280 5255 1533 5323 Domine,
1570 5258 1815 5324 Domine,
1845 5258 1997 5331 aperi
2025 5276 2124 5315 no-

517 5341 623 5400 bis.
656 5344 728 5400 At
754 5344 846 5401 ille
876 5348 1212 5418 respondens
1233 5349 1310 5406 ait
1340 5365 1355 5403 :
1386 5350 1561 5408 Amen
1586 5352 1709 5409 dico
1734 5354 1911 5419 vobis,
1936 5355 2122 5411 nescio

518 5451 636 5495 vos.
690 5437 926 5512 Vigilate
978 5440 1184 5514 itaque,
1222 5443 1349 5515 quia
1381 5444 1601 5502 nescitis
1621 5446 1790 5516 diem,
1814 5462 1993 5519 neque
2022 5447 2120 5505 lio-

590 5631 612 5659 ι
639 5620 859 5679 Addunt
886 5624 1131 5680 nonnulli
1162 5624 1372 5696 vulgati
1393 5626 1543 5693 libri,
1574 5626 1692 5683 Duo
1710 5629 1763 5682 in
1786 5631 1941 5694 lecto,
1966 5648 2100 5687 unus

510 5702 824 5783 assumetur,
854 5704 906 5749 et
923 5710 1057 5749 unus
1079 5696 1398 5763 relinquetur
1425 5712 1442 5749 :
1465 5713 1585 5767 qutc
1608 5708 1664 5756 et
1692 5699 1878 5758 Graece
1906 5702 2108 5759 habent

2242 1833 2295 1879 te
2323 1823 2645 1878 constituam
2673 1838 2689 1887 ;
2714 1823 2854 1877 intra
2882 1821 2935 1875 iu
2958 1819 3210 1891 gaudium
3234 1820 3441 1876 domini
3466 1821 3566 1876 tui.
3591 1821 3815 1876 Accessit

2202 1898 2205 1899 ν
2240 1928 2420 1971 autem
2442 1924 2497 1969 et
2524 1915 2615 1985 qui
2642 1914 2751 1969 duo
2779 1915 2978 1969 talenta
3005 1923 3312 1983 acceperat,
3338 1921 3396 1969 et
3421 1916 3498 1970 ait
3537 1932 3551 1969 :
3583 1914 3812 1979 Domine,

2241 2006 2349 2060 duo
2396 2005 2594 2060 talenta
2627 2005 2894 2062 tradidisti
2933 2006 3087 2070 mihi,
3127 2021 3257 2062 ecce
3289 2006 3394 2061 alia
3436 2006 3547 2062 duo
3599 2006 3811 2062 lucratus

2241 2112 2383 2153 sum.
2416 2098 2504 2152 Ait
2532 2097 2610 2152 illi
2641 2097 2894 2153 dominus
2916 2098 3034 2167 ejus
3069 2115 3082 2152 :
3117 2098 3284 2169 Euge,
3323 2114 3485 2154 serve
3515 2098 3653 2154 bone
3680 2106 3728 2153 et
3751 2097 3806 2152 fi-

2242 2191 2400 2257 delis,
2433 2190 2559 2261 quia
2585 2205 2749 2261 super
2775 2204 2943 2260 pauca
2969 2189 3115 2246 fuisti
3160 2192 3354 2260 fidelis,
3396 2208 3564 2263 super
3588 2192 3740 2248 multa
3764 2202 3807 2246 te

2242 2272 2601 2349 constituam;
2635 2283 2774 2338 intra
2820 2284 2873 2338 in
2902 2284 3156 2353 gaudium
3187 2284 3395 2340 domini
3423 2287 3519 2340 tui.
3552 2285 3808 2341 Accedens

2242 2386 2422 2433 autem
2455 2387 2510 2432 et
2539 2377 2626 2447 qui
2681 2392 2845 2432 unum
2896 2378 3154 2433 talentum
3202 2389 3514 2448 acceperat,
3570 2381 3639 2433 ait
3669 2397 3681 2432 :
3714 2379 3810 2433 Do-

2241 2470 2409 2535 mine,
2442 2467 2554 2524 scio
2574 2469 2699 2540 quia
2726 2468 2887 2524 homo
2927 2468 3096 2524 durus
3115 2484 3194 2538 es,
3225 2470 3386 2524 metis
3410 2470 3499 2525 ubi
3530 2484 3631 2525 non
3663 2472 3810 2523 semi-

2243 2562 2406 2631 nasti,
2436 2570 2491 2618 et
2516 2577 2813 2633 congregas
2846 2562 2936 2618 ubi
2961 2577 3065 2618 non
3094 2564 3340 2632 sparsisti
3361 2582 3375 2618 :
3398 2571 3454 2619 et
3479 2565 3669 2619 timens
3687 2564 3804 2630 abit,

2241 2666 2293 2711 et
2322 2657 2577 2712 abscondi
2599 2657 2859 2713 talentum
2887 2667 3033 2712 tuum
3059 2657 3111 2712 in
3144 2668 3286 2713 terra
3309 2672 3468 2714 :ecce
3498 2657 3655 2714 habes
3680 2656 3810 2728 quod

2243 2758 2392 2805 tuum
2418 2759 2520 2805 est.
2549 2750 2908 2820 Respondeas
2930 2761 3107 2807 autem
3132 2750 3385 2808 dominus
3414 2752 3554 2823 ejus,
3580 2752 3706 2807 dixit
3730 2752 3806 2807 ei:

2243 2845 2411 2903 Serve
2442 2845 2585 2900 male
2615 2842 2670 2900 et
2690 2844 2860 2916 piger,
2890 2845 3103 2901 sciebas
3131 2845 3260 2916 quia
3292 2855 3439 2902 meto
3480 2846 3567 2902 ubi
3601 2860 3700 2901 non
3735 2861 3812 2900 se-

2243 2938 2410 3004 ntino,
2446 2946 2501 2992 et
2525 2951 2793 3006 congrego
2837 2935 2935 2991 ubi
2971 2951 3079 2991 non
3109 2937 3284 3007 sparsi
3318 2954 3329 2989 :
3359 2939 3599 3007 oportuit
3623 2952 3740 3006 ergo
3766 2945 3810 2991 te

2241 3029 2582 3085 committere
2604 3030 2884 3101 pecuniam
2910 3044 3085 3084 meam
3115 3029 3455 3097 numulariis,
3503 3038 3559 3084 et
3606 3028 3809 3085 veniens

2242 3139 2344 3195 ego
2376 3123 2698 3192 recepissem
2734 3122 2917 3193 utique
2962 3120 3106 3192 quod
3156 3138 3334 3178 meum
3386 3129 3472 3179 est
3497 3136 3618 3178 cum
3639 3136 3803 3177 usura.

2240 3216 2438 3273 Tollite
2463 3215 2641 3287 itaque
2663 3215 2731 3270 ab
2752 3230 2819 3270 eo
2850 3214 3200 3280 talentum,et
3217 3215 3345 3270 date
3370 3215 3424 3272 ei
3444 3217 3536 3286 qui
3566 3215 3716 3271 habet
3733 3213 3809 3268 de-

2240 3323 2357 3364 cem
2392 3307 2864 3380 talenta.[cc1.xxr,
2886 3305 3141 3379 2.]οηιηὶ
3169 3307 3315 3363 enim
3340 3306 3559 3364 babenti
3589 3306 3803 3370 dabitur,

2240 3410 2297 3456 et
2328 3400 2623 3455 abundabit
2657 3402 2742 3455 :ei
2772 3407 2949 3455 autem
2981 3401 3074 3470 qui
3132 3416 3235 3455 nou
3278 3399 3464 3468 habet,
3495 3412 3548 3456 et
3578 3398 3710 3471 quod
3740 3397 3807 3451 vi-

2238 3494 2398 3549 detur
2425 3493 2648 3562 habere,
2678 3494 2952 3549 auferetur
2974 3494 3043 3548 ab
3069 3509 3154 3550 eo.
3183 3493 3445 3566 [εοωιςιι.
3476 3494 3556 3566 5.]
3581 3494 3640 3549 Et
3661 3492 3806 3547 inuti-

2239 3589 2344 3644 lem
2367 3603 2581 3644 servum
2610 3588 2789 3657 ejicite
2824 3589 2877 3643 in
2913 3587 3163 3644 tenebras
3193 3589 3501 3644 exteriores
3528 3606 3542 3641 :
3570 3587 3675 3642 illic
3714 3586 3804 3641 erit

2237 3679 2400 3736 ﬂetus
2429 3691 2481 3735 et
2504 3680 2706 3735 stridor
2732 3679 2999 3735 dentium.
3033 3680 3309 3752 [ccaxxnt,
3336 3680 3449 3752 10.]
3480 3679 3613 3737 Cum
3643 3689 3799 3735 autem

2236 3769 2449 3827 venerit
2476 3771 2641 3827 Filius
2664 3771 2902 3827 hominis
2924 3773 2977 3827 in
3002 3773 3289 3842 majestate
3320 3789 3439 3840 sua,
3458 3783 3705 3829 etomnes
3727 3785 3802 3825 an-

2236 3864 2338 3932 geli
2368 3880 2491 3918 cum
2523 3879 2610 3932 eo,
2651 3873 2777 3919 tunc
2829 3864 3043 3921 sedebit
3083 3879 3245 3934 super
3283 3865 3467 3920 sedent
3524 3863 3799 3935 majestatis

2236 3973 2350 4014 sua:
2384 3976 2397 4013 :
2429 3968 2482 4013 et
2510 3959 2988 4028 congregabuntur
3012 3969 3139 4014 ante
3169 3973 3291 4014 eum
3320 3975 3508 4014 omnes
3537 3968 3731 4029 gentes.
3753 3964 3799 4009 et

2236 4051 2510 4117 separabit
2537 4065 2633 4105 eos
2648 4052 2717 4105 ab
2748 4050 3001 4118 invicem,
3028 4051 3168 4106 sicut
3199 4060 3385 4122 pastor
3414 4061 3658 4121 segregat
3687 4060 3795 4103 oves

2234 4144 2305 4199 ab
2329 4144 2529 4201 haedis:
2550 4152 2606 4199 et
2630 4154 2831 4200 statuet
2859 4160 2994 4200 oves
3020 4145 3237 4216 quidem
3261 4161 3290 4199 a
3319 4144 3525 4200 dextris
3549 4144 3676 4209 suis,
3706 4143 3797 4195 Itre‘

2235 4235 2336 4291 dos
2364 4246 2545 4291 autem
2586 4251 2614 4290 a
2646 4236 2901 4291 sinistris.
2933 4236 3085 4291 Tunc
3111 4237 3255 4292 dicet
3280 4252 3377 4291 rex
3407 4236 3488 4291 his
3516 4236 3603 4307 qui
3634 4249 3661 4289 a
3685 4233 3796 4289 dex-

2235 4328 2332 4383 tris
2351 4329 2470 4397 ejus
2489 4338 2649 4385 erunt
2677 4345 2691 4383 :
2717 4328 2932 4395 Venite,
2979 4328 3250 4384 benedicti
3272 4328 3449 4384 Patris
3473 4328 3596 4393 mei,
3642 4324 3793 4397 possi-

2233 4420 2359 4477 dete
2400 4432 2642 4492 paratum
2673 4422 2825 4477 vobis
2863 4437 3089 4492 regnum
3122 4437 3150 4475 a
3179 4423 3565 4478 constitutione
3609 4418 3788 4475 mundi.

2232 4516 2445 4572 Esurivi
2474 4518 2640 4582 enim,
2666 4527 2719 4571 et
2746 4516 2980 4573 dedistis
3001 4518 3133 4573 mihi
3174 4518 3539 4575 manducare:
3568 4515 3721 4577 sitivi,
3746 4520 3792 4566 et

2231 4610 2456 4666 dedistis
2486 4610 2618 4665 milii
2638 4610 3071 4680 biberezhospes
3091 4625 3264 4678 eram,
3296 4621 3352 4666 et
3373 4608 3658 4680 collegistis
3686 4620 3787 4659 me:

2231 4703 2495 4771 nudus,et
2525 4704 2888 4774 cooperuistis
2912 4719 2997 4759 me
3019 4722 3032 4757 :
3051 4703 3315 4771 inﬁrmus,
3342 4715 3397 4759 ct
3426 4703 3672 4760 visitastis
3688 4712 3788 4755 me:

2233 4796 2288 4852 in
2317 4810 2537 4851 carcere
2559 4811 2727 4861 eram,
2761 4805 2817 4852 et
2858 4797 3086 4853 venistis
3115 4797 3180 4852 ad
3212 4811 3316 4852 me.
3344 4797 3496 4853 Tunc
3525 4793 3794 4866 responde-

2231 4891 2364 4946 bunt
2391 4890 2441 4945 ei
2465 4888 2617 4959 justi,
2649 4890 2897 4947 dicentes
2926 4909 2939 4945 :
2972 4891 3223 4957 Domine,
3257 4892 3476 4961 quando
3506 4902 3557 4947 te
3585 4889 3791 4944 vidimus

2232 4986 2649 5053 esurientem,et
2680 4984 2926 5055 pavimus
2953 4995 3005 5041 te
3027 4985 3349 5054 :sitienteui,
3374 4994 3431 5041 et
3455 4985 3693 5040 dedimus
3711 4978 3790 5035 tibi

2228 5079 2449 5150 potum?
2478 5078 2710 5146 Quando
2737 5086 2918 5133 autem
2948 5087 2998 5134 te
3027 5077 3260 5133 vidimus
3289 5077 3577 5146 hospitem,
3608 5085 3658 5132 et
3695 5073 3789 5130 col-

2224 5170 2456 5240 legimus
2505 5179 2556 5226 te
2590 5188 2602 5224 :
2640 5179 2735 5225 aut
2775 5170 3007 5238 nudutn,
3047 5181 3101 5227 et
3139 5167 3520 5241 cooperuimus
3565 5169 3656 5224 te?
3700 5168 3787 5220 Aut

2224 5262 2440 5333 quando
2467 5271 2521 5318 te
2550 5262 2786 5318 vidimus
2818 5261 3116 5330 inﬁrmum,
3139 5270 3231 5316 aut
3251 5261 3302 5315 in
3318 5275 3563 5330 carcere,
3588 5269 3641 5314 et
3661 5255 3786 5312 veni-

2226 5370 2346 5411 mus
2363 5354 2430 5410 ad
2461 5356 2550 5411 te?
2571 5355 2641 5410 Et
2661 5354 2998 5425 respondens
3022 5370 3137 5421 rex,
3162 5353 3307 5408 dicet
3334 5352 3445 5407 illis
3463 5369 3479 5408 :
3497 5352 3665 5408 Amen
3681 5348 3781 5403 dico

2222 5448 2402 5518 vobis,
2432 5448 2695 5521 quamdiu
2724 5446 2932 5504 fecistis
2946 5447 3039 5502 uni
3063 5461 3128 5503 ex
3157 5445 3241 5501 his
3268 5444 3525 5500 fratribus
3548 5444 3672 5498 meis
3696 5438 3780 5493 ini-

2209 5632 2410 5703 aliquot
2438 5633 2768 5703 exemplaria
2799 5631 2924 5688 εόύο
2953 5633 3045 5688 ἰπὶ
3074 5632 3240 5692 κλίνης
3270 5635 3409 5702 μαῖς’
3442 5627 3513 5694 εἷς
3538 5628 3775 5701 παραὶαμο

2216 5701 2421 5762 eadm;
2439 5746 2454 5772 ,
2482 5708 2568 5763 καὶ
2593 5701 2664 5766 sic
2687 5706 2904 5775 ἀφίεται.
