3920 6200
102 252 187 307 ὕΠ
998 246 1449 303 EVANGELlUM
1489 245 1863 303 SECUNDUM
1903 248 2339 307 MATTIIA‘IUM.

3213 260 3317 316 578

102 361 265 426 nimis,
286 358 400 415 mihi
427 358 630 414 fecistis.
663 356 812 412 Tunc
839 357 983 412 dicet
1013 368 1065 415 et
1090 359 1175 415 his
1203 362 1293 429 qui
1318 377 1347 415 a
1380 361 1616 417 sinistris
1644 363 1699 423 Α
1722 362 1861 417 sicut
1893 365 2157 434 scriptum
2188 376 2271 421 est
2297 366 2366 422 de
2390 366 2620 423 illozvae
2650 377 2827 424 autem
2857 370 3061 426 homini
3092 371 3193 437 illi,
3223 389 3320 442 per

99 464 266 509 erunt:
290 450 530 506 Discedite
554 464 581 502 a
604 465 709 513 me,
736 451 1024 519 maledicti,
1058 455 1108 507 in
1133 455 1309 525 ignem
1333 466 1617 521 mternum,

97 546 176 615 qni
198 553 397 615 paratus
415 543 707 597 estdiabolo
736 553 793 597 et
816 545 1024 615 angelis
1052 546 1191 616 ejus.
1212 548 1421 604 Esurivi
1446 551 1614 617 enim,

94 649 139 693 et
166 654 260 691 non
288 636 484 691 dedistis
504 634 631 689 mihi
665 636 990 692 manducare
1023 656 1037 692 :
1072 640 1243 705 sitivi,
1275 650 1330 695 et
1360 657 1468 697 non
1518 642 1616 698 de-

90 728 223 783 distis
246 727 361 781 mihi
388 735 551 795 potum
578 747 591 779 :
625 727 818 798 hospes
846 744 1017 797 eram,
1055 739 1110 786 et
1155 748 1264 787 non
1319 736 1619 805 collegistis

89 838 158 877 me
182 839 191 875 :
214 821 387 884 nudus,
416 830 464 875 et
501 834 602 875 non
630 822 988 891 cooperuistis
1011 840 1096 879 me
1127 840 1141 878 :
1174 825 1441 893 inﬁrmus,
1468 838 1519 881 et
1560 828 1612 883 in

89 928 286 973 carcere.
317 922 368 967 et
395 927 493 967 non
520 912 777 968 visitastis
807 931 911 969 ine.
947 916 1097 972 Tunc
1128 920 1537 987 respondebunt
1565 922 1612 975 ei

90 1014 131 1058 et
161 1004 267 1074 ipsi,
296 1003 521 1058 dicentes
548 1020 563 1057 :
598 1005 848 1073 Domine,
880 1008 1095 1078 quando
1143 1021 1194 1063 te
1243 1010 1471 1064 vidimus
1491 1026 1614 1065 esu-

90 1099 298 1158 rientem,
341 1106 427 1151 aut
475 1097 768 1165 sitientem,
817 1108 910 1155 aut
942 1100 1234 1169 hHSpilem,
1268 1112 1357 1156 aut
1387 1102 1610 1167 nudum,

84 1199 157 1243 aut
194 1189 459 1253 inﬁmium,
488 1200 577 1243 aut
610 1190 660 1243 in
706 1206 944 1255 carcere,
976 1202 1159 1247 etnon
1190 1196 1613 1249 ministravimus

86 1279 189 1333 tibi?
213 1280 344 1334 Tunc
372 1282 712 1349 respondebit
740 1283 869 1350 illis,
902 1284 1089 1339 dicens
1124 1302 1138 1342 :
1166 1285 1335 1341 Amen
1364 1286 1489 1341 dico
1523 1304 1613 1341 vo-

83 1373 161 1438 bis,
182 1372 411 1442 quamdiu
457 1390 558 1428 non
595 1375 797 1430 fecistis
830 1378 916 1431 uni
960 1378 1024 1433 de
1055 1381 1353 1434 minoribus
1384 1383 1485 1445 his,
1514 1398 1613 1436 nec

84 1465 183 1517 mihi
210 1464 413 1519 fecistis.
436 1466 501 1519 Et
524 1468 681 1522 ibunt
709 1470 761 1523 hi
795 1470 845 1523 in
869 1472 1192 1541 supplicium
1216 1482 1500 1540 teternum,
1526 1474 1613 1544 ju-

80 1560 130 1613 sti
153 1566 306 1614 autem
330 1560 379 1613 in
405 1562 564 1615 vitam
593 1572 873 1618 mternam.

132 1652 253 1726 [ξαρ.
297 1653 481 1709 XXVI.
528 1672 775 1725 cccxxrv,
822 1657 895 1728 1.]
944 1660 1012 1715 Et
1072 1660 1275 1715 factum
1323 1673 1427 1728 est,
1483 1677 1607 1716 cum

1724 471 1883 525 quem
1914 456 2083 512 Filius
2115 459 2348 513 hominis
2378 459 2623 516 tradetur
2653 480 2664 515 :
2696 462 2987 535 [ςοιιηιι.
3014 462 3093 533 6.]
3121 464 3318 520 bonum

1723 558 1838 602 erat
1864 549 1911 603 ei
1945 550 1989 603 si
2019 563 2174 606 natus
2202 566 2307 606 non
2334 550 2521 609 fuisset
2539 553 2700 608 homo
2725 554 2838 610 ille.
2865 556 3315 633 [ccuxxnt,10.J

1725 639 2082 711 Respondens
2109 656 2292 699 autem
2319 644 2512 713 Judas,
2546 649 2638 718 qui
2671 649 2891 705 tradidit
2944 668 3092 719 eum,
3124 654 3257 709 dixit
3301 674 3312 709 :

1720 730 1988 802 Numquid
2041 750 2143 805 ego
2168 750 2308 803 sum,
2362 738 2574 793 Rabbi?
2632 741 2721 796 Ait
2779 742 2858 797 illi
2901 762 2912 796 :
2965 743 3045 798 Tu
3106 745 3309 801 dixisti.

1675 845 1681 850 ·
1721 827 2031 899 [εαιιιιηκ
2066 828 2138 899 1.]
2168 830 2521 886 C(enantibus
2552 841 2730 889 autem
2760 834 2862 899 eis,
2912 836 3123 905 accepit
3159 836 3313 893 Jesus

1720 934 1935 990 panem,
1976 930 2032 975 et
2089 922 2384 990 benedixit,
2428 940 2491 979 ac
2536 924 2719 995 fregit,
2752 927 3007 999 deditque
3030 929 3315 1001 discipulis

1719 1010 1853 1078 suis,
1890 1014 2046 1067 etait
2098 1032 2111 1067 :
2155 1014 2423 1085 Accipite,
2463 1025 2517 1072 et
2542 1019 2810 1074 comedite
2844 1020 2988 1076 :hoc
3008 1031 3090 1077 est
3118 1039 3315 1093 corpus

1718 1118 1922 1158 meum.
1975 1106 2265 1177 |cccxxxv,
2304 1108 2384 1178 2.]
2439 1108 2508 1163 Et
2534 1109 2808 1178 accipiens
2833 1111 3081 1179 calicem,
3114 1114 3314 1183 gratias

1719 1197 1918 1266 egit,et
1946 1197 2094 1252 dedit
2121 1198 2253 1263 illis,
2279 1200 2503 1254 dicens:
2535 1200 2707 1256 Bibite
2734 1218 2799 1258 ex
2828 1201 2930 1256 hoc
2959 1218 3149 1258 omnes
3184 1222 3197 1256 :
3223 1204 3311 1260 hic

1717 1296 1801 1341 est
1821 1288 1963 1342 enim
1987 1291 2205 1359 sanguis
2236 1306 2387 1346 meus
2412 1292 2537 1346 novi
2563 1296 2894 1361 testamenti,
2928 1297 3017 1365 qui
3044 1311 3139 1366 pro
3168 1296 3308 1351 mul-

1720 1380 1785 1432 tis
1833 1379 2139 1435 etfundetur
2170 1383 2219 1435 in
2245 1382 2620 1439 remissionem
2657 1396 3023 1453 peccatorum.
3057 1388 3188 1442 Dico
3218 1404 3313 1442 au—

1719 1479 1826 1526 tem
1853 1474 2007 1528 vobis
2028 1492 2041 1526 :
2060 1474 2178 1529 Non
2212 1476 2390 1529 bibant
2416 1477 2612 1531 amodo
2637 1477 2701 1531 de
2730 1478 2830 1534 hoc
2856 1481 3134 1549 genitnine
3164 1483 3310 1549 vitis,

1717 1579 1885 1633 usque
1909 1566 1960 1619 in
1982 1566 2127 1620 diem
2153 1567 2304 1621 illum
2324 1582 2446 1623 cum
2474 1568 2601 1623 illud
2619 1569 2800 1626 bibam
2818 1573 3095 1628 vobiscum
3109 1590 3309 1630 novunt

1714 1655 1768 1709 in
1809 1672 1975 1726 regno
2012 1658 2191 1714 Patris
2218 1660 2345 1714 mei.
2374 1660 2682 1730 [cccxxxvr,
2708 1662 2789 1732 6.]
2818 1663 2885 1717 Et
2906 1664 3109 1734 hymno
3140 1666 3309 1735 dicto,

74 1758 445 1803 consummasset
467 1748 628 1804 Jesus
657 1764 938 1806 sermones
987 1752 1084 1806 hos
1112 1769 1321 1817 omnes,
1352 1754 1489 1808 dixit
1518 1753 1602 1808 di-
1636 1753 1685 1813 B
1712 1749 1961 1804 exierunt
2002 1750 2056 1805 in
2104 1765 2343 1807 montem
2376 1753 2603 1809 Oliveti.‘
2661 1756 2993 1825 [cccxxxvn,
3035 1757 3113 1828 4.]
3160 1758 3313 1813 Tunc

70 1840 249 1908 scipulis
285 1842 391 1896 suis
438 1857 451 1895 :
486 1840 651 1896 Scitis
672 1844 794 1913 quia
828 1854 949 1913 post
994 1845 1217 1899 biduum
1253 1846 1457 1901 Pascha
1492 1847 1601 1912 ﬁet,

68 1944 105 1985 et
127 1931 245 1988 ﬁlius
262 1931 484 1987 hominis
505 1934 774 2000 tradetur,
791 1948 847 1991 ut
869 1938 1237 2008 cruciﬁgatnr.
1262 1940 1505 2010 [βρυχὴ
1526 1940 1605 2010 6.]

68 2022 184 2079 Tunc
208 2028 493 2097 congregati
533 2039 662 2083 sunt
692 2028 966 2099 principes
989 2031 1330 2087 sacerdotum
1347 2042 1398 2087 et
1428 2033 1607 2089 senio-

68 2131 133 2172 res
154 2120 312 2188 populi
340 2119 390 2174 in
421 2122 622 2175 atrium
662 2123 921 2193 principis
948 2124 1311 2189 sacerdotum,
1340 2128 1429 2195 qtti
1461 2127 1606 2181 dicc-

64 2210 183 2264 batur
198 2210 411 2282 Caiphas
432 2230 445 2266 :
470 2222 534 2267 et
563 2214 852 2269 consilium
885 2216 1147 2284 fecerunt,
1186 2226 1244 2270 ut
1268 2217 1454 2272 Jesum
1483 2218 1607 2271 dolo

65 2310 277 2368 tenerent,
301 2314 352 2360 et
380 2306 720 2361 occiderent.
754 2308 1013 2363 Dicebant
1040 2319 1217 2363 autem
1246 2328 1256 2361 :
1292 2310 1405 2363 Non
1433 2310 1485 2363 in
1517 2311 1607 2364 die

60 2396 181 2463 fasto,
220 2414 279 2454 ne
316 2400 450 2455 forte
498 2402 775 2455 tumultus
806 2403 959 2457 ﬁeret
990 2404 1043 2457 in
1076 2405 1298 2473 populo.
1334 2405 1603 2475 locus",

62 2486 115 2559 1.]
138 2486 251 2543 Cum
275 2502 447 2547 autem
479 2491 648 2547 Jesus
675 2501 821 2547 esset
852 2494 903 2547 in
934 2493 1215 2557 Bethania,
1250 2495 1301 2547 in
1325 2494 1489 2548 domo
1521 2494 1606 2549 Si-

57 2584 191 2638 monis
218 2585 425 2655 leprosi,
452 2588 695 2641 accessit
718 2586 782 2639 ad
822 2602 942 2642 eum
974 2588 1166 2642 mulier
1192 2588 1396 2643 habens
1424 2590 1608 2643 alaba-

54 2682 185 2728 strum
211 2678 453 2747 unguenti
479 2679 740 2747 pretiosi,
767 2688 819 2733 et
842 2679 1030 2733 effudit
1060 2695 1224 2749 super
1245 2692 1406 2750 caput
1436 2683 1606 2752 ipsius

56 2768 379 2824 recumbentis.
400 2771 669 2826 \‘identes
694 2784 874 2826 autem
891 2772 1141 2842 discipuli
1166 2772 1272 2845 [ΑΙ.
1296 2776 1419 2828 add.
1440 2774 1601 2845 ejus],

60 2857 268 2929 indignati
291 2873 429 2929 sunt,
458 2864 713 2919 dicentes
747 2884 759 2917 :
794 2866 858 2919 Ut
893 2865 1019 2933 quid
1056 2867 1288 2933 perditio
1319 2867 1468 2923 hrec?
1509 2885 1604 2938 po-

58 2954 272 3008 tuitenim
295 2956 431 3010 istud
461 2956 788 3011 venumdari
819 2958 1083 3021 multo.et
1105 2958 1220 3012 dari
1251 2960 1600 3029 pauperibus.

60 3042 207 3099 Sciens
234 3058 398 3103 autem
429 3048 619 3113 Jesus,
652 3050 725 3103 ait
752 3048 1047 3116 illisanid
1072 3052 1288 3105 molesti
1315 3052 1450 3107 estis
1484 3053 1605 3109 huic

1710 1840 1843 1895 dicit
1869 1842 1974 1896 illis
2000 1841 2159 1897 Jesus
2187 1859 2201 1896 :
2256 1843 2457 1899 Omnes
2481 1860 2576 1899 vos
2607 1846 2921 1901 scandalum
2946 1848 3224 1916 patiemini
3255 1850 3310 1904 in

1711 1949 1797 1987 me
1822 1935 1874 1988 in
1899 1934 1999 1988 ista
2029 1944 2207 1991 nocte.
2227 1936 2578 2007 [cccxxxvnn
2607 1936 2684 2009 6.]
2709 1937 2980 2008 Scriptum
3004 1950 3087 1995 est
3116 1941 3260 1995 enirn
3291 1958 3305 1997 :

1710 2025 2015 2083 Percutiam
2067 2042 2361 2099 pastorem,
2412 2039 2466 2085 et
2503 2031 2882 2101 dispergentur
2932 2047 3063 2088 oves
3103 2033 3305 2103 gregis.

1711 2115 1998 2189 Postquam
2031 2127 2211 2175 autem
2239 2136 2609 2188 resurrexero,
2653 2122 2957 2191 praecedam
2989 2138 3085 2178 vos
3118 2125 3170 2177 in
3202 2124 3308 2179 Ga-

1710 2210 1929 2265 lilaeam.
1984 2213 2293 2284 [εειιιιικ.
2328 2214 2404 2285 1.]
2456 2214 2815 2285 Respondens
2852 2228 3037 2271 autem
3091 2218 3308 2287 Petrus,

1710 2302 1886 2357 aitilli
1920 2322 1931 2357 ε
1960 2303 2074 2359 Etsi
2114 2320 2305 2360 omnes
2344 2306 2695 2361 scandalizati
2753 2308 2954 2363 fuerint
2993 2311 3047 2362 in
3096 2319 3168 2377 te,
3212 2325 3313 2379 ego

1711 2412 2003 2468 numquam
2025 2398 2460 2454 scandalizabor.
2494 2400 2585 2453 Ait
2613 2399 2692 2453 illi
2722 2399 2881 2455 Jesus
2912 2417 2924 2453 :
2960 2403 3133 2456 Amen
3184 2402 3308 2457 dico

1714 2489 1828 2555 tibi,
1872 2492 2001 2560 quia
2034 2492 2087 2546 in
2112 2491 2213 2547 hac
2237 2501 2415 2559 nocte,
2462 2502 2748 2563 antequam
2779 2495 2954 2564 gallus
2990 2505 3191 2563 cantet,
3226 2506 3309 2551 ter

1710 2600 1798 2639 me
1840 2585 2081 2655 negabis.
2116 2584 2308 2658 [ccxc,
2336 2585 2432 2656 6.]
2485 2586 2574 2641 Ait
2612 2587 2691 2641 illi
2748 2588 2945 2643 Petrus
2988 2608 3001 2643 :
3035 2589 3212 2644 Etiam
3266 2591 3313 2645 si

1710 2676 2012 2743 Oportuerit
2046 2692 2132 2732 me
2163 2678 2297 2732 mori
2340 2687 2538 2746 tecum,
2591 2695 2699 2734 non
2748 2690 2798 2734 te
2830 2682 3061 2752 negabo.
3105 2681 3314 2738 Simili-

1711 2780 1791 2823 ter
1814 2777 1872 2823 et
1895 2784 2087 2825 omnes
2119 2770 2369 2840 discipuli
2396 2771 2672 2826 dixerunt.
2707 2774 2906 2844 leam,
2946 2774 3017 2844 1.]
3048 2773 3199 2829 Tunc
3222 2790 3315 2831 ve-

1712 2861 1791 2915 nit
1832 2861 1992 2916 Jesus
2023 2878 2146 2916 cum
2183 2863 2293 2917 illis
2336 2863 2387 2917 in
2424 2863 2642 2931 villam,
2676 2879 2794 2934 qua:
2841 2864 3038 2920 dicitur
3083 2866 3315 2923 Gethse-

1711 2954 1879 3021 mani,
1910 2954 2230 3026 [ccxcn,6.]
2258 2967 2311 3009 et
2340 2955 2475 3009 dixit
2496 2954 2780 3026 discipulis
2802 2957 2914 3012 suis
2940 2973 2954 3011 :
2982 2958 3179 3015 Sedete
3202 2959 3313 3028 hic,

1710 3045 1884 3100 donec
1914 3047 2107 3101 vadam
2140 3047 2289 3113 illuc,
2324 3058 2379 3102 et
2410 3062 2585 3103 orem.
2621 3047 2686 3102 Et
2732 3058 3015 3119 assumpto
3042 3050 3228 3117 Petro,
3261 3059 3317 3108 et

56 3138 260 3193 mulieri?
291 3154 420 3211 opus
442 3142 598 3196 enim
627 3141 826 3195 bonum
866 3153 1091 3211 operata
1119 3153 1201 3198 est
1231 3144 1283 3198 in
1315 3160 1419 3199 lllC.
1465 3146 1600 3200 Nam

1712 3139 1920 3193 duobus
1948 3140 2077 3194 ﬁliis
2107 3139 2388 3207 Zebedari,
2425 3141 2590 3212 coepit
2626 3143 2978 3211 contristari,
3009 3155 3059 3199 et
3089 3154 3315 3201 moestus

60 3242 229 3295 semper
251 3246 508 3303 pauperes
562 3233 779 3289 habetis
806 3234 1089 3290 vobiscum
1125 3253 1137 3289 :
1174 3253 1260 3291 me
1284 3248 1465 3293 autem
1497 3256 1603 3294 non

55 3336 229 3391 semper
258 3334 279 3361 ⁸
309 3326 545 3383 habetis.
584 3329 886 3401 [ςςιιινιι.
919 3328 999 3399 4.]
1041 3329 1258 3385 Mittens
1297 3330 1440 3385 enim
1489 3331 1605 3387 haec

56 3428 331 3482 unguentum
356 3420 456 3476 hoc
481 3423 534 3475 in
570 3436 772 3491 corpus
798 3438 1000 3490 meum,
1026 3424 1092 3477 ad
1118 3424 1493 3493 sepeliendum
1518 3440 1604 3480 nte

53 3508 335 3567 fecit.Amen
356 3516 479 3570 dico
507 3515 694 3581 Vobis,
722 3514 1047 3585 ubicumque
1070 3517 1417 3585 praedicatum
1444 3518 1605 3573 fuerit

54 3598 129 3652 hoc
152 3601 477 3674 Evangelium
516 3607 574 3659 in
608 3614 720 3660 toto
739 3606 961 3671 mundo,
996 3606 1206 3662 dicetur
1233 3609 1457 3679 etquod
1491 3610 1604 3664 haec

53 3692 148 3747 fecit
173 3696 218 3751 in
248 3700 571 3754 memoriam
632 3699 772 3767 ejus.
823 3700 1135 3770 lceuxvrn,
1168 3701 1247 3771 2.]
1275 3700 1430 3758 Tunc
1475 3703 1605 3757 abiit

53 3800 160 3840 unus
182 3790 240 3844 de
262 3793 549 3849 duodecim
579 3793 672 3861 qui
704 3793 985 3848 dicebatur
1004 3794 1171 3849 Judas
1202 3794 1509 3865 lscariotes,
1537 3800 1603 3853 ad

51 3879 277 3952 principes
298 3886 674 3953 sacerdotum,
710 3897 761 3940 et
791 3887 865 3940 ait
887 3888 992 3941 illis
1023 3905 1035 3940 :
1068 3888 1209 3954 Quid
1264 3890 1424 3944 vultis
1473 3891 1606 3946 mihi

50 3968 169 4035 dare,
197 3984 245 4028 et
262 3991 359 4047 ego
384 3979 548 4033 vobis
576 3993 700 4033 eum
734 3979 977 4034 tradam?
998 3980 1068 4035 At
1098 3981 1177 4035 illi
1204 3983 1605 4039 constituerunt

48 4060 84 4114 ei
104 4065 289 4136 triginta
313 4080 635 4140 argenteos.
670 4072 733 4125 Et
755 4072 950 4128 exinde
980 4075 1262 4141 quaerebat
1286 4078 1603 4145 opportuni-

51 4160 196 4223 tatem,
216 4171 267 4214 ιιι
288 4178 408 4217 eum
436 4162 705 4218 traderet.
732 4164 911 4219 Prima
933 4176 1114 4221 autem
1137 4166 1224 4222 die
1246 4167 1603 4239 Azymorum,

47 4261 351 4310 accesserunt
370 4257 629 4326 discipuli
651 4257 716 4311 ad
740 4258 943 4326 Jesum,
962 4260 1207 4315 dicentes
1234 4280 1246 4315 :
1274 4262 1374 4317 Ubi
1397 4264 1477 4317 vis
1506 4280 1603 4334 pa-

48 4354 194 4399 remus
225 4348 314 4402 tibi
345 4350 647 4406 comedere
676 4350 913 4405 Pascha?
943 4354 1013 4406 At
1040 4352 1199 4408 Jesus
1224 4354 1357 4408 dixit
1387 4374 1397 4406 :
1433 4356 1507 4410 lte
1551 4357 1604 4411 in

46 4432 295 4505 civitatem,
328 4441 393 4495 ad
426 4441 749 4511 quemdam,
772 4452 826 4497 et
847 4442 1011 4499 dicite
1037 4446 1085 4499 ei
1116 4446 1403 4516 :Magister
1433 4446 1601 4501 dicit:

1709 3246 1850 3287 esse.
1887 3230 2127 3303 [ccxcm,
2163 3232 2242 3303 4.]
2291 3233 2442 3288 Tunc
2488 3234 2565 3289 ait
2610 3234 2718 3289 illis
2750 3252 2765 3288 :
2796 3234 2991 3291 Tristis
3020 3246 3102 3291 est
3132 3237 3314 3293 anima

1713 3342 1831 3383 mea
1866 3343 2037 3399 usque
2086 3328 2153 3383 ad
2196 3340 2426 3385 mortem
2460 3347 2473 3383 :
2510 3330 2777 3385 sustinete
2810 3329 2899 3385 hic
2923 3372 2938 3397 ,
2991 3339 3047 3387 et
3099 3331 3315 3402 vigilate

1710 3435 1918 3475 mecum
1946 3436 1960 3475 :
1984 3420 2213 3490 [ccxc1v,
2242 3420 2316 3491 1.]
2344 3421 2407 3475 Et
2433 3435 2755 3491 progressus
2778 3421 3056 3490 pusillum,
3083 3421 3315 3491 procidit

1708 3511 1763 3566 in
1794 3511 1987 3568 faciem
2019 3528 2174 3566 suam
2203 3528 2390 3579 orans,
2421 3521 2479 3568 et
2509 3513 2700 3569 dicens
2730 3532 2740 3567 :
2773 3514 2933 3568 Pater
2975 3514 3071 3581 mi,
3102 3515 3148 3570 si
3182 3531 3310 3586 pos-

1708 3603 1867 3658 sibile
1913 3613 2033 3670 est,
2082 3614 2322 3659 transeat
2360 3621 2388 3658 a
2420 3620 2508 3660 me
2548 3605 2691 3660 calix
2730 3605 2856 3661 iste.
2889 3604 3189 3677 [ccxcv,1.]
3214 3606 3315 3662 Ve-

1709 3709 2014 3753 rumtamen
2043 3714 2151 3753 non
2174 3700 2427 3769 sicutego
2442 3699 2588 3765 volo,
2606 3698 2701 3753 sed
2726 3700 2869 3753 sicut
2892 3706 2968 3751 tu.
2993 3698 3311 3771 [ccxcvi,2.]

1712 3791 1777 3844 Et
1810 3792 1957 3845 venit
1979 3791 2046 3845 ad
2077 3792 2372 3860 discipulos
2400 3805 2550 3857 suos,
2585 3798 2639 3844 et
2681 3790 2887 3844 invenit
2914 3805 3011 3844 eos
3039 3789 3316 3846 dormien-

1710 3891 1813 3950 tes,
1844 3892 1897 3937 et
1936 3882 2067 3937 dicit
2099 3882 2267 3937 Petro
2300 3900 2314 3936 :
2347 3882 2436 3937 Sic
2464 3899 2569 3936 non
2604 3884 2855 3951 potuistis
2883 3897 2986 3937 una
3017 3882 3149 3937 hora
3182 3884 3317 3954 vigi-

1710 3976 1821 4031 lare
1853 3992 2067 4030 mecum
2092 3976 2377 4047 ?_Vigilate
2404 4020 2418 4043 ,
2468 3987 2523 4031 et
2552 3985 2703 4031 orate
2727 4020 2741 4043 ,
2791 3988 2847 4032 ut
2878 3992 2985 4032 non
3019 3977 3230 4034 intretis
3260 3980 3315 4037 in

1711 4074 2082 4128 tentationem.
2137 4076 2363 4145 [ccxcvn
2393 4117 2405 4139 ,
2440 4073 2520 4143 4.]
2574 4072 2808 4143 Spiritus
2856 4073 3074 4144 quidem
3133 4090 3313 4143 prom-

1711 4178 1831 4237 ptus
1857 4176 1962 4233 est,
1986 4182 2114 4221 caro
2135 4177 2314 4222 autem
2346 4166 2583 4221 inﬁrma.
2611 4166 2981 4239 [ccxcvttt,6.]
3007 4168 3202 4224 lterum
3228 4184 3315 4224 se-

1708 4260 1886 4316 cundo
1916 4260 2069 4325 abiit,
2096 4270 2150 4315 et
2181 4262 2379 4329 oravit,
2414 4259 2604 4315 dicens
2637 4279 2648 4314 :
2680 4262 2839 4315 Pater
2866 4262 2973 4329 mi,
3001 4262 3044 4314 si
3080 4276 3184 4315 non
3217 4277 3315 4330 po-

1710 4364 1811 4408 test
1843 4354 1929 4408 hic
1958 4352 2098 4407 calix
2129 4355 2365 4408 transire
2399 4354 2500 4408 nisi
2532 4354 2714 4408 bibam
2748 4354 2924 4416 illum,
2952 4352 3313 4408 ﬁatvoluntas

1708 4454 1817 4499 tua.
1855 4444 1921 4498 Et
1946 4444 2096 4498 venit
2143 4446 2376 4511 iterum,
2421 4453 2473 4499 et
2522 4444 2733 4497 invenit
2780 4457 2877 4497 eos
2929 4442 3308 4496 dormientes:

42 4521 239 4597 Tempus
266 4550 448 4589 meum
484 4551 660 4604 prOpe
698 4544 801 4600 est,
828 4537 967 4606 apud
1004 4547 1053 4592 te
1084 4538 1222 4593 facio
1253 4539 1457 4594 Pascha
1481 4556 1603 4595 cum
1633 4529 1683 4589 D
1711 4544 1866 4589 erant
1924 4534 2068 4588 enim
2118 4535 2261 4588 oculi
2314 4550 2503 4589 eorum
2553 4535 2783 4604 gravati.
2820 4534 2884 4587 Et
2938 4532 3145 4587 relictis
3176 4531 3307 4601 illis,

42 4615 279 4690 discipulis
299 4627 459 4682 meis.
494 4626 566 4680 Et
598 4626 843 4681 fecerunt
870 4629 1120 4697 discipuli
1150 4631 1289 4685 sicut
1318 4632 1605 4687 constituit

40 4711 125 4767 illis
148 4715 311 4779 Jesus,
356 4730 413 4775 et
452 4730 789 4790 paraverunt
840 4721 1073 4778 Pascha.
1125 4723 1362 4793 Vespere
1422 4736 1602 4780 autem

40 4799 171 4871 facto,
216 4810 601 4868 discumbebat
645 4828 766 4867 cum
808 4814 1097 4869 duodecim
1138 4815 1414 4887 discipulis
1468 4819 1599 4872 suis.

40 4892 273 4969 [cccxxtx,
305 4904 385 4975 4.]
417 4905 486 4959 Et
508 4904 796 4961 edentibus
827 4906 957 4972 illis,
984 4905 1113 4961 dixit
1136 4910 1337 4964 :Amen
1371 4910 1492 4965 dico
1511 4926 1603 4964 vo-

39 4986 118 5055 bis.
157 4996 274 5063 quia
318 5012 462 5052 unus
490 5007 733 5053 vestrum
767 5014 852 5055 me
881 4998 1180 5055 traditurus
1208 5010 1311 5057 est.
1348 5002 1599 5074 [cccxxx,

41 5078 95 5151 1.]
120 5083 180 5139 Et
215 5090 532 5143 contristati
571 5090 749 5156 valde,
804 5101 1089 5160 coeperunt
1138 5093 1333 5163 singuli
1364 5095 1550 5150 dicere
1587 5113 1599 5148 :

41 5170 270 5248 Numquid
295 5196 400 5252 ego
431 5197 585 5244 sum,
612 5183 870 5239 Domine?
894 5182 1165 5255 [cccxxxn
1188 5185 1265 5257 2.]
1291 5189 1485 5257 Atipse
1514 5204 1602 5244 re-

41 5270 301 5339 spondens,
333 5275 408 5331 ait
443 5292 458 5328 :
486 5276 592 5341 Qui
625 5276 837 5346 intingit
878 5294 1088 5333 mecum
1122 5295 1340 5334 manum
1366 5280 1416 5334 in
1448 5297 1606 5351 paro-

42 5360 181 5430 pside,
213 5365 296 5423 hic
346 5382 437 5424 me
472 5375 677 5429 tradet.
720 5374 889 5431 Filius
925 5374 1143 5445 quidem
1176 5376 1412 5434 hominis
1437 5380 1603 5447 vadit,

42 5568 59 5649 “.
93 5581 110 5608 ε
132 5574 184 5629 1η
212 5577 392 5657 futuro
422 5581 678 5637 habebitis
706 5586 897 5657 legitur
919 5587 970 5640 in
996 5586 1213 5657 Reginae
1240 5600 1369 5641 mss.
1396 5600 1458 5657 ac
1480 5582 1602 5637 Six-

42 5656 125 5721 ΞΜ
176 5650 455 5710 editione.
513 5650 964 5721 quemadmodum
1020 5650 1157 5713 et'in
1200 5673 1309 5712 uno
1360 5656 1603 5709 alterove

42 5710 203 5775 Graeco
232 5710 547 5794 exemplari
574 5726 702 5790 ἕξετι
734 5710 832 5798 pro
852 5710 1451 5799 i’zmaPauloiquoque
1478 5733 1603 5796 Ροδῐ

1709 4628 1907 4681 iterum
1941 4627 2095 4695 abiit,
2123 4637 2175 4682 et
2203 4630 2376 4682 oravit
2407 4626 2592 4692 tertio,
2625 4625 2875 4680 eumdem
2899 4639 3205 4679 sermonem
3230 4624 3313 4679 di-

1709 4735 1858 4776 cens.
1890 4719 2042 4774 Tunc
2092 4722 2243 4776 venit
2271 4720 2337 4775 ad
2370 4720 2668 4789 discipulos
2700 4734 2851 4785 suos,
2896 4725 2951 4772 et
2992 4717 3123 4773 dicit
3155 4718 3263 4775 illis
3292 4737 3307 4775 :

1712 4815 1954 4869 Dormite
2001 4813 2137 4883 jam,
2192 4823 2247 4869 et
2304 4813 2681 4882 requiescite:
2748 4810 2983 4881 [ccxcrx,
3039 4810 3121 4881 1.]
3175 4827 3306 4868 ecca

1708 4910 2160 4980 appropinquavit
2192 4907 2324 4961 hora
2352 4948 2366 4972 ,
2404 4915 2457 4960 et
2502 4903 2673 4959 Filius
2715 4904 2948 4959 hominis
2981 4903 3224 4958 tradetur
3254 4905 3308 4961 in

1712 5020 1904 5060 manus
1940 5014 2303 5075 peccatorum.
2329 5001 2569 5069 Surgite,
2606 5014 2791 5054 eamus
2817 5014 2830 5050 :
2862 5013 2990 5053 ecce
3019 4999 3311 5069 apprOpin-

1709 5099 1899 5171 quavit
1927 5098 2019 5168 qui
2064 5112 2150 5152 me
2181 5094 2379 5150 tradet.
2412 5094 2552 5165 [ccc,
2586 5092 2661 5162 1.]
2687 5091 2876 5145 Adhuc
2922 5108 2988 5146 eo
3030 5092 3309 5161 loquente,

1706 5209 1836 5249 ecce
1860 5192 2027 5247 Judas
2057 5202 2197 5243 unus
2225 5187 2292 5240 de
2321 5185 2606 5239 duodecim
2631 5183 2801 5248 venit,
2832 5192 2887 5238 et
2914 5198 3035 5237 cum
3058 5197 3125 5237 eo
3156 5183 3311 5239 turba

1708 5284 1910 5349 multa,
1953 5295 2073 5336 cum
2106 5278 2303 5348 gladiis
2343 5284 2400 5331 et
2428 5275 2681 5341 fustibus,
2716 5274 2869 5329 missi
2896 5290 2927 5329 a
2970 5273 3309 5344 principibus

1709 5374 2078 5436 sacerdotum,
2109 5381 2163 5425 et
2192 5369 2504 5424 senioribus
2533 5368 2739 5441 p0puli.
2771 5367 2932 5439 [ccc],
2959 5366 3039 5439 2.]
3067 5366 3173 5437 Qui
3213 5382 3309 5425 au-

1710 5580 1872 5635 iidem
1900 5590 2055 5638 mss.,
2094 5574 2181 5641 qui
2203 5572 2393 5625 dicitur
2421 5571 2590 5628 ludas
2626 5572 2891 5640 Scarioth,
2922 5586 3021 5643 pro
3042 5570 3307 5627 dicebatur

1710 5650 1741 5704 .l
1752 5649 1880 5705 udas
1911 5646 2209 5703 lscariotes.
