3920 6200
146 307 216 363 681

1052 294 1505 364 EVANGELIUM
1545 275 1916 364 scalmum!
1951 270 2391 368 misrrumum.

3262 317 3368 375 δῧὲ

142 420 316 490 Sanguis
362 422 490 491 ejus
538 435 690 490 super
736 433 856 484 nos,
917 427 971 474 et
1017 433 1179 490 super
1228 410 1377 477 ﬁlios
1432 429 1668 476 nostros.
1701 417 1858 490 Α1.]
1913 419 1984 475 Et
2019 436 2146 477 ecce
2187 422 2370 478 velum
2412 422 2597 492 templi
2635 424 2866 479 scissum
2899 435 2981 481 est
3009 427 3064 482 in
3093 425 3224 482 duas
3255 446 3377 498 par-

142 513 400 582 ]cccuvm,
437 514 512 583 1.]
541 513 683 568 Tunc
706 511 911 568 dimisit
957 511 1067 567 illis
1107 512 1411 569 Barabbam
1440 531 1454 569 :
1487 513 1668 570 Jesum

139 619 278 663 autem
316 607 638 677 ﬂagellatum
700 606 918 662 tradidit
975 606 1076 673 eis,
1124 616 1181 662 ut
1245 609 1672 679 cruciﬁgeretur.

141 700 347 772 [eccum
377 700 462 770 4.]
497 700 644 756 Tunc
667 700 872 757 milites
898 700 1149 772 praesidis
1192 704 1551 772 suscipientes
1579 702 1673 759 Je-

135 806 223 848 sum
245 794 285 846 in
309 794 646 862 praetorium,
689 803 1156 864 congregaverunt
1185 794 1251 850 ad
1303 811 1426 850 eum
1458 797 1674 852 univcr-

134 901 218 942 sam
240 885 502 942 cohortem
532 904 545 940 :
577 897 632 942 et
657 897 916 943 exuentes
940 903 1086 954 eum,
1118 887 1458 960 chlamydem
1485 890 1671 946 'coc’ci-

133 993 247 1035 neam
269 979 734 1036 circumdederunt
763 983 836 1048 ei,
883 989 939 1036 et
983 980 1288 1050 plecte‘ntes
1316 995 1574 1037 coronam
1603 983 1672 1038 de

126 1073 270 1144 Spinis,
292 1084 588 1143 posuerunt
611 1088 773 1144 super
798 1083 958 1144 caput
988 1073 1128 1144 ejus,
1155 1079 1215 1130 'et
1261 1075 1580 1130 arundinem
1609 1075 1670 1131 in

123 1165 296 1221 dextera
325 1165 466 1235 ejus.
501 1163 573 1220 Et
601 1181 740 1236 genu
768 1164 911 1221 ﬂexo
943 1176 1069 1221 ante
1093 1182 1241 1232 eum,
1267 1166 1571 1222 illudeba‘nt
1593 1166 1666 1235 ei,
1691 1233 1700 1241 .

118 1258 350 1314 dicentes:
385 1260 530 1327 Ave,
563 1274 660 1314 rex
687 1257 1022 1315 Iudaeorum.
1051 1259 1304 1332 [cccxxx,
1335 1258 1412 1331 6.]
1446 1259 1514 1313 Et
1567 1275 1670 1315 ex-

116 1361 326 1421 spuentes
347 1350 564 1420 incum,
592 1361 920 1423 acceperunt
940 1350 1284 1420 arundinem,
1317 1362 1371 1408 et
1401 1352 1671 1422 percutie-

118 1444 215 1501 bant
232 1455 381 1516 caput
408 1445 550 1516 ejus.
575 1446 644 1501 Et
663 1455 950 1518 postquam
981 1446 1266 1502 illuserunt
1296 1445 1368 1514 ei,
1400 1456 1668 1503 exuerunt

119 1555 209 1596 eum
224 1540 534 1612 chlamyde,
552 1550 608 1596 et
634 1540 926 1597 induerunt
951 1555 1076 1596 eum
1095 1540 1434 1596 vestimentis
1455 1540 1593 1611 ejus,
1614 1547 1670 1594 et
1703 1583 1706 1585 .

115 1632 506 1697 duxerunteum,
533 1642 592 1688 ut
619 1632 1020 1705 cruciﬁgerent.
1049 1631 1321 1704 [cccxxx1,
1346 1633 1425 1702 1.]
1451 1631 1667 1688 Exeun-

112 1736 172 1783 tes
211 1736 379 1782 autem
421 1729 746 1783 invenerunt
796 1727 1072 1782 hominem
1114 1725 1458 1800 Cyrenarum,
1491 1725 1666 1782 nomi-

1779 519 1862 567 tes
1896 527 1928 569 a
1953 528 2167 570 summo
2214 531 2385 587 usque
2417 516 2695 588 deorsum,
2726 519 2970 592 [cccxr.v,
3000 520 3112 592 10.]
3151 532 3204 577 ct
3237 532 3382 578 terra

1777 616 1924 665 mota
1975 615 2093 678 est,
2151 621 2206 667 et
2246 621 2412 682 petrae
2465 614 2650 670 scissae
2705 623 2860 683 sunt,
2921 626 2974 671 et
3031 627 3381 673 monumenta

1782 711 1967 771 aperta
1993 711 2139 772 sunt,
2198 711 2252 760 et
2282 705 2447 760 multa
2479 723 2707 777 corpora
2739 718 3072 775 sanctorum,
3126 711 3214 779 qui
3249 711 3375 765 dor-

1776 794 2043 864 mierant,
2089 807 2465 855 surrexerunt.
2522 800 2590 856 Et
2621 812 2882 858 exeuntes
2913 803 2981 859 de
3010 805 3378 860 monumentis

1777 896 1901 955 post
1930 889 2386 946 resurrectionem
2411 892 2552 961 ejus,
2583 905 2851 949 venerunt
2880 895 2931 949 in
2965 901 3209 952 sanctam
3238 897 3373 951 civi-

1775 985 1966 1046 tatem,
2015 983 2071 1035 e't
2097 992 2464 1052 apparuerunt
2493 985 2697 1040 multis.
2740 986 3004 1058 [cccxxx],
3035 986 3115 1058 2.]
3167 987 3368 1046 Centu-

1775 1070 1855 1127 rio
1904 1077 2120 1142 aute'm,
2174 1085 2228 1129 et
2276 1075 2516 1146 quicum
2545 1092 2611 1133 eo
2637 1089 2822 1144 erant,
2869 1080 3240 1137 cuswdientes
3283 1079 3374 1138 Je-

1774 1179 1891 1219 sum
1919 1206 1934 1231 ,
1962 1166 2082 1222 viso
2115 1175 2274 1223 terra:
2303 1178 2451 1224 tuotu
2472 1211 2488 1236 ,
2524 1178 2579 1225 et
2604 1169 2708 1237 his,
2741 1187 2862 1241 quae
2888 1171 3127 1240 ﬁebant,
3181 1174 3377 1230 timue-

1773 1268 1900 1313 runt
1947 1259 2142 1328 valde,
2193 1261 2439 1319 dicentes
2481 1281 2494 1317 :
2542 1263 2682 1321 Vere
2732 1265 2873 1321 ﬁlius
2930 1267 3025 1322 Dei
3084 1276 3201 1323 erat
3247 1267 3370 1324 iste.

1774 1348 2061 1420 [cccxcvm
2092 1351 2171 1426 6.]
2194 1352 2373 1410 Erant
2404 1367 2582 1412 autem
2611 1357 2685 1412 ibi
2718 1359 2967 1415 mulieres
2996 1359 3181 1415 multm
3205 1375 3236 1415 a
3260 1361 3378 1416 lon-

1771 1457 1838 1512 ge
1869 1443 1975 1516 [AL
2000 1444 2125 1500 add.
2159 1448 2524 1519 spectantes],
2555 1466 2675 1520 qua:
2703 1462 2904 1507 secuta:
2945 1464 3098 1509 erant
3126 1452 3312 1508 Jesum
3343 1467 3374 1507 a

1770 1533 1992 1591 Galilzea
2013 1582 2026 1606 ,
2059 1539 2429 1596 ministrantes
2456 1542 2528 1609 ei,
2559 1541 2704 1599 inter
2730 1562 2863 1615 quas
2895 1555 3010 1600 erat
3033 1547 3201 1601 Maria
3228 1547 3374 1616 Mag-

1770 1626 2002 1698 daIene,
2035 1640 2090 1686 et
2133 1632 2298 1687 Maria
2335 1633 2522 1691 Jacobi
2565 1645 2622 1691 et
2670 1637 2872 1707 Juseph
2929 1650 3132 1707 mater,
3165 1649 3218 1694 et
3260 1657 3374 1696 ma-

1772 1729 1856 1778 ter
1905 1721 2139 1779 ﬁliorum
2187 1724 2452 1782 Zebedaai.
2528 1728 2835 1800 [cccxcvun
2868 1730 2946 1802 1.]
2999 1729 3139 1786 Cum
3189 1742 3370 1786 autem

104 1836 158 1877 ne
185 1821 446 1877 Simonem
475 1839 486 1874 :
523 1822 668 1877 hunc
710 1821 1150 1892 angariaverunt,
1184 1829 1240 1875 ut
1287 1820 1503 1875 tolleret
1541 1835 1667 1874 cru-
1696 1822 1744 1882 B
1771 1831 1896 1872 sero
1928 1817 2127 1872 factum
2155 1828 2321 1887 esset,
2354 1821 2502 1874 venit
2529 1822 2748 1892 quidam
2783 1823 2945 1879 homo
2975 1824 3128 1879 dives
3159 1825 3226 1880 ab
3250 1825 3374 1880 Ari-

101 1928 199 1970 cem
227 1915 354 1984 ejus.
389 1913 684 1986 [cccxxxu.
731 1913 807 1984 1.]
839 1914 908 1968 Et
935 1921 1207 1969 venerunt
1235 1913 1287 1967 in
1321 1912 1526 1979 locum,
1574 1913 1665 1981 qui

95 2007 266 2064 dicitur
285 2007 733 2079 GolgOtha,quod
757 2016 840 2063 est
859 2007 1126 2064 Calvariac
1159 2007 1333 2064 locus.
1352 2005 1663 2080 [cccxxxut,

94 2103 158 2174 4.]
181 2101 239 2157 Et
267 2103 532 2159 dederunt
558 2103 607 2159 ei
635 2103 816 2157 vinum
857 2101 1050 2158 bibere
1097 2116 1219 2157 cum
1253 2099 1383 2156 feIle
1413 2101 1663 2156 mixtum.

90 2196 145 2253 Et
169 2213 280 2252 curn
307 2207 602 2269 gustasset,
631 2197 807 2253 noluit
833 2181 1043 2253 bibere.
1070 2195 1378 2268 [cccxxxrv,
1415 2193 1491 2266 1.]
1511 2195 1666 2250 Post-

88 2306 230 2362 quam
273 2301 452 2348 autem
498 2291 894 2347 crucilixerunt
939 2304 1091 2355 eum,
1137 2288 1441 2344 diviserunt
1502 2288 1670 2342 vesti-

83 2393 249 2441 menta
277 2388 420 2454 ejus,
449 2393 657 2440 sortem
690 2385 969 2439 mittentes
998 2401 1009 2436 :
1037 2391 1061 2420 ει
1093 2390 1153 2436 ut
1186 2380 1504 2453 impleretur
1526 2380 1669 2451 quod

89 2479 271 2535 dictum
317 2490 404 2536 est
447 2496 542 2550 per
590 2478 947 2550 Prophetam,
1001 2477 1274 2532 dicentem
1311 2493 1324 2528 :
1361 2473 1671 2529 Diviserunt

82 2571 177 2626 sibi
190 2572 513 2627 vestimenta
539 2585 680 2638 mea,
706 2580 762 2627 et
783 2586 948 2641 super
970 2578 1179 2626 vestem
1199 2583 1376 2624 meam
1405 2568 1672 2624 miserunt

77 2671 288 2718 sortem.
326 2663 392 2719 Et
439 2663 693 2719 sedentes
741 2661 1031 2719 servabant
1078 2677 1227 2718 eum.
1272 2660 1556 2733 [cccxxxv,
1591 2659 1669 2731 1.]

78 2753 140 2810 Et
185 2757 567 2826 imposuerunt
613 2773 775 2825 super
833 2764 993 2826 caput
1041 2755 1160 2826 ejus
1229 2769 1446 2811 causam
1499 2754 1671 2823 ipsius

75 2850 320 2921 scriptam
350 2869 363 2904 :
389 2852 489 2906 IIic
511 2860 595 2907 est
615 2851 774 2906 Iesus
796 2866 891 2906 rex
914 2850 1251 2906 Iudaeorum.
1280 2845 1670 2922 [cccxxxvr,1.]

74 2942 216 3001 Tunc
249 2946 493 3003 cruciﬁxi
547 2954 674 3001 sunt
712 2961 832 3000 cum
881 2959 947 3002 eo
977 2943 1087 3000 duo
1127 2945 1408 2999 latrones:
1453 2955 1593 2997 unus
1640 2955 1672 2994 a

75 3037 294 3110 dextris,
357 3049 413 3097 et
437 3053 578 3096 unus
608 3054 637 3094 a
666 3038 926 3095 sinistris.
965 3039 1293 3112 [cccxxxvm
1328 3035 1412 3108 6.]
1435 3035 1671 3091 Praeter-

73 3138 259 3187 euntes
312 3141 495 3188 autem
556 3130 1014 3203 bIaSphemabant
1073 3146 1198 3187 eum
1249 3136 1532 3184 moventes
1578 3143 1671 3182 ca-

1777 1907 2046 1976 matbaza,
2117 1911 2336 1968 nomine
2383 1914 2615 1984 Josepb,
2668 1915 2760 1986 qui
2806 1927 2861 1972 et
2908 1917 3026 1987 ipse
3073 1917 3372 1987 discipulus

1771 1999 2066 2056 eratJesu.
2141 2001 2238 2058 Hic
2283 2005 2515 2060 accessit
2561 2005 2626 2060 ad
2680 2006 2941 2077 Pilatum,
2987 2017 3042 2063 et
3065 2008 3224 2079 petiit
3253 2024 3374 2065 cor-

1773 2112 1876 2167 pus
1904 2097 2054 2155 Jesu.
2089 2098 2241 2156 Tunc
2266 2101 2471 2159 Pilatus
2489 2103 2654 2174 jussit
2675 2107 2828 2161 reddi
2853 2123 3072 2179 corpus.
3104 2111 3371 2183 ]_cccxux,

1773 2188 1850 2261 1.]
1909 2191 1971 2246 Et
1995 2201 2220 2263 accepto
2251 2209 2504 2264 corpore,
2532 2196 2736 2268 Joseph
2764 2199 2992 2255 involvit
3021 2201 3153 2256 illud
3187 2204 3240 2258 in
3263 2205 3375 2260 sin-

1773 2286 1916 2343 done
1945 2289 2166 2344 munda.
2224 2291 2292 2346 Et
2323 2294 2504 2363 posuit
2529 2294 2658 2350 illud
2691 2298 2741 2351 in
2769 2309 3120 2356 monumento
3151 2317 3249 2357 suo
3279 2317 3376 2358 no-

1776 2391 1863 2446 vo,
1898 2379 2041 2449 quod
2074 2381 2354 2438 exciderat
2382 2385 2434 2438 in
2469 2397 2642 2455 petra.
2687 2390 2750 2443 Et
2777 2390 3017 2447 advolvit
3041 2407 3229 2447 saxum
3261 2410 3376 2448 ma-

1778 2486 1942 2542 gnum
1984 2473 2051 2528 ad
2099 2476 2298 2531 ostium
2342 2481 2712 2548 monumenti,
2771 2493 2826 2539 et
2879 2486 3030 2541 abiit.
3093 2489 3264 2560 ['ICCCL,
3296 2488 3374 2558 6.]

1775 2565 1905 2621 Erat
1949 2576 2126 2624 autem
2173 2569 2248 2626 ibi
2289 2571 2452 2627 Maria
2482 2574 2818 2645 Magdalene,
2867 2589 2920 2634 et
2963 2581 3139 2636 altera
3186 2581 3372 2649 Maria,

1776 2657 2032 2717 sedentes
2061 2673 2250 2719 contra
2272 2665 2597 2737 sepulcrum.
2627 2668 2818 2740 [cccu,
2838 2669 2952 2740 10.]
2984 2672 3167 2728 Altera
3190 2681 3368 2728 autem

1775 2750 1890 2820 die,
1937 2769 2056 2825 quae
2088 2764 2172 2811 est
2201 2767 2320 2826 post
2348 2773 2704 2831 parasceven,
2755 2774 3130 2820 convenerunt
3177 2765 3381 2835 princi-

1786 2861 1884 2916 pes
1914 2847 2258 2905 sacerdotum
2290 2860 2346 2906 et
2393 2852 2651 2910 Pharisaei
2695 2855 2762 2910 ad
2787 2856 3049 2925 Pilatum,
3097 2855 3375 2914 dicentes:

1784 2937 2034 3007 Domine,
2082 2941 2352 2997 recordati
2399 2960 2608 3012 sumus,
2665 2948 2787 3016 quia
2831 2947 3086 3003 seductor
3122 2949 3212 3004 ille
3245 2949 3383 3005 dixit

1779 3029 1959 3088 adhuc
1986 3034 2208 3090 vivens:
2257 3034 2386 3090 Post
2420 3047 2527 3091 tres
2574 3039 2690 3094 dies
2731 3056 3031 3112 resurgam.
3087 3041 3226 3098 Jube
3250 3057 3381 3114 ergo

1785 3126 2048 3182 custodiri
2080 3129 2385 3198 sepulcrum
2417 3145 2584 3202 usque
2615 3134 2668 3187 in
2697 3133 2839 3188 diem
2865 3137 3117 3191 tertium:
3151 3151 3218 3192 ne
3241 3136 3382 3192 forte

74 3220 170 3288 pita
199 3237 323 3293 sua,
362 3233 417 3279 et
455 3222 699 3279 dicentes
731 3237 748 3277 :
784 3221 932 3277 Vah!
976 3222 1068 3293 qui
1102 3219 1343 3278 destruis
1379 3219 1666 3289 templum,
1699 3209 1747 3276 C
1779 3219 1999 3273 veniant
2042 3219 2290 3291 discipuli
2337 3224 2485 3292 ejus,
2540 3233 2592 3280 et
2621 3223 2870 3281 furentur
2897 3243 3052 3294 eum,
3106 3237 3162 3283 et
3201 3228 3384 3284 dicant

71 3312 95 3351 δ
123 3327 177 3372 et
207 3319 262 3373 in
306 3320 490 3375 triduo
523 3319 657 3376 illud
707 3320 1010 3377 reaediilcas
1039 3339 1053 3375 :
1097 3320 1245 3378 salva
1276 3319 1625 3389 temetipsum
1657 3335 1671 3373 :

71 3410 110 3463 si
137 3411 309 3469 Filius
337 3414 437 3470 Dei
479 3430 560 3482 es,
592 3414 866 3470 descende
893 3414 962 3470 de
992 3429 1177 3470 cruce.
1212 3412 1559 3486 [cccxxxvm,
1594 3409 1674 3484 2.]

69 3499 329 3562 Similiter
380 3516 436 3562 et
483 3506 761 3578 principes
810 3506 1156 3563 sacerdotum
1213 3505 1500 3562 illudentes
1548 3520 1673 3561 cum

70 3597 253 3654 scribis
304 3607 364 3654 et
415 3599 727 3656 senioribus
771 3599 1076 3656 dicebant:
1107 3598 1258 3655 Alios
1303 3599 1482 3656 salvos
1525 3597 1674 3666 fecit,

69 3688 299 3760 seipsum
356 3706 467 3747 non
507 3687 704 3762 'potest
755 3691 963 3749 salvum
1011 3691 1239 3748 facere:
1280 3693 1324 3747 si
1375 3706 1470 3747 rex
1509 3690 1675 3746 Israel

69 3794 136 3837 est
155 3828 170 3851 ,
201 3785 509 3842 descendat
539 3803 682 3843 nunc
711 3787 779 3844 de
808 3803 992 3856 cruce,
1026 3797 1078 3843 et
1107 3787 1379 3844 credimus
1409 3787 1490 3854 ei;
1546 3801 1680 3841 con-

67 3872 169 3931 ﬁdit
197 3880 255 3933 in
286 3881 438 3939 Deo:
480 3881 676 3936 liberet
706 3898 871 3949 nunc,
923 3884 967 3938 si
996 3882 1128 3946 vult,
1152 3896 1310 3936 eum:
1345 3879 1478 3934 dixit
1499 3879 1676 3934 enim:

65 3965 185 4033 Quia
211 3971 394 4029 Filius
417 3973 518 4029 Dei
540 3989 680 4029 sum.
716 3965 1382 4046 [cccxxxrx,2.]'ldipsum
1416 3981 1594 4028 autem
1625 3983 1680 4028 et

68 4057 337 4136 latrones,
391 4068 483 4140 qui
529 4069 772 4126 cruciﬁxi
813 4081 972 4127 erant
1023 4085 1146 4125 cum
1197 4083 1291 4134 eo,
1345 4068 1681 4138 impropera-

66 4152 182 4215 hrint
204 4163 284 4217 ei.

122 4254 346 4325 [ccch,
376 4255 460 4330 2.]
506 4258 554 4313 Α
602 4268 755 4314 sexta
808 4268 998 4315 autem
1056 4257 1190 4314 hora
1237 4257 1478 4314 tenebrae
1524 4256 1684 4313 facta:

66 4355 175 4403 sunt
225 4365 401 4422 super
451 4351 759 4408 universam
809 4363 1014 4408 terram
1056 4366 1229 4422 usque
1269 4351 1338 4407 ad
1366 4350 1554 4406 horam
1585 4365 1688 4406 ηοο

67 4451 196 4497 nam.
256 4445 498 4518 [cccht,
535 4445 612 4518 6.]
660 4446 727 4501 Et
770 4448 915 4501 circa
958 4447 1148 4502 horam
1182 4459 1384 4502 nonam
1415 4444 1672 4499 clamavit

65 4527 212 4591 Jeses
243 4555 392 4595 voce
422 4556 642 4608 magna,
675 4539 862 4594 dicens
883 4557 902 4593 :
956 4539 1063 4607 Eli,
1099 4539 1204 4606 Eli,
1240 4549 1262 4577 ο
1296 4537 1497 4593 lamma
1523 4537 1687 4593 saba-

1782 3310 1962 3380 plebi:
2013 3311 2265 3368 Surrexit
2291 3329 2320 3369 a
2349 3317 2602 3370 mortuis.
2649 3317 2714 3371 Et
2741 3319 2843 3374 erit
2869 3321 3194 3376 novissimus
3223 3336 3382 3376 error

1783 3401 1945 3472 pejor
1975 3404 2179 3474 priore.
2251 3405 2339 3460 Ait
2366 3405 2472 3462 illis
2504 3407 2743 3464 Pilatus:
2794 3409 3017 3467 Ilabetis
3050 3412 3383 3479 custodiam,

1786 3496 1882 3563 ile,
1935 3498 2204 3554 custodite
2244 3500 2384 3555 sicut
2423 3501 2595 3556 scitis.
2649 3501 2730 3558 Illi
2755 3512 2935 3558 autem
2962 3503 3228 3561 abeuntes
3258 3521 3383 3561 mu-

1787 3592 2006 3648 nierunt
2050 3595 2356 3664 sepulcrum
2379 3640 2393 3665 ,
2444 3597 2720 3668 signantes
2752 3598 3019 3670 lapidem,
3051 3615 3173 3657 cum
3201 3609 3386 3658 custo-

1788 3687 1966 3744 dibus.

1861 3781 2014 3854 [Cap.
2046 3783 2280 3839 XXVIII.
2320 3800 2510 3853 eccm,
2552 3786 2630 3856 2.]
2681 3788 2916 3858 Vespere
2943 3799 3123 3847 autem
3153 3791 3389 3861 sabbati,

1789 3891 1911 3946 quae
1940 3875 2165 3930 lucescit
2195 3877 2246 3931 in
2280 3879 2451 3946 prima
2479 3878 2712 3947 sabbati,
2747 3883 2894 3938 venit
2925 3884 3089 3940 Maria
3117 3885 3390 3957 Magdale-

1795 3986 1886 4037 ne,
1935 3980 1987 4025 et
2030 3971 2200 4026 altera
2246 3971 2450 4043 Maria,
2501 3973 2684 4029 videre
2714 3977 3044 4046 sepulcrum.
3135 3980 3204 4035 Et
3259 3996 3390 4038 ecce

1793 4072 1950 4116 terra:
1992 4073 2170 4117 motus
2211 4063 2384 4118 factus
2429 4073 2512 4119 est
2542 4081 2788 4138 magnus.
2840 4069 3080 4141 Angelus
3112 4071 3253 4127 enim
3287 4073 3394 4128 Do-

1791 4155 1924 4212 mini
1960 4153 2242 4211 descendit
2290 4156 2357 4212 de
2388 4157 2564 4214 cmlo:
2625 4169 2678 4215 et
2707 4163 2977 4220 accedens
3001 4165 3228 4220 revolvit
3256 4166 3390 4234 lapi-

1792 4249 1915 4304 dem
1942 4291 1957 4317 ,
2007 4257 2060 4304 et
2097 4248 2322 4305 sedebat
2360 4267 2525 4322 super
2553 4267 2708 4308 eum:
2762 4265 2880 4310 erat
2920 4266 3099 4313 autem
3139 4266 3392 4326 aspectus

1793 4344 1912 4414 ejus
1940 4343 2079 4398 sicut
2121 4343 2332 4417 fulgur:
2388 4357 2441 4402 et
2487 4349 2871 4406 vestimentum
2918 4353 3035 4420 ejus
3081 4351 3221 4404 sicut
3268 4350 3389 4405 nix.

1797 4435 2033 4512 [eccm],
2063 4437 2142 4510 2.]
2191 4438 2311 4494 Pra:
2357 4440 2554 4498 timore
2603 4451 2782 4500 autem
2829 4444 2947 4514 ejus
2987 4443 3232 4498 exterriti
3269 4453 3393 4499 sunt

1795 4530 2076 4600 custodes,
2115 4541 2170 4588 et
2210 4532 2335 4588 facti
2376 4544 2502 4589 sunt
2546 4536 2696 4591 velut
2734 4537 2954 4591 mortui.
3040 4535 3394 4606 Respondens

64 4629 234 4683 ctam?
284 4633 391 4689 ιιοο
420 4603 542 4687 est:
579 4603 718 4689 opus
745 4645 928 4701 meus,
960 4603 1108 4688 Dens
1136 4603 1311 4700 uicus,
1346 4641 1405 4687 υι
1435 4631 1560 4702 quid
1589 4631 1689 4688 (ιθ-
1713 4603 1766 4669 Ῑ)
1792 4634 1976 4682 autem
2001 4625 2228 4695 angelus
2256 4625 2391 4682 dixit
2422 4627 2773 4684 mulieribus:
2825 4627 3005 4683 Nolite
3039 4628 3230 4684 timere
3262 4645 3390 4684 vos:

65 4720 338 4792 reliquisti
377 4726 502 4782 me?
579 4726 808 4795 Quidam
839 4734 1024 4781 autem
1061 4726 1173 4782 illic
1201 4737 1440 4793 stantes,
1501 4735 1556 4783 et
1586 4742 1686 4782 auc

67 4807 274 4870 dientes
305 4817 595 4875 dicebant:
637 4818 814 4874 Etiam
850 4827 1012 4875 vocat
1041 4819 1164 4874 iste.
1199 4816 1448 4890 [eccm],
1481 4815 1562 4889 2.]
1615 4819 1688 4875 Et

65 4910 330 4966 Continuo
380 4929 612 4969 currens
666 4929 806 4967 unus
859 4928 926 4968 ex
960 4913 1040 4968 eis
1071 4922 1352 4982 acceptam
1400 4913 1681 4984 spongiam

65 4993 319 5072 implevit
368 5017 546 5076 aceto,
604 5016 657 5063 et
695 5007 961 5077 imposuit
987 5005 1262 5077 arundini,
1324 5015 1379 5063 et
1424 5007 1586 5063 dabat
1632 5006 1686 5063 ei

61 5084 277 5154 bibere.
316 5099 513 5158 Creteri
543 5116 674 5156 vero
703 5100 966 5156 dicebant
988 5119 1000 5156 :
1019 5101 1166 5164 Sine,
1189 5099 1468 5156 videamus
1499 5115 1566 5155 an
1591 5115 1694 5155 ve-

59 5186 177 5242 niat
205 5190 366 5249 Elias
400 5195 642 5251 liberans
674 5210 824 5250 eum.
871 5196 1144 5269 [cccxuu,
1184 5193 1257 5265 1.]
1313 5193 1473 5249 Jesus
1505 5201 1695 5249 autem

56 5270 266 5342 l'terum
290 5289 536 5346 clamans
551 5305 688 5345 voce
708 5305 933 5361 magna,
950 5287 1686 5363 emisitjspiritum.[cccxuv,

131 5505 156 5534 ³
185 5498 476 5575 Iotahacc
504 5503 789 5573 pericope,
818 5501 888 5557 Ut
912 5503 1208 5575 impleretur
1228 5501 1368 5575 quod
1394 5501 1590 5575 dictum
1615 5507 1697 5550 est

41 5574 148 5622 Der
173 5569 522 5642 PrOphetam'
561 5569 817 5628 dicentem
843 5591 862 5629 :
908 5569 1204 5627 Diciserunt
1241 5569 1350 5626 sibi
1396 5572 1697 5642 vestimenta

45 5647 202 5710 ἥκω,
229 5655 283 5698 et
302 5640 481 5714 super
512 5655 700 5700 vestem
731 5662 904 5700 meam
945 5645 1428 5714 miseruntsortem,
1462 5642 1516 5697 in
1543 5640 1700 5714 nullo

40 5709 348 5783 enustris
377 5709 512 5772 mss.
560 5717 650 5771 hic
694 5718 802 5773 loci
850 5717 1106 5781 additur;
1158 5712 1314 5769 abest
1355 5725 1571 5783 quoque
1612 5709 1702 5783 _ab'

51 5781 195 5838 aliis
226 5788 519 5857 veteribus
541 5785 780 5857 Latinis,
813 5788 1130 5856 Graecisque
1155 5781 1563 5857 aliquot‘libr'is,
1595 5781 1697 5836 de-

1795 4721 1910 4776 scio
1933 4720 2100 4786 enim,
2131 4719 2274 4792 quod
2305 4719 2512 4787 Jesum,
2544 4721 2634 4792 qui
2663 4720 2960 4776 cruciﬁxus
2977 4728 3079 4789 est,
3109 4721 3352 4791 quaeritis
3379 4738 3395 4776 :

1796 4833 1905 4873 non
1934 4825 2018 4873 est
2047 4816 2137 4872 hic
2184 4835 2195 4869 :
2229 4816 2468 4871 surrexit
2497 4816 2667 4882 enim,
2700 4817 2840 4870 sicut
2871 4814 3026 4870 dixit.
3065 4814 3258 4870 Venite
3279 4855 3292 4878 ,
3343 4824 3399 4870 et

1798 4909 1979 4966 videte
2022 4909 2240 4977 loeum,
2272 4907 2384 4963 'ubi
2441 4908 2650 4978 positus
2693 4915 2811 4962 erat
2857 4906 3139 4960 Dominus.
3197 4907 3264 4961 Et
3290 4904 3398 4962 cito

1800 5015 1994 5064 euntes
2035 5004 2197 5060 dicite
2234 5003 2516 5073 discipulis
2543 5002 2662 5072 ejus
2691 5001 2818 5071 quia
2848 5000 3115 5055 surrexit:
3173 5008 3228 5055 et
3271 5015 3400 5056 ecce

1803 5098 2069 5170 praecedit
2098 5110 2194 5151 vos
2226 5096 2280 5150 in
2309 5094 2606 5150 Galileam:
2646 5093 2717 5147 ibi
2758 5107 2881 5146 eum
2934 5091 3203 5146 videbitis.
3265 5093 3404 5149 Ecce

1809 5190 2032 5264 praedixi
2079 5187 2231 5242 vobis
2284 5187 2514 5260 ]cccuv,
2546 5184 2626 5255 2.]
2679 5185 2747 5239 Et
2777 5187 3028 5240 exierunt
3054 5184 3162 5240 cito
3191 5184 3257 5240 de
3286 5201 3403 5240 mo-

1812 5290 2070 5340 numento
2117 5294 2240 5335 cum
2292 5281 2490 5336 timore
2542 5287 2597 5335 et
2633 5277 2830 5349 gaudio
2862 5292 3079 5348 magno,
3125 5286 3408 5335 currentes

1807 5504 1912 5562 qua
1943 5489 2096 5562 dere
2124 5485 2273 5562 adi_to
2301 5486 2526 5562 Criticos
2551 5500 2758 5562 saeros.

1886 5561 1910 5599 δ
1943 5557 2164 5628 Addunt
2193 5557 2576 5628 Regintemss.
2603 5556 2702 5628 Diei
2734 5569 2951 5628 nomen,
2996 5555 3141 5628 quod
3171 5565 3352 5613 tamen
3379 5570 3410 5612 a

1811 5634 2006 5691 Gratco
2024 5625 2342 5700 archetype,
2374 5627 2602 5699 aliisque
2634 5627 2787 5700 libris
2820 5625 3053 5700 vulgatis
3082 5627 3260 5700 abest.

1893 5714 1915 5743 ο
1942 5702 2012 5773 In
2039 5698 2321 5773 vetustitiri
2348 5698 2571 5773 Reginae
2596 5698 2719 5757 eod.
2757 5698 2914 5770 paulo
2937 5699 3271 5771 corruptius,
3310 5699 3410 5758 Le-

1814 5791 1902 5832 ma
1929 5771 2173 5847 Zaptam'.

69 5863 233 5912 mum
255 5864 322 5915 et
348 5871 382 5914 a
404 5852 784 5930 Complutensi
814 5852 1059 5921 editione
1082 5852 1408 5915 acversione
1430 5852 1658 5926 Syriaca
1681 5863 1702 5903 :
1775 5945 1784 5948 ξ

1747 6027 1800 6039 ..οι
