3920 6200
585 280 694 335 583

1601 278 1659 335 S.
1702 271 2088 331 HIERONYMI
2125 267 2358 327 DIVINA
2399 265 2875 322 BIBLIOTHECA.

3775 264 3860 320 584

585 394 840 452 nuntiare
865 393 1147 463 discipulis
1174 392 1311 463 ejus.
1371 392 1579 464 [δοσιν.
1612 393 1727 464 10.]
1784 394 1851 449 Et
1875 407 2002 448 ecce
2027 391 2184 448 Jesus

2291 407 2359 461 At
2384 406 2461 461 illi
2494 412 2715 472 accepta
2743 401 3008 474 pecunia,
3052 398 3299 456 fecerunt
3335 399 3481 456 sicut
3505 406 3664 457 erant
3690 398 3862 456 edocti.

584 487 972 554 occurritillis,
1005 486 1224 542 dicens:
1256 495 1441 543 Avetc.
1474 486 1589 541 Illa:
1610 496 1789 542 autem
1813 493 2181 552 accesserunt,

592 590 650 636 et
711 587 999 635 tenuerunt
1058 579 1226 650 pedes
1277 579 1431 649 ejus,
1498 589 1553 634 et
1611 579 1981 635 adoraveruut
2036 595 2184 633 eum.

585 674 738 731 Tunc
764 675 839 727 ait
869 672 974 728 illis
1000 671 1189 729 Jesus:
1222 672 1398 729 Nolite
1424 676 1645 730 timere:
1680 673 1773 739 ite,
1808 672 2050 728 nuntiate
2079 672 2211 726 fra-

592 765 763 821 tribus
792 766 951 831 meis,
1000 774 1058 820 ut
1085 774 1213 822 eant
1239 766 1294 821 in
1324 765 1634 834 Galilaeam,
1686 766 1756 821 ibi
1784 781 1872 821 me
1900 766 2181 820 videbunt.

584 860 720 928 Quae
749 875 875 915 cum
901 858 1193 926 abiissent,
1244 873 1375 914 ecce
1402 858 1619 931 quidam
1652 857 1721 913 de
1745 857 2059 913 custodibus
2096 872 2181 911 ve.

586 959 789 1007 nerunt
844 951 899 1007 in
952 951 1260 1018 civitatem,
1326 960 1382 1006 et
1423 952 1811 1007 nuntiaverunt
1850 951 2185 1022 principibus

588 1048 933 1106 sacerdotum
963 1051 1145 1105 omnia
1171 1063 1297 1121 qua:
1321 1049 1463 1103 facta
1495 1048 1729 1104 fuerant.
1774 1048 1844 1102 Et
1871 1046 2184 1117 congregati

588 1158 710 1199 cum
743 1142 1077 1209 senioribus,
1124 1143 1357 1198 ceusilio
1385 1150 1631 1209 accepto,
1684 1141 1969 1210 pecuniam
2000 1142 2185 1208 cepio-

590 1250 706 1292 sam
735 1235 1008 1292 dederunt
1037 1235 1321 1302 militibus,
1348 1235 1624 1291 dicentes:
1670 1232 1843 1288 Dicite
1870 1233 1997 1303 quia
2026 1234 2186 1287 disci-

590 1330 704 1400 puli
744 1330 864 1400 ejus
915 1339 1074 1385 nocte
1122 1339 1421 1394 venerunt,
1467 1338 1522 1384 et
1551 1328 1709 1383 furati
1738 1338 1866 1382 sunt
1892 1344 2048 1393 eum,
2092 1341 2189 1382 no-

588 1420 672 1476 bis
697 1420 1115 1478 dormientibus.
1179 1422 1245 1477 Et
1275 1421 1321 1476 si
1348 1421 1451 1475 hoc
1478 1419 1720 1475 auditum
1753 1419 1912 1475 fuerit
1942 1434 1969 1472 a
2001 1419 2194 1488 praesi-

588 1510 679 1581 de,
732 1528 832 1569 nos
881 1512 1232 1570 suadebimus
1279 1513 1361 1580 ei,
1411 1520 1467 1567 et
1505 1526 1730 1567 securos
1780 1529 1876 1568 vos
1907 1512 2189 1569 faciemus.

2290 500 2358 554 Et
2384 499 2715 569 divulgatum
2747 506 2832 552 est
2856 494 3081 550 verbum
3114 492 3256 547 istud
3280 492 3421 563 apud
3448 491 3695 560 Judteos,
3720 509 3866 564 usque

2291 590 2345 646 in
2373 590 2696 646 hodiernum
2725 588 2890 644 diem.
2957 586 3221 643 Undecim
3250 597 3433 642 autem
3464 586 3719 657 discipuli
3745 586 3865 643 abie-

2290 694 2414 740 runt
2443 685 2498 738 in
2526 683 2837 748 Galilaeam,
2869 682 2923 735 in
2952 689 3195 736 montem
3214 723 3230 750 ,
3268 680 3358 735 ubi
3389 683 3757 737 constituerat
3784 682 3866 739 illis

2292 778 2473 835 Jesus.
2536 778 2603 832 Et
2644 776 2895 832 videntes
2932 792 3059 831 eum
3097 775 3501 831 adoraverunt:
3548 775 3765 845 quidam
3794 792 3870 831 au-

2291 880 2402 928 tem
2428 870 2835 927 dubitaverunt.
2900 870 2967 924 Et
3022 867 3287 924 accedens
3339 867 3505 923 Jesus
3552 870 3763 924 locutus
3804 878 3873 925 est

2289 963 2393 1031 eis,
2440 963 2661 1019 dicens:
2714 963 2847 1017 Data
2878 969 2964 1017 est
2990 960 3123 1015 mihi
3164 961 3344 1016 omnis
3375 968 3615 1029 potestas
3646 961 3696 1016 in
3726 962 3871 1028 cmlo,

2288 1066 2343 1112 et
2372 1057 2425 1112 in
2454 1066 2619 1112 terra.
2692 1057 2895 1112 Euntes
2920 1070 3055 1125 ergo
3082 1054 3276 1111 docete
3301 1070 3493 1110 omnes
3519 1066 3705 1127 gentes
3725 1096 3740 1122 ,
3788 1057 3875 1111 ba-

2289 1150 2556 1218 ptizantes
2600 1162 2698 1203 eos
2744 1148 2801 1203 in
2840 1147 3059 1226 nomine
3107 1147 3307 1213 Patris,
3362 1154 3422 1202 et
3464 1147 3617 1213 Filii,
3671 1159 3726 1203 et
3770 1148 3875 1219 Spi-

2292 1241 2430 1296 ritus
2472 1242 2677 1295 sancti:
2730 1241 2992 1295 docentes
3020 1254 3118 1295 eos
3145 1254 3370 1295 servare
3395 1239 3578 1295 omnia
3618 1255 3871 1311 quascum-

2292 1349 2398 1404 que
2448 1333 2698 1387 mandavi
2744 1332 2924 1387 vobis.
3001 1332 3070 1388 Et
3112 1346 3243 1387 ecce
3293 1346 3397 1403 ego
3446 1332 3724 1388 vobiscum
3770 1348 3871 1388 sum

2298 1426 2549 1482 omnibus
2575 1426 2790 1493 diebus,
2843 1440 3015 1497 usque
3038 1425 3107 1481 ad
3132 1425 3665 1484 consummationem
3688 1427 3871 1483 saeculi.

1613 1629 1845 1702 Explicit
1873 1630 2215 1705 Evangelium
2236 1637 2521 1692 secundum
2549 1637 2880 1694 Munitorum.

2028 1874 2465 1961 INCIPIT

663 2050 1832 2182 EVANGELIUM
1925 2057 2939 2193 SECUNDUM
3031 2067 3815 2197 MARCUM.

666 2348 823 2441 [ϐαρ.
863 2347 990 2441 1.71,
1029 2349 1111 2421 2.]
1164 2350 1382 2405 Initium
1417 2359 1441 2388 κ
1483 2349 1763 2423 Evangelii
1805 2353 1932 2408 Jesu
1972 2351 2199 2421 Christi,
2231 2355 2278 2414 B
2308 2364 2361 2409 et
2401 2355 2594 2412 faciam
2633 2376 2728 2416 vos
2771 2362 2887 2418 ﬁeri
2923 2365 3218 2434 piscatores
3256 2366 3562 2424 hominum.
3631 2370 3692 2426 Et
3720 2371 3875 2441 proti-

593 2441 692 2497 lilii
734 2440 850 2497 Dei.
902 2440 1060 2498 Sicut
1088 2441 1347 2512 scriptum
1381 2453 1462 2497 est
1495 2444 1546 2497 in
1575 2443 1711 2499 Isaia
1741 2444 2041 2515 prOpheta:
2090 2445 2195 2499 Ec-

596 2548 660 2590 ce
690 2548 794 2604 cgo
825 2533 982 2588 mitto
1010 2533 1260 2604 angelum
1292 2548 1471 2589 meum
1500 2546 1627 2591 ante
1659 2533 1851 2591 faciem
1884 2545 2057 2601 tuam,
2103 2538 2197 2605 qui

599 2623 931 2694 praeparabit
963 2625 1106 2679 viam
1134 2633 1280 2680 tuam
1310 2635 1435 2681 ante
1467 2635 1538 2682 te.
1570 2627 1651 2698 [tt,
1682 2625 1760 2698 1.]
1815 2627 1927 2683 Vox
1956 2629 2197 2685 claman-

596 2718 667 2774 tis
696 2718 747 2772 in
779 2717 1033 2773 deserto:
1065 2717 1259 2773 Parate
1286 2719 1429 2774 viam
1463 2719 1701 2787 Domini,
1738 2729 1914 2776 rectas
1937 2721 2092 2777 facite
2113 2737 2198 2778 se-

599 2810 761 2866 mitas
788 2809 931 2881 ejus.
964 2810 1069 2883 [111,
1099 2810 1179 2884 6.]
1224 2809 1348 2866 Fuit
1382 2810 1624 2867 Joannes
1667 2813 1719 2866 iu
1761 2812 1980 2869 deserto
2016 2814 2194 2885 bapti-

592 2917 745 2971 zans,
771 2912 826 2958 et
870 2903 1173 2973 pradicans
1223 2902 1548 2973 baptismum
1596 2904 1968 2973 pteniteutiae,
2023 2904 2080 2960 in
2110 2921 2196 2961 re-

595 2994 914 3051 missionem
961 3003 1332 3065 peccatorum.
1414 2995 1483 3049 Et
1528 2996 1911 3066 egrediebatur
1957 2996 2024 3052 ad
2071 3013 2194 3052 eum

596 3088 774 3143 omnis
821 3086 1021 3141 Judzcze
1067 3089 1237 3159 regio,
1290 3097 1343 3143 et
1389 3089 1787 3161 Jerosolymitze
1829 3091 2087 3159 universi,
2140 3100 2196 3147 et

594 3179 1007 3250 baptizabantur
1048 3182 1117 3236 ab
1152 3182 1246 3235 illo
1294 3182 1344 3235 in
1375 3180 1627 3238 Jordanis
1659 3182 1900 3251 flumine,
1932 3184 2194 3240 confiten-

600 3280 683 3326 tes
712 3279 929 3338 peccata
960 3285 1078 3326 sua.
1134 3272 1204 3327 Et
1247 3282 1368 3329 erat
1410 3273 1650 3330 Joannes
1694 3277 1925 3331 vestitus
1954 3276 2075 3345 pilis
2103 3291 2193 3333 ca-

595 3362 760 3429 meli,
809 3369 866 3416 et
898 3378 1030 3416 zona
1068 3364 1294 3432 pellicea
1332 3364 1472 3419 circa
1500 3366 1713 3422 lumbos
1752 3368 1905 3439 ejus,
1953 3378 2009 3424 et
2037 3371 2189 3425 locu-

600 3461 717 3509 stas
757 3461 813 3508 et
851 3452 957 3508 mel
989 3453 1238 3510 silvestre
1267 3454 1485 3510 edebat.
1516 3456 1611 3526 [lV,
1650 3458 1725 3529 1.]
1806 3459 1876 3514 Ει
1930 3462 2192 3530 pradica-

592 3545 688 3602 bat
735 3545 954 3602 dicens:
1004 3545 1167 3602 Venit
1205 3547 1397 3603 fortior
1432 3541 1517 3604 me
1568 3560 1689 3619 post
1735 3564 1851 3605 me:
1901 3553 2054 3622 cujus
2082 3569 2189 3609 non

588 3656 709 3698 sum
752 3642 952 3713 dignus
988 3642 1355 3714 procumbens
1390 3643 1607 3699 solvere
1653 3645 1939 3716 corrigiam
1978 3647 2191 3703 calcea-

2304 2461 2409 2501 nus
2435 2449 2642 2505 relictis
2676 2453 2899 2525 retibus,
2932 2459 3105 2512 secuti
3135 2466 3263 2513 sunt
3288 2476 3433 2514 eum.
3465 2460 3663 2534 [xt,6.]
3694 2463 3877 2534 Etpro—

2298 2552 2519 2607 gressus
2546 2540 2673 2597 inde
2702 2546 2991 2614 pusillum,
3041 2549 3177 2604 vidit
3211 2549 3471 2607 Jacobum
3520 2552 3787 2621 Zebedzei,
3830 2563 3875 2609 et

2299 2631 2564 2689 Joannem
2621 2637 2840 2694 fratrem
2891 2641 3029 2712 ejus,
3087 2652 3142 2699 et
3171 2644 3316 2714 ipsos
3339 2658 3727 2716 componentes
3761 2649 3874 2704 retia

2300 2727 2354 2782 in
2378 2729 2522 2783 navi.
2574 2731 2641 2785 Et
2669 2733 2852 2787 statim
2878 2738 3094 2792 vocavit
3123 2738 3267 2794 illos.
3324 2739 3391 2794 Et
3415 2740 3611 2797 relicto
3634 2751 3775 2813 patre
3795 2756 3877 2797 suo

2299 2820 2566 2878 Zebedaao
2598 2824 2652 2878 in
2685 2828 2804 2882 navi
2833 2843 2956 2884 cum
2987 2833 3365 2900 mercenariis,
3394 2834 3573 2890 secuti
3602 2847 3724 2892 sunt
3749 2852 3876 2892 eum.

2299 2916 2416 2986 lx",
2438 2918 2516 2989 8.]
2548 2918 3009 2993 Etingrediuntur
3032 2925 3451 2997 Capliarnaum:
3486 2938 3543 2985 et
3575 2930 3747 2985 statim
3772 2930 3881 2984 sab-

2297 3008 2433 3067 batis
2453 3011 2731 3082 ingressus
2752 3018 2802 3071 in
2822 3033 3148 3090 synagogam
3167 3021 3400 3078 docebat
3414 3038 3532 3081 eos.
3552 3025 3688 3099 [xtn,
3702 3023 3779 3094 2.]
3824 3024 3882 3081 Et

2296 3103 2579 3172 stupebant
2603 3121 2769 3179 super
2788 3110 3037 3167 doctrina
3058 3113 3210 3183 ejus:
3237 3125 3355 3170 erat
3375 3116 3525 3172 enim
3548 3118 3745 3173 docens
3767 3132 3875 3185 eos,

2296 3198 2450 3266 quasi
2484 3210 2806 3269 potestatem
2838 3204 3069 3271 habens,
3114 3216 3171 3263 et
3197 3224 3304 3264 non
3335 3209 3477 3266 sicut
3517 3210 3728 3267 scribas.
3757 3212 3877 3283 Im,

2296 3289 2375 3361 8.]
2407 3290 2473 3345 Et
2502 3301 2624 3348 erat
2665 3294 2717 3348 in
2755 3311 3033 3369 synagoga
3055 3314 3244 3356 eorum
3277 3301 3443 3358 homo
3470 3303 3525 3358 in
3568 3304 3752 3374 spiritu
3788 3305 3879 3358 im-

2294 3384 2498 3439 mundo
2532 3405 2543 3438 :
2577 3397 2630 3441 et
2656 3391 3005 3457 exclamavit,
3035 3392 3225 3451 dicens
3255 3412 3271 3450 :
3303 3395 3444 3465 Quid
3490 3397 3671 3467 nobis,
3696 3409 3746 3455 et
3772 3398 3876 3462 tibi,

2293 3471 2419 3529 Jesu
2466 3476 2760 3536 Nazaraene
2794 3498 2809 3538 :
2844 3484 3038 3539 venisti
3080 3486 3310 3554 perdere
3346 3490 3486 3544 nos?
3516 3491 3633 3547 scio
3664 3491 3750 3562 qui
3791 3490 3874 3555 sis,

2293 3575 2513 3622 sanctus
2559 3568 2681 3625 Dei.
2726 3571 2793 3627 Et
2828 3576 3192 3632 comminatus
3222 3588 3307 3634 est
3351 3579 3401 3634 ei
3443 3581 3627 3649 Jesus,
3670 3582 3871 3638 dicens:

2292 3657 2643 3731 Obmutesce,
2694 3674 2750 3721 et
2790 3668 2883 3723 exi
2911 3668 2981 3725 de
3015 3669 3257 3729 homine.
3313 3671 3381 3727 Et
3411 3673 3725 3746 discerpens
3764 3689 3872 3731 eum

590 3743 895 3839 ξιιθηξοῐξιξη
925 3736 1076 3839 eius;
1124 3735 1249 3839 ,Εβο
1280 3734 1546 3839 ὺειριίιεῖἰ
1580 3750 1872 3839 νεξεῖδίξξιεῖ
1927 3738 2019 3793 ille
2059 3753 2189 3794 vero
2213 3740 2258 3803 C
2291 3751 2514 3822 spiritus
2550 3758 2876 3825 immundus,
2929 3769 2986 3817 et
3027 3764 3339 3820 exclamans
3367 3780 3508 3824 voce
3547 3734 3733 3839 magna
3760 3767 3875 3822 exiit

589 3826 881 3899 baptizabit
919 3844 1016 3886 vos
1043 3829 1251 3899 Spiritu
1277 3839 1489 3885 sancto.
1516 3828 1589 3900 [v,
1629 3827 1706 3902 1.]
1752 3829 1817 3884 Ει
1844 3829 2043 3885 factum
2068 3840 2182 3887 est:

592 3921 649 3977 in
678 3921 871 3980 diebus
912 3924 1020 3980 illis
1055 3923 1208 3980 venit
1240 3922 1397 3980 Jesus
1440 3937 1468 3976 a
1500 3923 1765 3980 Nazaretb
1815 3924 2087 3980 Galilaeze:
2132 3931 2189 3980 et

592 4012 898 4085 baptizatus
937 4025 1022 4073 est
1065 4032 1094 4070 a
1130 4016 1342 4072 Joanne
1381 4017 1436 4072 in
1474 4015 1735 4073 Jordane.
1799 4019 1864 4073 Et
1891 4020 2072 4074 statim
2102 4034 2189 4074 as-

589 4107 830 4164 cendens
850 4108 920 4165 de
947 4123 1108 4178 aqua,
1152 4108 1279 4164 vidit
1308 4109 1479 4165 emlos
1500 4120 1739 4179 apertos,
1790 4121 1845 4167 et
1870 4112 2132 4184 Spiritum
2157 4112 2184 4153 ιι

588 4204 867 4269 tamquam
918 4197 1224 4255 columbam
1271 4198 1727 4269 descendentem,
1775 4212 1832 4257 et
1877 4213 2183 4260 manentem

583 4290 639 4348 in
664 4291 804 4363 ipso.
829 4290 896 4348 Et
918 4306 1024 4347 vox
1052 4289 1193 4348 facta
1224 4300 1307 4348 est
1335 4293 1403 4347 de
1431 4292 1619 4348 ctelis:
1648 4293 1729 4349 Tu
1750 4310 1810 4351 es
1834 4295 2003 4352 Filius
2031 4312 2185 4355 meus

581 4384 844 4452 dilectus,
880 4385 934 4440 in
962 4393 1014 4441 te
1038 4384 1368 4455 complacui.
1403 4382 1501 4457 [vt,
1532 4382 1613 4455 2.]
1654 4386 1733 4440 ‘Et
1776 4387 1958 4442 statim
2010 4388 2185 4458 Spiri-

584 4484 673 4553 tus
729 4475 940 4547 expulit
983 4490 1107 4533 eum
1144 4478 1196 4531 in
1231 4475 1534 4532 desertum.
1607 4476 1674 4530 Et
1708 4487 1833 4533 erat
1872 4477 1928 4533 in
1966 4478 2184 4535 deserto

582 4571 938 4643 quadraginta
961 4571 1155 4627 diebus
1178 4578 1233 4625 et
1254 4568 1609 4641 quadraginta
1631 4571 1913 4627 noctibus:
1933 4583 1986 4628 et
2009 4580 2183 4629 tenta-

579 4662 995 4720 baturaSatana
1023 4680 1034 4716 :
1061 4662 1178 4735 [vn,
1195 4660 1275 4734 6.]
1299 4673 1522 4733 eratque
1543 4678 1665 4718 cum
1695 4663 1906 4732 bestiis,
1929 4675 1985 4722 et
2003 4667 2181 4736 angeli

581 4754 965 4811 ministrabant
993 4754 1090 4810 illi.
1121 4752 1261 4827 [vm,
1293 4754 1374 4827 4.]
1420 4756 1713 4827 Postquam
1743 4768 1923 4814 autem
1954 4759 2181 4817 traditus

581 4856 665 4904 est
681 4846 1261 4918 Juannes,venitJesus
1283 4846 1337 4902 in
1351 4846 1653 4919 Galilazam,
1672 4850 1770 4922 [tx,
1786 4850 1865 4922 6.]
1883 4851 2182 4920 praedicans

582 4941 931 5013 Evangelium
956 4941 1109 5013 regni
1130 4941 1247 5010 Dei,
1278 4950 1333 4996 et
1356 4940 1575 4996 dicens:
1606 4941 1871 5009 Quoniam
1898 4944 2178 5015 impletum

576 5046 661 5095 est
691 5047 924 5110 tempus,
951 5047 1007 5095 et
1034 5038 1491 5109 appr0pinquavit
1517 5052 1744 5109 regnum
1773 5039 1867 5094 Dei
1906 5057 1921 5094 :
1954 5042 2174 5111 poenite-

2289 3849 2359 3904 ab
2387 3863 2475 3905 eo.
2508 3849 2574 3904 Et
2603 3851 2777 3905 mirati
2807 3861 2935 3908 sunt
2958 3868 3172 3923 omnes,
3204 3856 3277 3913 ita
3303 3866 3362 3913 ut
3390 3863 3773 3931 conquirerent
3795 3859 3868 3914 in-

2291 3950 2372 3999 ter
2398 3958 2459 3999 se
2486 3943 2732 4001 dicentes
2768 3964 2779 3999 :
2807 3945 3075 4015 Quidnam
3105 3957 3190 4005 est
3215 3948 3357 4007 hoc?
3376 3966 3627 4022 quaenam
3655 3952 3869 4010 doctrina

2291 4038 2405 4093 haec
2427 4040 2606 4094 nova?
2629 4039 2755 4111 quia
2780 4042 2833 4095 in
2862 4051 3136 4111 potestate
3162 4045 3331 4101 etiam
3356 4046 3643 4115 spiritibus
3666 4048 3870 4104 immun-

2287 4130 2373 4185 dis
2397 4132 2649 4202 imperat,
2681 4145 2735 4188 et
2763 4133 3026 4203 obediuut
3055 4136 3126 4192 ei.
3160 4137 3230 4192 Et
3249 4140 3526 4209 processit
3563 4156 3743 4197 rumor
3766 4139 3868 4208 ejus

2286 4226 2469 4281 statim
2498 4226 2551 4281 in
2579 4238 2798 4282 omnem
2830 4228 3105 4298 regionem
3132 4229 3396 4287 Galilmte.
3426 4232 3542 4304 lxv,
3573 4233 3657 4306 2.]
3676 4233 3738 4288 Et
3762 4247 3865 4302 pro-

2288 4316 2431 4372 tinus
2459 4317 2801 4388 egredientes
2831 4318 2902 4375 de
2928 4336 3222 4392 synagoga,
3273 4334 3546 4379 venerunt
3588 4325 3641 4379 in
3670 4325 3863 4379 domum

2284 4406 2523 4469 Simonis
2564 4418 2619 4463 et
2643 4409 2898 4474 Andreai,
2928 4426 3050 4466 cum
3078 4411 3282 4469 Jacobo
3307 4423 3363 4470 et
3401 4415 3633 4473 Joanne.
3661 4417 3865 4471 Decum-

2286 4498 2446 4554 bebat
2475 4510 2654 4556 autem
2694 4515 2885 4558 socrus
2914 4502 3155 4560 Simonis
3201 4505 3561 4565 febricitans:
3607 4516 3662 4564 et
3702 4507 3861 4562 statim

2286 4589 2471 4646 dicunt
2508 4593 2558 4647 ei
2589 4591 2657 4649 de
2688 4592 2800 4648 illa.
2836 4593 2903 4649 Et
2946 4596 3211 4653 accedens
3253 4599 3489 4656 elevavit
3516 4615 3653 4665 eam,
3686 4611 3862 4670 appre-

2285 4679 2454 4737 hensa
2474 4698 2636 4740 manu
2666 4685 2825 4755 ejus:
2854 4697 2909 4742 et
2939 4690 3202 4745 continuo
3231 4690 3443 4748 dimisit
3470 4707 3588 4748 eam
3614 4691 3793 4756 lehris,
3813 4696 3861 4743 et

2284 4771 2624 4829 ministrabat
2651 4777 2750 4832 eis.
2783 4777 3019 4849 Vespere
3048 4791 3232 4838 autem
3265 4783 3409 4839 facto
3434 4799 3558 4840 cum
3590 4784 3860 4840 occidisset

2283 4866 2389 4931 sol,
2411 4864 2708 4923 aﬂ'erehant
2733 4869 2801 4925 ad
2828 4885 2951 4925 eum
2983 4887 3175 4930 omnes
3204 4875 3345 4931 male
3378 4874 3669 4944 habentes,
3694 4884 3745 4930 et
3765 4873 3856 4929 da-

2283 4958 2464 5015 monia
2497 4959 2758 5017 habentes
2801 4981 2812 5017 :
2864 4972 2919 5019 et
2956 4975 3079 5020 erat
3108 4967 3289 5022 onmis
3326 4967 3521 5023 civitas
3563 4972 3853 5040 congregata

2284 5051 2349 5107 ad
2377 5053 2619 5121 januam.
2651 5053 2720 5109 Et
2744 5056 2955 5112 curavit
2980 5057 3205 5123 multos,
3235 5059 3325 5129 qui
3360 5060 3694 5117 vexabantur
3716 5056 3851 5113 variis

575 5130 743 5198 mini,
784 5130 1086 5224 et‘credite
1134 5130 1456 5224 Evangelio.
1528 5131 1598 5186 Et
1646 5133 1965 5203 praeteriens
2013 5149 2171 5192 secus
2198 5130 2250 5192 D
2277 5141 2647 5217 languoribus,
2675 5147 2807 5218 [xvt,
2837 5149 2917 5220 8.]
2948 5160 3000 5205 et
3024 5150 3293 5208 damonia
3321 5153 3493 5210 multa
3524 5154 3782 5224 ejii-iehat,
3805 5155 3849 5202 ct

574 5237 727 5280 mare
773 5222 1047 5293 Galilaese,
1101 5222 1244 5278 vidit
1288 5223 1600 5293 Simonem,
1649 5235 1706 5282 et
1744 5225 2016 5284 Andream
2062 5227 2170 5284 fra-

578 5327 715 5375 trem
747 5318 890 5389 ejus,
932 5318 1212 5374 mittentes
1258 5320 1391 5375 retia
1424 5320 1478 5374 in
1503 5334 1653 5376 mare
1679 5320 1861 5394 (erant
1889 5326 2033 5377 enim
2065 5323 2174 5394 pis-

574 5411 848 5486 catores),
891 5413 967 5486 [x,
989 5411 1073 5485 2.]
1105 5422 1160 5469 et
1185 5412 1321 5469 dixit
1345 5413 1426 5471 eis
1451 5412 1609 5471 Jesus
1650 5433 1667 5471 :
1697 5415 1893 5474 Venite
1917 5428 2037 5489 post
2061 5435 2168 5489 me,

646 5582 673 5612 ι
704 5573 991 5647 Pmponit
1006 5589 1198 5647 unuse
1222 5574 1442 5647 Regina:
1473 5575 1769 5643 codicibus,
1793 5580 1979 5634 sancti.
1996 5580 2162 5635 Paulo

574 5651 755 5719 autem
776 5656 919 5715 post,
942 5646 1032 5700 ubi
1055 5645 1273 5714 dicitur,
1296 5645 1609 5719 prteparabt't
1628 5649 1764 5703 viam
1782 5667 1931 5705 suam
1953 5661 2071 5706 ante
2091 5660 2158 5719 te,

572 5714 690 5789 pari
728 5714 922 5771 omnes
957 5727 1229 5771 consensu
1261 5714 1428 5772 verba
1465 5725 1587 5773 ante
1637 5727 1687 5774 te
1720 5714 2160 5790 praetermittunt,

2270 5724 2517 5783 editione
2539 5728 2808 5798 Sanctum,
2845 5731 2895 5787 id
2923 5742 3006 5789 est
3036 5724 3296 5804 Spiritum
3323 5724 3581 5794 sanctum.

2282 5251 2390 5292 non
2419 5238 2633 5296 sinebat
2659 5255 2724 5296 ea
2752 5241 2922 5312 loqui,
2952 5245 3206 5314 quoniam
3244 5246 3491 5303 sciebant
3535 5264 3676 5305 eum.
3708 5247 3843 5319 [mh

2280 5328 2362 5401 8.]
2392 5330 2459 5386 Et
2484 5331 2723 5390 diluculo
2756 5335 2917 5391 valde
2956 5352 3207 5410 surgens,
3237 5355 3493 5409 egressus
3520 5344 3651 5399 abiit
3689 5344 3735 5398 in
3761 5339 3840 5394 deo

2281 5432 2485 5482 sertum
2515 5426 2718 5495 locum,
2753 5428 2934 5499 ibique
2963 5431 3173 5487 orabat.
3204 5431 3272 5487 Et
3293 5445 3619 5503 prosecutus
3641 5444 3717 5492 est
3741 5445 3839 5489 eum

2269 5598 2391 5656 qua:
2412 5593 2468 5640 et
2490 5586 2540 5640 in
2563 5586 2768 5656 aliquot
2787 5590 2992 5645 Grzecis
3015 5606 3148 5648 mss.
3195 5591 3284 5649 hic
3324 5594 3427 5651 loci
3472 5596 3835 5655 desiderantur.

2344 5653 2593 5734 ξ’,Αιίιιιρ
2634 5653 2721 5712 Ιίίο
2748 5660 2898 5734 addit
2926 5676 3071 5734 unus
3095 5663 3317 5734 Regina:
3347 5681 3450 5722 ms.
3496 5653 3618 5725 cum
3640 5653 3835 5725 Sixliua

3848 5772 3887 5787 Ι
