  <div class='ocr_page' id='page_1' title='image "/cluster/home/n/w/nwhite01/storage/ocr_20150623/29/uva.x000826564/316.png"; bbox 0 0 3920 6200; ppageno 0'>
   <div class='ocr_carea' id='block_1_1' title="bbox 171 182 3405 252">
    <p class='ocr_par' dir='ltr' id='par_1_1' title="bbox 171 182 3405 252">
     <span class='ocr_line' id='line_1_1' title="bbox 171 182 3405 252; baseline 0.004 -12"><span class='ocrx_word' id='word_1_1' title='bbox 171 182 255 241; x_wconf 72' lang='grc' dir='ltr'>ΒΘῦ</span> <span class='ocrx_word' id='word_1_2' title='bbox 1136 183 1589 245; x_wconf 81' lang='lat' dir='ltr'>EVANGELIIJM</span> <span class='ocrx_word' id='word_1_3' title='bbox 1628 182 2004 243; x_wconf 82' lang='lat' dir='ltr'>SECUNDUM</span> <span class='ocrx_word' id='word_1_4' title='bbox 2046 187 2279 245; x_wconf 80' lang='lat' dir='ltr'>MARCU</span> <span class='ocrx_word' id='word_1_5' title='bbox 2289 190 2363 245; x_wconf 87' lang='grc' dir='ltr'>Μ.</span> <span class='ocrx_word' id='word_1_6' title='bbox 3299 196 3405 252; x_wconf 78' lang='lat'>586</span> 
     </span>
    </p>
   </div>
   <div class='ocr_carea' id='block_1_2' title="bbox 166 297 3408 380">
    <p class='ocr_par' dir='ltr' id='par_1_2' title="bbox 166 297 3408 380">
     <span class='ocr_line' id='line_1_2' title="bbox 166 297 3408 380; baseline 0.004 -26"><span class='ocrx_word' id='word_1_7' title='bbox 166 297 330 367; x_wconf 86' lang='lat' dir='ltr'>Simon,</span> <span class='ocrx_word' id='word_1_8' title='bbox 360 311 414 358; x_wconf 88' lang='lat' dir='ltr'>et</span> <span class='ocrx_word' id='word_1_9' title='bbox 457 302 547 372; x_wconf 86' lang='lat' dir='ltr'>qui</span> <span class='ocrx_word' id='word_1_10' title='bbox 590 315 706 357; x_wconf 90' lang='lat' dir='ltr'>cum</span> <span class='ocrx_word' id='word_1_11' title='bbox 754 301 845 357; x_wconf 91' lang='lat' dir='ltr'>illo</span> <span class='ocrx_word' id='word_1_12' title='bbox 880 312 1055 358; x_wconf 91' lang='lat' dir='ltr'>erant.</span> <span class='ocrx_word' id='word_1_13' title='bbox 1084 302 1154 359; x_wconf 86' lang='lat' dir='ltr'>Et</span> <span class='ocrx_word' id='word_1_14' title='bbox 1199 321 1323 360; x_wconf 92' lang='lat' dir='ltr'>cum</span> <span class='ocrx_word' id='word_1_15' title='bbox 1364 305 1701 361; x_wconf 73' lang='lat' dir='ltr'>invenissent</span> <span class='ocrx_word' id='word_1_16' title='bbox 1726 306 1777 366; x_wconf 83' lang='lat' dir='ltr'><strong>A</strong></span> <span class='ocrx_word' id='word_1_17' title='bbox 1803 304 2029 362; x_wconf 84' lang='lat' dir='ltr'>Joannis</span> <span class='ocrx_word' id='word_1_18' title='bbox 2056 318 2109 363; x_wconf 90' lang='lat' dir='ltr'>et</span> <span class='ocrx_word' id='word_1_19' title='bbox 2154 308 2407 378; x_wconf 88' lang='lat' dir='ltr'>pharisaei</span> <span class='ocrx_word' id='word_1_20' title='bbox 2454 308 2811 380; x_wconf 87' lang='lat' dir='ltr'>jejunantes:</span> <span class='ocrx_word' id='word_1_21' title='bbox 2850 319 2907 367; x_wconf 90' lang='lat' dir='ltr'>et</span> <span class='ocrx_word' id='word_1_22' title='bbox 2936 309 3197 378; x_wconf 87' lang='lat' dir='ltr'>veniunt,</span> <span class='ocrx_word' id='word_1_23' title='bbox 3228 321 3284 367; x_wconf 90' lang='lat' dir='ltr'>et</span> <span class='ocrx_word' id='word_1_24' title='bbox 3326 314 3408 368; x_wconf 86' lang='lat' dir='ltr'>di-</span> 
     </span>
    </p>
   </div>
   <div class='ocr_carea' id='block_1_3' title="bbox 168 394 3409 477">
    <p class='ocr_par' dir='ltr' id='par_1_3' title="bbox 168 394 3409 477">
     <span class='ocr_line' id='line_1_3' title="bbox 168 394 3409 477; baseline 0.004 -29"><span class='ocrx_word' id='word_1_25' title='bbox 168 406 284 460; x_wconf 90' lang='lat' dir='ltr'>eum,</span> <span class='ocrx_word' id='word_1_26' title='bbox 314 395 560 451; x_wconf 87' lang='lat' dir='ltr'>dixerunt</span> <span class='ocrx_word' id='word_1_27' title='bbox 594 394 641 450; x_wconf 87' lang='lat' dir='ltr'>ei</span> <span class='ocrx_word' id='word_1_28' title='bbox 683 414 695 450; x_wconf 90' lang='lat'>:</span> <span class='ocrx_word' id='word_1_29' title='bbox 726 396 857 463; x_wconf 88' lang='lat' dir='ltr'>Quia</span> <span class='ocrx_word' id='word_1_30' title='bbox 904 411 1094 453; x_wconf 92' lang='lat' dir='ltr'>omnes</span> <span class='ocrx_word' id='word_1_31' title='bbox 1131 408 1382 468; x_wconf 69' lang='lat' dir='ltr'>qumrnnt</span> <span class='ocrx_word' id='word_1_32' title='bbox 1413 410 1483 454; x_wconf 87' lang='lat' dir='ltr'>te.</span> <span class='ocrx_word' id='word_1_33' title='bbox 1517 400 1584 454; x_wconf 89' lang='lat' dir='ltr'>Et</span> <span class='ocrx_word' id='word_1_34' title='bbox 1627 400 1704 454; x_wconf 91' lang='lat' dir='ltr'>ait</span> <span class='ocrx_word' id='word_1_35' title='bbox 1806 410 1936 455; x_wconf 89' lang='lat' dir='ltr'>cunt</span> <span class='ocrx_word' id='word_1_36' title='bbox 1981 402 2057 456; x_wconf 92' lang='lat' dir='ltr'>illi</span> <span class='ocrx_word' id='word_1_37' title='bbox 2089 418 2103 457; x_wconf 90' lang='lat'>:</span> <span class='ocrx_word' id='word_1_38' title='bbox 2152 403 2332 471; x_wconf 89' lang='lat' dir='ltr'>Quare</span> <span class='ocrx_word' id='word_1_39' title='bbox 2361 404 2610 473; x_wconf 89' lang='lat' dir='ltr'>discipuli</span> <span class='ocrx_word' id='word_1_40' title='bbox 2662 404 2885 461; x_wconf 82' lang='lat' dir='ltr'>Joannis</span> <span class='ocrx_word' id='word_1_41' title='bbox 2916 416 2972 462; x_wconf 93' lang='lat' dir='ltr'>et</span> <span class='ocrx_word' id='word_1_42' title='bbox 3018 406 3409 477; x_wconf 72' lang='lat' dir='ltr'>pharismornm</span> 
     </span>
    </p>
   </div>
   <div class='ocr_carea' id='block_1_4' title="bbox 166 481 3414 566">
    <p class='ocr_par' dir='ltr' id='par_1_4' title="bbox 166 481 3414 566">
     <span class='ocr_line' id='line_1_4' title="bbox 166 481 3414 566; baseline 0.005 -29"><span class='ocrx_word' id='word_1_43' title='bbox 166 481 289 540; x_wconf 86' lang='lat' dir='ltr'>illis:</span> <span class='ocrx_word' id='word_1_44' title='bbox 325 486 517 542; x_wconf 87' lang='lat' dir='ltr'>Eamus</span> <span class='ocrx_word' id='word_1_45' title='bbox 545 487 595 541; x_wconf 92' lang='lat' dir='ltr'>in</span> <span class='ocrx_word' id='word_1_46' title='bbox 637 487 908 556; x_wconf 85' lang='lat' dir='ltr'>proximos</span> <span class='ocrx_word' id='word_1_47' title='bbox 946 488 1117 552; x_wconf 89' lang='lat' dir='ltr'>vicos,</span> <span class='ocrx_word' id='word_1_48' title='bbox 1157 499 1212 545; x_wconf 87' lang='lat' dir='ltr'>et</span> <span class='ocrx_word' id='word_1_49' title='bbox 1252 490 1522 558; x_wconf 75' lang='lat' dir='ltr'>civitates,</span> <span class='ocrx_word' id='word_1_50' title='bbox 1564 499 1623 545; x_wconf 93' lang='lat' dir='ltr'>ut</span> <span class='ocrx_word' id='word_1_51' title='bbox 1651 499 1706 545; x_wconf 89' lang='lat' dir='ltr'>et</span> <span class='ocrx_word' id='word_1_52' title='bbox 1802 491 2070 561; x_wconf 90' lang='lat' dir='ltr'>jejunant,</span> <span class='ocrx_word' id='word_1_53' title='bbox 2112 494 2187 548; x_wconf 90' lang='lat' dir='ltr'>tui</span> <span class='ocrx_word' id='word_1_54' title='bbox 2227 503 2408 550; x_wconf 89' lang='lat' dir='ltr'>autem</span> <span class='ocrx_word' id='word_1_55' title='bbox 2458 494 2709 566; x_wconf 86' lang='lat' dir='ltr'>discipuli</span> <span class='ocrx_word' id='word_1_56' title='bbox 2743 511 2849 551; x_wconf 91' lang='lat' dir='ltr'>non</span> <span class='ocrx_word' id='word_1_57' title='bbox 2884 496 3170 565; x_wconf 85' lang='lat' dir='ltr'>jejunant?</span> <span class='ocrx_word' id='word_1_58' title='bbox 3214 497 3283 552; x_wconf 88' lang='lat' dir='ltr'>Et</span> <span class='ocrx_word' id='word_1_59' title='bbox 3337 498 3414 552; x_wconf 87' lang='lat' dir='ltr'>ait</span> 
     </span>
    </p>
   </div>
   <div class='ocr_carea' id='block_1_5' title="bbox 164 575 3413 659">
    <p class='ocr_par' dir='ltr' id='par_1_5' title="bbox 164 575 3413 659">
     <span class='ocr_line' id='line_1_5' title="bbox 164 575 3413 659; baseline 0.004 -29"><span class='ocrx_word' id='word_1_60' title='bbox 164 575 222 632; x_wconf 86' lang='lat' dir='ltr'>ibi</span> <span class='ocrx_word' id='word_1_61' title='bbox 246 578 506 647; x_wconf 68' lang='lat' dir='ltr'>prazdicem</span> <span class='ocrx_word' id='word_1_62' title='bbox 534 597 549 634; x_wconf 88' lang='lat'>:</span> <span class='ocrx_word' id='word_1_63' title='bbox 580 580 648 635; x_wconf 88' lang='lat' dir='ltr'>ad</span> <span class='ocrx_word' id='word_1_64' title='bbox 676 580 778 637; x_wconf 86' lang='lat' dir='ltr'>hoc</span> <span class='ocrx_word' id='word_1_65' title='bbox 803 581 945 637; x_wconf 89' lang='lat' dir='ltr'>enim</span> <span class='ocrx_word' id='word_1_66' title='bbox 973 584 1119 637; x_wconf 88' lang='lat' dir='ltr'>veni.</span> <span class='ocrx_word' id='word_1_67' title='bbox 1166 582 1232 637; x_wconf 83' lang='lat' dir='ltr'>Et</span> <span class='ocrx_word' id='word_1_68' title='bbox 1260 593 1378 639; x_wconf 90' lang='lat' dir='ltr'>erat</span> <span class='ocrx_word' id='word_1_69' title='bbox 1409 584 1705 653; x_wconf 72' lang='lat' dir='ltr'>prmdicans</span> <span class='ocrx_word' id='word_1_70' title='bbox 1808 584 1915 641; x_wconf 90' lang='lat' dir='ltr'>illis</span> <span class='ocrx_word' id='word_1_71' title='bbox 1944 584 2104 642; x_wconf 84' lang='lat' dir='ltr'>Jesus</span> <span class='ocrx_word' id='word_1_72' title='bbox 2126 603 2140 643; x_wconf 89' lang='lat'>:</span> <span class='ocrx_word' id='word_1_73' title='bbox 2166 586 2437 658; x_wconf 85' lang='lat' dir='ltr'>Numquid</span> <span class='ocrx_word' id='word_1_74' title='bbox 2472 597 2699 657; x_wconf 89' lang='lat' dir='ltr'>possunt</span> <span class='ocrx_word' id='word_1_75' title='bbox 2728 587 2821 643; x_wconf 83' lang='lat' dir='ltr'>filii</span> <span class='ocrx_word' id='word_1_76' title='bbox 2856 590 3189 659; x_wconf 75' lang='lat' dir='ltr'>nuptiarum,</span> <span class='ocrx_word' id='word_1_77' title='bbox 3224 603 3413 659; x_wconf 89' lang='lat' dir='ltr'>quam-</span> 
     </span>
    </p>
   </div>
   <div class='ocr_carea' id='block_1_6' title="bbox 163 669 3415 755">
    <p class='ocr_par' dir='ltr' id='par_1_6' title="bbox 163 669 3415 755">
     <span class='ocr_line' id='line_1_6' title="bbox 163 669 3415 755; baseline 0.005 -31"><span class='ocrx_word' id='word_1_78' title='bbox 163 669 204 724; x_wconf 91' lang='lat' dir='ltr'>in</span> <span class='ocrx_word' id='word_1_79' title='bbox 225 674 483 742; x_wconf 80' lang='lat' dir='ltr'>synagogis</span> <span class='ocrx_word' id='word_1_80' title='bbox 504 687 715 739; x_wconf 91' lang='lat' dir='ltr'>eorum,</span> <span class='ocrx_word' id='word_1_81' title='bbox 742 680 796 729; x_wconf 91' lang='lat' dir='ltr'>et</span> <span class='ocrx_word' id='word_1_82' title='bbox 824 672 877 728; x_wconf 90' lang='lat' dir='ltr'>in</span> <span class='ocrx_word' id='word_1_83' title='bbox 906 675 1053 729; x_wconf 89' lang='lat' dir='ltr'>omni</span> <span class='ocrx_word' id='word_1_84' title='bbox 1083 675 1325 744; x_wconf 82' lang='lat' dir='ltr'>Galilaea,</span> <span class='ocrx_word' id='word_1_85' title='bbox 1358 688 1415 731; x_wconf 91' lang='lat' dir='ltr'>et</span> <span class='ocrx_word' id='word_1_86' title='bbox 1440 674 1705 730; x_wconf 77' lang='lat' dir='ltr'>daemonia</span> <span class='ocrx_word' id='word_1_87' title='bbox 1808 676 1900 733; x_wconf 89' lang='lat' dir='ltr'>diu</span> <span class='ocrx_word' id='word_1_88' title='bbox 1928 693 2161 748; x_wconf 91' lang='lat' dir='ltr'>sponsus</span> <span class='ocrx_word' id='word_1_89' title='bbox 2193 694 2315 735; x_wconf 92' lang='lat' dir='ltr'>cum</span> <span class='ocrx_word' id='word_1_90' title='bbox 2344 680 2452 735; x_wconf 89' lang='lat' dir='ltr'>illis</span> <span class='ocrx_word' id='word_1_91' title='bbox 2475 692 2581 748; x_wconf 89' lang='lat' dir='ltr'>est,</span> <span class='ocrx_word' id='word_1_92' title='bbox 2606 681 2892 752; x_wconf 87' lang='lat' dir='ltr'>jejunare?</span> <span class='ocrx_word' id='word_1_93' title='bbox 2921 682 3138 751; x_wconf 87' lang='lat' dir='ltr'>Quanto</span> <span class='ocrx_word' id='word_1_94' title='bbox 3171 693 3415 755; x_wconf 90' lang='lat' dir='ltr'>tempore</span> 
     </span>
    </p>
   </div>
   <div class='ocr_carea' id='block_1_7' title="bbox 163 762 3420 845">
    <p class='ocr_par' dir='ltr' id='par_1_7' title="bbox 163 762 3420 845">
     <span class='ocr_line' id='line_1_7' title="bbox 163 762 3420 845; baseline 0.004 -27"><span class='ocrx_word' id='word_1_95' title='bbox 163 762 350 832; x_wconf 81' lang='lat' dir='ltr'>ejiciens.</span> <span class='ocrx_word' id='word_1_96' title='bbox 386 764 564 837; x_wconf 85' lang='lat' dir='ltr'>[xvm,</span> <span class='ocrx_word' id='word_1_97' title='bbox 588 764 668 837; x_wconf 74' lang='lat'>2.]</span> <span class='ocrx_word' id='word_1_98' title='bbox 704 766 769 821; x_wconf 87' lang='lat' dir='ltr'>Et</span> <span class='ocrx_word' id='word_1_99' title='bbox 794 767 946 823; x_wconf 91' lang='lat' dir='ltr'>venit</span> <span class='ocrx_word' id='word_1_100' title='bbox 976 767 1043 822; x_wconf 90' lang='lat' dir='ltr'>ad</span> <span class='ocrx_word' id='word_1_101' title='bbox 1075 782 1200 823; x_wconf 89' lang='lat' dir='ltr'>eum</span> <span class='ocrx_word' id='word_1_102' title='bbox 1238 768 1485 837; x_wconf 87' lang='lat' dir='ltr'>leprosus</span> <span class='ocrx_word' id='word_1_103' title='bbox 1515 768 1708 837; x_wconf 90' lang='lat' dir='ltr'>depre-</span> <span class='ocrx_word' id='word_1_104' title='bbox 1809 770 2017 827; x_wconf 83' lang='lat' dir='ltr'>habent</span> <span class='ocrx_word' id='word_1_105' title='bbox 2056 787 2242 829; x_wconf 89' lang='lat' dir='ltr'>secum</span> <span class='ocrx_word' id='word_1_106' title='bbox 2286 788 2569 845; x_wconf 90' lang='lat' dir='ltr'>sponsum,</span> <span class='ocrx_word' id='word_1_107' title='bbox 2606 789 2712 830; x_wconf 92' lang='lat' dir='ltr'>non</span> <span class='ocrx_word' id='word_1_108' title='bbox 2750 786 2982 845; x_wconf 88' lang='lat' dir='ltr'>possunt</span> <span class='ocrx_word' id='word_1_109' title='bbox 3018 775 3288 845; x_wconf 88' lang='lat' dir='ltr'>jejunare.</span> <span class='ocrx_word' id='word_1_110' title='bbox 3317 776 3420 831; x_wconf 59' lang='lat' dir='ltr'>Ve-</span> 
     </span>
    </p>
   </div>
   <div class='ocr_carea' id='block_1_8' title="bbox 163 861 3422 938">
    <p class='ocr_par' dir='ltr' id='par_1_8' title="bbox 163 861 3422 938">
     <span class='ocr_line' id='line_1_8' title="bbox 163 861 3422 938; baseline 0.002 -21"><span class='ocrx_word' id='word_1_111' title='bbox 163 874 424 917; x_wconf 86' lang='lat' dir='ltr'>canseum:</span> <span class='ocrx_word' id='word_1_112' title='bbox 456 870 512 916; x_wconf 92' lang='lat' dir='ltr'>et</span> <span class='ocrx_word' id='word_1_113' title='bbox 540 876 678 932; x_wconf 86' lang='lat' dir='ltr'>genu</span> <span class='ocrx_word' id='word_1_114' title='bbox 709 861 869 931; x_wconf 84' lang='lat' dir='ltr'>ﬂexo,</span> <span class='ocrx_word' id='word_1_115' title='bbox 903 862 1039 918; x_wconf 80' lang='lat' dir='ltr'>dixit</span> <span class='ocrx_word' id='word_1_116' title='bbox 1070 863 1120 919; x_wconf 92' lang='lat' dir='ltr'>ei</span> <span class='ocrx_word' id='word_1_117' title='bbox 1154 880 1166 918; x_wconf 92' lang='lat'>:</span> <span class='ocrx_word' id='word_1_118' title='bbox 1202 863 1259 919; x_wconf 89' lang='lat' dir='ltr'>Si</span> <span class='ocrx_word' id='word_1_119' title='bbox 1291 862 1393 930; x_wconf 87' lang='lat' dir='ltr'>vis,</span> <span class='ocrx_word' id='word_1_120' title='bbox 1430 872 1584 933; x_wconf 89' lang='lat' dir='ltr'>potes</span> <span class='ocrx_word' id='word_1_121' title='bbox 1620 876 1709 917; x_wconf 88' lang='lat' dir='ltr'>me</span> <span class='ocrx_word' id='word_1_122' title='bbox 1810 864 1963 919; x_wconf 87' lang='lat' dir='ltr'>nient</span> <span class='ocrx_word' id='word_1_123' title='bbox 2004 875 2185 920; x_wconf 88' lang='lat' dir='ltr'>autem</span> <span class='ocrx_word' id='word_1_124' title='bbox 2215 866 2333 922; x_wconf 88' lang='lat' dir='ltr'>dies</span> <span class='ocrx_word' id='word_1_125' title='bbox 2362 880 2484 922; x_wconf 91' lang='lat' dir='ltr'>cum</span> <span class='ocrx_word' id='word_1_126' title='bbox 2516 867 2796 923; x_wconf 90' lang='lat' dir='ltr'>auferetur</span> <span class='ocrx_word' id='word_1_127' title='bbox 2825 868 2894 922; x_wconf 91' lang='lat' dir='ltr'>ab</span> <span class='ocrx_word' id='word_1_128' title='bbox 2918 867 2998 923; x_wconf 89' lang='lat' dir='ltr'>eis</span> <span class='ocrx_word' id='word_1_129' title='bbox 3041 883 3275 938; x_wconf 85' lang='lat' dir='ltr'>sponsus</span> <span class='ocrx_word' id='word_1_130' title='bbox 3304 886 3315 923; x_wconf 89' lang='lat'>:</span> <span class='ocrx_word' id='word_1_131' title='bbox 3368 879 3422 923; x_wconf 91' lang='lat' dir='ltr'>et</span> 
     </span>
    </p>
   </div>
   <div class='ocr_carea' id='block_1_9' title="bbox 163 954 3421 1028">
    <p class='ocr_par' dir='ltr' id='par_1_9' title="bbox 163 954 3421 1028">
     <span class='ocr_line' id='line_1_9' title="bbox 163 954 3421 1028; baseline 0.002 -19"><span class='ocrx_word' id='word_1_132' title='bbox 163 954 388 1013; x_wconf 89' lang='lat' dir='ltr'>mundare.</span> <span class='ocrx_word' id='word_1_133' title='bbox 420 954 583 1011; x_wconf 87' lang='lat' dir='ltr'>Jesus</span> <span class='ocrx_word' id='word_1_134' title='bbox 626 965 805 1013; x_wconf 90' lang='lat' dir='ltr'>autem</span> <span class='ocrx_word' id='word_1_135' title='bbox 844 958 1102 1013; x_wconf 85' lang='lat' dir='ltr'>misertus</span> <span class='ocrx_word' id='word_1_136' title='bbox 1131 958 1271 1028; x_wconf 87' lang='lat' dir='ltr'>ejus,</span> <span class='ocrx_word' id='word_1_137' title='bbox 1303 958 1548 1013; x_wconf 90' lang='lat' dir='ltr'>extendit</span> <span class='ocrx_word' id='word_1_138' title='bbox 1595 972 1709 1011; x_wconf 85' lang='lat' dir='ltr'>ma—</span> <span class='ocrx_word' id='word_1_139' title='bbox 1814 965 1941 1012; x_wconf 91' lang='lat' dir='ltr'>tunc</span> <span class='ocrx_word' id='word_1_140' title='bbox 1966 956 2293 1027; x_wconf 90' lang='lat' dir='ltr'>jejunabunt</span> <span class='ocrx_word' id='word_1_141' title='bbox 2334 958 2389 1013; x_wconf 91' lang='lat' dir='ltr'>in</span> <span class='ocrx_word' id='word_1_142' title='bbox 2441 958 2550 1013; x_wconf 87' lang='lat' dir='ltr'>illis</span> <span class='ocrx_word' id='word_1_143' title='bbox 2580 959 2794 1017; x_wconf 89' lang='lat' dir='ltr'>diebus.</span> <span class='ocrx_word' id='word_1_144' title='bbox 2827 959 3002 1015; x_wconf 85' lang='lat' dir='ltr'>Nemo</span> <span class='ocrx_word' id='word_1_145' title='bbox 3041 970 3421 1017; x_wconf 87' lang='lat' dir='ltr'>assumentum</span> 
     </span>
    </p>
   </div>
   <div class='ocr_carea' id='block_1_10' title="bbox 159 1049 3424 1125">
    <p class='ocr_par' dir='ltr' id='par_1_10' title="bbox 159 1049 3424 1125">
     <span class='ocr_line' id='line_1_10' title="bbox 159 1049 3424 1125; baseline 0.002 -20"><span class='ocrx_word' id='word_1_146' title='bbox 159 1064 253 1105; x_wconf 90' lang='lat' dir='ltr'>num</span> <span class='ocrx_word' id='word_1_147' title='bbox 273 1064 431 1115; x_wconf 89' lang='lat' dir='ltr'>suam,</span> <span class='ocrx_word' id='word_1_148' title='bbox 461 1060 517 1105; x_wconf 91' lang='lat' dir='ltr'>et</span> <span class='ocrx_word' id='word_1_149' title='bbox 549 1058 775 1121; x_wconf 89' lang='lat' dir='ltr'>tangens</span> <span class='ocrx_word' id='word_1_150' title='bbox 806 1065 953 1117; x_wconf 91' lang='lat' dir='ltr'>eum,</span> <span class='ocrx_word' id='word_1_151' title='bbox 982 1051 1058 1105; x_wconf 84' lang='lat' dir='ltr'>ait</span> <span class='ocrx_word' id='word_1_152' title='bbox 1081 1051 1158 1105; x_wconf 93' lang='lat' dir='ltr'>illi</span> <span class='ocrx_word' id='word_1_153' title='bbox 1186 1070 1200 1107; x_wconf 89' lang='lat'>:</span> <span class='ocrx_word' id='word_1_154' title='bbox 1232 1050 1393 1105; x_wconf 81' lang='lat' dir='ltr'>Volo.</span> <span class='ocrx_word' id='word_1_155' title='bbox 1426 1049 1705 1105; x_wconf 83' lang='lat' dir='ltr'>Mundare.</span> <span class='ocrx_word' id='word_1_156' title='bbox 1812 1049 1979 1119; x_wconf 90' lang='lat' dir='ltr'>panni</span> <span class='ocrx_word' id='word_1_157' title='bbox 2023 1050 2173 1106; x_wconf 91' lang='lat' dir='ltr'>rudis</span> <span class='ocrx_word' id='word_1_158' title='bbox 2217 1052 2387 1107; x_wconf 91' lang='lat' dir='ltr'>assuit</span> <span class='ocrx_word' id='word_1_159' title='bbox 2437 1054 2770 1108; x_wconf 88' lang='lat' dir='ltr'>vestimento</span> <span class='ocrx_word' id='word_1_160' title='bbox 2796 1055 2966 1109; x_wconf 89' lang='lat' dir='ltr'>veteri</span> <span class='ocrx_word' id='word_1_161' title='bbox 3006 1070 3019 1109; x_wconf 91' lang='lat'>:</span> <span class='ocrx_word' id='word_1_162' title='bbox 3052 1054 3287 1125; x_wconf 82' lang='lat' dir='ltr'>alioquin</span> <span class='ocrx_word' id='word_1_163' title='bbox 3329 1071 3424 1111; x_wconf 89' lang='lat' dir='ltr'>au-</span> 
     </span>
    </p>
   </div>
   <div class='ocr_carea' id='block_1_11' title="bbox 157 1141 1711 1213">
    <p class='ocr_par' dir='ltr' id='par_1_11' title="bbox 157 1141 1711 1213">
     <span class='ocr_line' id='line_1_11' title="bbox 157 1141 1711 1213; baseline -0.001 -16"><span class='ocrx_word' id='word_1_164' title='bbox 157 1141 320 1197; x_wconf 82' lang='lat' dir='ltr'>Etcum</span> <span class='ocrx_word' id='word_1_165' title='bbox 341 1141 589 1210; x_wconf 80' lang='lat' dir='ltr'>dixisset,</span> <span class='ocrx_word' id='word_1_166' title='bbox 617 1144 800 1198; x_wconf 87' lang='lat' dir='ltr'>statim</span> <span class='ocrx_word' id='word_1_167' title='bbox 830 1143 1083 1199; x_wconf 88' lang='lat' dir='ltr'>discessit</span> <span class='ocrx_word' id='word_1_168' title='bbox 1106 1143 1174 1197; x_wconf 88' lang='lat' dir='ltr'>ab</span> <span class='ocrx_word' id='word_1_169' title='bbox 1199 1158 1263 1199; x_wconf 92' lang='lat' dir='ltr'>eo</span> <span class='ocrx_word' id='word_1_170' title='bbox 1286 1143 1456 1213; x_wconf 87' lang='lat' dir='ltr'>lepra,</span> <span class='ocrx_word' id='word_1_171' title='bbox 1484 1151 1537 1198; x_wconf 91' lang='lat' dir='ltr'>et</span> <span class='ocrx_word' id='word_1_172' title='bbox 1557 1158 1711 1196; x_wconf 82' lang='lat' dir='ltr'>inun-</span> 
     </span>
    </p>
   </div>
   <div class='ocr_carea' id='block_1_12' title="bbox 158 1234 1711 1309">
    <p class='ocr_par' dir='ltr' id='par_1_12' title="bbox 158 1234 1711 1309">
     <span class='ocr_line' id='line_1_12' title="bbox 158 1234 1711 1309; baseline 0 -19"><span class='ocrx_word' id='word_1_173' title='bbox 158 1234 276 1291; x_wconf 86' lang='lat' dir='ltr'>datus</span> <span class='ocrx_word' id='word_1_174' title='bbox 295 1246 386 1291; x_wconf 89' lang='lat' dir='ltr'>est.</span> <span class='ocrx_word' id='word_1_175' title='bbox 443 1236 511 1291; x_wconf 86' lang='lat' dir='ltr'>Et</span> <span class='ocrx_word' id='word_1_176' title='bbox 552 1238 911 1293; x_wconf 86' lang='lat' dir='ltr'>comminatus</span> <span class='ocrx_word' id='word_1_177' title='bbox 947 1247 1032 1292; x_wconf 90' lang='lat' dir='ltr'>est</span> <span class='ocrx_word' id='word_1_178' title='bbox 1074 1238 1156 1303; x_wconf 91' lang='lat' dir='ltr'>ei,</span> <span class='ocrx_word' id='word_1_179' title='bbox 1202 1238 1499 1309; x_wconf 86' lang='lat' dir='ltr'>statimque</span> <span class='ocrx_word' id='word_1_180' title='bbox 1550 1236 1711 1306; x_wconf 86' lang='lat' dir='ltr'>ejecit</span> 
     </span>
    </p>
   </div>
   <div class='ocr_carea' id='block_1_13' title="bbox 154 1329 1709 1396">
    <p class='ocr_par' dir='ltr' id='par_1_13' title="bbox 154 1329 1709 1396">
     <span class='ocr_line' id='line_1_13' title="bbox 154 1329 1709 1396; baseline 0.001 -13"><span class='ocrx_word' id='word_1_181' title='bbox 154 1329 269 1384; x_wconf 88' lang='lat' dir='ltr'>illum</span> <span class='ocrx_word' id='word_1_182' title='bbox 298 1348 308 1383; x_wconf 90' lang='lat'>:</span> <span class='ocrx_word' id='word_1_183' title='bbox 346 1338 400 1387; x_wconf 93' lang='lat' dir='ltr'>et</span> <span class='ocrx_word' id='word_1_184' title='bbox 428 1329 563 1385; x_wconf 89' lang='lat' dir='ltr'>dicit</span> <span class='ocrx_word' id='word_1_185' title='bbox 591 1332 639 1385; x_wconf 94' lang='lat' dir='ltr'>ei</span> <span class='ocrx_word' id='word_1_186' title='bbox 672 1348 686 1384; x_wconf 88' lang='lat'>:</span> <span class='ocrx_word' id='word_1_187' title='bbox 720 1330 859 1387; x_wconf 83' lang='lat' dir='ltr'>Vide</span> <span class='ocrx_word' id='word_1_188' title='bbox 888 1331 1093 1387; x_wconf 88' lang='lat' dir='ltr'>nemini</span> <span class='ocrx_word' id='word_1_189' title='bbox 1125 1329 1325 1385; x_wconf 78' lang='lat' dir='ltr'>dixeris</span> <span class='ocrx_word' id='word_1_190' title='bbox 1356 1348 1370 1388; x_wconf 88' lang='lat'>:</span> <span class='ocrx_word' id='word_1_191' title='bbox 1421 1329 1517 1385; x_wconf 87' lang='lat' dir='ltr'>sed</span> <span class='ocrx_word' id='word_1_192' title='bbox 1552 1330 1709 1396; x_wconf 88' lang='lat' dir='ltr'>vade,</span> 
     </span>
    </p>
   </div>
   <div class='ocr_carea' id='block_1_14' title="bbox 152 1423 1713 1495">
    <p class='ocr_par' dir='ltr' id='par_1_14' title="bbox 152 1423 1713 1495">
     <span class='ocr_line' id='line_1_14' title="bbox 152 1423 1713 1495; baseline -0.001 -17"><span class='ocrx_word' id='word_1_193' title='bbox 152 1423 332 1480; x_wconf 85' lang='lat' dir='ltr'>ostende</span> <span class='ocrx_word' id='word_1_194' title='bbox 362 1433 415 1480; x_wconf 92' lang='lat' dir='ltr'>te</span> <span class='ocrx_word' id='word_1_195' title='bbox 452 1425 684 1495; x_wconf 90' lang='lat' dir='ltr'>principi</span> <span class='ocrx_word' id='word_1_196' title='bbox 728 1426 1097 1491; x_wconf 83' lang='lat' dir='ltr'>sacerdotum,</span> <span class='ocrx_word' id='word_1_197' title='bbox 1142 1434 1197 1480; x_wconf 89' lang='lat' dir='ltr'>et</span> <span class='ocrx_word' id='word_1_198' title='bbox 1238 1424 1372 1479; x_wconf 69' lang='lat' dir='ltr'>olfer</span> <span class='ocrx_word' id='word_1_199' title='bbox 1402 1440 1497 1493; x_wconf 86' lang='lat' dir='ltr'>pro</span> <span class='ocrx_word' id='word_1_200' title='bbox 1523 1439 1713 1479; x_wconf 88' lang='lat' dir='ltr'>emun-</span> 
     </span>
    </p>
   </div>
   <div class='ocr_carea' id='block_1_15' title="bbox 151 1515 1712 1589">
    <p class='ocr_par' dir='ltr' id='par_1_15' title="bbox 151 1515 1712 1589">
     <span class='ocr_line' id='line_1_15' title="bbox 151 1515 1712 1589; baseline 0.001 -19"><span class='ocrx_word' id='word_1_201' title='bbox 151 1515 330 1572; x_wconf 84' lang='lat' dir='ltr'>datione</span> <span class='ocrx_word' id='word_1_202' title='bbox 363 1524 474 1583; x_wconf 87' lang='lat' dir='ltr'>tua,</span> <span class='ocrx_word' id='word_1_203' title='bbox 529 1533 647 1587; x_wconf 65' lang='lat' dir='ltr'>quae</span> <span class='ocrx_word' id='word_1_204' title='bbox 680 1519 935 1589; x_wconf 59' lang='lat' dir='ltr'>praecepit</span> <span class='ocrx_word' id='word_1_205' title='bbox 987 1519 1202 1589; x_wconf 79' lang='lat' dir='ltr'>Moyses</span> <span class='ocrx_word' id='word_1_206' title='bbox 1247 1518 1298 1572; x_wconf 91' lang='lat' dir='ltr'>in</span> <span class='ocrx_word' id='word_1_207' title='bbox 1345 1518 1712 1572; x_wconf 69' lang='lat' dir='ltr'>testimonium</span> 
     </span>
    </p>
   </div>
   <div class='ocr_carea' id='block_1_16' title="bbox 148 1608 1717 1682">
    <p class='ocr_par' dir='ltr' id='par_1_16' title="bbox 148 1608 1717 1682">
     <span class='ocr_line' id='line_1_16' title="bbox 148 1608 1717 1682; baseline 0.003 -21"><span class='ocrx_word' id='word_1_208' title='bbox 148 1608 248 1663; x_wconf 91' lang='lat' dir='ltr'>illis.</span> <span class='ocrx_word' id='word_1_209' title='bbox 279 1608 409 1680; x_wconf 62' lang='grc' dir='ltr'>ιω,</span> <span class='ocrx_word' id='word_1_210' title='bbox 446 1609 559 1682; x_wconf 78' lang='grc'>10.]</span> <span class='ocrx_word' id='word_1_211' title='bbox 590 1609 661 1664; x_wconf 87' lang='lat' dir='ltr'>At</span> <span class='ocrx_word' id='word_1_212' title='bbox 687 1610 779 1665; x_wconf 91' lang='lat' dir='ltr'>ille</span> <span class='ocrx_word' id='word_1_213' title='bbox 810 1625 1068 1681; x_wconf 86' lang='lat' dir='ltr'>egressus</span> <span class='ocrx_word' id='word_1_214' title='bbox 1096 1616 1261 1681; x_wconf 71' lang='lat' dir='ltr'>coepit</span> <span class='ocrx_word' id='word_1_215' title='bbox 1288 1611 1583 1681; x_wconf 68' lang='lat' dir='ltr'>prmdicare</span> <span class='ocrx_word' id='word_1_216' title='bbox 1612 1652 1626 1677; x_wconf 93' lang='lat'>,</span> <span class='ocrx_word' id='word_1_217' title='bbox 1660 1619 1717 1665; x_wconf 90' lang='lat' dir='ltr'>et</span> 
     </span>
    </p>
   </div>
   <div class='ocr_carea' id='block_1_17' title="bbox 1814 1143 3425 1219">
    <p class='ocr_par' dir='ltr' id='par_1_17' title="bbox 1814 1143 3425 1219">
     <span class='ocr_line' id='line_1_17' title="bbox 1814 1143 3425 1219; baseline 0.003 -20"><span class='ocrx_word' id='word_1_218' title='bbox 1814 1143 1915 1199; x_wconf 87' lang='lat' dir='ltr'>fert</span> <span class='ocrx_word' id='word_1_219' title='bbox 1947 1145 2390 1215; x_wconf 88' lang='lat' dir='ltr'>supplementum</span> <span class='ocrx_word' id='word_1_220' title='bbox 2441 1162 2642 1202; x_wconf 92' lang='lat' dir='ltr'>novum</span> <span class='ocrx_word' id='word_1_221' title='bbox 2673 1163 2701 1200; x_wconf 94' lang='lat' dir='ltr'>a</span> <span class='ocrx_word' id='word_1_222' title='bbox 2742 1147 2936 1215; x_wconf 87' lang='lat' dir='ltr'>veteri,</span> <span class='ocrx_word' id='word_1_223' title='bbox 2985 1158 3040 1203; x_wconf 90' lang='lat' dir='ltr'>et</span> <span class='ocrx_word' id='word_1_224' title='bbox 3069 1149 3244 1219; x_wconf 89' lang='lat' dir='ltr'>major</span> <span class='ocrx_word' id='word_1_225' title='bbox 3289 1151 3425 1204; x_wconf 88' lang='lat' dir='ltr'>scis-</span> 
     </span>
    </p>
   </div>
   <div class='ocr_carea' id='block_1_18' title="bbox 1814 1238 3427 1300">
    <p class='ocr_par' dir='ltr' id='par_1_18' title="bbox 1814 1238 3427 1300">
     <span class='ocr_line' id='line_1_18' title="bbox 1814 1238 3427 1300; baseline 0.006 -9"><span class='ocrx_word' id='word_1_226' title='bbox 1814 1251 1943 1292; x_wconf 89' lang='lat' dir='ltr'>sura</span> <span class='ocrx_word' id='word_1_227' title='bbox 1974 1238 2056 1291; x_wconf 82' lang='lat' dir='ltr'>lit.</span> <span class='ocrx_word' id='word_1_228' title='bbox 2090 1238 2157 1292; x_wconf 85' lang='lat' dir='ltr'>Et</span> <span class='ocrx_word' id='word_1_229' title='bbox 2181 1254 2343 1295; x_wconf 90' lang='lat' dir='ltr'>nemo</span> <span class='ocrx_word' id='word_1_230' title='bbox 2369 1241 2537 1295; x_wconf 86' lang='lat' dir='ltr'>mittit</span> <span class='ocrx_word' id='word_1_231' title='bbox 2564 1242 2749 1296; x_wconf 88' lang='lat' dir='ltr'>vinum</span> <span class='ocrx_word' id='word_1_232' title='bbox 2778 1258 2979 1297; x_wconf 90' lang='lat' dir='ltr'>novum</span> <span class='ocrx_word' id='word_1_233' title='bbox 3008 1243 3061 1297; x_wconf 90' lang='lat' dir='ltr'>in</span> <span class='ocrx_word' id='word_1_234' title='bbox 3097 1253 3245 1299; x_wconf 87' lang='lat' dir='ltr'>utres</span> <span class='ocrx_word' id='word_1_235' title='bbox 3278 1253 3427 1300; x_wconf 86' lang='lat' dir='ltr'>vete-</span> 
     </span>
    </p>
   </div>
   <div class='ocr_carea' id='block_1_19' title="bbox 1814 1331 3429 1404">
    <p class='ocr_par' dir='ltr' id='par_1_19' title="bbox 1814 1331 3429 1404">
     <span class='ocr_line' id='line_1_19' title="bbox 1814 1331 3429 1404; baseline 0.006 -20"><span class='ocrx_word' id='word_1_236' title='bbox 1814 1345 1903 1385; x_wconf 88' lang='lat' dir='ltr'>res</span> <span class='ocrx_word' id='word_1_237' title='bbox 1933 1350 1945 1384; x_wconf 89' lang='lat'>:</span> <span class='ocrx_word' id='word_1_238' title='bbox 1970 1331 2207 1402; x_wconf 86' lang='lat' dir='ltr'>alioquin</span> <span class='ocrx_word' id='word_1_239' title='bbox 2234 1332 2511 1404; x_wconf 84' lang='lat' dir='ltr'>dirumpet</span> <span class='ocrx_word' id='word_1_240' title='bbox 2534 1336 2722 1390; x_wconf 86' lang='lat' dir='ltr'>vinum</span> <span class='ocrx_word' id='word_1_241' title='bbox 2753 1347 2927 1403; x_wconf 86' lang='lat' dir='ltr'>utres,</span> <span class='ocrx_word' id='word_1_242' title='bbox 2958 1347 3013 1393; x_wconf 90' lang='lat' dir='ltr'>et</span> <span class='ocrx_word' id='word_1_243' title='bbox 3040 1339 3224 1393; x_wconf 90' lang='lat' dir='ltr'>vinum</span> <span class='ocrx_word' id='word_1_244' title='bbox 3253 1339 3429 1394; x_wconf 77' lang='lat' dir='ltr'>effun-</span> 
     </span>
    </p>
   </div>
   <div class='ocr_carea' id='block_1_20' title="bbox 1815 1422 3429 1496">
    <p class='ocr_par' dir='ltr' id='par_1_20' title="bbox 1815 1422 3429 1496">
     <span class='ocr_line' id='line_1_20' title="bbox 1815 1422 3429 1496; baseline 0.007 -18"><span class='ocrx_word' id='word_1_245' title='bbox 1815 1422 1995 1493; x_wconf 88' lang='lat' dir='ltr'>detur,</span> <span class='ocrx_word' id='word_1_246' title='bbox 2026 1435 2082 1481; x_wconf 92' lang='lat' dir='ltr'>et</span> <span class='ocrx_word' id='word_1_247' title='bbox 2107 1436 2259 1483; x_wconf 89' lang='lat' dir='ltr'>utres</span> <span class='ocrx_word' id='word_1_248' title='bbox 2292 1428 2549 1496; x_wconf 87' lang='lat' dir='ltr'>peribunt</span> <span class='ocrx_word' id='word_1_249' title='bbox 2580 1446 2592 1482; x_wconf 93' lang='lat'>:</span> <span class='ocrx_word' id='word_1_250' title='bbox 2623 1430 2719 1485; x_wconf 91' lang='lat' dir='ltr'>sed</span> <span class='ocrx_word' id='word_1_251' title='bbox 2750 1432 2933 1486; x_wconf 89' lang='lat' dir='ltr'>vinum</span> <span class='ocrx_word' id='word_1_252' title='bbox 2967 1447 3164 1487; x_wconf 89' lang='lat' dir='ltr'>novum</span> <span class='ocrx_word' id='word_1_253' title='bbox 3195 1436 3246 1487; x_wconf 91' lang='lat' dir='ltr'>in</span> <span class='ocrx_word' id='word_1_254' title='bbox 3282 1442 3429 1489; x_wconf 89' lang='lat' dir='ltr'>utres</span> 
     </span>
    </p>
   </div>
   <div class='ocr_carea' id='block_1_21' title="bbox 1816 1518 3425 1593">
    <p class='ocr_par' dir='ltr' id='par_1_21' title="bbox 1816 1518 3425 1593">
     <span class='ocr_line' id='line_1_21' title="bbox 1816 1518 3425 1593; baseline 0.006 -22"><span class='ocrx_word' id='word_1_255' title='bbox 1816 1531 1987 1572; x_wconf 87' lang='lat' dir='ltr'>novos</span> <span class='ocrx_word' id='word_1_256' title='bbox 2017 1518 2155 1572; x_wconf 89' lang='lat' dir='ltr'>mitti</span> <span class='ocrx_word' id='word_1_257' title='bbox 2190 1519 2372 1575; x_wconf 87' lang='lat' dir='ltr'>debet.</span> <span class='ocrx_word' id='word_1_258' title='bbox 2421 1520 2598 1591; x_wconf 59' lang='grc' dir='ltr'>μων,</span> <span class='ocrx_word' id='word_1_259' title='bbox 2628 1521 2709 1593; x_wconf 75' lang='grc'>2.]</span> <span class='ocrx_word' id='word_1_260' title='bbox 2754 1523 2821 1577; x_wconf 89' lang='lat' dir='ltr'>Et</span> <span class='ocrx_word' id='word_1_261' title='bbox 2859 1524 3062 1578; x_wconf 90' lang='lat' dir='ltr'>factum</span> <span class='ocrx_word' id='word_1_262' title='bbox 3094 1534 3180 1579; x_wconf 86' lang='lat' dir='ltr'>est</span> <span class='ocrx_word' id='word_1_263' title='bbox 3228 1526 3425 1580; x_wconf 90' lang='lat' dir='ltr'>iterum</span> 
     </span>
    </p>
   </div>
   <div class='ocr_carea' id='block_1_22' title="bbox 1817 1612 3432 1687">
    <p class='ocr_par' dir='ltr' id='par_1_22' title="bbox 1817 1612 3432 1687">
     <span class='ocr_line' id='line_1_22' title="bbox 1817 1612 3432 1687; baseline 0.006 -23"><span class='ocrx_word' id='word_1_264' title='bbox 1817 1623 1943 1665; x_wconf 90' lang='lat' dir='ltr'>cum</span> <span class='ocrx_word' id='word_1_265' title='bbox 1976 1617 2000 1647; x_wconf 77' lang='grc' dir='ltr'><strong>ο</strong></span> <span class='ocrx_word' id='word_1_266' title='bbox 2038 1612 2304 1667; x_wconf 90' lang='lat' dir='ltr'>Dominus</span> <span class='ocrx_word' id='word_1_267' title='bbox 2334 1613 2580 1669; x_wconf 88' lang='lat' dir='ltr'>sabbatis</span> <span class='ocrx_word' id='word_1_268' title='bbox 2609 1616 2911 1673; x_wconf 90' lang='lat' dir='ltr'>ambularet</span> <span class='ocrx_word' id='word_1_269' title='bbox 2955 1634 3050 1687; x_wconf 90' lang='lat' dir='ltr'>per</span> <span class='ocrx_word' id='word_1_270' title='bbox 3080 1629 3218 1686; x_wconf 91' lang='lat' dir='ltr'>sata,</span> <span class='ocrx_word' id='word_1_271' title='bbox 3261 1629 3317 1674; x_wconf 89' lang='lat' dir='ltr'>et</span> <span class='ocrx_word' id='word_1_272' title='bbox 3350 1620 3432 1675; x_wconf 92' lang='lat' dir='ltr'>di-</span> 
     </span>
    </p>
   </div>
   <div class='ocr_carea' id='block_1_23' title="bbox 151 1702 3427 1783">
    <p class='ocr_par' dir='ltr' id='par_1_23' title="bbox 151 1702 3427 1783">
     <span class='ocr_line' id='line_1_23' title="bbox 151 1702 3427 1783; baseline 0.003 -27"><span class='ocrx_word' id='word_1_273' title='bbox 151 1702 390 1758; x_wconf 72' lang='lat' dir='ltr'>ditiamare</span> <span class='ocrx_word' id='word_1_274' title='bbox 418 1718 754 1771; x_wconf 88' lang='lat' dir='ltr'>sermonem,</span> <span class='ocrx_word' id='word_1_275' title='bbox 785 1705 857 1758; x_wconf 90' lang='lat' dir='ltr'>ita</span> <span class='ocrx_word' id='word_1_276' title='bbox 880 1705 1063 1773; x_wconf 86' lang='lat' dir='ltr'>utjam</span> <span class='ocrx_word' id='word_1_277' title='bbox 1088 1720 1194 1759; x_wconf 91' lang='lat' dir='ltr'>non</span> <span class='ocrx_word' id='word_1_278' title='bbox 1221 1714 1405 1774; x_wconf 89' lang='lat' dir='ltr'>posset</span> <span class='ocrx_word' id='word_1_279' title='bbox 1433 1704 1716 1758; x_wconf 88' lang='lat' dir='ltr'>manifeste</span> <span class='ocrx_word' id='word_1_280' title='bbox 1747 1702 2017 1773; x_wconf 90' lang='lat' dir='ltr'>Bscipuli</span> <span class='ocrx_word' id='word_1_281' title='bbox 2062 1707 2180 1777; x_wconf 88' lang='lat' dir='ltr'>ejus</span> <span class='ocrx_word' id='word_1_282' title='bbox 2225 1718 2513 1778; x_wconf 71' lang='lat' dir='ltr'>cmperunt</span> <span class='ocrx_word' id='word_1_283' title='bbox 2559 1710 2833 1780; x_wconf 79' lang='lat' dir='ltr'>progredi,</span> <span class='ocrx_word' id='word_1_284' title='bbox 2885 1721 2940 1767; x_wconf 91' lang='lat' dir='ltr'>et</span> <span class='ocrx_word' id='word_1_285' title='bbox 2984 1712 3186 1767; x_wconf 87' lang='lat' dir='ltr'>vellere</span> <span class='ocrx_word' id='word_1_286' title='bbox 3232 1713 3427 1783; x_wconf 82' lang='lat' dir='ltr'>Spicas.</span> 
     </span>
    </p>
   </div>
   <div class='ocr_carea' id='block_1_24' title="bbox 145 1797 1721 1864">
    <p class='ocr_par' dir='ltr' id='par_1_24' title="bbox 145 1797 1721 1864">
     <span class='ocr_line' id='line_1_24' title="bbox 145 1797 1721 1864; baseline 0.001 -13"><span class='ocrx_word' id='word_1_287' title='bbox 145 1797 337 1853; x_wconf 87' lang='lat' dir='ltr'>introire</span> <span class='ocrx_word' id='word_1_288' title='bbox 356 1798 407 1852; x_wconf 93' lang='lat' dir='ltr'>in</span> <span class='ocrx_word' id='word_1_289' title='bbox 435 1798 713 1853; x_wconf 88' lang='lat' dir='ltr'>civitatem</span> <span class='ocrx_word' id='word_1_290' title='bbox 737 1842 752 1864; x_wconf 91' lang='lat'>,</span> <span class='ocrx_word' id='word_1_291' title='bbox 784 1798 881 1854; x_wconf 90' lang='lat' dir='ltr'>sed</span> <span class='ocrx_word' id='word_1_292' title='bbox 912 1797 1045 1853; x_wconf 89' lang='lat' dir='ltr'>foris</span> <span class='ocrx_word' id='word_1_293' title='bbox 1078 1800 1129 1853; x_wconf 94' lang='lat' dir='ltr'>in</span> <span class='ocrx_word' id='word_1_294' title='bbox 1156 1799 1387 1854; x_wconf 86' lang='lat' dir='ltr'>desertis</span> <span class='ocrx_word' id='word_1_295' title='bbox 1415 1799 1548 1854; x_wconf 87' lang='lat' dir='ltr'>locis</span> <span class='ocrx_word' id='word_1_296' title='bbox 1576 1807 1721 1854; x_wconf 87' lang='lat' dir='ltr'>esset</span> 
     </span>
    </p>
   </div>
   <div class='ocr_carea' id='block_1_25' title="bbox 145 1889 1511 1961">
    <p class='ocr_par' dir='ltr' id='par_1_25' title="bbox 145 1889 1511 1961">
     <span class='ocr_line' id='line_1_25' title="bbox 145 1889 1511 1961; baseline 0.001 -18"><span class='ocrx_word' id='word_1_297' title='bbox 145 1889 235 1961; x_wconf 80' lang='grc' dir='ltr'>[Αι.</span> <span class='ocrx_word' id='word_1_298' title='bbox 265 1889 426 1961; x_wconf 90' lang='lat' dir='ltr'>esse],</span> <span class='ocrx_word' id='word_1_299' title='bbox 460 1899 515 1945; x_wconf 92' lang='lat' dir='ltr'>et</span> <span class='ocrx_word' id='word_1_300' title='bbox 544 1890 951 1946; x_wconf 89' lang='lat' dir='ltr'>conveniebant</span> <span class='ocrx_word' id='word_1_301' title='bbox 980 1890 1061 1961; x_wconf 59' lang='lat' dir='ltr'>ad;</span> <span class='ocrx_word' id='word_1_302' title='bbox 1088 1907 1214 1946; x_wconf 90' lang='lat' dir='ltr'>eutn</span> <span class='ocrx_word' id='word_1_303' title='bbox 1252 1891 1511 1961; x_wconf 85' lang='lat' dir='ltr'>undique.</span> 
     </span>
    </p>
   </div>
   <div class='ocr_carea' id='block_1_26' title="bbox 201 1982 1720 2056">
    <p class='ocr_par' dir='ltr' id='par_1_26' title="bbox 201 1982 1720 2056">
     <span class='ocr_line' id='line_1_26' title="bbox 201 1982 1720 2056; baseline 0 -19"><span class='ocrx_word' id='word_1_304' title='bbox 201 1983 338 2056; x_wconf 83' lang='lat' dir='ltr'>[Cap.</span> <span class='ocrx_word' id='word_1_305' title='bbox 384 1983 448 2038; x_wconf 92' lang='lat' dir='ltr'>ll.</span> <span class='ocrx_word' id='word_1_306' title='bbox 484 2000 577 2047; x_wconf 86' lang='lat' dir='ltr'>xx,</span> <span class='ocrx_word' id='word_1_307' title='bbox 608 1982 688 2055; x_wconf 81' lang='grc'>1.]</span> <span class='ocrx_word' id='word_1_308' title='bbox 720 1984 787 2038; x_wconf 85' lang='lat' dir='ltr'>Et</span> <span class='ocrx_word' id='word_1_309' title='bbox 828 1984 1025 2039; x_wconf 89' lang='lat' dir='ltr'>iterum</span> <span class='ocrx_word' id='word_1_310' title='bbox 1068 1983 1293 2038; x_wconf 85' lang='lat' dir='ltr'>intravit</span> <span class='ocrx_word' id='word_1_311' title='bbox 1339 1982 1720 2053; x_wconf 87' lang='lat' dir='ltr'>Capharnaum</span> 
     </span>
    </p>
   </div>
   <div class='ocr_carea' id='block_1_27' title="bbox 140 2077 1723 2148">
    <p class='ocr_par' dir='ltr' id='par_1_27' title="bbox 140 2077 1723 2148">
     <span class='ocr_line' id='line_1_27' title="bbox 140 2077 1723 2148; baseline 0 -15"><span class='ocrx_word' id='word_1_312' title='bbox 140 2077 389 2147; x_wconf 84' lang='lat' dir='ltr'>postdies,</span> <span class='ocrx_word' id='word_1_313' title='bbox 416 2089 475 2133; x_wconf 92' lang='lat' dir='ltr'>et</span> <span class='ocrx_word' id='word_1_314' title='bbox 499 2078 744 2133; x_wconf 89' lang='lat' dir='ltr'>auditum</span> <span class='ocrx_word' id='word_1_315' title='bbox 769 2087 851 2134; x_wconf 89' lang='lat' dir='ltr'>est</span> <span class='ocrx_word' id='word_1_316' title='bbox 880 2078 1020 2148; x_wconf 84' lang='lat' dir='ltr'>quod</span> <span class='ocrx_word' id='word_1_317' title='bbox 1053 2078 1108 2132; x_wconf 89' lang='lat' dir='ltr'>in</span> <span class='ocrx_word' id='word_1_318' title='bbox 1135 2079 1300 2134; x_wconf 89' lang='lat' dir='ltr'>domo</span> <span class='ocrx_word' id='word_1_319' title='bbox 1320 2087 1486 2147; x_wconf 90' lang='lat' dir='ltr'>esset,</span> <span class='ocrx_word' id='word_1_320' title='bbox 1520 2088 1575 2134; x_wconf 90' lang='lat' dir='ltr'>et</span> <span class='ocrx_word' id='word_1_321' title='bbox 1600 2096 1723 2133; x_wconf 91' lang='lat' dir='ltr'>con-</span> 
     </span>
    </p>
   </div>
   <div class='ocr_carea' id='block_1_28' title="bbox 140 2172 1715 2245">
    <p class='ocr_par' dir='ltr' id='par_1_28' title="bbox 140 2172 1715 2245">
     <span class='ocr_line' id='line_1_28' title="bbox 140 2172 1715 2245; baseline -0.001 -18"><span class='ocrx_word' id='word_1_322' title='bbox 140 2184 379 2229; x_wconf 81' lang='lat' dir='ltr'>venerunt</span> <span class='ocrx_word' id='word_1_323' title='bbox 406 2174 587 2239; x_wconf 89' lang='lat' dir='ltr'>multi,</span> <span class='ocrx_word' id='word_1_324' title='bbox 614 2174 685 2228; x_wconf 87' lang='lat' dir='ltr'>ita</span> <span class='ocrx_word' id='word_1_325' title='bbox 719 2182 776 2228; x_wconf 90' lang='lat' dir='ltr'>ut</span> <span class='ocrx_word' id='word_1_326' title='bbox 808 2189 913 2227; x_wconf 94' lang='lat' dir='ltr'>non</span> <span class='ocrx_word' id='word_1_327' title='bbox 941 2181 1161 2242; x_wconf 89' lang='lat' dir='ltr'>caperet</span> <span class='ocrx_word' id='word_1_328' title='bbox 1184 2188 1360 2243; x_wconf 91' lang='lat' dir='ltr'>neque</span> <span class='ocrx_word' id='word_1_329' title='bbox 1384 2172 1451 2227; x_wconf 88' lang='lat' dir='ltr'>ad</span> <span class='ocrx_word' id='word_1_330' title='bbox 1471 2173 1715 2245; x_wconf 81' lang='lat' dir='ltr'>januam,</span> 
     </span>
    </p>
   </div>
   <div class='ocr_carea' id='block_1_29' title="bbox 140 2266 1724 2337">
    <p class='ocr_par' dir='ltr' id='par_1_29' title="bbox 140 2266 1724 2337">
     <span class='ocr_line' id='line_1_29' title="bbox 140 2266 1724 2337; baseline 0.001 -17"><span class='ocrx_word' id='word_1_331' title='bbox 140 2275 186 2321; x_wconf 88' lang='lat' dir='ltr'>et</span> <span class='ocrx_word' id='word_1_332' title='bbox 221 2266 532 2337; x_wconf 89' lang='lat' dir='ltr'>loquebatur</span> <span class='ocrx_word' id='word_1_333' title='bbox 562 2266 642 2322; x_wconf 90' lang='lat' dir='ltr'>eis</span> <span class='ocrx_word' id='word_1_334' title='bbox 676 2267 923 2322; x_wconf 89' lang='lat' dir='ltr'>verbum.</span> <span class='ocrx_word' id='word_1_335' title='bbox 959 2267 1026 2320; x_wconf 85' lang='lat' dir='ltr'>Et</span> <span class='ocrx_word' id='word_1_336' title='bbox 1057 2276 1321 2321; x_wconf 90' lang='lat' dir='ltr'>venerunt</span> <span class='ocrx_word' id='word_1_337' title='bbox 1362 2266 1431 2320; x_wconf 89' lang='lat' dir='ltr'>ad</span> <span class='ocrx_word' id='word_1_338' title='bbox 1472 2281 1595 2320; x_wconf 90' lang='lat' dir='ltr'>eum</span> <span class='ocrx_word' id='word_1_339' title='bbox 1646 2266 1724 2321; x_wconf 86' lang='lat' dir='ltr'>fe-</span> 
     </span>
    </p>
   </div>
   <div class='ocr_carea' id='block_1_30' title="bbox 140 2358 1724 2430">
    <p class='ocr_par' dir='ltr' id='par_1_30' title="bbox 140 2358 1724 2430">
     <span class='ocr_line' id='line_1_30' title="bbox 140 2358 1724 2430; baseline 0.001 -18"><span class='ocrx_word' id='word_1_340' title='bbox 140 2367 306 2413; x_wconf 89' lang='lat' dir='ltr'>rentes</span> <span class='ocrx_word' id='word_1_341' title='bbox 353 2358 734 2430; x_wconf 85' lang='lat' dir='ltr'>paralyticum,</span> <span class='ocrx_word' id='word_1_342' title='bbox 779 2360 871 2429; x_wconf 90' lang='lat' dir='ltr'>qui</span> <span class='ocrx_word' id='word_1_343' title='bbox 916 2374 947 2413; x_wconf 91' lang='lat' dir='ltr'>a</span> <span class='ocrx_word' id='word_1_344' title='bbox 996 2370 1230 2429; x_wconf 87' lang='lat' dir='ltr'>quatuor</span> <span class='ocrx_word' id='word_1_345' title='bbox 1276 2358 1614 2429; x_wconf 88' lang='lat' dir='ltr'>portabatur.</span> <span class='ocrx_word' id='word_1_346' title='bbox 1656 2360 1724 2413; x_wconf 82' lang='lat' dir='ltr'>Et</span> 
     </span>
    </p>
   </div>
   <div class='ocr_carea' id='block_1_31' title="bbox 138 2452 1725 2525">
    <p class='ocr_par' dir='ltr' id='par_1_31' title="bbox 138 2452 1725 2525">
     <span class='ocr_line' id='line_1_31' title="bbox 138 2452 1725 2525; baseline 0.003 -19"><span class='ocrx_word' id='word_1_347' title='bbox 138 2466 245 2508; x_wconf 87' lang='lat' dir='ltr'>cum</span> <span class='ocrx_word' id='word_1_348' title='bbox 270 2468 380 2509; x_wconf 91' lang='lat' dir='ltr'>non</span> <span class='ocrx_word' id='word_1_349' title='bbox 403 2464 627 2525; x_wconf 90' lang='lat' dir='ltr'>possent</span> <span class='ocrx_word' id='word_1_350' title='bbox 654 2452 852 2509; x_wconf 78' lang='lat' dir='ltr'>oﬂ‘erre</span> <span class='ocrx_word' id='word_1_351' title='bbox 880 2469 1002 2509; x_wconf 89' lang='lat' dir='ltr'>eum</span> <span class='ocrx_word' id='word_1_352' title='bbox 1032 2454 1111 2509; x_wconf 92' lang='lat' dir='ltr'>illi</span> <span class='ocrx_word' id='word_1_353' title='bbox 1138 2469 1250 2525; x_wconf 85' lang='lat' dir='ltr'>prae</span> <span class='ocrx_word' id='word_1_354' title='bbox 1276 2454 1453 2522; x_wconf 90' lang='lat' dir='ltr'>turba,</span> <span class='ocrx_word' id='word_1_355' title='bbox 1484 2454 1725 2510; x_wconf 87' lang='lat' dir='ltr'>nudave-</span> 
     </span>
    </p>
   </div>
   <div class='ocr_carea' id='block_1_32' title="bbox 135 2547 1725 2618">
    <p class='ocr_par' dir='ltr' id='par_1_32' title="bbox 135 2547 1725 2618">
     <span class='ocr_line' id='line_1_32' title="bbox 135 2547 1725 2618; baseline 0.003 -19"><span class='ocrx_word' id='word_1_356' title='bbox 135 2556 248 2601; x_wconf 92' lang='lat' dir='ltr'>runt</span> <span class='ocrx_word' id='word_1_357' title='bbox 276 2556 474 2603; x_wconf 88' lang='lat' dir='ltr'>tectum</span> <span class='ocrx_word' id='word_1_358' title='bbox 519 2547 610 2603; x_wconf 91' lang='lat' dir='ltr'>ubi</span> <span class='ocrx_word' id='word_1_359' title='bbox 659 2558 824 2603; x_wconf 88' lang='lat' dir='ltr'>erat:</span> <span class='ocrx_word' id='word_1_360' title='bbox 865 2557 919 2603; x_wconf 91' lang='lat' dir='ltr'>et</span> <span class='ocrx_word' id='word_1_361' title='bbox 944 2548 1332 2618; x_wconf 86' lang='lat' dir='ltr'>patefacientes</span> <span class='ocrx_word' id='word_1_362' title='bbox 1357 2548 1725 2604; x_wconf 83' lang='lat' dir='ltr'>submiserunt</span> 
     </span>
    </p>
   </div>
   <div class='ocr_carea' id='block_1_33' title="bbox 133 2640 1723 2713">
    <p class='ocr_par' dir='ltr' id='par_1_33' title="bbox 133 2640 1723 2713">
     <span class='ocr_line' id='line_1_33' title="bbox 133 2640 1723 2713; baseline 0.003 -21"><span class='ocrx_word' id='word_1_363' title='bbox 133 2640 422 2707; x_wconf 85' lang='lat' dir='ltr'>grabatum,</span> <span class='ocrx_word' id='word_1_364' title='bbox 474 2641 528 2697; x_wconf 91' lang='lat' dir='ltr'>in</span> <span class='ocrx_word' id='word_1_365' title='bbox 561 2657 670 2712; x_wconf 92' lang='lat' dir='ltr'>quo</span> <span class='ocrx_word' id='word_1_366' title='bbox 700 2640 1032 2712; x_wconf 88' lang='lat' dir='ltr'>paralyticus</span> <span class='ocrx_word' id='word_1_367' title='bbox 1076 2642 1316 2713; x_wconf 87' lang='lat' dir='ltr'>jacebat.</span> <span class='ocrx_word' id='word_1_368' title='bbox 1359 2642 1492 2697; x_wconf 90' lang='lat' dir='ltr'>Cum</span> <span class='ocrx_word' id='word_1_369' title='bbox 1543 2652 1723 2698; x_wconf 90' lang='lat' dir='ltr'>autem</span> 
     </span>
    </p>
   </div>
   <div class='ocr_carea' id='block_1_34' title="bbox 131 2731 1727 2806">
    <p class='ocr_par' dir='ltr' id='par_1_34' title="bbox 131 2731 1727 2806">
     <span class='ocr_line' id='line_1_34' title="bbox 131 2731 1727 2806; baseline 0.002 -21"><span class='ocrx_word' id='word_1_370' title='bbox 131 2731 347 2789; x_wconf 85' lang='lat' dir='ltr'>vidisset</span> <span class='ocrx_word' id='word_1_371' title='bbox 371 2734 530 2791; x_wconf 86' lang='lat' dir='ltr'>Jesus</span> <span class='ocrx_word' id='word_1_372' title='bbox 554 2734 714 2790; x_wconf 86' lang='lat' dir='ltr'>fidem</span> <span class='ocrx_word' id='word_1_373' title='bbox 746 2734 989 2801; x_wconf 91' lang='lat' dir='ltr'>illorum,</span> <span class='ocrx_word' id='word_1_374' title='bbox 1014 2734 1088 2790; x_wconf 88' lang='lat' dir='ltr'>ait</span> <span class='ocrx_word' id='word_1_375' title='bbox 1118 2734 1416 2806; x_wconf 86' lang='lat' dir='ltr'>paralytico</span> <span class='ocrx_word' id='word_1_376' title='bbox 1447 2751 1461 2791; x_wconf 91' lang='lat'>:</span> <span class='ocrx_word' id='word_1_377' title='bbox 1489 2734 1614 2802; x_wconf 84' lang='lat' dir='ltr'>Fili,</span> <span class='ocrx_word' id='word_1_378' title='bbox 1644 2734 1727 2789; x_wconf 60' lang='lat' dir='ltr'>die</span> 
     </span>
    </p>
   </div>
   <div class='ocr_carea' id='block_1_35' title="bbox 130 2824 1726 2896">
    <p class='ocr_par' dir='ltr' id='par_1_35' title="bbox 130 2824 1726 2896">
     <span class='ocr_line' id='line_1_35' title="bbox 130 2824 1726 2896; baseline 0.002 -17"><span class='ocrx_word' id='word_1_379' title='bbox 130 2824 409 2881; x_wconf 88' lang='lat' dir='ltr'>mittuntur</span> <span class='ocrx_word' id='word_1_380' title='bbox 432 2826 528 2881; x_wconf 90' lang='lat' dir='ltr'>tibi</span> <span class='ocrx_word' id='word_1_381' title='bbox 571 2835 789 2896; x_wconf 90' lang='lat' dir='ltr'>peccata</span> <span class='ocrx_word' id='word_1_382' title='bbox 821 2834 847 2863; x_wconf 69' lang='grc'>⁸</span> <span class='ocrx_word' id='word_1_383' title='bbox 882 2835 995 2880; x_wconf 89' lang='lat' dir='ltr'>tua.</span> <span class='ocrx_word' id='word_1_384' title='bbox 1028 2825 1197 2882; x_wconf 82' lang='lat' dir='ltr'>Erant</span> <span class='ocrx_word' id='word_1_385' title='bbox 1231 2834 1413 2881; x_wconf 91' lang='lat' dir='ltr'>autem</span> <span class='ocrx_word' id='word_1_386' title='bbox 1461 2826 1571 2881; x_wconf 93' lang='lat' dir='ltr'>illic</span> <span class='ocrx_word' id='word_1_387' title='bbox 1608 2828 1726 2896; x_wconf 87' lang='lat' dir='ltr'>qui-</span> 
     </span>
    </p>
   </div>
   <div class='ocr_carea' id='block_1_36' title="bbox 128 2916 1726 2990">
    <p class='ocr_par' dir='ltr' id='par_1_36' title="bbox 128 2916 1726 2990">
     <span class='ocr_line' id='line_1_36' title="bbox 128 2916 1726 2990; baseline 0.003 -17"><span class='ocrx_word' id='word_1_388' title='bbox 128 2916 247 2975; x_wconf 85' lang='lat' dir='ltr'>dam</span> <span class='ocrx_word' id='word_1_389' title='bbox 275 2922 345 2976; x_wconf 91' lang='lat' dir='ltr'>de</span> <span class='ocrx_word' id='word_1_390' title='bbox 384 2919 581 2976; x_wconf 88' lang='lat' dir='ltr'>scribis</span> <span class='ocrx_word' id='word_1_391' title='bbox 624 2920 899 2987; x_wconf 86' lang='lat' dir='ltr'>sedentes,</span> <span class='ocrx_word' id='word_1_392' title='bbox 936 2930 993 2977; x_wconf 89' lang='lat' dir='ltr'>et</span> <span class='ocrx_word' id='word_1_393' title='bbox 1033 2922 1338 2990; x_wconf 79' lang='lat' dir='ltr'>cogitantes</span> <span class='ocrx_word' id='word_1_394' title='bbox 1374 2921 1427 2974; x_wconf 89' lang='lat' dir='ltr'>in</span> <span class='ocrx_word' id='word_1_395' title='bbox 1472 2920 1726 2977; x_wconf 87' lang='lat' dir='ltr'>cordibus</span> 
     </span>
    </p>
   </div>
   <div class='ocr_carea' id='block_1_37' title="bbox 127 3012 1727 3084">
    <p class='ocr_par' dir='ltr' id='par_1_37' title="bbox 127 3012 1727 3084">
     <span class='ocr_line' id='line_1_37' title="bbox 127 3012 1727 3084; baseline 0 -16"><span class='ocrx_word' id='word_1_396' title='bbox 127 3014 234 3069; x_wconf 88' lang='lat' dir='ltr'>suis</span> <span class='ocrx_word' id='word_1_397' title='bbox 264 3031 279 3069; x_wconf 90' lang='lat'>:</span> <span class='ocrx_word' id='word_1_398' title='bbox 308 3014 450 3083; x_wconf 85' lang='lat' dir='ltr'>Quid</span> <span class='ocrx_word' id='word_1_399' title='bbox 483 3013 573 3071; x_wconf 90' lang='lat' dir='ltr'>hic</span> <span class='ocrx_word' id='word_1_400' title='bbox 595 3014 675 3069; x_wconf 91' lang='lat' dir='ltr'>sic</span> <span class='ocrx_word' id='word_1_401' title='bbox 713 3013 990 3083; x_wconf 80' lang='lat' dir='ltr'>loquitur?</span> <span class='ocrx_word' id='word_1_402' title='bbox 1018 3012 1383 3084; x_wconf 89' lang='lat' dir='ltr'>blasphemat.</span> <span class='ocrx_word' id='word_1_403' title='bbox 1412 3013 1519 3084; x_wconf 71' lang='lat' dir='ltr'>[AL</span> <span class='ocrx_word' id='word_1_404' title='bbox 1558 3014 1727 3084; x_wconf 91' lang='lat' dir='ltr'>loqui-</span> 
     </span>
    </p>
   </div>
   <div class='ocr_carea' id='block_1_38' title="bbox 1825 1795 3435 1872">
    <p class='ocr_par' dir='ltr' id='par_1_38' title="bbox 1825 1795 3435 1872">
     <span class='ocr_line' id='line_1_38' title="bbox 1825 1795 3435 1872; baseline 0.006 -22"><span class='ocrx_word' id='word_1_405' title='bbox 1825 1795 2087 1851; x_wconf 64' lang='lat' dir='ltr'>Pharismi</span> <span class='ocrx_word' id='word_1_406' title='bbox 2118 1806 2301 1854; x_wconf 90' lang='lat' dir='ltr'>autem</span> <span class='ocrx_word' id='word_1_407' title='bbox 2325 1798 2583 1855; x_wconf 88' lang='lat' dir='ltr'>dicebant</span> <span class='ocrx_word' id='word_1_408' title='bbox 2610 1802 2658 1855; x_wconf 90' lang='lat' dir='ltr'>ei</span> <span class='ocrx_word' id='word_1_409' title='bbox 2691 1819 2705 1858; x_wconf 89' lang='lat'>:</span> <span class='ocrx_word' id='word_1_410' title='bbox 2739 1800 2905 1867; x_wconf 88' lang='lat' dir='ltr'>Ecce,</span> <span class='ocrx_word' id='word_1_411' title='bbox 2930 1803 3057 1872; x_wconf 88' lang='lat' dir='ltr'>quid</span> <span class='ocrx_word' id='word_1_412' title='bbox 3080 1802 3287 1859; x_wconf 85' lang='lat' dir='ltr'>faciunt</span> <span class='ocrx_word' id='word_1_413' title='bbox 3310 1806 3435 1859; x_wconf 86' lang='lat' dir='ltr'>sab-</span> 
     </span>
    </p>
   </div>
   <div class='ocr_carea' id='block_1_39' title="bbox 1826 1886 3439 1965">
    <p class='ocr_par' dir='ltr' id='par_1_39' title="bbox 1826 1886 3439 1965">
     <span class='ocr_line' id='line_1_39' title="bbox 1826 1886 3439 1965; baseline 0.006 -24"><span class='ocrx_word' id='word_1_414' title='bbox 1826 1886 1965 1942; x_wconf 90' lang='lat' dir='ltr'>batis</span> <span class='ocrx_word' id='word_1_415' title='bbox 1997 1888 2142 1957; x_wconf 93' lang='lat' dir='ltr'>quod</span> <span class='ocrx_word' id='word_1_416' title='bbox 2176 1905 2283 1943; x_wconf 93' lang='lat' dir='ltr'>non</span> <span class='ocrx_word' id='word_1_417' title='bbox 2314 1889 2482 1944; x_wconf 88' lang='lat' dir='ltr'>licet?</span> <span class='ocrx_word' id='word_1_418' title='bbox 2528 1892 2593 1945; x_wconf 86' lang='lat' dir='ltr'>Et</span> <span class='ocrx_word' id='word_1_419' title='bbox 2632 1892 2709 1946; x_wconf 89' lang='lat' dir='ltr'>ait</span> <span class='ocrx_word' id='word_1_420' title='bbox 2748 1892 2857 1947; x_wconf 90' lang='lat' dir='ltr'>illis</span> <span class='ocrx_word' id='word_1_421' title='bbox 2887 1912 2898 1946; x_wconf 89' lang='lat'>:</span> <span class='ocrx_word' id='word_1_422' title='bbox 2934 1893 3239 1965; x_wconf 86' lang='lat' dir='ltr'>Numquam</span> <span class='ocrx_word' id='word_1_423' title='bbox 3275 1896 3439 1965; x_wconf 81' lang='lat' dir='ltr'>legis-</span> 
     </span>
    </p>
   </div>
   <div class='ocr_carea' id='block_1_40' title="bbox 1825 1980 3433 2055">
    <p class='ocr_par' dir='ltr' id='par_1_40' title="bbox 1825 1980 3433 2055">
     <span class='ocr_line' id='line_1_40' title="bbox 1825 1980 3433 2055; baseline 0.004 -21"><span class='ocrx_word' id='word_1_424' title='bbox 1825 1980 1917 2046; x_wconf 92' lang='lat' dir='ltr'>tis,</span> <span class='ocrx_word' id='word_1_425' title='bbox 1950 1981 2079 2051; x_wconf 92' lang='lat' dir='ltr'>quid</span> <span class='ocrx_word' id='word_1_426' title='bbox 2114 1981 2305 2038; x_wconf 80' lang='lat' dir='ltr'>fecerit</span> <span class='ocrx_word' id='word_1_427' title='bbox 2339 1983 2528 2049; x_wconf 90' lang='lat' dir='ltr'>David,</span> <span class='ocrx_word' id='word_1_428' title='bbox 2560 1984 2779 2055; x_wconf 89' lang='lat' dir='ltr'>quando</span> <span class='ocrx_word' id='word_1_429' title='bbox 2815 1986 3195 2043; x_wconf 87' lang='lat' dir='ltr'>necessitatem</span> <span class='ocrx_word' id='word_1_430' title='bbox 3229 1988 3433 2055; x_wconf 89' lang='lat' dir='ltr'>habuit,</span> 
     </span>
    </p>
   </div>
   <div class='ocr_carea' id='block_1_41' title="bbox 1825 2073 3439 2150">
    <p class='ocr_par' dir='ltr' id='par_1_41' title="bbox 1825 2073 3439 2150">
     <span class='ocr_line' id='line_1_41' title="bbox 1825 2073 3439 2150; baseline 0.005 -22"><span class='ocrx_word' id='word_1_431' title='bbox 1825 2080 1881 2128; x_wconf 92' lang='lat' dir='ltr'>et</span> <span class='ocrx_word' id='word_1_432' title='bbox 1906 2074 2100 2129; x_wconf 90' lang='lat' dir='ltr'>esuriit</span> <span class='ocrx_word' id='word_1_433' title='bbox 2125 2073 2266 2144; x_wconf 90' lang='lat' dir='ltr'>ipse,</span> <span class='ocrx_word' id='word_1_434' title='bbox 2291 2086 2345 2131; x_wconf 90' lang='lat' dir='ltr'>et</span> <span class='ocrx_word' id='word_1_435' title='bbox 2368 2077 2460 2147; x_wconf 91' lang='lat' dir='ltr'>qui</span> <span class='ocrx_word' id='word_1_436' title='bbox 2488 2092 2611 2131; x_wconf 91' lang='lat' dir='ltr'>cum</span> <span class='ocrx_word' id='word_1_437' title='bbox 2641 2093 2705 2132; x_wconf 89' lang='lat' dir='ltr'>eo</span> <span class='ocrx_word' id='word_1_438' title='bbox 2730 2080 2929 2134; x_wconf 91' lang='lat' dir='ltr'>erant?</span> <span class='ocrx_word' id='word_1_439' title='bbox 2952 2082 3225 2150; x_wconf 91' lang='lat' dir='ltr'>quomodo</span> <span class='ocrx_word' id='word_1_440' title='bbox 3247 2082 3439 2136; x_wconf 89' lang='lat' dir='ltr'>introi-</span> 
     </span>
    </p>
   </div>
   <div class='ocr_carea' id='block_1_42' title="bbox 1824 2167 3437 2244">
    <p class='ocr_par' dir='ltr' id='par_1_42' title="bbox 1824 2167 3437 2244">
     <span class='ocr_line' id='line_1_42' title="bbox 1824 2167 3437 2244; baseline 0.006 -24"><span class='ocrx_word' id='word_1_441' title='bbox 1824 2167 1902 2222; x_wconf 91' lang='lat' dir='ltr'>vit</span> <span class='ocrx_word' id='word_1_442' title='bbox 1934 2168 1987 2223; x_wconf 91' lang='lat' dir='ltr'>in</span> <span class='ocrx_word' id='word_1_443' title='bbox 2010 2168 2231 2223; x_wconf 91' lang='lat' dir='ltr'>domum</span> <span class='ocrx_word' id='word_1_444' title='bbox 2259 2170 2353 2224; x_wconf 91' lang='lat' dir='ltr'>Dei</span> <span class='ocrx_word' id='word_1_445' title='bbox 2383 2171 2485 2225; x_wconf 90' lang='lat' dir='ltr'>sub</span> <span class='ocrx_word' id='word_1_446' title='bbox 2510 2171 2771 2226; x_wconf 82' lang='lat' dir='ltr'>Abiathar</span> <span class='ocrx_word' id='word_1_447' title='bbox 2793 2174 3045 2244; x_wconf 89' lang='lat' dir='ltr'>principe</span> <span class='ocrx_word' id='word_1_448' title='bbox 3069 2175 3437 2241; x_wconf 85' lang='lat' dir='ltr'>sacerdotum,</span> 
     </span>
    </p>
   </div>
   <div class='ocr_carea' id='block_1_43' title="bbox 1826 2263 3441 2336">
    <p class='ocr_par' dir='ltr' id='par_1_43' title="bbox 1826 2263 3441 2336">
     <span class='ocr_line' id='line_1_43' title="bbox 1826 2263 3441 2336; baseline 0.003 -20"><span class='ocrx_word' id='word_1_449' title='bbox 1826 2269 1881 2316; x_wconf 91' lang='lat' dir='ltr'>et</span> <span class='ocrx_word' id='word_1_450' title='bbox 1911 2276 2082 2331; x_wconf 90' lang='lat' dir='ltr'>panes</span> <span class='ocrx_word' id='word_1_451' title='bbox 2109 2263 2509 2336; x_wconf 89' lang='lat' dir='ltr'>pr0positionis</span> <span class='ocrx_word' id='word_1_452' title='bbox 2541 2264 2911 2331; x_wconf 90' lang='lat' dir='ltr'>manducavit,</span> <span class='ocrx_word' id='word_1_453' title='bbox 2943 2282 3079 2336; x_wconf 90' lang='lat' dir='ltr'>quos</span> <span class='ocrx_word' id='word_1_454' title='bbox 3110 2282 3216 2321; x_wconf 90' lang='lat' dir='ltr'>non</span> <span class='ocrx_word' id='word_1_455' title='bbox 3241 2269 3441 2323; x_wconf 90' lang='lat' dir='ltr'>licebat</span> 
     </span>
    </p>
   </div>
   <div class='ocr_carea' id='block_1_44' title="bbox 1828 2354 3437 2429">
    <p class='ocr_par' dir='ltr' id='par_1_44' title="bbox 1828 2354 3437 2429">
     <span class='ocr_line' id='line_1_44' title="bbox 1828 2354 3437 2429; baseline 0.002 -20"><span class='ocrx_word' id='word_1_456' title='bbox 1828 2354 2185 2419; x_wconf 88' lang='lat' dir='ltr'>manducare,</span> <span class='ocrx_word' id='word_1_457' title='bbox 2222 2356 2323 2409; x_wconf 91' lang='lat' dir='ltr'>nisi</span> <span class='ocrx_word' id='word_1_458' title='bbox 2356 2356 2737 2411; x_wconf 87' lang='lat' dir='ltr'>sacerdotibus</span> <span class='ocrx_word' id='word_1_459' title='bbox 2760 2401 2773 2425; x_wconf 88' lang='lat'>,</span> <span class='ocrx_word' id='word_1_460' title='bbox 2804 2367 2857 2413; x_wconf 90' lang='lat' dir='ltr'>et</span> <span class='ocrx_word' id='word_1_461' title='bbox 2897 2357 3047 2413; x_wconf 88' lang='lat' dir='ltr'>dedit</span> <span class='ocrx_word' id='word_1_462' title='bbox 3075 2361 3156 2413; x_wconf 90' lang='lat' dir='ltr'>eis</span> <span class='ocrx_word' id='word_1_463' title='bbox 3186 2359 3276 2429; x_wconf 93' lang='lat' dir='ltr'>qui</span> <span class='ocrx_word' id='word_1_464' title='bbox 3314 2374 3437 2414; x_wconf 91' lang='lat' dir='ltr'>cum</span> 
     </span>
    </p>
   </div>
   <div class='ocr_carea' id='block_1_45' title="bbox 1829 2446 3437 2521">
    <p class='ocr_par' dir='ltr' id='par_1_45' title="bbox 1829 2446 3437 2521">
     <span class='ocr_line' id='line_1_45' title="bbox 1829 2446 3437 2521; baseline 0.004 -20"><span class='ocrx_word' id='word_1_465' title='bbox 1829 2461 1894 2501; x_wconf 92' lang='lat' dir='ltr'>eo</span> <span class='ocrx_word' id='word_1_466' title='bbox 1926 2447 2118 2501; x_wconf 89' lang='lat' dir='ltr'>erant?</span> <span class='ocrx_word' id='word_1_467' title='bbox 2153 2448 2300 2518; x_wconf 58' lang='grc' dir='ltr'>μιαν,</span> <span class='ocrx_word' id='word_1_468' title='bbox 2348 2446 2428 2516; x_wconf 74' lang='lat'>2.]</span> <span class='ocrx_word' id='word_1_469' title='bbox 2461 2448 2529 2501; x_wconf 87' lang='lat' dir='ltr'>Et</span> <span class='ocrx_word' id='word_1_470' title='bbox 2570 2446 2785 2503; x_wconf 83' lang='lat' dir='ltr'>dicebat</span> <span class='ocrx_word' id='word_1_471' title='bbox 2813 2451 2894 2504; x_wconf 91' lang='lat' dir='ltr'>eis</span> <span class='ocrx_word' id='word_1_472' title='bbox 2928 2467 2940 2502; x_wconf 94' lang='lat'>:</span> <span class='ocrx_word' id='word_1_473' title='bbox 2972 2450 3266 2506; x_wconf 90' lang='lat' dir='ltr'>Sabbatum</span> <span class='ocrx_word' id='word_1_474' title='bbox 3308 2466 3437 2521; x_wconf 92' lang='lat' dir='ltr'>pro—</span> 
     </span>
    </p>
   </div>
   <div class='ocr_carea' id='block_1_46' title="bbox 1828 2539 3444 2612">
    <p class='ocr_par' dir='ltr' id='par_1_46' title="bbox 1828 2539 3444 2612">
     <span class='ocr_line' id='line_1_46' title="bbox 1828 2539 3444 2612; baseline 0.002 -19"><span class='ocrx_word' id='word_1_475' title='bbox 1828 2546 1949 2609; x_wconf 89' lang='lat' dir='ltr'>pter</span> <span class='ocrx_word' id='word_1_476' title='bbox 1976 2539 2249 2594; x_wconf 88' lang='lat' dir='ltr'>hominem</span> <span class='ocrx_word' id='word_1_477' title='bbox 2279 2539 2481 2594; x_wconf 84' lang='lat' dir='ltr'>factum</span> <span class='ocrx_word' id='word_1_478' title='bbox 2510 2551 2611 2604; x_wconf 89' lang='lat' dir='ltr'>est,</span> <span class='ocrx_word' id='word_1_479' title='bbox 2641 2551 2693 2595; x_wconf 93' lang='lat' dir='ltr'>et</span> <span class='ocrx_word' id='word_1_480' title='bbox 2723 2557 2829 2595; x_wconf 88' lang='lat' dir='ltr'>non</span> <span class='ocrx_word' id='word_1_481' title='bbox 2859 2541 3025 2595; x_wconf 91' lang='lat' dir='ltr'>homo</span> <span class='ocrx_word' id='word_1_482' title='bbox 3058 2551 3283 2612; x_wconf 89' lang='lat' dir='ltr'>propter</span> <span class='ocrx_word' id='word_1_483' title='bbox 3318 2544 3444 2597; x_wconf 91' lang='lat' dir='ltr'>sab-</span> 
     </span>
    </p>
   </div>
   <div class='ocr_carea' id='block_1_47' title="bbox 1828 2633 3439 2706">
    <p class='ocr_par' dir='ltr' id='par_1_47' title="bbox 1828 2633 3439 2706">
     <span class='ocr_line' id='line_1_47' title="bbox 1828 2633 3439 2706; baseline 0.002 -17"><span class='ocrx_word' id='word_1_484' title='bbox 1828 2633 2037 2689; x_wconf 91' lang='lat' dir='ltr'>batum.</span> <span class='ocrx_word' id='word_1_485' title='bbox 2082 2634 2267 2706; x_wconf 90' lang='lat' dir='ltr'>Itaque</span> <span class='ocrx_word' id='word_1_486' title='bbox 2320 2633 2574 2689; x_wconf 90' lang='lat' dir='ltr'>dominus</span> <span class='ocrx_word' id='word_1_487' title='bbox 2621 2642 2705 2690; x_wconf 92' lang='lat' dir='ltr'>est</span> <span class='ocrx_word' id='word_1_488' title='bbox 2754 2634 2925 2690; x_wconf 89' lang='lat' dir='ltr'>Filius</span> <span class='ocrx_word' id='word_1_489' title='bbox 2966 2635 3223 2705; x_wconf 85' lang='lat' dir='ltr'>hominis,</span> <span class='ocrx_word' id='word_1_490' title='bbox 3276 2639 3439 2694; x_wconf 90' lang='lat' dir='ltr'>etiam</span> 
     </span>
    </p>
   </div>
   <div class='ocr_carea' id='block_1_48' title="bbox 1830 2727 2070 2783">
    <p class='ocr_par' dir='ltr' id='par_1_48' title="bbox 1830 2727 2070 2783">
     <span class='ocr_line' id='line_1_48' title="bbox 1830 2727 2070 2783; baseline -0.008 0"><span class='ocrx_word' id='word_1_491' title='bbox 1830 2727 2070 2783; x_wconf 73' lang='lat' dir='ltr'>sabbaﬁ.</span> 
     </span>
    </p>
   </div>
   <div class='ocr_carea' id='block_1_49' title="bbox 1902 2820 3444 2895">
    <p class='ocr_par' dir='ltr' id='par_1_49' title="bbox 1902 2820 3444 2895">
     <span class='ocr_line' id='line_1_49' title="bbox 1902 2820 3444 2895; baseline 0.001 -18"><span class='ocrx_word' id='word_1_492' title='bbox 1902 2821 2053 2895; x_wconf 84' lang='lat' dir='ltr'>[Cap.</span> <span class='ocrx_word' id='word_1_493' title='bbox 2089 2821 2199 2893; x_wconf 90' lang='lat' dir='ltr'>lll.]</span> <span class='ocrx_word' id='word_1_494' title='bbox 2250 2821 2317 2877; x_wconf 88' lang='lat' dir='ltr'>Et</span> <span class='ocrx_word' id='word_1_495' title='bbox 2344 2820 2592 2876; x_wconf 88' lang='lat' dir='ltr'>introivit</span> <span class='ocrx_word' id='word_1_496' title='bbox 2648 2822 2845 2877; x_wconf 92' lang='lat' dir='ltr'>iterum</span> <span class='ocrx_word' id='word_1_497' title='bbox 2892 2822 2945 2876; x_wconf 93' lang='lat' dir='ltr'>in</span> <span class='ocrx_word' id='word_1_498' title='bbox 2984 2838 3311 2895; x_wconf 85' lang='lat' dir='ltr'>synagogam</span> <span class='ocrx_word' id='word_1_499' title='bbox 3342 2841 3356 2879; x_wconf 89' lang='lat'>:</span> <span class='ocrx_word' id='word_1_500' title='bbox 3390 2834 3444 2879; x_wconf 92' lang='lat' dir='ltr'>ct</span> 
     </span>
    </p>
   </div>
   <div class='ocr_carea' id='block_1_50' title="bbox 1830 2914 3445 2975">
    <p class='ocr_par' dir='ltr' id='par_1_50' title="bbox 1830 2914 3445 2975">
     <span class='ocr_line' id='line_1_50' title="bbox 1830 2914 3445 2975; baseline 0.002 -4"><span class='ocrx_word' id='word_1_501' title='bbox 1830 2927 1947 2971; x_wconf 91' lang='lat' dir='ltr'>erat</span> <span class='ocrx_word' id='word_1_502' title='bbox 1998 2914 2073 2971; x_wconf 90' lang='lat' dir='ltr'>ibi</span> <span class='ocrx_word' id='word_1_503' title='bbox 2116 2915 2279 2971; x_wconf 89' lang='lat' dir='ltr'>homo</span> <span class='ocrx_word' id='word_1_504' title='bbox 2334 2915 2543 2971; x_wconf 88' lang='lat' dir='ltr'>habens</span> <span class='ocrx_word' id='word_1_505' title='bbox 2591 2931 2808 2970; x_wconf 88' lang='lat' dir='ltr'>manum</span> <span class='ocrx_word' id='word_1_506' title='bbox 2855 2918 3087 2973; x_wconf 90' lang='lat' dir='ltr'>aridam.</span> <span class='ocrx_word' id='word_1_507' title='bbox 3141 2918 3204 2972; x_wconf 83' lang='lat' dir='ltr'>Et</span> <span class='ocrx_word' id='word_1_508' title='bbox 3252 2920 3445 2975; x_wconf 90' lang='lat' dir='ltr'>obser-</span> 
     </span>
    </p>
   </div>
   <div class='ocr_carea' id='block_1_51' title="bbox 1834 3011 3444 3080">
    <p class='ocr_par' dir='ltr' id='par_1_51' title="bbox 1834 3011 3444 3080">
     <span class='ocr_line' id='line_1_51' title="bbox 1834 3011 3444 3080; baseline 0.004 -16"><span class='ocrx_word' id='word_1_509' title='bbox 1834 3011 2036 3067; x_wconf 86' lang='lat' dir='ltr'>vabant</span> <span class='ocrx_word' id='word_1_510' title='bbox 2063 3027 2215 3077; x_wconf 90' lang='lat' dir='ltr'>eum,</span> <span class='ocrx_word' id='word_1_511' title='bbox 2244 3011 2288 3066; x_wconf 91' lang='lat' dir='ltr'>si</span> <span class='ocrx_word' id='word_1_512' title='bbox 2316 3011 2556 3067; x_wconf 88' lang='lat' dir='ltr'>sabbatis</span> <span class='ocrx_word' id='word_1_513' title='bbox 2577 3021 2819 3080; x_wconf 89' lang='lat' dir='ltr'>curaret,</span> <span class='ocrx_word' id='word_1_514' title='bbox 2848 3024 2902 3068; x_wconf 90' lang='lat' dir='ltr'>ut</span> <span class='ocrx_word' id='word_1_515' title='bbox 2924 3025 3248 3071; x_wconf 86' lang='lat' dir='ltr'>accusarent</span> <span class='ocrx_word' id='word_1_516' title='bbox 3274 3016 3444 3072; x_wconf 91' lang='lat' dir='ltr'>illum.</span> 
     </span>
    </p>
   </div>
   <div class='ocr_carea' id='block_1_52' title="bbox 125 3096 3444 3181">
    <p class='ocr_par' dir='ltr' id='par_1_52' title="bbox 125 3096 3444 3181">
     <span class='ocr_line' id='line_1_52' title="bbox 125 3096 3444 3181; baseline 0.001 -19"><span class='ocrx_word' id='word_1_517' title='bbox 125 3115 210 3162; x_wconf 91' lang='lat' dir='ltr'>tur</span> <span class='ocrx_word' id='word_1_518' title='bbox 234 3108 655 3179; x_wconf 77' lang='lat' dir='ltr'>blasphemias7]</span> <span class='ocrx_word' id='word_1_519' title='bbox 681 3108 816 3176; x_wconf 86' lang='lat' dir='ltr'>Quis</span> <span class='ocrx_word' id='word_1_520' title='bbox 845 3116 1028 3178; x_wconf 82' lang='lat' dir='ltr'>potest</span> <span class='ocrx_word' id='word_1_521' title='bbox 1052 3108 1329 3163; x_wconf 89' lang='lat' dir='ltr'>dimittere</span> <span class='ocrx_word' id='word_1_522' title='bbox 1350 3116 1594 3178; x_wconf 86' lang='lat' dir='ltr'>peccata,</span> <span class='ocrx_word' id='word_1_523' title='bbox 1628 3107 1730 3163; x_wconf 90' lang='lat' dir='ltr'>nisi</span> <span class='ocrx_word' id='word_1_524' title='bbox 1758 3096 1804 3159; x_wconf 93' lang='lat' dir='ltr'>C</span> <span class='ocrx_word' id='word_1_525' title='bbox 1843 3105 1907 3158; x_wconf 84' lang='lat' dir='ltr'>Et</span> <span class='ocrx_word' id='word_1_526' title='bbox 1952 3106 2028 3159; x_wconf 92' lang='lat' dir='ltr'>ait</span> <span class='ocrx_word' id='word_1_527' title='bbox 2077 3104 2284 3160; x_wconf 87' lang='lat' dir='ltr'>homini</span> <span class='ocrx_word' id='word_1_528' title='bbox 2332 3104 2557 3161; x_wconf 88' lang='lat' dir='ltr'>habenti</span> <span class='ocrx_word' id='word_1_529' title='bbox 2605 3121 2823 3161; x_wconf 90' lang='lat' dir='ltr'>manum</span> <span class='ocrx_word' id='word_1_530' title='bbox 2877 3108 3088 3163; x_wconf 86' lang='lat' dir='ltr'>aridam</span> <span class='ocrx_word' id='word_1_531' title='bbox 3124 3126 3137 3163; x_wconf 91' lang='lat'>:</span> <span class='ocrx_word' id='word_1_532' title='bbox 3189 3110 3359 3181; x_wconf 87' lang='lat' dir='ltr'>Surge</span> <span class='ocrx_word' id='word_1_533' title='bbox 3389 3111 3444 3166; x_wconf 92' lang='lat' dir='ltr'>in</span> 
     </span>
    </p>
   </div>
   <div class='ocr_carea' id='block_1_53' title="bbox 124 3198 1733 3271">
    <p class='ocr_par' dir='ltr' id='par_1_53' title="bbox 124 3198 1733 3271">
     <span class='ocr_line' id='line_1_53' title="bbox 124 3198 1733 3271; baseline -0.001 -16"><span class='ocrx_word' id='word_1_534' title='bbox 124 3199 273 3257; x_wconf 85' lang='lat' dir='ltr'>solus</span> <span class='ocrx_word' id='word_1_535' title='bbox 317 3200 505 3257; x_wconf 85' lang='lat' dir='ltr'>Deus?</span> <span class='ocrx_word' id='word_1_536' title='bbox 555 3200 672 3269; x_wconf 91' lang='lat' dir='ltr'>Quo</span> <span class='ocrx_word' id='word_1_537' title='bbox 701 3201 885 3255; x_wconf 83' lang='lat' dir='ltr'>statim</span> <span class='ocrx_word' id='word_1_538' title='bbox 932 3199 1148 3271; x_wconf 88' lang='lat' dir='ltr'>cognito</span> <span class='ocrx_word' id='word_1_539' title='bbox 1192 3198 1351 3255; x_wconf 85' lang='lat' dir='ltr'>Jesus</span> <span class='ocrx_word' id='word_1_540' title='bbox 1397 3198 1591 3270; x_wconf 85' lang='lat' dir='ltr'>spiritu</span> <span class='ocrx_word' id='word_1_541' title='bbox 1632 3212 1733 3254; x_wconf 91' lang='lat' dir='ltr'>suo</span> 
     </span>
    </p>
   </div>
   <div class='ocr_carea' id='block_1_54' title="bbox 124 3297 1734 3371">
    <p class='ocr_par' dir='ltr' id='par_1_54' title="bbox 124 3297 1734 3371">
     <span class='ocr_line' id='line_1_54' title="bbox 124 3297 1734 3371; baseline -0.001 -18"><span class='ocrx_word' id='word_1_542' title='bbox 124 3301 245 3369; x_wconf 89' lang='lat' dir='ltr'>quia</span> <span class='ocrx_word' id='word_1_543' title='bbox 277 3300 358 3356; x_wconf 87' lang='lat' dir='ltr'>sic</span> <span class='ocrx_word' id='word_1_544' title='bbox 389 3302 689 3371; x_wconf 85' lang='lat' dir='ltr'>cogitarent</span> <span class='ocrx_word' id='word_1_545' title='bbox 721 3300 861 3355; x_wconf 89' lang='lat' dir='ltr'>intra</span> <span class='ocrx_word' id='word_1_546' title='bbox 892 3314 973 3363; x_wconf 92' lang='lat' dir='ltr'>se,</span> <span class='ocrx_word' id='word_1_547' title='bbox 1002 3298 1132 3353; x_wconf 90' lang='lat' dir='ltr'>dicit</span> <span class='ocrx_word' id='word_1_548' title='bbox 1163 3297 1269 3353; x_wconf 92' lang='lat' dir='ltr'>illis</span> <span class='ocrx_word' id='word_1_549' title='bbox 1302 3314 1316 3353; x_wconf 87' lang='lat'>:</span> <span class='ocrx_word' id='word_1_550' title='bbox 1346 3297 1487 3366; x_wconf 85' lang='lat' dir='ltr'>Quid</span> <span class='ocrx_word' id='word_1_551' title='bbox 1513 3298 1613 3353; x_wconf 87' lang='lat' dir='ltr'>ista</span> <span class='ocrx_word' id='word_1_552' title='bbox 1643 3312 1734 3353; x_wconf 93' lang='lat' dir='ltr'>co-</span> 
     </span>
    </p>
   </div>
   <div class='ocr_carea' id='block_1_55' title="bbox 124 3390 1733 3461">
    <p class='ocr_par' dir='ltr' id='par_1_55' title="bbox 124 3390 1733 3461">
     <span class='ocr_line' id='line_1_55' title="bbox 124 3390 1733 3461; baseline 0.001 -15"><span class='ocrx_word' id='word_1_553' title='bbox 124 3391 305 3461; x_wconf 87' lang='lat' dir='ltr'>gitatis</span> <span class='ocrx_word' id='word_1_554' title='bbox 335 3395 387 3448; x_wconf 92' lang='lat' dir='ltr'>in</span> <span class='ocrx_word' id='word_1_555' title='bbox 430 3393 689 3449; x_wconf 89' lang='lat' dir='ltr'>cordibus</span> <span class='ocrx_word' id='word_1_556' title='bbox 728 3392 963 3447; x_wconf 88' lang='lat' dir='ltr'>vestris?</span> <span class='ocrx_word' id='word_1_557' title='bbox 1008 3391 1147 3460; x_wconf 87' lang='lat' dir='ltr'>Quid</span> <span class='ocrx_word' id='word_1_558' title='bbox 1185 3401 1269 3448; x_wconf 92' lang='lat' dir='ltr'>est</span> <span class='ocrx_word' id='word_1_559' title='bbox 1297 3390 1733 3459; x_wconf 55' lang='lat' dir='ltr'>faciliusjdicere</span> 
     </span>
    </p>
   </div>
   <div class='ocr_carea' id='block_1_56' title="bbox 124 3482 1730 3559">
    <p class='ocr_par' dir='ltr' id='par_1_56' title="bbox 124 3482 1730 3559">
     <span class='ocr_line' id='line_1_56' title="bbox 124 3482 1730 3559; baseline -0.001 -21"><span class='ocrx_word' id='word_1_560' title='bbox 124 3486 425 3559; x_wconf 82' lang='lat' dir='ltr'>paralytico</span> <span class='ocrx_word' id='word_1_561' title='bbox 466 3504 482 3542; x_wconf 85' lang='lat'>:</span> <span class='ocrx_word' id='word_1_562' title='bbox 537 3485 899 3541; x_wconf 90' lang='lat' dir='ltr'>Dimittuntur</span> <span class='ocrx_word' id='word_1_563' title='bbox 950 3485 1046 3540; x_wconf 89' lang='lat' dir='ltr'>tibi</span> <span class='ocrx_word' id='word_1_564' title='bbox 1094 3490 1347 3554; x_wconf 90' lang='lat' dir='ltr'>peccata;</span> <span class='ocrx_word' id='word_1_565' title='bbox 1396 3498 1464 3537; x_wconf 91' lang='lat' dir='ltr'>an</span> <span class='ocrx_word' id='word_1_566' title='bbox 1505 3482 1730 3539; x_wconf 86' lang='lat' dir='ltr'>dicere:</span> 
     </span>
    </p>
   </div>
   <div class='ocr_carea' id='block_1_57' title="bbox 122 3574 1732 3650">
    <p class='ocr_par' dir='ltr' id='par_1_57' title="bbox 122 3574 1732 3650">
     <span class='ocr_line' id='line_1_57' title="bbox 122 3574 1732 3650; baseline -0.003 -16"><span class='ocrx_word' id='word_1_567' title='bbox 122 3576 315 3650; x_wconf 88' lang='lat' dir='ltr'>Surge,</span> <span class='ocrx_word' id='word_1_568' title='bbox 352 3581 485 3636; x_wconf 84' lang='lat' dir='ltr'>tolle</span> <span class='ocrx_word' id='word_1_569' title='bbox 518 3580 803 3650; x_wconf 86' lang='lat' dir='ltr'>grabatum</span> <span class='ocrx_word' id='word_1_570' title='bbox 855 3586 1026 3643; x_wconf 90' lang='lat' dir='ltr'>tuum,</span> <span class='ocrx_word' id='word_1_571' title='bbox 1059 3587 1114 3632; x_wconf 89' lang='lat' dir='ltr'>et</span> <span class='ocrx_word' id='word_1_572' title='bbox 1145 3575 1400 3631; x_wconf 88' lang='lat' dir='ltr'>ambula?</span> <span class='ocrx_word' id='word_1_573' title='bbox 1444 3574 1509 3630; x_wconf 90' lang='lat' dir='ltr'>Ut</span> <span class='ocrx_word' id='word_1_574' title='bbox 1552 3583 1732 3629; x_wconf 89' lang='lat' dir='ltr'>autem</span> 
     </span>
    </p>
   </div>
   <div class='ocr_carea' id='block_1_58' title="bbox 124 3667 1731 3743">
    <p class='ocr_par' dir='ltr' id='par_1_58' title="bbox 124 3667 1731 3743">
     <span class='ocr_line' id='line_1_58' title="bbox 124 3667 1731 3743; baseline -0.004 -16"><span class='ocrx_word' id='word_1_575' title='bbox 124 3673 307 3728; x_wconf 82' lang='lat' dir='ltr'>sciatis</span> <span class='ocrx_word' id='word_1_576' title='bbox 335 3673 465 3743; x_wconf 91' lang='lat' dir='ltr'>quia</span> <span class='ocrx_word' id='word_1_577' title='bbox 484 3671 657 3726; x_wconf 90' lang='lat' dir='ltr'>Filius</span> <span class='ocrx_word' id='word_1_578' title='bbox 686 3670 924 3725; x_wconf 90' lang='lat' dir='ltr'>hominis</span> <span class='ocrx_word' id='word_1_579' title='bbox 956 3669 1120 3723; x_wconf 88' lang='lat' dir='ltr'>habet</span> <span class='ocrx_word' id='word_1_580' title='bbox 1149 3676 1476 3739; x_wconf 88' lang='lat' dir='ltr'>potestatem</span> <span class='ocrx_word' id='word_1_581' title='bbox 1504 3667 1560 3723; x_wconf 89' lang='lat' dir='ltr'>in</span> <span class='ocrx_word' id='word_1_582' title='bbox 1587 3676 1731 3722; x_wconf 91' lang='lat' dir='ltr'>terra</span> 
     </span>
    </p>
   </div>
   <div class='ocr_carea' id='block_1_59' title="bbox 125 3761 1730 3837">
    <p class='ocr_par' dir='ltr' id='par_1_59' title="bbox 125 3761 1730 3837">
     <span class='ocr_line' id='line_1_59' title="bbox 125 3761 1730 3837; baseline -0.002 -19"><span class='ocrx_word' id='word_1_583' title='bbox 125 3763 433 3822; x_wconf 87' lang='lat' dir='ltr'>dimittendi</span> <span class='ocrx_word' id='word_1_584' title='bbox 460 3774 681 3837; x_wconf 88' lang='lat' dir='ltr'>peccata</span> <span class='ocrx_word' id='word_1_585' title='bbox 711 3763 813 3837; x_wconf 88' lang='lat' dir='ltr'>(ait</span> <span class='ocrx_word' id='word_1_586' title='bbox 841 3761 1187 3835; x_wconf 82' lang='lat' dir='ltr'>paralytico),</span> <span class='ocrx_word' id='word_1_587' title='bbox 1217 3763 1309 3817; x_wconf 89' lang='lat' dir='ltr'>tibi</span> <span class='ocrx_word' id='word_1_588' title='bbox 1332 3762 1458 3817; x_wconf 89' lang='lat' dir='ltr'>dico</span> <span class='ocrx_word' id='word_1_589' title='bbox 1490 3780 1502 3816; x_wconf 90' lang='lat'>:</span> <span class='ocrx_word' id='word_1_590' title='bbox 1536 3762 1730 3831; x_wconf 87' lang='lat' dir='ltr'>Surge,</span> 
     </span>
    </p>
   </div>
   <div class='ocr_carea' id='block_1_60' title="bbox 124 3856 1735 3931">
    <p class='ocr_par' dir='ltr' id='par_1_60' title="bbox 124 3856 1735 3931">
     <span class='ocr_line' id='line_1_60' title="bbox 124 3856 1735 3931; baseline 0 -20"><span class='ocrx_word' id='word_1_591' title='bbox 124 3858 249 3914; x_wconf 92' lang='lat' dir='ltr'>tolle</span> <span class='ocrx_word' id='word_1_592' title='bbox 294 3860 589 3931; x_wconf 86' lang='lat' dir='ltr'>grabatum</span> <span class='ocrx_word' id='word_1_593' title='bbox 625 3866 815 3923; x_wconf 77' lang='lat' dir='ltr'>tuum,</span> <span class='ocrx_word' id='word_1_594' title='bbox 845 3868 902 3913; x_wconf 91' lang='lat' dir='ltr'>et</span> <span class='ocrx_word' id='word_1_595' title='bbox 938 3856 1078 3913; x_wconf 86' lang='lat' dir='ltr'>vade</span> <span class='ocrx_word' id='word_1_596' title='bbox 1108 3857 1161 3911; x_wconf 92' lang='lat' dir='ltr'>in</span> <span class='ocrx_word' id='word_1_597' title='bbox 1193 3857 1412 3913; x_wconf 89' lang='lat' dir='ltr'>domum</span> <span class='ocrx_word' id='word_1_598' title='bbox 1465 3867 1632 3912; x_wconf 89' lang='lat' dir='ltr'>tuam.</span> <span class='ocrx_word' id='word_1_599' title='bbox 1666 3856 1735 3911; x_wconf 89' lang='lat' dir='ltr'>Et</span> 
     </span>
    </p>
   </div>
   <div class='ocr_carea' id='block_1_61' title="bbox 120 3948 1731 4019">
    <p class='ocr_par' dir='ltr' id='par_1_61' title="bbox 120 3948 1731 4019">
     <span class='ocr_line' id='line_1_61' title="bbox 120 3948 1731 4019; baseline -0.002 -14"><span class='ocrx_word' id='word_1_600' title='bbox 120 3953 304 4007; x_wconf 87' lang='lat' dir='ltr'>statim</span> <span class='ocrx_word' id='word_1_601' title='bbox 336 3952 588 4008; x_wconf 84' lang='lat' dir='ltr'>surrexit</span> <span class='ocrx_word' id='word_1_602' title='bbox 618 3949 711 4005; x_wconf 92' lang='lat' dir='ltr'>ille</span> <span class='ocrx_word' id='word_1_603' title='bbox 741 3966 754 4002; x_wconf 91' lang='lat'>:</span> <span class='ocrx_word' id='word_1_604' title='bbox 782 3958 839 4004; x_wconf 91' lang='lat' dir='ltr'>et</span> <span class='ocrx_word' id='word_1_605' title='bbox 866 3949 1081 4004; x_wconf 90' lang='lat' dir='ltr'>sublato</span> <span class='ocrx_word' id='word_1_606' title='bbox 1102 3948 1349 4019; x_wconf 86' lang='lat' dir='ltr'>grabato,</span> <span class='ocrx_word' id='word_1_607' title='bbox 1382 3948 1515 4002; x_wconf 90' lang='lat' dir='ltr'>abiit</span> <span class='ocrx_word' id='word_1_608' title='bbox 1545 3962 1731 4002; x_wconf 90' lang='lat' dir='ltr'>coram</span> 
     </span>
    </p>
   </div>
   <div class='ocr_carea' id='block_1_62' title="bbox 121 4040 1735 4113">
    <p class='ocr_par' dir='ltr' id='par_1_62' title="bbox 121 4040 1735 4113">
     <span class='ocr_line' id='line_1_62' title="bbox 121 4040 1735 4113; baseline -0.002 -14"><span class='ocrx_word' id='word_1_609' title='bbox 121 4046 409 4113; x_wconf 90' lang='lat' dir='ltr'>omnibus,</span> <span class='ocrx_word' id='word_1_610' title='bbox 436 4046 511 4101; x_wconf 90' lang='lat' dir='ltr'>ita</span> <span class='ocrx_word' id='word_1_611' title='bbox 538 4053 598 4099; x_wconf 91' lang='lat' dir='ltr'>ut</span> <span class='ocrx_word' id='word_1_612' title='bbox 628 4042 960 4098; x_wconf 90' lang='lat' dir='ltr'>mirarentur</span> <span class='ocrx_word' id='word_1_613' title='bbox 986 4056 1202 4108; x_wconf 87' lang='lat' dir='ltr'>omnes,</span> <span class='ocrx_word' id='word_1_614' title='bbox 1231 4051 1285 4097; x_wconf 91' lang='lat' dir='ltr'>et</span> <span class='ocrx_word' id='word_1_615' title='bbox 1313 4040 1735 4097; x_wconf 86' lang='lat' dir='ltr'>honorificarent</span> 
     </span>
    </p>
   </div>
   <div class='ocr_carea' id='block_1_63' title="bbox 124 4131 1731 4209">
    <p class='ocr_par' dir='ltr' id='par_1_63' title="bbox 124 4131 1731 4209">
     <span class='ocr_line' id='line_1_63' title="bbox 124 4131 1731 4209; baseline -0.004 -17"><span class='ocrx_word' id='word_1_616' title='bbox 124 4134 321 4209; x_wconf 90' lang='lat' dir='ltr'>Deum,</span> <span class='ocrx_word' id='word_1_617' title='bbox 350 4138 629 4194; x_wconf 86' lang='lat' dir='ltr'>dicentes:</span> <span class='ocrx_word' id='word_1_618' title='bbox 654 4135 790 4202; x_wconf 85' lang='lat' dir='ltr'>Quia</span> <span class='ocrx_word' id='word_1_619' title='bbox 816 4149 1109 4205; x_wconf 91' lang='lat' dir='ltr'>numquam</span> <span class='ocrx_word' id='word_1_620' title='bbox 1133 4133 1211 4188; x_wconf 91' lang='lat' dir='ltr'>sic</span> <span class='ocrx_word' id='word_1_621' title='bbox 1235 4132 1465 4187; x_wconf 90' lang='lat' dir='ltr'>vidimus</span> <span class='ocrx_word' id='word_1_622' title='bbox 1498 4132 1633 4204; x_wconf 82' lang='lat' dir='ltr'>[xxt,</span> <span class='ocrx_word' id='word_1_623' title='bbox 1652 4131 1731 4203; x_wconf 73' lang='lat'>2.]</span> 
     </span>
    </p>
   </div>
   <div class='ocr_carea' id='block_1_64' title="bbox 122 4225 1735 4304">
    <p class='ocr_par' dir='ltr' id='par_1_64' title="bbox 122 4225 1735 4304">
     <span class='ocr_line' id='line_1_64' title="bbox 122 4225 1735 4304; baseline -0.004 -18"><span class='ocrx_word' id='word_1_624' title='bbox 122 4227 184 4286; x_wconf 90' lang='lat' dir='ltr'>Et</span> <span class='ocrx_word' id='word_1_625' title='bbox 204 4247 471 4304; x_wconf 85' lang='lat' dir='ltr'>egressus</span> <span class='ocrx_word' id='word_1_626' title='bbox 496 4238 587 4288; x_wconf 87' lang='lat' dir='ltr'>est</span> <span class='ocrx_word' id='word_1_627' title='bbox 612 4244 806 4286; x_wconf 90' lang='lat' dir='ltr'>rursus</span> <span class='ocrx_word' id='word_1_628' title='bbox 836 4228 901 4284; x_wconf 90' lang='lat' dir='ltr'>ad</span> <span class='ocrx_word' id='word_1_629' title='bbox 929 4243 1082 4284; x_wconf 90' lang='lat' dir='ltr'>mare</span> <span class='ocrx_word' id='word_1_630' title='bbox 1113 4245 1124 4281; x_wconf 85' lang='lat'>:</span> <span class='ocrx_word' id='word_1_631' title='bbox 1150 4226 1433 4297; x_wconf 91' lang='lat' dir='ltr'>omnisque</span> <span class='ocrx_word' id='word_1_632' title='bbox 1466 4225 1619 4280; x_wconf 91' lang='lat' dir='ltr'>turba</span> <span class='ocrx_word' id='word_1_633' title='bbox 1644 4240 1735 4280; x_wconf 86' lang='lat' dir='ltr'>ve-</span> 
     </span>
    </p>
   </div>
   <div class='ocr_carea' id='block_1_65' title="bbox 122 4318 1729 4392">
    <p class='ocr_par' dir='ltr' id='par_1_65' title="bbox 122 4318 1729 4392">
     <span class='ocr_line' id='line_1_65' title="bbox 122 4318 1729 4392; baseline -0.004 -15"><span class='ocrx_word' id='word_1_634' title='bbox 122 4322 307 4380; x_wconf 88' lang='lat' dir='ltr'>niebat</span> <span class='ocrx_word' id='word_1_635' title='bbox 349 4324 419 4380; x_wconf 91' lang='lat' dir='ltr'>ad</span> <span class='ocrx_word' id='word_1_636' title='bbox 447 4339 596 4392; x_wconf 89' lang='lat' dir='ltr'>eum,</span> <span class='ocrx_word' id='word_1_637' title='bbox 646 4333 701 4379; x_wconf 90' lang='lat' dir='ltr'>et</span> <span class='ocrx_word' id='word_1_638' title='bbox 730 4320 964 4377; x_wconf 90' lang='lat' dir='ltr'>docebat</span> <span class='ocrx_word' id='word_1_639' title='bbox 992 4336 1108 4377; x_wconf 89' lang='lat' dir='ltr'>eos.</span> <span class='ocrx_word' id='word_1_640' title='bbox 1146 4320 1211 4375; x_wconf 90' lang='lat' dir='ltr'>Et</span> <span class='ocrx_word' id='word_1_641' title='bbox 1254 4335 1377 4374; x_wconf 91' lang='lat' dir='ltr'>cum</span> <span class='ocrx_word' id='word_1_642' title='bbox 1409 4318 1729 4388; x_wconf 84' lang='lat' dir='ltr'>praeteriret,</span> 
     </span>
    </p>
   </div>
   <div class='ocr_carea' id='block_1_66' title="bbox 122 4415 1736 4489">
    <p class='ocr_par' dir='ltr' id='par_1_66' title="bbox 122 4415 1736 4489">
     <span class='ocr_line' id='line_1_66' title="bbox 122 4415 1736 4489; baseline -0.001 -18"><span class='ocrx_word' id='word_1_643' title='bbox 122 4418 254 4474; x_wconf 88' lang='lat' dir='ltr'>vidit</span> <span class='ocrx_word' id='word_1_644' title='bbox 292 4420 324 4459; x_wconf 66' lang='grc' dir='ltr'>δ</span> <span class='ocrx_word' id='word_1_645' title='bbox 374 4420 511 4476; x_wconf 88' lang='lat' dir='ltr'>Levi</span> <span class='ocrx_word' id='word_1_646' title='bbox 556 4416 768 4489; x_wconf 67' lang='lat' dir='ltr'>Alphmi</span> <span class='ocrx_word' id='word_1_647' title='bbox 801 4416 1080 4473; x_wconf 91' lang='lat' dir='ltr'>sedentem</span> <span class='ocrx_word' id='word_1_648' title='bbox 1110 4415 1176 4471; x_wconf 90' lang='lat' dir='ltr'>ad</span> <span class='ocrx_word' id='word_1_649' title='bbox 1212 4415 1469 4471; x_wconf 90' lang='lat' dir='ltr'>telonium</span> <span class='ocrx_word' id='word_1_650' title='bbox 1496 4456 1510 4481; x_wconf 94' lang='lat'>,</span> <span class='ocrx_word' id='word_1_651' title='bbox 1564 4427 1616 4471; x_wconf 88' lang='lat' dir='ltr'>et</span> <span class='ocrx_word' id='word_1_652' title='bbox 1660 4416 1736 4469; x_wconf 89' lang='lat' dir='ltr'>ait</span> 
     </span>
    </p>
   </div>
   <div class='ocr_carea' id='block_1_67' title="bbox 1835 3197 3449 3272">
    <p class='ocr_par' dir='ltr' id='par_1_67' title="bbox 1835 3197 3449 3272">
     <span class='ocr_line' id='line_1_67' title="bbox 1835 3197 3449 3272; baseline 0.004 -19"><span class='ocrx_word' id='word_1_653' title='bbox 1835 3198 2095 3253; x_wconf 90' lang='lat' dir='ltr'>medium.</span> <span class='ocrx_word' id='word_1_654' title='bbox 2126 3199 2193 3253; x_wconf 86' lang='lat' dir='ltr'>Et</span> <span class='ocrx_word' id='word_1_655' title='bbox 2224 3197 2357 3253; x_wconf 91' lang='lat' dir='ltr'>dicit</span> <span class='ocrx_word' id='word_1_656' title='bbox 2383 3198 2464 3254; x_wconf 88' lang='lat' dir='ltr'>eis</span> <span class='ocrx_word' id='word_1_657' title='bbox 2499 3217 2511 3253; x_wconf 93' lang='lat'>:</span> <span class='ocrx_word' id='word_1_658' title='bbox 2543 3198 2700 3254; x_wconf 88' lang='lat' dir='ltr'>Licet</span> <span class='ocrx_word' id='word_1_659' title='bbox 2730 3199 2975 3256; x_wconf 83' lang='lat' dir='ltr'>sabbatis</span> <span class='ocrx_word' id='word_1_660' title='bbox 3004 3202 3349 3272; x_wconf 82' lang='lat' dir='ltr'>benefacere,</span> <span class='ocrx_word' id='word_1_661' title='bbox 3380 3220 3449 3259; x_wconf 90' lang='lat' dir='ltr'>an</span> 
     </span>
    </p>
   </div>
   <div class='ocr_carea' id='block_1_68' title="bbox 1836 3291 3447 3365">
    <p class='ocr_par' dir='ltr' id='par_1_68' title="bbox 1836 3291 3447 3365">
     <span class='ocr_line' id='line_1_68' title="bbox 1836 3291 3447 3365; baseline 0.004 -19"><span class='ocrx_word' id='word_1_662' title='bbox 1836 3291 2017 3347; x_wconf 85' lang='lat' dir='ltr'>male?</span> <span class='ocrx_word' id='word_1_663' title='bbox 2056 3292 2293 3346; x_wconf 87' lang='lat' dir='ltr'>animam</span> <span class='ocrx_word' id='word_1_664' title='bbox 2335 3292 2542 3347; x_wconf 88' lang='lat' dir='ltr'>salvam</span> <span class='ocrx_word' id='word_1_665' title='bbox 2593 3292 2795 3362; x_wconf 86' lang='lat' dir='ltr'>facere,</span> <span class='ocrx_word' id='word_1_666' title='bbox 2840 3310 2907 3348; x_wconf 92' lang='lat' dir='ltr'>an</span> <span class='ocrx_word' id='word_1_667' title='bbox 2954 3296 3222 3365; x_wconf 84' lang='lat' dir='ltr'>perdere?</span> <span class='ocrx_word' id='word_1_668' title='bbox 3254 3300 3322 3351; x_wconf 85' lang='lat' dir='ltr'>At</span> <span class='ocrx_word' id='word_1_669' title='bbox 3368 3297 3447 3353; x_wconf 89' lang='lat' dir='ltr'>illi</span> 
     </span>
    </p>
   </div>
   <div class='ocr_carea' id='block_1_69' title="bbox 1836 3387 3449 3458">
    <p class='ocr_par' dir='ltr' id='par_1_69' title="bbox 1836 3387 3449 3458">
     <span class='ocr_line' id='line_1_69' title="bbox 1836 3387 3449 3458; baseline 0.003 -15"><span class='ocrx_word' id='word_1_670' title='bbox 1836 3390 2105 3445; x_wconf 88' lang='lat' dir='ltr'>tacebant.</span> <span class='ocrx_word' id='word_1_671' title='bbox 2138 3389 2202 3442; x_wconf 88' lang='lat' dir='ltr'>Et</span> <span class='ocrx_word' id='word_1_672' title='bbox 2223 3387 2676 3458; x_wconf 89' lang='lat' dir='ltr'>circumspiciens</span> <span class='ocrx_word' id='word_1_673' title='bbox 2698 3404 2794 3443; x_wconf 90' lang='lat' dir='ltr'>eos</span> <span class='ocrx_word' id='word_1_674' title='bbox 2817 3405 2943 3445; x_wconf 94' lang='lat' dir='ltr'>cum</span> <span class='ocrx_word' id='word_1_675' title='bbox 2969 3390 3070 3458; x_wconf 90' lang='lat' dir='ltr'>ira,</span> <span class='ocrx_word' id='word_1_676' title='bbox 3094 3390 3449 3448; x_wconf 90' lang='lat' dir='ltr'>contristatus</span> 
     </span>
    </p>
   </div>
   <div class='ocr_carea' id='block_1_70' title="bbox 1834 3482 3445 3552">
    <p class='ocr_par' dir='ltr' id='par_1_70' title="bbox 1834 3482 3445 3552">
     <span class='ocr_line' id='line_1_70' title="bbox 1834 3482 3445 3552; baseline 0.002 -15"><span class='ocrx_word' id='word_1_677' title='bbox 1834 3498 1999 3552; x_wconf 89' lang='lat' dir='ltr'>super</span> <span class='ocrx_word' id='word_1_678' title='bbox 2019 3484 2267 3537; x_wconf 80' lang='lat' dir='ltr'>caecitate</span> <span class='ocrx_word' id='word_1_679' title='bbox 2293 3482 2477 3537; x_wconf 90' lang='lat' dir='ltr'>cordis</span> <span class='ocrx_word' id='word_1_680' title='bbox 2507 3496 2719 3546; x_wconf 90' lang='lat' dir='ltr'>eorum,</span> <span class='ocrx_word' id='word_1_681' title='bbox 2750 3482 2886 3537; x_wconf 92' lang='lat' dir='ltr'>dicit</span> <span class='ocrx_word' id='word_1_682' title='bbox 2915 3482 3127 3538; x_wconf 92' lang='lat' dir='ltr'>homini</span> <span class='ocrx_word' id='word_1_683' title='bbox 3158 3500 3171 3538; x_wconf 91' lang='lat'>:</span> <span class='ocrx_word' id='word_1_684' title='bbox 3197 3483 3445 3540; x_wconf 83' lang='lat' dir='ltr'>Extende</span> 
     </span>
    </p>
   </div>
   <div class='ocr_carea' id='block_1_71' title="bbox 1836 3576 3444 3641">
    <p class='ocr_par' dir='ltr' id='par_1_71' title="bbox 1836 3576 3444 3641">
     <span class='ocr_line' id='line_1_71' title="bbox 1836 3576 3444 3641; baseline 0.002 -10"><span class='ocrx_word' id='word_1_685' title='bbox 1836 3592 2054 3631; x_wconf 90' lang='lat' dir='ltr'>manum</span> <span class='ocrx_word' id='word_1_686' title='bbox 2112 3586 2279 3631; x_wconf 91' lang='lat' dir='ltr'>tuam.</span> <span class='ocrx_word' id='word_1_687' title='bbox 2315 3576 2383 3631; x_wconf 88' lang='lat' dir='ltr'>Et</span> <span class='ocrx_word' id='word_1_688' title='bbox 2426 3576 2691 3641; x_wconf 83' lang='lat' dir='ltr'>extendit,</span> <span class='ocrx_word' id='word_1_689' title='bbox 2726 3588 2781 3632; x_wconf 91' lang='lat' dir='ltr'>et</span> <span class='ocrx_word' id='word_1_690' title='bbox 2822 3579 3070 3633; x_wconf 89' lang='lat' dir='ltr'>restituta</span> <span class='ocrx_word' id='word_1_691' title='bbox 3121 3589 3206 3633; x_wconf 84' lang='lat' dir='ltr'>est</span> <span class='ocrx_word' id='word_1_692' title='bbox 3250 3594 3444 3635; x_wconf 90' lang='lat' dir='ltr'>manus</span> 
     </span>
    </p>
   </div>
   <div class='ocr_carea' id='block_1_72' title="bbox 1836 3668 3438 3741">
    <p class='ocr_par' dir='ltr' id='par_1_72' title="bbox 1836 3668 3438 3741">
     <span class='ocr_line' id='line_1_72' title="bbox 1836 3668 3438 3741; baseline 0.003 -18"><span class='ocrx_word' id='word_1_693' title='bbox 1836 3668 1939 3723; x_wconf 92' lang='lat' dir='ltr'>illi.</span> <span class='ocrx_word' id='word_1_694' title='bbox 1970 3670 2139 3741; x_wconf 64' lang='grc' dir='ltr'>μανι,</span> <span class='ocrx_word' id='word_1_695' title='bbox 2165 3668 2243 3739; x_wconf 74' lang='grc'>4.]</span> <span class='ocrx_word' id='word_1_696' title='bbox 2278 3669 2551 3723; x_wconf 81' lang='lat' dir='ltr'>Exeuntes</span> <span class='ocrx_word' id='word_1_697' title='bbox 2579 3680 2761 3723; x_wconf 90' lang='lat' dir='ltr'>autem</span> <span class='ocrx_word' id='word_1_698' title='bbox 2791 3669 3068 3739; x_wconf 86' lang='lat' dir='ltr'>pharisaei,</span> <span class='ocrx_word' id='word_1_699' title='bbox 3102 3671 3285 3725; x_wconf 89' lang='lat' dir='ltr'>statim</span> <span class='ocrx_word' id='word_1_700' title='bbox 3316 3687 3438 3727; x_wconf 91' lang='lat' dir='ltr'>cum</span> 
     </span>
    </p>
   </div>
   <div class='ocr_carea' id='block_1_73' title="bbox 1837 3761 3445 3836">
    <p class='ocr_par' dir='ltr' id='par_1_73' title="bbox 1837 3761 3445 3836">
     <span class='ocr_line' id='line_1_73' title="bbox 1837 3761 3445 3836; baseline 0.002 -19"><span class='ocrx_word' id='word_1_701' title='bbox 1837 3761 2163 3818; x_wconf 79' lang='lat' dir='ltr'>Herodianis</span> <span class='ocrx_word' id='word_1_702' title='bbox 2184 3761 2473 3817; x_wconf 92' lang='lat' dir='ltr'>consilium</span> <span class='ocrx_word' id='word_1_703' title='bbox 2516 3761 2787 3817; x_wconf 90' lang='lat' dir='ltr'>faciebant</span> <span class='ocrx_word' id='word_1_704' title='bbox 2817 3763 3083 3819; x_wconf 87' lang='lat' dir='ltr'>adversus</span> <span class='ocrx_word' id='word_1_705' title='bbox 3122 3780 3273 3831; x_wconf 88' lang='lat' dir='ltr'>eum,</span> <span class='ocrx_word' id='word_1_706' title='bbox 3307 3782 3445 3836; x_wconf 87' lang='lat' dir='ltr'>quo-</span> 
     </span>
    </p>
   </div>
   <div class='ocr_carea' id='block_1_74' title="bbox 1836 3852 3438 3924">
    <p class='ocr_par' dir='ltr' id='par_1_74' title="bbox 1836 3852 3438 3924">
     <span class='ocr_line' id='line_1_74' title="bbox 1836 3852 3438 3924; baseline 0.002 -15"><span class='ocrx_word' id='word_1_707' title='bbox 1836 3853 1999 3909; x_wconf 92' lang='lat' dir='ltr'>modo</span> <span class='ocrx_word' id='word_1_708' title='bbox 2026 3868 2149 3909; x_wconf 90' lang='lat' dir='ltr'>eum</span> <span class='ocrx_word' id='word_1_709' title='bbox 2180 3852 2488 3922; x_wconf 90' lang='lat' dir='ltr'>perderent.</span> <span class='ocrx_word' id='word_1_710' title='bbox 2525 3852 2728 3924; x_wconf 84' lang='lat' dir='ltr'>[xxvtt,</span> <span class='ocrx_word' id='word_1_711' title='bbox 2764 3853 2840 3923; x_wconf 75' lang='grc'>1.]</span> <span class='ocrx_word' id='word_1_712' title='bbox 2880 3853 3037 3910; x_wconf 83' lang='lat' dir='ltr'>Jesus</span> <span class='ocrx_word' id='word_1_713' title='bbox 3087 3867 3268 3913; x_wconf 88' lang='lat' dir='ltr'>autem</span> <span class='ocrx_word' id='word_1_714' title='bbox 3318 3875 3438 3915; x_wconf 88' lang='lat' dir='ltr'>cum</span> 
     </span>
    </p>
   </div>
   <div class='ocr_carea' id='block_1_75' title="bbox 1836 3944 3441 4013">
    <p class='ocr_par' dir='ltr' id='par_1_75' title="bbox 1836 3944 3441 4013">
     <span class='ocr_line' id='line_1_75' title="bbox 1836 3944 3441 4013; baseline 0.004 -14"><span class='ocrx_word' id='word_1_715' title='bbox 1836 3944 2125 4013; x_wconf 86' lang='lat' dir='ltr'>discipulis</span> <span class='ocrx_word' id='word_1_716' title='bbox 2170 3944 2283 3998; x_wconf 88' lang='lat' dir='ltr'>suis</span> <span class='ocrx_word' id='word_1_717' title='bbox 2320 3944 2552 3998; x_wconf 86' lang='lat' dir='ltr'>secessit</span> <span class='ocrx_word' id='word_1_718' title='bbox 2597 3944 2662 3998; x_wconf 88' lang='lat' dir='ltr'>ad</span> <span class='ocrx_word' id='word_1_719' title='bbox 2697 3960 2846 3999; x_wconf 73' lang='lat' dir='ltr'>mare</span> <span class='ocrx_word' id='word_1_720' title='bbox 2880 3964 2891 3998; x_wconf 92' lang='lat'>:</span> <span class='ocrx_word' id='word_1_721' title='bbox 2927 3955 2982 4001; x_wconf 89' lang='lat' dir='ltr'>et</span> <span class='ocrx_word' id='word_1_722' title='bbox 3020 3949 3188 4004; x_wconf 93' lang='lat' dir='ltr'>multa</span> <span class='ocrx_word' id='word_1_723' title='bbox 3225 3950 3378 4005; x_wconf 88' lang='lat' dir='ltr'>turba</span> <span class='ocrx_word' id='word_1_724' title='bbox 3410 3967 3441 4006; x_wconf 89' lang='lat' dir='ltr'>a</span> 
     </span>
    </p>
   </div>
   <div class='ocr_carea' id='block_1_76' title="bbox 1837 4037 3441 4114">
    <p class='ocr_par' dir='ltr' id='par_1_76' title="bbox 1837 4037 3441 4114">
     <span class='ocr_line' id='line_1_76' title="bbox 1837 4037 3441 4114; baseline 0.003 -19"><span class='ocrx_word' id='word_1_725' title='bbox 1837 4039 2057 4095; x_wconf 71' lang='lat' dir='ltr'>Galilzca</span> <span class='ocrx_word' id='word_1_726' title='bbox 2089 4046 2144 4095; x_wconf 91' lang='lat' dir='ltr'>et</span> <span class='ocrx_word' id='word_1_727' title='bbox 2168 4037 2352 4094; x_wconf 73' lang='lat' dir='ltr'>Judma</span> <span class='ocrx_word' id='word_1_728' title='bbox 2378 4046 2565 4095; x_wconf 88' lang='lat' dir='ltr'>secuta</span> <span class='ocrx_word' id='word_1_729' title='bbox 2598 4048 2683 4093; x_wconf 89' lang='lat' dir='ltr'>est</span> <span class='ocrx_word' id='word_1_730' title='bbox 2712 4055 2857 4105; x_wconf 88' lang='lat' dir='ltr'>eum,</span> <span class='ocrx_word' id='word_1_731' title='bbox 2892 4050 2947 4096; x_wconf 90' lang='lat' dir='ltr'>et</span> <span class='ocrx_word' id='word_1_732' title='bbox 2969 4042 3037 4098; x_wconf 89' lang='lat' dir='ltr'>ab</span> <span class='ocrx_word' id='word_1_733' title='bbox 3064 4042 3441 4114; x_wconf 84' lang='lat' dir='ltr'>Jerosolymis,</span> 
     </span>
    </p>
   </div>
   <div class='ocr_carea' id='block_1_77' title="bbox 1836 4130 3440 4208">
    <p class='ocr_par' dir='ltr' id='par_1_77' title="bbox 1836 4130 3440 4208">
     <span class='ocr_line' id='line_1_77' title="bbox 1836 4130 3440 4208; baseline 0.002 -20"><span class='ocrx_word' id='word_1_734' title='bbox 1836 4141 1892 4188; x_wconf 91' lang='lat' dir='ltr'>et</span> <span class='ocrx_word' id='word_1_735' title='bbox 1919 4133 1987 4188; x_wconf 91' lang='lat' dir='ltr'>ab</span> <span class='ocrx_word' id='word_1_736' title='bbox 2014 4132 2249 4186; x_wconf 61' lang='lat' dir='ltr'>Idumaea</span> <span class='ocrx_word' id='word_1_737' title='bbox 2276 4176 2289 4201; x_wconf 91' lang='lat'>,</span> <span class='ocrx_word' id='word_1_738' title='bbox 2320 4140 2373 4186; x_wconf 91' lang='lat' dir='ltr'>et</span> <span class='ocrx_word' id='word_1_739' title='bbox 2397 4139 2546 4186; x_wconf 92' lang='lat' dir='ltr'>trans</span> <span class='ocrx_word' id='word_1_740' title='bbox 2574 4130 2870 4187; x_wconf 74' lang='lat' dir='ltr'>Iordanem</span> <span class='ocrx_word' id='word_1_741' title='bbox 2912 4150 2924 4187; x_wconf 93' lang='lat'>:</span> <span class='ocrx_word' id='word_1_742' title='bbox 2955 4144 3010 4190; x_wconf 91' lang='lat' dir='ltr'>et</span> <span class='ocrx_word' id='word_1_743' title='bbox 3038 4137 3127 4206; x_wconf 92' lang='lat' dir='ltr'>qui</span> <span class='ocrx_word' id='word_1_744' title='bbox 3158 4137 3297 4192; x_wconf 90' lang='lat' dir='ltr'>circa</span> <span class='ocrx_word' id='word_1_745' title='bbox 3330 4136 3440 4208; x_wconf 84' lang='lat' dir='ltr'>Ty-</span> 
     </span>
    </p>
   </div>
   <div class='ocr_carea' id='block_1_78' title="bbox 1837 4222 3439 4296">
    <p class='ocr_par' dir='ltr' id='par_1_78' title="bbox 1837 4222 3439 4296">
     <span class='ocr_line' id='line_1_78' title="bbox 1837 4222 3439 4296; baseline 0.001 -15"><span class='ocrx_word' id='word_1_746' title='bbox 1837 4240 1957 4281; x_wconf 93' lang='lat' dir='ltr'>rum</span> <span class='ocrx_word' id='word_1_747' title='bbox 1990 4234 2044 4280; x_wconf 93' lang='lat' dir='ltr'>et</span> <span class='ocrx_word' id='word_1_748' title='bbox 2072 4222 2363 4290; x_wconf 87' lang='lat' dir='ltr'>Sidunem,</span> <span class='ocrx_word' id='word_1_749' title='bbox 2404 4224 2696 4280; x_wconf 90' lang='lat' dir='ltr'>multitudo</span> <span class='ocrx_word' id='word_1_750' title='bbox 2729 4240 2947 4295; x_wconf 89' lang='lat' dir='ltr'>magna,</span> <span class='ocrx_word' id='word_1_751' title='bbox 2993 4227 3280 4282; x_wconf 88' lang='lat' dir='ltr'>audientes</span> <span class='ocrx_word' id='word_1_752' title='bbox 3318 4244 3439 4296; x_wconf 78' lang='lat' dir='ltr'>qua:</span> 
     </span>
    </p>
   </div>
   <div class='ocr_carea' id='block_1_79' title="bbox 1836 4315 3439 4386">
    <p class='ocr_par' dir='ltr' id='par_1_79' title="bbox 1836 4315 3439 4386">
     <span class='ocr_line' id='line_1_79' title="bbox 1836 4315 3439 4386; baseline 0.001 -15"><span class='ocrx_word' id='word_1_753' title='bbox 1836 4317 2091 4386; x_wconf 85' lang='lat' dir='ltr'>faciebat,</span> <span class='ocrx_word' id='word_1_754' title='bbox 2125 4326 2393 4372; x_wconf 87' lang='lat' dir='ltr'>venerunt</span> <span class='ocrx_word' id='word_1_755' title='bbox 2425 4315 2495 4369; x_wconf 92' lang='lat' dir='ltr'>ad</span> <span class='ocrx_word' id='word_1_756' title='bbox 2525 4332 2673 4371; x_wconf 91' lang='lat' dir='ltr'>eum.</span> <span class='ocrx_word' id='word_1_757' title='bbox 2709 4316 2775 4370; x_wconf 88' lang='lat' dir='ltr'>Et</span> <span class='ocrx_word' id='word_1_758' title='bbox 2801 4316 2939 4369; x_wconf 86' lang='lat' dir='ltr'>dixit</span> <span class='ocrx_word' id='word_1_759' title='bbox 2968 4316 3256 4386; x_wconf 90' lang='lat' dir='ltr'>discipulis</span> <span class='ocrx_word' id='word_1_760' title='bbox 3302 4318 3439 4384; x_wconf 90' lang='lat' dir='ltr'>suis,</span> 
     </span>
    </p>
   </div>
   <div class='ocr_carea' id='block_1_80' title="bbox 1836 4408 3442 4478">
    <p class='ocr_par' dir='ltr' id='par_1_80' title="bbox 1836 4408 3442 4478">
     <span class='ocr_line' id='line_1_80' title="bbox 1836 4408 3442 4478; baseline 0.001 -14"><span class='ocrx_word' id='word_1_761' title='bbox 1836 4419 1895 4464; x_wconf 89' lang='lat' dir='ltr'>ut</span> <span class='ocrx_word' id='word_1_762' title='bbox 1928 4409 2172 4464; x_wconf 87' lang='lat' dir='ltr'>navicula</span> <span class='ocrx_word' id='word_1_763' title='bbox 2197 4409 2301 4465; x_wconf 85' lang='lat' dir='ltr'>sibi</span> <span class='ocrx_word' id='word_1_764' title='bbox 2330 4408 2637 4463; x_wconf 89' lang='lat' dir='ltr'>deserviret</span> <span class='ocrx_word' id='word_1_765' title='bbox 2670 4418 2894 4478; x_wconf 90' lang='lat' dir='ltr'>propter</span> <span class='ocrx_word' id='word_1_766' title='bbox 2924 4409 3154 4473; x_wconf 84' lang='lat' dir='ltr'>turbam,</span> <span class='ocrx_word' id='word_1_767' title='bbox 3192 4425 3261 4465; x_wconf 90' lang='lat' dir='ltr'>ne</span> <span class='ocrx_word' id='word_1_768' title='bbox 3290 4425 3442 4465; x_wconf 89' lang='lat' dir='ltr'>com-</span> 
     </span>
    </p>
   </div>
   <div class='ocr_carea' id='block_1_81' title="bbox 122 4489 3441 4581">
    <p class='ocr_par' dir='ltr' id='par_1_81' title="bbox 122 4489 3441 4581">
     <span class='ocr_line' id='line_1_81' title="bbox 122 4489 3441 4581; baseline -0.001 -18"><span class='ocrx_word' id='word_1_769' title='bbox 122 4507 242 4565; x_wconf 91' lang='lat' dir='ltr'>illi:</span> <span class='ocrx_word' id='word_1_770' title='bbox 295 4512 546 4581; x_wconf 91' lang='lat' dir='ltr'>Sequere</span> <span class='ocrx_word' id='word_1_771' title='bbox 597 4524 705 4565; x_wconf 90' lang='lat' dir='ltr'>me.</span> <span class='ocrx_word' id='word_1_772' title='bbox 766 4508 835 4563; x_wconf 89' lang='lat' dir='ltr'>Et</span> <span class='ocrx_word' id='word_1_773' title='bbox 873 4522 1106 4578; x_wconf 91' lang='lat' dir='ltr'>surgens</span> <span class='ocrx_word' id='word_1_774' title='bbox 1157 4515 1378 4562; x_wconf 90' lang='lat' dir='ltr'>secutus</span> <span class='ocrx_word' id='word_1_775' title='bbox 1433 4515 1515 4562; x_wconf 92' lang='lat' dir='ltr'>est</span> <span class='ocrx_word' id='word_1_776' title='bbox 1582 4522 1727 4561; x_wconf 91' lang='lat' dir='ltr'>eum.</span> <span class='ocrx_word' id='word_1_777' title='bbox 1761 4489 2139 4575; x_wconf 86' lang='lat' dir='ltr'>Dprimercnt</span> <span class='ocrx_word' id='word_1_778' title='bbox 2163 4518 2309 4559; x_wconf 92' lang='lat' dir='ltr'>eum.</span> <span class='ocrx_word' id='word_1_779' title='bbox 2352 4502 2546 4556; x_wconf 82' lang='lat' dir='ltr'>Multos</span> <span class='ocrx_word' id='word_1_780' title='bbox 2574 4502 2720 4557; x_wconf 91' lang='lat' dir='ltr'>enim</span> <span class='ocrx_word' id='word_1_781' title='bbox 2754 4501 3003 4567; x_wconf 88' lang='lat' dir='ltr'>sanabat,</span> <span class='ocrx_word' id='word_1_782' title='bbox 3052 4500 3123 4556; x_wconf 91' lang='lat' dir='ltr'>ita</span> <span class='ocrx_word' id='word_1_783' title='bbox 3162 4512 3219 4557; x_wconf 93' lang='lat' dir='ltr'>ut</span> <span class='ocrx_word' id='word_1_784' title='bbox 3264 4502 3441 4560; x_wconf 89' lang='lat' dir='ltr'>irrue-</span> 
     </span>
    </p>
   </div>
   <div class='ocr_carea' id='block_1_82' title="bbox 123 4601 1743 4679">
    <p class='ocr_par' dir='ltr' id='par_1_82' title="bbox 123 4601 1743 4679">
     <span class='ocr_line' id='line_1_82' title="bbox 123 4601 1743 4679; baseline -0.002 -20"><span class='ocrx_word' id='word_1_785' title='bbox 123 4601 282 4675; x_wconf 65' lang='grc' dir='ltr'>[χιιιν</span> <span class='ocrx_word' id='word_1_786' title='bbox 308 4606 397 4679; x_wconf 78' lang='lat'>2.]</span> <span class='ocrx_word' id='word_1_787' title='bbox 429 4605 498 4661; x_wconf 88' lang='lat' dir='ltr'>Et</span> <span class='ocrx_word' id='word_1_788' title='bbox 530 4605 732 4662; x_wconf 90' lang='lat' dir='ltr'>factum</span> <span class='ocrx_word' id='word_1_789' title='bbox 775 4613 878 4671; x_wconf 89' lang='lat' dir='ltr'>est,</span> <span class='ocrx_word' id='word_1_790' title='bbox 931 4618 1061 4660; x_wconf 91' lang='lat' dir='ltr'>cum</span> <span class='ocrx_word' id='word_1_791' title='bbox 1096 4602 1442 4658; x_wconf 89' lang='lat' dir='ltr'>accumberet</span> <span class='ocrx_word' id='word_1_792' title='bbox 1482 4603 1535 4657; x_wconf 92' lang='lat' dir='ltr'>in</span> <span class='ocrx_word' id='word_1_793' title='bbox 1566 4602 1743 4657; x_wconf 87' lang='lat' dir='ltr'>domo.</span> 
     </span>
    </p>
   </div>
   <div class='ocr_carea' id='block_1_83' title="bbox 118 4694 1733 4771">
    <p class='ocr_par' dir='ltr' id='par_1_83' title="bbox 118 4694 1733 4771">
     <span class='ocr_line' id='line_1_83' title="bbox 118 4694 1733 4771; baseline 0.001 -21"><span class='ocrx_word' id='word_1_794' title='bbox 118 4694 291 4767; x_wconf 87' lang='lat' dir='ltr'>illius,</span> <span class='ocrx_word' id='word_1_795' title='bbox 325 4700 484 4756; x_wconf 89' lang='lat' dir='ltr'>multi</span> <span class='ocrx_word' id='word_1_796' title='bbox 507 4698 784 4771; x_wconf 88' lang='lat' dir='ltr'>publicani</span> <span class='ocrx_word' id='word_1_797' title='bbox 815 4708 871 4754; x_wconf 93' lang='lat' dir='ltr'>et</span> <span class='ocrx_word' id='word_1_798' title='bbox 898 4706 1215 4768; x_wconf 90' lang='lat' dir='ltr'>peccatores</span> <span class='ocrx_word' id='word_1_799' title='bbox 1242 4695 1402 4751; x_wconf 92' lang='lat' dir='ltr'>simul</span> <span class='ocrx_word' id='word_1_800' title='bbox 1432 4696 1733 4752; x_wconf 86' lang='lat' dir='ltr'>discumbe-</span> 
     </span>
    </p>
   </div>
   <div class='ocr_carea' id='block_1_84' title="bbox 114 4787 1729 4864">
    <p class='ocr_par' dir='ltr' id='par_1_84' title="bbox 114 4787 1729 4864">
     <span class='ocr_line' id='line_1_84' title="bbox 114 4787 1729 4864; baseline -0.001 -17"><span class='ocrx_word' id='word_1_801' title='bbox 114 4789 254 4849; x_wconf 88' lang='lat' dir='ltr'>bant</span> <span class='ocrx_word' id='word_1_802' title='bbox 287 4812 417 4850; x_wconf 89' lang='lat' dir='ltr'>cum</span> <span class='ocrx_word' id='word_1_803' title='bbox 444 4787 575 4851; x_wconf 72' lang='lat' dir='ltr'>Iesu</span> <span class='ocrx_word' id='word_1_804' title='bbox 598 4805 655 4850; x_wconf 91' lang='lat' dir='ltr'>et</span> <span class='ocrx_word' id='word_1_805' title='bbox 685 4792 963 4863; x_wconf 88' lang='lat' dir='ltr'>discipulis</span> <span class='ocrx_word' id='word_1_806' title='bbox 986 4792 1103 4864; x_wconf 90' lang='lat' dir='ltr'>ejus</span> <span class='ocrx_word' id='word_1_807' title='bbox 1143 4811 1156 4847; x_wconf 87' lang='lat'>:</span> <span class='ocrx_word' id='word_1_808' title='bbox 1188 4801 1346 4848; x_wconf 91' lang='lat' dir='ltr'>erant</span> <span class='ocrx_word' id='word_1_809' title='bbox 1368 4791 1512 4847; x_wconf 93' lang='lat' dir='ltr'>enim</span> <span class='ocrx_word' id='word_1_810' title='bbox 1538 4792 1689 4846; x_wconf 91' lang='lat' dir='ltr'>multi</span> <span class='ocrx_word' id='word_1_811' title='bbox 1714 4832 1729 4857; x_wconf 92' lang='lat'>,</span> 
     </span>
    </p>
   </div>
   <div class='ocr_carea' id='block_1_85' title="bbox 116 4885 1734 4961">
    <p class='ocr_par' dir='ltr' id='par_1_85' title="bbox 116 4885 1734 4961">
     <span class='ocr_line' id='line_1_85' title="bbox 116 4885 1734 4961; baseline -0.002 -19"><span class='ocrx_word' id='word_1_812' title='bbox 116 4889 212 4957; x_wconf 87' lang='lat' dir='ltr'>qui</span> <span class='ocrx_word' id='word_1_813' title='bbox 239 4898 301 4945; x_wconf 91' lang='lat' dir='ltr'>et</span> <span class='ocrx_word' id='word_1_814' title='bbox 322 4889 697 4961; x_wconf 87' lang='lat' dir='ltr'>sequebantur</span> <span class='ocrx_word' id='word_1_815' title='bbox 718 4903 863 4943; x_wconf 91' lang='lat' dir='ltr'>eum.</span> <span class='ocrx_word' id='word_1_816' title='bbox 890 4887 957 4942; x_wconf 88' lang='lat' dir='ltr'>Et</span> <span class='ocrx_word' id='word_1_817' title='bbox 981 4887 1176 4943; x_wconf 67' lang='lat' dir='ltr'>scribae</span> <span class='ocrx_word' id='word_1_818' title='bbox 1196 4896 1253 4942; x_wconf 91' lang='lat' dir='ltr'>et</span> <span class='ocrx_word' id='word_1_819' title='bbox 1272 4885 1525 4957; x_wconf 63' lang='lat' dir='ltr'>pbarismi</span> <span class='ocrx_word' id='word_1_820' title='bbox 1548 4886 1734 4940; x_wconf 85' lang='lat' dir='ltr'>viden—</span> 
     </span>
    </p>
   </div>
   <div class='ocr_carea' id='block_1_86' title="bbox 112 4978 1730 5054">
    <p class='ocr_par' dir='ltr' id='par_1_86' title="bbox 112 4978 1730 5054">
     <span class='ocr_line' id='line_1_86' title="bbox 112 4978 1730 5054; baseline -0.001 -19"><span class='ocrx_word' id='word_1_821' title='bbox 112 4986 206 5037; x_wconf 80' lang='lat' dir='ltr'>tes</span> <span class='ocrx_word' id='word_1_822' title='bbox 224 4983 364 5054; x_wconf 89' lang='lat' dir='ltr'>quia</span> <span class='ocrx_word' id='word_1_823' title='bbox 393 4981 749 5039; x_wconf 88' lang='lat' dir='ltr'>manducaret</span> <span class='ocrx_word' id='word_1_824' title='bbox 774 4996 893 5037; x_wconf 90' lang='lat' dir='ltr'>cum</span> <span class='ocrx_word' id='word_1_825' title='bbox 923 4980 1227 5053; x_wconf 88' lang='lat' dir='ltr'>publicanis</span> <span class='ocrx_word' id='word_1_826' title='bbox 1248 4989 1305 5036; x_wconf 89' lang='lat' dir='ltr'>et</span> <span class='ocrx_word' id='word_1_827' title='bbox 1329 4978 1730 5051; x_wconf 84' lang='lat' dir='ltr'>peccatoribus,</span> 
     </span>
    </p>
   </div>
   <div class='ocr_carea' id='block_1_87' title="bbox 107 5070 1735 5145">
    <p class='ocr_par' dir='ltr' id='par_1_87' title="bbox 107 5070 1735 5145">
     <span class='ocr_line' id='line_1_87' title="bbox 107 5070 1735 5145; baseline -0.001 -19"><span class='ocrx_word' id='word_1_828' title='bbox 107 5070 390 5131; x_wconf 88' lang='lat' dir='ltr'>dicebant</span> <span class='ocrx_word' id='word_1_829' title='bbox 433 5074 718 5145; x_wconf 88' lang='lat' dir='ltr'>discipulis</span> <span class='ocrx_word' id='word_1_830' title='bbox 774 5074 891 5145; x_wconf 82' lang='lat' dir='ltr'>ejus</span> <span class='ocrx_word' id='word_1_831' title='bbox 924 5092 933 5126; x_wconf 96' lang='lat'>:</span> <span class='ocrx_word' id='word_1_832' title='bbox 965 5074 1144 5142; x_wconf 85' lang='lat' dir='ltr'>Quare</span> <span class='ocrx_word' id='word_1_833' title='bbox 1185 5088 1309 5128; x_wconf 91' lang='lat' dir='ltr'>cum</span> <span class='ocrx_word' id='word_1_834' title='bbox 1354 5072 1653 5142; x_wconf 86' lang='lat' dir='ltr'>publicanis</span> <span class='ocrx_word' id='word_1_835' title='bbox 1681 5081 1735 5126; x_wconf 92' lang='lat' dir='ltr'>et</span> 
     </span>
    </p>
   </div>
   <div class='ocr_carea' id='block_1_88' title="bbox 98 5164 1734 5236">
    <p class='ocr_par' dir='ltr' id='par_1_88' title="bbox 98 5164 1734 5236">
     <span class='ocr_line' id='line_1_88' title="bbox 98 5164 1734 5236; baseline -0.004 -13"><span class='ocrx_word' id='word_1_836' title='bbox 98 5169 519 5236; x_wconf 73' lang='lat' dir='ltr'>peccatoribus</span> <span class='ocrx_word' id='word_1_837' title='bbox 576 5166 888 5235; x_wconf 88' lang='lat' dir='ltr'>manducat,</span> <span class='ocrx_word' id='word_1_838' title='bbox 934 5176 991 5222; x_wconf 86' lang='lat' dir='ltr'>et</span> <span class='ocrx_word' id='word_1_839' title='bbox 1036 5165 1173 5221; x_wconf 90' lang='lat' dir='ltr'>bibit</span> <span class='ocrx_word' id='word_1_840' title='bbox 1220 5165 1480 5235; x_wconf 88' lang='lat' dir='ltr'>magister</span> <span class='ocrx_word' id='word_1_841' title='bbox 1522 5164 1734 5219; x_wconf 89' lang='lat' dir='ltr'>vester?</span> 
     </span>
    </p>
   </div>
   <div class='ocr_carea' id='block_1_89' title="bbox 96 5253 1735 5335">
    <p class='ocr_par' dir='ltr' id='par_1_89' title="bbox 96 5253 1735 5335">
     <span class='ocr_line' id='line_1_89' title="bbox 96 5253 1735 5335; baseline -0.002 -20"><span class='ocrx_word' id='word_1_842' title='bbox 96 5253 307 5332; x_wconf 68' lang='lat' dir='ltr'>[xm],</span> <span class='ocrx_word' id='word_1_843' title='bbox 339 5262 425 5335; x_wconf 74' lang='grc'>2.]</span> <span class='ocrx_word' id='word_1_844' title='bbox 476 5261 589 5317; x_wconf 84' lang='lat' dir='ltr'>Hoc</span> <span class='ocrx_word' id='word_1_845' title='bbox 627 5260 832 5328; x_wconf 90' lang='lat' dir='ltr'>audito,</span> <span class='ocrx_word' id='word_1_846' title='bbox 864 5258 1022 5315; x_wconf 85' lang='lat' dir='ltr'>Jesus</span> <span class='ocrx_word' id='word_1_847' title='bbox 1066 5260 1141 5313; x_wconf 90' lang='lat' dir='ltr'>ait</span> <span class='ocrx_word' id='word_1_848' title='bbox 1178 5258 1286 5313; x_wconf 92' lang='lat' dir='ltr'>illis</span> <span class='ocrx_word' id='word_1_849' title='bbox 1314 5275 1326 5310; x_wconf 89' lang='lat'>:</span> <span class='ocrx_word' id='word_1_850' title='bbox 1358 5256 1474 5313; x_wconf 86' lang='lat' dir='ltr'>Non</span> <span class='ocrx_word' id='word_1_851' title='bbox 1510 5272 1735 5314; x_wconf 85' lang='lat' dir='ltr'>necesse</span> 
     </span>
    </p>
   </div>
   <div class='ocr_carea' id='block_1_90' title="bbox 1837 4594 3442 4664">
    <p class='ocr_par' dir='ltr' id='par_1_90' title="bbox 1837 4594 3442 4664">
     <span class='ocr_line' id='line_1_90' title="bbox 1837 4594 3442 4664; baseline -0.001 -11"><span class='ocrx_word' id='word_1_852' title='bbox 1837 4606 1961 4653; x_wconf 89' lang='lat' dir='ltr'>rent</span> <span class='ocrx_word' id='word_1_853' title='bbox 1990 4598 2041 4651; x_wconf 92' lang='lat' dir='ltr'>in</span> <span class='ocrx_word' id='word_1_854' title='bbox 2073 4612 2196 4653; x_wconf 92' lang='lat' dir='ltr'>eum</span> <span class='ocrx_word' id='word_1_855' title='bbox 2218 4638 2232 4663; x_wconf 91' lang='lat'>,</span> <span class='ocrx_word' id='word_1_856' title='bbox 2268 4605 2320 4649; x_wconf 91' lang='lat' dir='ltr'>ut</span> <span class='ocrx_word' id='word_1_857' title='bbox 2353 4594 2504 4648; x_wconf 90' lang='lat' dir='ltr'>illum</span> <span class='ocrx_word' id='word_1_858' title='bbox 2544 4602 2829 4663; x_wconf 89' lang='lat' dir='ltr'>tangerent</span> <span class='ocrx_word' id='word_1_859' title='bbox 2865 4600 3129 4664; x_wconf 91' lang='lat' dir='ltr'>quotquot</span> <span class='ocrx_word' id='word_1_860' title='bbox 3168 4594 3442 4651; x_wconf 88' lang='lat' dir='ltr'>habebant</span> 
     </span>
    </p>
   </div>
   <div class='ocr_carea' id='block_1_91' title="bbox 1838 4687 3437 4763">
    <p class='ocr_par' dir='ltr' id='par_1_91' title="bbox 1838 4687 3437 4763">
     <span class='ocr_line' id='line_1_91' title="bbox 1838 4687 3437 4763; baseline 0.001 -18"><span class='ocrx_word' id='word_1_861' title='bbox 1838 4691 2048 4762; x_wconf 87' lang='lat' dir='ltr'>plagas.</span> <span class='ocrx_word' id='word_1_862' title='bbox 2079 4690 2286 4763; x_wconf 77' lang='lat' dir='ltr'>[xxvm,</span> <span class='ocrx_word' id='word_1_863' title='bbox 2322 4687 2399 4760; x_wconf 92' lang='lat'>8.]</span> <span class='ocrx_word' id='word_1_864' title='bbox 2438 4688 2507 4742; x_wconf 88' lang='lat' dir='ltr'>Et</span> <span class='ocrx_word' id='word_1_865' title='bbox 2533 4688 2761 4758; x_wconf 91' lang='lat' dir='ltr'>spiritus</span> <span class='ocrx_word' id='word_1_866' title='bbox 2796 4687 3081 4753; x_wconf 88' lang='lat' dir='ltr'>immundi,</span> <span class='ocrx_word' id='word_1_867' title='bbox 3116 4703 3240 4743; x_wconf 93' lang='lat' dir='ltr'>cum</span> <span class='ocrx_word' id='word_1_868' title='bbox 3282 4688 3437 4747; x_wconf 91' lang='lat' dir='ltr'>illum</span> 
     </span>
    </p>
   </div>
   <div class='ocr_carea' id='block_1_92' title="bbox 1838 4783 3434 4856">
    <p class='ocr_par' dir='ltr' id='par_1_92' title="bbox 1838 4783 3434 4856">
     <span class='ocr_line' id='line_1_92' title="bbox 1838 4783 3434 4856; baseline 0 -15"><span class='ocrx_word' id='word_1_869' title='bbox 1838 4787 2116 4849; x_wconf 87' lang='lat' dir='ltr'>videbant,</span> <span class='ocrx_word' id='word_1_870' title='bbox 2164 4784 2524 4856; x_wconf 88' lang='lat' dir='ltr'>procidebant</span> <span class='ocrx_word' id='word_1_871' title='bbox 2571 4785 2661 4837; x_wconf 89' lang='lat' dir='ltr'>ei:</span> <span class='ocrx_word' id='word_1_872' title='bbox 2705 4791 2757 4837; x_wconf 93' lang='lat' dir='ltr'>et</span> <span class='ocrx_word' id='word_1_873' title='bbox 2790 4783 3100 4838; x_wconf 87' lang='lat' dir='ltr'>clamabant</span> <span class='ocrx_word' id='word_1_874' title='bbox 3147 4783 3434 4841; x_wconf 91' lang='lat' dir='ltr'>dicentes:</span> 
     </span>
    </p>
   </div>
   <div class='ocr_carea' id='block_1_93' title="bbox 1840 4876 3431 4950">
    <p class='ocr_par' dir='ltr' id='par_1_93' title="bbox 1840 4876 3431 4950">
     <span class='ocr_line' id='line_1_93' title="bbox 1840 4876 3431 4950; baseline -0.001 -15"><span class='ocrx_word' id='word_1_875' title='bbox 1840 4880 1920 4935; x_wconf 89' lang='lat' dir='ltr'>Tu</span> <span class='ocrx_word' id='word_1_876' title='bbox 1950 4896 2011 4936; x_wconf 90' lang='lat' dir='ltr'>es</span> <span class='ocrx_word' id='word_1_877' title='bbox 2044 4880 2212 4935; x_wconf 85' lang='lat' dir='ltr'>Filius</span> <span class='ocrx_word' id='word_1_878' title='bbox 2245 4878 2360 4935; x_wconf 85' lang='lat' dir='ltr'>Dei.</span> <span class='ocrx_word' id='word_1_879' title='bbox 2382 4877 2448 4931; x_wconf 87' lang='lat' dir='ltr'>Et</span> <span class='ocrx_word' id='word_1_880' title='bbox 2481 4876 2837 4932; x_wconf 86' lang='lat' dir='ltr'>vehementer</span> <span class='ocrx_word' id='word_1_881' title='bbox 2862 4876 3302 4933; x_wconf 88' lang='lat' dir='ltr'>comminabatur</span> <span class='ocrx_word' id='word_1_882' title='bbox 3330 4883 3431 4950; x_wconf 88' lang='lat' dir='ltr'>eis,</span> 
     </span>
    </p>
   </div>
   <div class='ocr_carea' id='block_1_94' title="bbox 1838 4968 3437 5041">
    <p class='ocr_par' dir='ltr' id='par_1_94' title="bbox 1838 4968 3437 5041">
     <span class='ocr_line' id='line_1_94' title="bbox 1838 4968 3437 5041; baseline -0.001 -10"><span class='ocrx_word' id='word_1_883' title='bbox 1838 4990 1908 5031; x_wconf 92' lang='lat' dir='ltr'>ne</span> <span class='ocrx_word' id='word_1_884' title='bbox 1972 4974 2388 5029; x_wconf 88' lang='lat' dir='ltr'>manifestarent</span> <span class='ocrx_word' id='word_1_885' title='bbox 2446 4972 2620 5025; x_wconf 91' lang='lat' dir='ltr'>illum.</span> <span class='ocrx_word' id='word_1_886' title='bbox 2668 4968 2850 5040; x_wconf 64' lang='grc' dir='ltr'>μω,</span> <span class='ocrx_word' id='word_1_887' title='bbox 2899 4969 2978 5041; x_wconf 73' lang='grc'>2.]</span> <span class='ocrx_word' id='word_1_888' title='bbox 3022 4970 3091 5025; x_wconf 86' lang='lat' dir='ltr'>Et</span> <span class='ocrx_word' id='word_1_889' title='bbox 3132 4973 3437 5029; x_wconf 91' lang='lat' dir='ltr'>ascendens</span> 
     </span>
    </p>
   </div>
   <div class='ocr_carea' id='block_1_95' title="bbox 1837 5064 3437 5135">
    <p class='ocr_par' dir='ltr' id='par_1_95' title="bbox 1837 5064 3437 5135">
     <span class='ocr_line' id='line_1_95' title="bbox 1837 5064 3437 5135; baseline 0 -9"><span class='ocrx_word' id='word_1_890' title='bbox 1837 5073 1893 5126; x_wconf 91' lang='lat' dir='ltr'>in</span> <span class='ocrx_word' id='word_1_891' title='bbox 1922 5080 2161 5126; x_wconf 90' lang='lat' dir='ltr'>montem</span> <span class='ocrx_word' id='word_1_892' title='bbox 2198 5068 2414 5124; x_wconf 85' lang='lat' dir='ltr'>vocavit</span> <span class='ocrx_word' id='word_1_893' title='bbox 2445 5065 2509 5119; x_wconf 90' lang='lat' dir='ltr'>ad</span> <span class='ocrx_word' id='word_1_894' title='bbox 2542 5079 2602 5119; x_wconf 91' lang='lat' dir='ltr'>se</span> <span class='ocrx_word' id='word_1_895' title='bbox 2628 5078 2764 5133; x_wconf 91' lang='lat' dir='ltr'>quos</span> <span class='ocrx_word' id='word_1_896' title='bbox 2798 5064 2965 5119; x_wconf 88' lang='lat' dir='ltr'>voluit</span> <span class='ocrx_word' id='word_1_897' title='bbox 3001 5066 3139 5135; x_wconf 91' lang='lat' dir='ltr'>ipse,</span> <span class='ocrx_word' id='word_1_898' title='bbox 3172 5076 3227 5122; x_wconf 89' lang='lat' dir='ltr'>et</span> <span class='ocrx_word' id='word_1_899' title='bbox 3270 5084 3437 5127; x_wconf 89' lang='lat' dir='ltr'>vene-</span> 
     </span>
    </p>
   </div>
   <div class='ocr_carea' id='block_1_96' title="bbox 1836 5157 3434 5219">
    <p class='ocr_par' dir='ltr' id='par_1_96' title="bbox 1836 5157 3434 5219">
     <span class='ocr_line' id='line_1_96' title="bbox 1836 5157 3434 5219; baseline -0.001 1"><span class='ocrx_word' id='word_1_900' title='bbox 1836 5172 1964 5219; x_wconf 88' lang='lat' dir='ltr'>runt</span> <span class='ocrx_word' id='word_1_901' title='bbox 1989 5162 2055 5217; x_wconf 89' lang='lat' dir='ltr'>ad</span> <span class='ocrx_word' id='word_1_902' title='bbox 2078 5176 2223 5215; x_wconf 90' lang='lat' dir='ltr'>eum.</span> <span class='ocrx_word' id='word_1_903' title='bbox 2254 5160 2324 5213; x_wconf 87' lang='lat' dir='ltr'>Et</span> <span class='ocrx_word' id='word_1_904' title='bbox 2354 5158 2504 5219; x_wconf 90' lang='lat' dir='ltr'>fecit,</span> <span class='ocrx_word' id='word_1_905' title='bbox 2533 5167 2592 5210; x_wconf 89' lang='lat' dir='ltr'>ut</span> <span class='ocrx_word' id='word_1_906' title='bbox 2615 5166 2799 5211; x_wconf 90' lang='lat' dir='ltr'>essent</span> <span class='ocrx_word' id='word_1_907' title='bbox 2823 5157 3107 5213; x_wconf 92' lang='lat' dir='ltr'>duodecim</span> <span class='ocrx_word' id='word_1_908' title='bbox 3138 5176 3262 5216; x_wconf 90' lang='lat' dir='ltr'>cum</span> <span class='ocrx_word' id='word_1_909' title='bbox 3294 5164 3388 5218; x_wconf 91' lang='lat' dir='ltr'>illo</span> <span class='ocrx_word' id='word_1_910' title='bbox 3421 5183 3434 5219; x_wconf 91' lang='lat'>:</span> 
     </span>
    </p>
   </div>
   <div class='ocr_carea' id='block_1_97' title="bbox 1839 5249 3432 5325">
    <p class='ocr_par' dir='ltr' id='par_1_97' title="bbox 1839 5249 3432 5325">
     <span class='ocr_line' id='line_1_97' title="bbox 1839 5249 3432 5325; baseline -0.001 -11"><span class='ocrx_word' id='word_1_911' title='bbox 1839 5266 1894 5314; x_wconf 91' lang='lat' dir='ltr'>et</span> <span class='ocrx_word' id='word_1_912' title='bbox 1922 5267 1980 5312; x_wconf 89' lang='lat' dir='ltr'>ut</span> <span class='ocrx_word' id='word_1_913' title='bbox 2018 5255 2259 5310; x_wconf 90' lang='lat' dir='ltr'>mitteret</span> <span class='ocrx_word' id='word_1_914' title='bbox 2286 5266 2382 5306; x_wconf 90' lang='lat' dir='ltr'>eos</span> <span class='ocrx_word' id='word_1_915' title='bbox 2416 5249 2734 5320; x_wconf 83' lang='lat' dir='ltr'>praedicare.</span> <span class='ocrx_word' id='word_1_916' title='bbox 2777 5250 2847 5305; x_wconf 87' lang='lat' dir='ltr'>Et</span> <span class='ocrx_word' id='word_1_917' title='bbox 2872 5251 3019 5307; x_wconf 90' lang='lat' dir='ltr'>dedit</span> <span class='ocrx_word' id='word_1_918' title='bbox 3050 5254 3158 5309; x_wconf 89' lang='lat' dir='ltr'>illis</span> <span class='ocrx_word' id='word_1_919' title='bbox 3200 5266 3432 5325; x_wconf 77' lang='lat' dir='ltr'>potesta-</span> 
     </span>
    </p>
   </div>
   <div class='ocr_carea' id='block_1_98' title="bbox 1843 5343 3429 5415">
    <p class='ocr_par' dir='ltr' id='par_1_98' title="bbox 1843 5343 3429 5415">
     <span class='ocr_line' id='line_1_98' title="bbox 1843 5343 3429 5415; baseline 0.001 -9"><span class='ocrx_word' id='word_1_920' title='bbox 1843 5360 1950 5406; x_wconf 92' lang='lat' dir='ltr'>tem</span> <span class='ocrx_word' id='word_1_921' title='bbox 2004 5345 2231 5404; x_wconf 90' lang='lat' dir='ltr'>curandi</span> <span class='ocrx_word' id='word_1_922' title='bbox 2282 5343 2622 5399; x_wconf 81' lang='lat' dir='ltr'>infirmitates</span> <span class='ocrx_word' id='word_1_923' title='bbox 2653 5385 2667 5407; x_wconf 91' lang='lat'>,</span> <span class='ocrx_word' id='word_1_924' title='bbox 2729 5352 2783 5397; x_wconf 92' lang='lat' dir='ltr'>ct</span> <span class='ocrx_word' id='word_1_925' title='bbox 2834 5344 3086 5415; x_wconf 79' lang='lat' dir='ltr'>ejiciendi</span> <span class='ocrx_word' id='word_1_926' title='bbox 3140 5347 3429 5407; x_wconf 69' lang='lat' dir='ltr'>dmmonia.</span> 
     </span>
    </p>
   </div>
   <div class='ocr_carea' id='block_1_99' title="bbox 1844 5437 3436 5518">
    <p class='ocr_par' dir='ltr' id='par_1_99' title="bbox 1844 5437 3436 5518">
     <span class='ocr_line' id='line_1_99' title="bbox 1844 5437 3436 5518; baseline -0.003 -17"><span class='ocrx_word' id='word_1_927' title='bbox 1844 5445 2002 5518; x_wconf 84' lang='lat' dir='ltr'>[xxx,</span> <span class='ocrx_word' id='word_1_928' title='bbox 2028 5440 2108 5511; x_wconf 61' lang='grc' dir='ltr'>εὶ]</span> <span class='ocrx_word' id='word_1_929' title='bbox 2136 5439 2203 5494; x_wconf 86' lang='grc' dir='ltr'>Ει</span> <span class='ocrx_word' id='word_1_930' title='bbox 2232 5438 2494 5509; x_wconf 88' lang='lat' dir='ltr'>imposuit</span> <span class='ocrx_word' id='word_1_931' title='bbox 2520 5437 2727 5492; x_wconf 91' lang='lat' dir='ltr'>Simoni</span> <span class='ocrx_word' id='word_1_932' title='bbox 2759 5453 2955 5494; x_wconf 89' lang='lat' dir='ltr'>nomen</span> <span class='ocrx_word' id='word_1_933' title='bbox 2988 5440 3183 5496; x_wconf 90' lang='lat' dir='ltr'>Petrus</span> <span class='ocrx_word' id='word_1_934' title='bbox 3215 5460 3228 5497; x_wconf 89' lang='lat'>:</span> <span class='ocrx_word' id='word_1_935' title='bbox 3259 5453 3315 5499; x_wconf 92' lang='lat' dir='ltr'>et</span> <span class='ocrx_word' id='word_1_936' title='bbox 3347 5444 3436 5503; x_wconf 82' lang='lat' dir='ltr'>Ja-</span> 
     </span>
    </p>
   </div>
   <div class='ocr_carea' id='block_1_100' title="bbox 84 5346 1733 5426">
    <p class='ocr_par' dir='ltr' id='par_1_100' title="bbox 84 5346 1733 5426">
     <span class='ocr_line' id='line_1_100' title="bbox 84 5346 1733 5426; baseline -0.002 -17"><span class='ocrx_word' id='word_1_937' title='bbox 84 5346 334 5413; x_wconf 76' lang='lat' dir='ltr'>liabent</span> <span class='ocrx_word' id='word_1_938' title='bbox 365 5357 483 5414; x_wconf 91' lang='lat' dir='ltr'>sani</span> <span class='ocrx_word' id='word_1_939' title='bbox 513 5356 743 5421; x_wconf 86' lang='lat' dir='ltr'>medico,</span> <span class='ocrx_word' id='word_1_940' title='bbox 777 5354 871 5411; x_wconf 91' lang='lat' dir='ltr'>sed</span> <span class='ocrx_word' id='word_1_941' title='bbox 894 5355 984 5426; x_wconf 92' lang='lat' dir='ltr'>qui</span> <span class='ocrx_word' id='word_1_942' title='bbox 1012 5353 1155 5409; x_wconf 88' lang='lat' dir='ltr'>male</span> <span class='ocrx_word' id='word_1_943' title='bbox 1186 5352 1389 5408; x_wconf 87' lang='lat' dir='ltr'>habent</span> <span class='ocrx_word' id='word_1_944' title='bbox 1419 5370 1429 5404; x_wconf 92' lang='lat'><strong>:</strong></span> <span class='ocrx_word' id='word_1_945' title='bbox 1461 5366 1566 5407; x_wconf 93' lang='lat' dir='ltr'>non</span> <span class='ocrx_word' id='word_1_946' title='bbox 1592 5351 1733 5406; x_wconf 92' lang='lat' dir='ltr'>enim</span> 
     </span>
    </p>
   </div>
   <div class='ocr_carea' id='block_1_101' title="bbox 78 5446 1735 5523">
    <p class='ocr_par' dir='ltr' id='par_1_101' title="bbox 78 5446 1735 5523">
     <span class='ocr_line' id='line_1_101' title="bbox 78 5446 1735 5523; baseline -0.003 -17"><span class='ocrx_word' id='word_1_947' title='bbox 78 5453 243 5508; x_wconf 62' lang='lat' dir='ltr'>Veni</span> <span class='ocrx_word' id='word_1_948' title='bbox 265 5453 690 5523; x_wconf 86' lang='lat' dir='ltr'>vocarejustos,</span> <span class='ocrx_word' id='word_1_949' title='bbox 727 5449 823 5507; x_wconf 92' lang='lat' dir='ltr'>sed</span> <span class='ocrx_word' id='word_1_950' title='bbox 850 5458 1183 5521; x_wconf 80' lang='lat' dir='ltr'>peccatores.</span> <span class='ocrx_word' id='word_1_951' title='bbox 1212 5448 1278 5504; x_wconf 90' lang='lat' dir='ltr'>Et</span> <span class='ocrx_word' id='word_1_952' title='bbox 1303 5457 1459 5505; x_wconf 89' lang='lat' dir='ltr'>erant</span> <span class='ocrx_word' id='word_1_953' title='bbox 1488 5446 1735 5517; x_wconf 91' lang='lat' dir='ltr'>discipuli</span> 
     </span>
    </p>
   </div>
   <div class='ocr_carea' id='block_1_102' title="bbox 1925 5574 3439 5656">
    <p class='ocr_par' dir='ltr' id='par_1_102' title="bbox 1925 5574 3439 5656">
     <span class='ocr_line' id='line_1_102' title="bbox 1925 5574 3439 5656; baseline 0.006 -24"><span class='ocrx_word' id='word_1_954' title='bbox 1925 5591 1946 5619; x_wconf 76' lang='grc' dir='ltr'><em>ε</em></span> <span class='ocrx_word' id='word_1_955' title='bbox 1975 5575 2226 5656; x_wconf 83' lang='lat' dir='ltr'>Reti_ce_nt</span> <span class='ocrx_word' id='word_1_956' title='bbox 2256 5574 2429 5656; x_wconf 79' lang='lat' dir='ltr'>nostri</span> <span class='ocrx_word' id='word_1_957' title='bbox 2461 5589 2591 5631; x_wconf 90' lang='lat' dir='ltr'>mss.</span> <span class='ocrx_word' id='word_1_958' title='bbox 2633 5587 2829 5632; x_wconf 89' lang='lat' dir='ltr'>nomen</span> <span class='ocrx_word' id='word_1_959' title='bbox 2864 5575 3118 5638; x_wconf 84' lang='lat' dir='ltr'>Dominus</span> <span class='ocrx_word' id='word_1_960' title='bbox 3138 5625 3153 5649; x_wconf 93' lang='lat'>,</span> <span class='ocrx_word' id='word_1_961' title='bbox 3207 5597 3303 5652; x_wconf 90' lang='lat' dir='ltr'>pro</span> <span class='ocrx_word' id='word_1_962' title='bbox 3332 5600 3439 5656; x_wconf 89' lang='lat' dir='ltr'>quo</span> 
     </span>
    </p>
   </div>
   <div class='ocr_carea' id='block_1_103' title="bbox 184 5579 2406 5661">
    <p class='ocr_par' dir='ltr' id='par_1_103' title="bbox 184 5579 2406 5661">
     <span class='ocr_line' id='line_1_103' title="bbox 184 5579 2406 5661; baseline -0.009 -13"><span class='ocrx_word' id='word_1_963' title='bbox 184 5598 215 5628; x_wconf 74' lang='grc'><strong><em>⁸</em></strong></span> <span class='ocrx_word' id='word_1_964' title='bbox 246 5590 485 5661; x_wconf 73' lang='lat' dir='ltr'>Tacent</span> <span class='ocrx_word' id='word_1_965' title='bbox 508 5587 615 5644; x_wconf 85' lang='lat' dir='ltr'>duo</span> <span class='ocrx_word' id='word_1_966' title='bbox 643 5586 865 5658; x_wconf 80' lang='lat' dir='ltr'>Reginae</span> <span class='ocrx_word' id='word_1_967' title='bbox 909 5601 1038 5643; x_wconf 91' lang='lat' dir='ltr'>mss.</span> <span class='ocrx_word' id='word_1_968' title='bbox 1087 5600 1385 5656; x_wconf 89' lang='lat' dir='ltr'>pronomen</span> <span class='ocrx_word' id='word_1_969' title='bbox 1426 5594 1549 5650; x_wconf 85' lang='lat' dir='ltr'>tua,</span> <span class='ocrx_word' id='word_1_970' title='bbox 1597 5579 1741 5652; x_wconf 90' lang='lat' dir='ltr'>quod</span> <span class='ocrx_word' id='word_1_971' title='bbox 1857 5652 1889 5661; x_wconf 81' lang='lat'>_</span> <span class='ocrx_word' id='word_1_972' title='bbox 1925 5591 1946 5619; x_wconf 76' lang='grc' dir='ltr'><strong>ο</strong></span> <span class='ocrx_word' id='word_1_973' title='bbox 1975 5579 2406 5661; x_wconf 30' lang='lat' dir='ltr'>Retice‘ntAnostr</span> 
     </span>
    </p>
   </div>
   <div class='ocr_carea' id='block_1_104' title="bbox 1849 5646 2460 5711">
    <p class='ocr_par' dir='ltr' id='par_1_104' title="bbox 1849 5646 2460 5711">
     <span class='ocr_line' id='line_1_104' title="bbox 1849 5646 2460 5711; baseline -0.02 0"><span class='ocrx_word' id='word_1_974' title='bbox 1849 5652 2069 5711; x_wconf 67' lang='lat' dir='ltr'>Graccus</span> <span class='ocrx_word' id='word_1_975' title='bbox 2096 5646 2259 5702; x_wconf 88' lang='lat' dir='ltr'>habet</span> <span class='ocrx_word' id='word_1_976' title='bbox 2285 5648 2460 5702; x_wconf 81' lang='grc' dir='ltr'>αὐτὸν.</span> 
     </span>
    </p>
   </div>
   <div class='ocr_carea' id='block_1_105' title="bbox 115 5660 910 5719">
    <p class='ocr_par' dir='ltr' id='par_1_105' title="bbox 115 5660 910 5719">
     <span class='ocr_line' id='line_1_105' title="bbox 115 5660 910 5719; baseline 0.001 -5"><span class='ocrx_word' id='word_1_977' title='bbox 115 5666 315 5719; x_wconf 82' lang='lat' dir='ltr'>tamen</span> <span class='ocrx_word' id='word_1_978' title='bbox 363 5665 416 5718; x_wconf 91' lang='lat' dir='ltr'>in</span> <span class='ocrx_word' id='word_1_979' title='bbox 449 5660 639 5717; x_wconf 82' lang='lat' dir='ltr'>Graeco</span> <span class='ocrx_word' id='word_1_980' title='bbox 669 5669 910 5716; x_wconf 88' lang='lat' dir='ltr'>resonat.</span> 
     </span>
    </p>
   </div>
   <div class='ocr_carea' id='block_1_106' title="bbox 194 5728 1225 5802">
    <p class='ocr_par' dir='ltr' id='par_1_106' title="bbox 194 5728 1225 5802">
     <span class='ocr_line' id='line_1_106' title="bbox 194 5728 1225 5802; baseline -0.011 -7"><span class='ocrx_word' id='word_1_981' title='bbox 194 5728 220 5770; x_wconf 56' lang='grc' dir='ltr'>δ</span> <span class='ocrx_word' id='word_1_982' title='bbox 246 5735 396 5793; x_wconf 74' lang='lat' dir='ltr'>Mss.</span> <span class='ocrx_word' id='word_1_983' title='bbox 420 5731 581 5788; x_wconf 77' lang='lat' dir='ltr'>Levin</span> <span class='ocrx_word' id='word_1_984' title='bbox 604 5735 822 5802; x_wconf 88' lang='lat' dir='ltr'>pr0pins</span> <span class='ocrx_word' id='word_1_985' title='bbox 841 5732 1029 5789; x_wconf 85' lang='lat' dir='ltr'>Graeco</span> <span class='ocrx_word' id='word_1_986' title='bbox 1056 5730 1225 5787; x_wconf 78' lang='grc' dir='ltr'>Λευΐν.</span> 
     </span>
    </p>
   </div>
   <div class='ocr_carea' id='block_1_107' title="bbox 556 5816 2940 5891">
    <p class='ocr_par' dir='ltr' id='par_1_107' title="bbox 556 5816 2940 5891">
     <span class='ocr_line' id='line_1_107' title="bbox 556 5816 2940 5891; baseline 0 -3"><span class='ocrx_word' id='word_1_987' title='bbox 556 5827 829 5891; x_wconf 71' lang='lat' dir='ltr'>Parnon.</span> <span class='ocrx_word' id='word_1_988' title='bbox 867 5827 1111 5890; x_wconf 80' lang='lat' dir='ltr'>XXIX.</span> <span class='ocrx_word' id='word_1_989' title='bbox 2865 5816 2940 5876; x_wconf 80' lang='grc'><strong>19</strong></span> 
     </span>
    </p>
   </div>
  </div>
