3920 6200
534 168 637 223 537
1623 148 2012 208 llIERONYMI
2053 147 2284 207 DIVINA
2327 151 2800 210 BlBLlOTllECA.
3715 159 3796 217 583

532 277 728 332 cobum
756 271 1025 334 Zebcdwi,
1055 279 1108 323 et
1138 268 1398 323 Joannem
1438 265 1659 320 fratrem
1691 266 1903 329 Jacobi,
1947 275 2000 320 et
2031 265 2133 319 im-
2160 267 2209 327 Α
2239 277 2430 323 verunt
2461 284 2583 323 eum
2607 270 2682 331 lii,
2713 270 2804 340 qui
2834 283 2956 325 cum
2986 283 3052 325 eo
3081 277 3234 325 erant
3259 269 3574 337 duodecim,
3608 275 3800 342 parabo.

535 366 717 436 posuit
759 365 840 419 eis
877 362 1097 418 nomina
1139 360 1470 428 Boanerges,
1520 357 1666 430 quod
1694 368 1801 424 est,
1844 358 1966 413 Filii
1995 358 2138 412 toni-
2241 359 2345 414 lam
2391 359 2497 436 [AL
2546 361 2878 434 parabolas}.
2929 362 2994 417 Et
3042 363 3258 418 diccbat
3289 362 3369 418 eis
3395 381 3410 416 :
3441 364 3608 419 Vobis
3650 365 3796 423 datum

539 459 647 513 trui
676 476 688 510 :
714 466 769 514 et
799 455 1091 520 Andream,
1123 461 1177 507 et
1203 451 1539 522 Philippum,
1572 462 1626 508 et
1650 451 2135 520 Bartholomcum,
2239 464 2321 508 est
2351 465 2371 492 ε
2404 469 2564 509 nosse
2617 457 2934 526 mysterium
2977 456 3127 525 regni
3177 456 3266 511 Dei
3296 474 3309 510 :
3341 457 3580 527 hum,
3621 456 3690 531 l.]
3716 460 3796 514 illis

533 563 587 610 et
619 551 956 617 Matthzeum,
989 559 1043 604 et
1077 547 1362 611 Thomam,
1397 555 1452 603 et
1493 545 1756 602 Jacobum
1802 545 2037 616 Alphzei,
2082 556 2138 602 et
2237 557 2443 616 autem,
2471 550 2564 620 qui
2610 549 2740 606 loris
2768 560 2914 616 sunt,
2962 551 3016 604 in
3051 551 3322 619 parabolis
3371 551 3555 607 omnia
3588 552 3729 621 fiunt,
3757 564 3797 610 ut

533 645 889 708 Thaddaaum,
924 654 976 698 et
1010 642 1290 698 Simonem
1322 640 1718 706 Cltauanteum,
1749 651 1804 696 et
1832 639 2027 696 ludam
2061 639 2081 694 Ι

2249 645 2486 700 ridentes
2518 646 2758 712 videant,
2811 653 2868 702 et
2894 661 3000 702 non
3031 645 3275 710 videant,
3304 655 3357 701 et
3407 647 3686 706 audientes
3723 663 3797 705 au-

530 740 789 797 cariotem
825 736 930 809 [Αι.
967 733 1266 804 Scarioth],
1297 735 1391 805 qui
1414 743 1470 790 et
1501 733 1725 789 tradidit
1750 733 1928 789 illum.
1961 733 2128 805 [sub
2238 738 2405 806 diant,
2440 748 2494 795 et
2526 755 2632 794 non
2663 740 3005 809 intelligant:
3033 738 3323 810 nequando
3343 750 3730 812 convertantur,
3755 753 3798 800 ct

531 836 644 906 10.]
678 833 742 889 Et
770 833 995 888 veniunt
1029 829 1095 885 ad
1123 829 1344 885 domum
1375 846 1388 882 :
1424 839 1478 885 et
1503 828 1764 885 convenit
1793 828 1989 884 iterum
2017 837 2132 882 tur-
2237 833 2580 888 dimittantur
2609 834 2689 888 eis
2718 844 2960 903 peccata.
3012 831 3080 888 Et
3119 833 3196 887 ait
3226 833 3339 888 illis
3371 851 3385 887 :
3420 834 3646 891 Nescitis
3667 851 3796 907 para-

529 931 616 998 ba,
650 930 724 985 ita
757 938 813 983 ut
845 941 955 982 non
982 934 1206 997 possent
1234 939 1411 996 neque
1441 939 1636 996 panem
1680 922 2031 979 manducare.
2066 920 2134 975 Et
2236 923 2418 981 bulam
2446 924 2624 981 hanc?
2669 933 2726 982 et
2754 925 3029 997 quomodo
3059 939 3252 982 omnes
3307 926 3587 996 parabolas
3615 943 3793 1001 cogno-

527 1040 652 1082 cum
683 1022 969 1078 audissent
1012 1022 1119 1085 sui,
1152 1019 1405 1075 exierunt
1446 1027 1634 1074 tenere
1663 1031 1786 1072 eum
1816 1036 1829 1071 :
1879 1014 2134 1071 dicebant
2236 1019 2443 1075 scetis?
2475 1018 2723 1092 [xxxvm,
2773 1017 2857 1091 2.]
2885 1019 2984 1087 Qui
3032 1020 3291 1087 seminat,
3317 1020 3538 1076 verbum
3565 1022 3782 1077 seminat.

527 1119 672 1176 enim
708 1136 721 1171 :
755 1116 1020 1184 Quoniam
1069 1114 1122 1169 in
1155 1114 1399 1169 furorem
1447 1127 1637 1168 versus
1664 1120 1769 1167 est.
1823 1109 2020 1181 [XXXI],
2050 1105 2131 1179 2.]
2238 1113 2300 1167 Hi
2351 1123 2530 1170 autem
2579 1122 2736 1179 sunt,
2803 1115 2894 1185 qui
2952 1115 3098 1169 circa
3148 1115 3329 1182 viam,
3384 1115 3473 1170 ubi
3525 1116 3791 1171 seminatur

527 1213 596 1269 Et
625 1211 844 1278 suibus,
879 1210 970 1280 qui
1013 1207 1082 1262 ab
1125 1207 1484 1276 Jerosolymis
1511 1204 1940 1270 descenderant,
1982 1202 2134 1256 dice-
2234 1206 2484 1272 verbum,
2517 1216 2714 1263 etcum
2756 1207 3047 1274 audierint,
3082 1208 3371 1262 confestim
3406 1208 3555 1263 venit
3573 1207 3788 1276 Satanas,

526 1308 658 1366 bant
686 1324 700 1361 :
725 1305 994 1373 Quoniam
1022 1302 1329 1358 Beelzebub
1364 1300 1550 1365 habet,
1581 1309 1634 1355 et
1656 1299 1781 1371 quia
1803 1298 1859 1352 in
1887 1295 2132 1367 principe
2234 1307 2287 1355 et
2318 1299 2498 1355 aufert
2533 1300 2778 1365 verbum,
2805 1299 2952 1370 quod
3003 1298 3331 1356 seminatum
3362 1309 3447 1356 est
3486 1299 3538 1356 in
3570 1301 3791 1357 cordibus

522 1403 920 1459 dmmoniorum
951 1398 1102 1469 cjicit
1133 1395 1424 1452 daemonia.
1459 1394 1680 1466 [xxxm,
1713 1391 1792 1464 2.]
1834 1391 1900 1446 Ει
1931 1403 2132 1446 convo-
2232 1409 2445 1451 eorum.
2480 1394 2622 1450 Ethi
2648 1406 2769 1450 sunt
2794 1395 3067 1460 similiter,
3098 1396 3190 1467 qui
3216 1409 3382 1465 super
3413 1404 3625 1467 petrosa
3651 1397 3788 1452 semi-

521 1497 658 1553 catis
688 1497 791 1561 eis,
821 1494 873 1549 in
907 1491 1184 1563 parabolis
1213 1488 1432 1544 dicebat
1462 1487 1571 1542 illis
1597 1503 1611 1543 :
1637 1483 1924 1553 Quomodo
1951 1490 2131 1554 potest
2234 1496 2434 1542 nantur
2460 1503 2474 1541 :
2504 1487 2596 1557 qui
2625 1502 2745 1543 cum
2777 1487 3052 1543 audierint
3073 1490 3322 1556 verbum,
3347 1489 3533 1544 statim
3555 1503 3662 1544 cum
3681 1503 3792 1560 gau-

518 1593 756 1648 Satanas
774 1589 1032 1645 Satanam
1059 1584 1294 1653 ejicere?
1318 1582 1387 1638 Et
1412 1583 1456 1637 si
1489 1593 1720 1653 regnum
1744 1579 1797 1634 in
1828 1592 1888 1633 se
1914 1576 2126 1631 divida-
2233 1580 2326 1636 dio
2352 1582 2626 1651 accipiunt
2657 1581 2827 1637 illud:
2854 1591 2910 1636 et
2931 1596 3037 1638 non
3060 1583 3259 1638 habent
3285 1583 3525 1640 radicem
3547 1584 3599 1639 in
3619 1598 3689 1652 se,
3714 1583 3792 1640 sed

521 1695 632 1749 tur,
663 1698 767 1737 non
798 1688 979 1750 potest
1010 1691 1236 1746 regnum
1270 1673 1407 1728 illud
1435 1680 1610 1728 stare.
1639 1671 1706 1725 Et
1732 1671 1776 1724 si
1809 1669 2002 1724 domus
2031 1681 2125 1722 su-
2156 1669 2203 1732 Β
2234 1674 2563 1746 temporales
2593 1683 2723 1730 sunt
2757 1693 2772 1731 ε
2804 1675 3002 1732 deinde
3028 1685 3144 1732 orta
3174 1677 3527 1734 tribulatione
3557 1685 3610 1734 et
3637 1691 3793 1748 perse-

518 1790 618 1846 per
641 1771 993 1840 semetipsam
1017 1767 1394 1837 dispertiatur,
1427 1778 1535 1819 non
1561 1771 1740 1833 potest
1770 1761 1875 1832 [AL
1901 1757 2124 1832 poterit]
2225 1771 2449 1825 cniinne
2472 1779 2696 1840 propter
2724 1771 2972 1835 vei-bum,
3019 1772 3310 1828 confestim
3360 1775 3793 1832 scandalizantur.

520 1872 714 1926 domus
752 1867 843 1923 illa
880 1873 1047 1920 stare.
1083 1861 1226 1917 Etsi
1255 1859 1492 1917 Satanas
1519 1856 1926 1914 consurrexerit
1953 1854 2008 1910 in
2039 1868 2124 1910 se-
2226 1862 2296 1918 Et
2316 1862 2404 1918 alii
2456 1872 2584 1918 sunt
2625 1864 2713 1934 qui
2765 1864 2819 1919 in
2867 1866 3040 1936 spinis
3066 1868 3410 1924 seminantur
3440 1886 3456 1925 :
3484 1868 3538 1924 hi
3581 1869 3796 1940 suntqui

519 1961 833 2031 metipsum,
867 1958 1183 2028 dispertitus
1211 1963 1317 2021 est,
1350 1963 1406 2009 et
1445 1967 1552 2008 non
1587 1951 1790 2021 poterit
1826 1960 1994 2014 stare,
2028 1963 2067 2003 St

2245 1956 2448 2012 rerbnm
2473 1955 2716 2024 audiunt,
2743 1966 2796 2012 et
2828 1971 3088 2014 mrumnze
3125 1961 3334 2028 saeculi,
3364 1968 3419 2016 et
3463 1961 3700 2033 deceplio
3724 1961 3793 2018 di-

519 2057 683 2112 ﬁnem
715 2053 901 2110 habet.
953 2052 1120 2107 Nemo
1152 2056 1335 2120 potest
1372 2062 1500 2102 vasa
1549 2046 1704 2102 fortis
1746 2047 2026 2115 ingressus
2069 2042 2120 2096 in
2226 2049 2502 2118 vitiarunt,
2538 2060 2587 2105 et
2623 2051 2767 2106 circa
2798 2052 3012 2124 reliqua
3053 2055 3516 2124 concupiscentia:
3547 2058 3796 2113 introeun-

513 2150 737 2207 domum
768 2146 1030 2216 diripere,
1083 2143 1186 2198 nisi
1219 2141 1367 2212 prius
1408 2139 1602 2195 fortem
1634 2137 1819 2208 alliget
1846 2179 1859 2204 ,
1891 2145 1946 2191 et
1995 2143 2061 2190 ιυι

2247 2158 2308 2200 es
2336 2144 2609 2201 suffucant
2634 2146 2883 2214 verbum,
2915 2158 2968 2204 et
3001 2149 3122 2204 sine
3171 2149 3346 2204 fructu
3372 2149 3629 2206 efﬁcitur.
3670 2152 3723 2206 Et
3751 2150 3795 2206 lii

514 2245 738 2301 domum
778 2242 897 2312 ejus
933 2239 1175 2310 diripiet.
1210 2236 1420 2308 μων,
1449 2234 1530 2306 2.]
1579 2233 1750 2288 Amen
1779 2231 1902 2286 dico
1945 2229 2062 2284 vobi

2246 2249 2373 2304 sunt,
2413 2241 2502 2311 qui
2541 2255 2706 2311 super
2762 2250 2964 2298 terram
3011 2243 3208 2298 bonam
3252 2246 3505 2300 seminati
3536 2254 3674 2312 sunt,
3717 2244 3794 2316 qui

515 2336 769 2406 quoniam
807 2332 989 2389 omnia
1017 2330 1369 2386 dimittentur
1402 2329 1529 2382 filiis
1565 2326 1850 2380 hominum
1899 2332 2123 2394 peccata
2225 2332 2453 2387 audiunt
2480 2335 2729 2401 verbum,
2778 2343 2834 2390 et
2865 2335 3170 2406 suscipiunt
3187 2343 3242 2392 et
3280 2335 3628 2401 fructificant,
3653 2351 3797 2392 unum

515 2438 569 2486 ct
597 2425 980 2498 blasphemiae,
1015 2424 1214 2495 quibus
1243 2419 1771 2492 blaspitemaverint:
1805 2418 1894 2489 qui
1943 2426 2122 2472 autem
2227 2423 2466 2496 triginta,
2493 2439 2657 2479 unum
2675 2426 3046 2497 sexaginta,et
3068 2435 3487 2483 unumcentum.
3516 2428 3798 2501 [xxxrx,‘3.]

516 2517 981 2592 blaSpltemaverit
1023 2517 1077 2572 in
1124 2515 1388 2590 Spiritum
1440 2522 1712 2578 sanctum,
1749 2527 1856 2566 non
1906 2509 2126 2566 habebit
2225 2518 2293 2574 Et
2318 2518 2534 2574 dicebat
2562 2520 2671 2575 illis
2702 2535 2718 2574 ε
2747 2520 3018 2592 Numquid
3050 2523 3198 2577 venit
3227 2522 3470 2589 lucerna,
3500 2532 3561 2578 ιιι
3588 2525 3679 2578 sub
3698 2536 3801 2577 mo.

511 2612 620 2686 [Αι.
655 2609 839 2681 habet]
888 2610 1270 2666 remissionem
1302 2606 1356 2661 in
1387 2617 1682 2671 aeternum,
1716 2604 1811 2659 sed
1849 2617 1977 2658 reus
2019 2604 2124 2658 erit
2224 2613 2314 2668 dio
2344 2621 2599 2682 ponatur,
2632 2624 2726 2669 an;
2753 2615 2858 2670 sub
2888 2615 3065 2671 ιεοιοι
3084 2629 3265 2671 nonne
3287 2626 3347 2670 ιιι
3375 2631 3541 2687 super
3566 2617 3799 2673 eandem.

512 2708 703 2761 mtcrni
733 2703 938 2760 delicti.
971 2701 1241 2770 Quoniam
1267 2699 1526 2755 dicebant
1553 2716 1564 2750 :
1590 2697 1855 2767 Spiritum
1888 2694 2122 2749 immun-
2223 2705 2378 2761 brum
2408 2708 2687 2776 ροηεηιιι-εο
2737 2706 2845 2779 [η’
2883 2706 2964 2779 9,]
3011 2708 3130 2764 Non
3160 2719 3245 2763 est
3273 2710 3420 2765 enim
3463 2710 3660 2781 aliquid
3687 2711 3801 2765 abs.

511 2801 639 2856 dum
673 2799 855 2854 liabet.
888 2797 1074 2868 (XXXV,
1103 2793 1187 2865 2.]
1223 2795 1289 2849 El
1309 2793 1533 2849 veniunt
1562 2801 1740 2846 mater
1776 2790 1897 2861 ejus
1926 2798 1982 2846 et
2014 2790 2123 2844 fra-
2224 2800 2503 2856 conditum
2532 2846 2546 2871 ,
2576 2805 2721 2872 quod
2775 2817 2882 2857 non
2922 2803 3300 2860 manifestatur
3330 2819 3343 2857 ε
3371 2817 3477 2859 nec
3506 2802 3700 2859 factum
3730 2809 3805 2858 est

510 2905 662 2951 tres;
705 2904 760 2950 et
810 2893 942 2947 foris
988 2899 1200 2946 stantes
1250 2889 1518 2945 miserunt
1556 2887 1626 2942 ad
1677 2900 1802 2943 eum
1861 2894 2122 2940 vocantes
2223 2894 2516 2960 occultum,
2541 2894 2636 2949 sed
2663 2903 2724 2949 ιη
2767 2896 2820 2950 in
2847 2895 3024 2966 palam
3064 2897 3266 2952 νεηίειι,
3299 2895 3354 2953 Si
3385 2897 3507 2968 quis
3537 2897 3806 2952 habet“-

514 3003 665 3053 eum,
689 2997 744 3043 et
765 2986 990 3042 sedebat
1018 2986 1163 3040 circa
1189 2997 1313 3038 cum
1339 2981 1495 3037 turba
1521 2997 1535 3035 ε
1558 2988 1613 3036 et
1634 2979 1822 3036 dicunt
1849 2979 1899 3034 ei
1931 2995 1945 3031 τ
1978 2977 2122 3034 Ecce
2221 3001 2313 3042 res
2339 2986 2615 3050 audiendi,
2642 2988 2847 3043 audiat.
2875 2987 3006 3062 [n.1,
3028 2988 3107 3061 2.]
3131 2989 3195 3044 Et
3222 2988 3568 3046 dicebatillis
3593 3006 3606 3042 :
3629 2988 3807 3044 Videte

510 3089 685 3136 mater
713 3087 802 3133 tua
825 3087 880 3133 et
901 3076 1104 3132 fratres
1137 3075 1215 3131 tui
1248 3077 1382 3130 foris
1410 3082 1662 3146 quaerunt
1691 3083 1764 3128 te.
1797 3072 1868 3127 Et
1895 3085 2058 3142 reapo

2262 3079 2351 3136 uid
2377 3080 2630 3135 audiatis.
2665 3081 2721 3134 In
2749 3095 2854 3151 qua
2887 3094 3144 3137 mensura
3168 3080 3341 3138 mensi
3375 3080 3609 3146 fueritis,
3639 3093 3809 3135 reme-

512 3174 650 3229 dens
681 3171 784 3238 eis.
828 3171 904 3224 ait
930 3187 944 3224 =
974 3169 1109 3237 Quae
1137 3177 1221 3225 est
1257 3179 1432 3224 mater
1461 3182 1603 3236 mea,
1645 3175 1702 3224 et
1739 3165 1938 3222 fratres
1967 3164 2120 3221 mei?
2220 3171 2386 3226 tietur
2413 3172 2590 3242 vobis,
2623 3180 2682 3228 et
2707 3172 2998 3242 adjicietur
3025 3173 3203 3228 vobis.
3239 3173 3390 3245 [nm
3422 3173 3504 3245 2.]
3540 3172 3637 3240 Qui
3671 3173 3806 3228 enim

516 3265 584 3321 Et
610 3262 1059 3333 circumspiciens
1083 3276 1202 3329 eos,
1233 3261 1405 3332 quiin
1432 3261 1662 3316 circuitu
1686 3260 1804 3332 eius
1829 3259 2118 3326 sedebant.
2223 3265 2389 3321 habet
2410 3265 2628 3322 dabitur
2659 3267 2735 3322 illi
2767 3283 2781 3322 :
2812 3277 2866 3324 et
2889 3269 2981 3339 qui
3009 3283 3120 3324 non
3151 3267 3332 3330 habet.
3364 3273 3530 3323 etiam
3559 3268 3697 3340 quod
3720 3268 3809 3322 ha-

511 3362 591 3416 ait
621 3378 634 3412 :
666 3359 810 3414 Ecce
837 3364 1013 3412 mater
1035 3370 1182 3423 mea,
1205 3365 1263 3410 et
1289 3354 1492 3410 fratres
1515 3355 1647 3410 mei.
1677 3355 1777 3422 Qui
1806 3355 1952 3410 enim
1976 3354 2120 3408 fece-
2221 3359 2333 3424 bet,
2364 3359 2639 3417 auferetur
2668 3361 2737 3416 ab
2758 3375 2847 3418 eo.
2882 3363 3059 3434 inm,
3088 3362 3204 3436 10.]
3227 3364 3288 3418 Et
3322 3363 3577 3420 dicebat:
3607 3365 3692 3420 Sic
3717 3371 3802 3419 est

510 3451 585 3507 rit
605 3451 942 3506 voluntatem
975 3448 1094 3519 Dei,
1128 3447 1219 3504 hic
1245 3446 1416 3503 frater
1441 3460 1616 3514 meus,
1648 3455 1704 3504 et
1731 3461 1891 3503 soror
1919 3457 1946 3485 δ
1969 3462 2113 3518 mea,
2221 3467 2450 3525 regnum
2480 3455 2598 3523 Dei,
2644 3457 3104 3527 quemadmodum
3131 3459 3179 3514 si
3206 3458 3370 3514 homo
3395 3459 3564 3529 jaciat
3590 3473 3809 3516 semen-

513 3552 571 3602 et
596 3553 778 3602 mater
806 3551 911 3599 est.
2219 3557 2329 3605 tem
2358 3549 2414 3605 in
2447 3559 2670 3617 terram,
2702 3559 2759 3607 et
2786 3550 3044 3618 dormiat,
3076 3560 3408 3624 etexsnrgat
3436 3561 3596 3610 nocte
3621 3564 3669 3609 et
3690 3554 3806 3620 die,

585 3640 738 3712 [ϐαρ.
767 3637 857 3694 ιν.
888 3651 1080 3704 xxxv),
1110 3632 1196 3706 2.]
1243 3635 1308 3690 El
1346 3634 1542 3690 iterum
1597 3635 1762 3705 coepit
1803 3633 2000 3690 docere
2050 3633 2115 3688 ad
2219 3649 2275 3696 et
2314 3656 2499 3697 semen
2547 3642 2838 3714 geminet,
2892 3652 2949 3697 et
2976 3643 3267 3709 increscat,
3322 3645 3453 3700 dum
3491 3646 3660 3700 nescit
3691 3645 3806 3700 ille.

515 3747 667 3790 mare
701 3749 716 3788 :
748 3742 803 3789 et
831 3741 1159 3803 congregata
1190 3728 1364 3787 estad
1398 3743 1520 3785 eum
1550 3728 1705 3784 turba
1738 3727 1927 3794 multa,
1955 3729 2027 3784 ita
2061 3739 2117 3784 nt
2219 3731 2377 3790 Ultro
2403 3735 2548 3790 enim
2591 3744 2736 3790 terra
2786 3734 3103 3801 fructificat,
3155 3737 3389 3806 primum
3437 3737 3677 3808 herbam,
3703 3737 3806 3794 de-

514 3825 694 3881 navim
718 3824 1016 3880 ascendens
1035 3822 1254 3879 sederet
1275 3822 1328 3877 in
1343 3821 1504 3886 mari,
1526 3830 1580 3877 et
1603 3822 1947 3877 omnisturba
1970 3823 2112 3878 circa
2219 3824 2346 3882 inde
2367 3826 2593 3896 spicam,
2623 3826 2820 3882 deinde
2851 3827 3070 3897 plenum
3099 3827 3434 3885 frumentum
3461 3829 3516 3884 in
3548 3832 3708 3900 spica.
3740 3829 3806 3884 Et

513 3933 665 3974 mare
693 3931 860 3986 super
885 3925 1088 3972 terram
1112 3924 1232 3972 erat
1263 3933 1276 3970 :
1322 3929 1378 3970 et
1406 3914 1638 3971 docebat
1665 3929 1760 3970 eos
1789 3915 1840 3970 in
1882 3917 2116 3987 parabo-
2216 3931 2338 3974 cum
2360 3916 2389 3957 ά
2415 3919 2733 3991 produxerit
2759 3920 2994 3988 fructus,
3035 3921 3218 3976 statim
3249 3923 3418 3977 mittit
3433 3922 3651 3988 falcem,
3673 3936 3805 3991 quo-

513 4014 580 4068 lis
611 4011 800 4078 multa,
830 4019 886 4066 et
913 4009 1129 4065 dicebat
1177 4011 1285 4065 illis
1312 4008 1367 4064 in
1401 4009 1654 4065 doctrina
1698 4025 1792 4065 sua
1829 4029 1841 4064 :
1877 4010 2110 4066 Audite:
2216 4011 2361 4066 niam
2390 4010 2546 4068 adest
2567 4012 2785 4068 messis.
2824 4012 2992 4084 [sum
3021 4012 3103 4084 2.]
3137 4013 3203 4067 Et
3228 4012 3444 4070 dicebat
3478 4032 3490 4067 :
3541 4014 3638 4070 Cui
3659 4015 3794 4068 assio

515 4122 646 4164 ecce
684 4105 818 4161 exiit
845 4105 1124 4161 seminans
1146 4103 1212 4159 ad
1263 4104 1661 4159 seminandum.
1693 4103 1761 4159 Et
1789 4104 1914 4159 dum
1947 4105 2109 4158 scmi-
2215 4102 2524 4158 miiabimus
2576 4118 2802 4174 regnum
2856 4103 2988 4160 Dei?
3031 4113 3124 4160 aut
3150 4105 3236 4160 cui
3278 4106 3554 4176 parabolae
3593 4119 3799 4176 compa-

510 4211 624 4267 nat,
657 4199 801 4255 aliud
825 4197 1021 4255 cecidit
1062 4196 1206 4253 circa
1246 4197 1414 4264 viam,
1459 4206 1515 4253 et
1552 4205 1818 4254 venerunt
1861 4197 2112 4253 volucres
2212 4195 2455 4252 rabimus
2505 4193 2674 4252 illud?
2713 4194 2868 4253 Sicut
2916 4211 3144 4268 granum
3199 4199 3428 4268 sinapis,
3491 4201 3634 4271 quod
3679 4213 3797 4254 cum

511 4292 538 4333 ι)
570 4292 717 4361 curii,
747 4302 800 4348 et
832 4289 1188 4347 comederunt
1216 4289 1371 4344 illud.
1393 4289 1552 4345 Aliud
1577 4305 1707 4346 vero
1731 4288 2113 4360 ceciditsuper
2211 4288 2537 4344 seminatum
2566 4287 2730 4344 fuerit
2767 4289 2819 4342 in
2855 4298 3020 4354 terra,
3053 4290 3234 4344 minus
3255 4300 3340 4345 est
3369 4291 3618 4346 omnibus
3645 4291 3801 4346 semi-

508 4397 756 4460 petrosa,
780 4385 874 4442 ubi
911 4400 1018 4441 non
1049 4383 1241 4439 habuit
1269 4393 1474 4439 terram
1507 4384 1732 4440 multam
1781 4402 1798 4440 :
1839 4393 1896 4439 et
1924 4385 2106 4440 statim
2213 4381 2396 4454 nibus,
2427 4397 2548 4454 quae
2568 4393 2694 4439 sunt
2726 4383 2778 4439 in
2805 4393 2948 4440 terra
2980 4402 2994 4438 :
3027 4394 3232 4441 etcum
3263 4385 3592 4441 seminatum
3619 4384 3795 4452 fuerit,

509 4493 758 4540 exortum
790 4489 895 4546 est,
925 4480 1181 4552 quoniam
1214 4494 1323 4534 non
1349 4478 1586 4536 habebat
1625 4479 1966 4535 altitudinem
1997 4490 2106 4535 ter-
2133 4475 2187 4536 D
2211 4476 2473 4542 ascendit,
2505 4487 2558 4533 et
2582 4477 2640 4530 fit
2661 4477 3100 4547 majusomnibus
3117 4477 3379 4545 oleribus,
3405 4488 3460 4535 et
3483 4478 3608 4534 facit
3625 4489 3799 4533 ramos

506 4590 583 4630 ra:
613 4593 625 4627 :
681 4582 737 4630 et
779 4572 995 4645 quando
1033 4580 1256 4628 exortus
1285 4581 1369 4629 est
1399 4573 1502 4640 sol,
1539 4573 1857 4629 exaestnavit
1891 4589 1903 4624 :
1955 4579 2010 4627 et
2039 4586 2107 4627 eo
2214 4582 2463 4638 magnos,
2497 4569 2569 4621 ita
2599 4575 2662 4622 ut
2687 4569 2904 4638 possint
2924 4570 3024 4625 sub
3038 4569 3228 4626 umbra
3246 4571 3366 4642 ejus
3391 4581 3514 4628 aves
3540 4570 3659 4626 coeli
3693 4570 3799 4623 tra-

503 4669 650 4743 quod
686 4684 792 4724 non
829 4667 1071 4724 habebat
1098 4667 1363 4736 radicem,
1394 4667 1628 4722 exaruit.
1687 4666 1756 4721 Et
1786 4665 1929 4720 aliud
1960 4666 2106 4722 ceci-
2212 4660 2407 4715 bitarc.
2427 4659 2572 4732 μιν,
2604 4659 2684 4730 6.]
2718 4661 2785 4716 Et
2803 4662 3005 4718 talibus
3031 4663 3220 4718 multis
3249 4665 3522 4734 parabolis
3541 4661 3798 4734 loqueba-

503 4763 586 4820 dit
621 4762 677 4817 in
707 4761 894 4832 Spinas
929 4778 944 4812 :
999 4771 1054 4815 et
1083 4759 1460 4815 ascenderunt
1489 4759 1681 4829 spinaz,
1711 4765 1765 4812 et
1804 4757 2103 4814 sulfocave-
2208 4765 2297 4812 tur
2322 4756 2403 4810 cis
2429 4755 2676 4825 verbum,
2724 4767 2885 4827 prout
2935 4767 3190 4828 poterant
3211 4758 3404 4814 audire
3439 4777 3453 4812 :
3481 4758 3618 4816 Sine
3643 4769 3796 4826 para-

499 4865 629 4912 runt
655 4853 813 4924 illud,
839 4864 893 4911 et
918 4853 1155 4910 fruetum
1183 4868 1296 4909 non
1327 4851 1500 4908 dedit.
1537 4849 1606 4906 Et
1642 4849 1794 4905 aliud
1825 4851 2022 4907 cecidit
2047 4852 2100 4907 in
2208 4848 2332 4905 bola
2359 4855 2538 4904 autem
2579 4861 2690 4904 non
2721 4850 3044 4920 loquebatur
3063 4851 3144 4906 eis
3175 4869 3190 4907 :
3219 4853 3390 4923 inn,
3415 4849 3530 4924 ια]
3557 4859 3792 4908 seorsum

497 4960 704 5007 terram
743 4948 944 5004 bonam
975 4967 986 5002 :
1031 4958 1082 5004 et
1113 4947 1278 5004 dabat
1316 4945 1554 5001 fructum
1602 4943 2009 5010 ascendentem,
2044 4953 2103 5002 et
2207 4951 2386 5000 autem
2405 4943 2692 5014 discipulis
2717 4943 2829 5000 suis
2856 4943 3158 5000 disserebat
3183 4945 3391 5001 omnia.
3423 4944 3611 5016 iuvit,
3634 4939 3798 5013 Quit-1t

498 5053 839 5103 crescentem
863 5058 879 5110 ;
903 5051 959 5099 et
981 5041 1244 5098 afferebat
1268 5056 1438 5096 unum
1471 5038 1716 5111 triginta,
1745 5055 1908 5094 unum
1937 5054 2100 5097 sexa-
2206 5041 2282 5097 ait
2307 5039 2419 5096 illis
2452 5041 2508 5095 in
2536 5039 2630 5096 illa
2659 5039 2773 5106 die,
2821 5053 2948 5095 cum
2989 5052 3114 5094 sero
3144 5047 3291 5094 esset
3319 5038 3521 5095 factum
3554 5057 3567 5094 :
3598 5038 3795 5094 Trans-

493 5133 666 5212 ginta,
691 5148 749 5196 et
767 5153 934 5194 unum
959 5145 1203 5194 centum.
1239 5134 1308 5190 Et
1333 5132 1548 5190 dicebat
1580 5151 1593 5188 :
1625 5132 1728 5201 Qui
1750 5131 1917 5189 habet
1937 5148 2098 5192 aures
2205 5149 2393 5193 eamus
2414 5145 2626 5192 contra.
2674 5135 2741 5191 Et
2759 5133 3092 5190 dimittentes
3113 5133 3351 5201 turbam,
3377 5140 3794 5188 assumuntemn

494 5233 772 5302 audiendi,
795 5232 1006 5288 audiat.
1033 5228 1248 5286 Etcum
1276 5239 1422 5286 esset
1443 5227 1762 5300 singularis,
1794 5227 2098 5302 interroga-
2207 5230 2278 5285 ita
2304 5238 2362 5284 ut
2385 5236 2505 5285 erat
2531 5229 2587 5284 in
2618 5227 2762 5296 navi,
2795 5234 2849 5282 et
2885 5225 3003 5281 alia:
3033 5239 3202 5281 naves
3242 5235 3404 5281 erant
3433 5240 3558 5282 cum
3589 5224 3708 5282 illo.
3735 5221 3796 5277 Et

563 5447 587 5477 α
628 5438 937 5521 Ρςρηριηθη
987 5451 1126 5521 mea,
1179 5449 1300 5521 cum
1360 5434 1566 5491 Graecis
1622 5433 1895 5505 plerisque
1937 5431 2092 5491 libris
2198 5507 2218 5521 _
2269 5433 2296 5474 ἀ
2340 5438 2399 5521 ln
2425 5437 2802 5521 Reginmnnss.
2831 5431 2898 5521 Et
2948 5449 3140 5521 cum‘se
3175 5435 3642 5521 11:9d1{.rerit,_e_tc.
3678 5444 3794 5521 etim

501 5526 638 5568 unus
676 5508 899 5579 Reginae
926 5522 1030 5563 ms.
1061 5514 1219 5561 tacet.
1314 5578 1320 5579 ί
1398 5577 1406 5579 Α
1500 5574 1532 5579 _
1621 5576 1632 5579 _
2197 5505 2532 5565 Lovaniensi
2565 5508 2816 5564 Editione
2845 5514 3006 5576 atque
3035 5505 3183 5579 aliis.
3209 5507 3422 5565 Sixtina
3465 5509 3651 5567 Editio
3677 5507 3794 5578 plus

556 5581 586 5621 δ
626 5574 804 5652 Atque
824 5577 914 5652 hic
968 5591 1162 5633 nomen
1210 5578 1346 5652 coeli,
1395 5577 1447 5632 in
1481 5574 1723 5652 begins:
1770 5593 1899 5634 mss.
1944 5587 1997 5636 ut
2035 5588 2090 5637 et
2194 5581 2368 5636 adhuc
2395 5579 2746 5652 hnbet,C_mn
2773 5596 2836 5634 cx
2862 5574 3273 5652 sic—produxerit,
3302 5591 3412 5638 etc.
3454 5582 3648 5639 Graece
3679 5574 3794 5634 iane

499 5647 1000 5725 Gregis'plerisque
1027 5648 1432 5725 exemplaribus
1463 5647 1825 5703 desideratur.
2194 5662 2306 5709 tum
2331 5662 2433 5719 est,
2461 5650 2613 5709 ‘Ora‘w
2641 5649 2694 5706 δέ
2723 5649 2963 5725 παραδῷ.

559 5727 584 5762 ο
625 5716 848 5788 Regina:
867 5716 1000 5774 mss.
1031 5716 1184 5784 scire,
1206 5730 1307 5786 pro
1336 5731 1500 5773 nosse.
