3920 6200
201 204 296 264 589

1227 204 1677 270 EVANGELIUI
1719 203 2091 272 SECUNDUM
2126 211 2444 277 MARCUM.

3383 229 3491 290 590

205 323 330 378 facta
359 328 449 379 est
473 319 720 396 procella
750 334 937 395 magna
961 323 1127 390 venti,
1161 333 1216 382 et
1241 324 1434 383 ﬂuctus
1460 327 1709 384 mittebat
1729 328 1782 384 in
1811 323 1865 388 Δ
1890 345 2048 400 pessa
2077 346 2106 386 a
2135 334 2514 405 compluribus
2555 336 2783 396 medicis
2808 351 2820 395 :
2848 344 2905 398 et
2948 351 3272 415 erogaverat
3301 350 3484 404 omnia

209 420 410 488 navim,
441 421 513 476 ita
548 429 606 476 ut
636 420 946 490 impleretur
973 422 1146 481 navis.
1173 424 1238 480 Et
1262 427 1379 479 erat
1406 425 1520 494 ipse
1548 423 1602 480 in
1626 424 1791 496 pttppl

209 525 364 580 super
392 513 628 569 cervical
661 513 931 570 dormiens
966 533 978 568 :
1009 523 1064 570 et
1091 517 1331 574 excitant
1357 533 1503 585 eum,
1529 527 1583 576 et
1604 518 1793 576 dicunt

208 599 279 656 illi
308 620 324 657 :
355 603 638 675 Magister,
671 622 777 666 non
807 606 872 664 ad
897 617 947 664 te
979 608 1235 676 pertinet,
1265 612 1390 684 quia
1421 612 1699 684 perimus?
1722 613 1791 669 Et

103 717 110 724 ·
206 712 497 771 exsurgens
533 704 894 760 comminatus
942 717 1026 761 est
1081 716 1274 774 vento,
1330 718 1384 766 et
1440 709 1578 765 dixit
1611 711 1787 766 mari:

206 791 356 861 Tace,
391 794 734 852 obmutesce.
793 798 862 853 Et
888 801 1124 856 cessavit
1153 808 1346 857 ventus
1379 819 1394 857 :
1426 811 1487 858 et
1517 803 1657 858 facta
1707 813 1790 859 est

207 889 558 959 tranquillitas
588 906 800 962 magna.
846 892 916 947 Et
953 894 1029 948 ait
1059 894 1165 950 illis
1193 912 1206 947 :
1231 895 1373 964 Quid
1404 896 1574 952 timidi
1619 896 1790 953 estis?

206 980 421 1037 necdum
451 981 666 1040 habetis
695 983 892 1041 ﬁdem?
917 985 988 1042 Et
1018 987 1311 1044 timuerunt
1347 989 1544 1047 timore
1568 1005 1786 1062 magno,

204 1083 252 1128 et
278 1075 528 1133 dicebant
554 1077 623 1133 ad
650 1079 971 1138 alterutrum
998 1082 1180 1151 :Quis,
1205 1092 1384 1155 putas,
1404 1095 1486 1142 est
1509 1085 1632 1152 iste,
1662 1087 1786 1159 quia

203 1175 252 1222 et
287 1176 479 1224 ventus
503 1179 560 1226 et
581 1186 728 1227 mare
756 1172 1021 1230 obediunt
1048 1175 1142 1232 ei?

265 1259 412 1333 (Cap.
444 1261 536 1335 ιη]
569 1264 635 1319 Et
656 1276 923 1323 venerunt
958 1276 1109 1325 trans
1150 1269 1345 1327 fretum
1389 1272 1556 1328 maris
1600 1271 1654 1326 in
1694 1285 1787 1328 re-

197 1355 402 1426 gionem
435 1356 867 1416 Gerasenorum.
900 1361 968 1418 Et
1007 1363 1229 1420 exeunti
1252 1363 1303 1420 ei
1328 1364 1399 1422 de
1423 1365 1571 1432 navi,
1602 1364 1786 1420 statim

198 1451 430 1508 occurrit
455 1451 524 1508 de
553 1457 922 1513 monumentis
945 1457 1110 1515 homo
1147 1459 1200 1514 in
1238 1460 1432 1531 spiritu
1483 1461 1786 1527 immundo,

197 1546 280 1615 qui
323 1544 654 1602 domicilium
703 1547 938 1606 habebat
984 1551 1039 1606 in
1086 1554 1475 1618 monumentis,
1526 1562 1584 1608 et
1614 1567 1789 1623 neque

200 1639 403 1694 catenis
425 1640 536 1711 jam
564 1641 848 1714 quisquam
878 1656 1089 1715 poterat
1115 1663 1238 1703 eum
1280 1647 1448 1717 ligare
1479 1665 1492 1702 :
1525 1647 1781 1718 quoniam

1893 437 2012 489 sua,
2070 440 2171 483 nec
2193 428 2484 500 quidquam
2528 430 2851 502 profecerat,
2902 435 2996 490 sed
3047 438 3216 508 magis
3243 437 3484 495 deterius

1893 513 2167 574 habebat:
2227 536 2350 577 cum
2393 521 2633 579 audisset
2662 523 2732 580 de
2757 524 2914 591 Jesu,
2943 529 3092 582 venit
3116 529 3168 584 in
3199 530 3351 585 turba
3399 547 3482 588 re-

1894 620 1998 681 tro,
2056 623 2113 670 et
2168 617 2346 688 tetigit
2376 620 2754 675 vestimentum
2810 621 2976 692 ejus:
3018 622 3234 679 dicebat
3289 627 3482 681 enim:

1893 707 2048 776 Quia,
2074 711 2119 764 si
2147 712 2228 767 vel
2260 713 2642 769 vestimentum
2670 715 2788 786 ejus
2816 717 3069 786 tetigero,
3096 718 3242 774 salva
3264 735 3381 775 ero.
3416 721 3485 778 Et

1893 801 2177 857 confestim
2201 804 2437 860 siccatus
2460 816 2546 862 est
2580 807 2702 863 fons
2721 809 3002 880 sanguinis
3024 812 3142 880 ejus
3174 827 3187 864 :
3234 822 3289 867 et
3318 815 3487 868 sensit

1891 907 2139 965 corpore,
2163 897 2287 968 quia
2305 905 2493 954 sanata
2516 907 2663 956 esset
2692 915 2720 955 a
2749 900 2921 973 plaga.
2945 904 3010 957 Et
3035 904 3216 959 statim
3243 904 3400 960 Jesus
3430 906 3483 959 in

1893 989 2188 1060 semetipso
2208 1005 2541 1063 cognoscens
2569 993 2843 1063 virtutem,
2875 1011 2995 1065 qua:
3023 995 3237 1053 exierat
3263 995 3331 1053 de
3363 998 3482 1067 illo,

1891 1093 2186 1137 conversus
2209 1082 2276 1138 ad
2309 1086 2544 1152 turbam,
2565 1085 2743 1142 aiebat
2769 1101 2783 1140 :
2810 1086 2941 1154 Quis
2962 1088 3140 1160 tetigit
3162 1088 3486 1147 vestimenta

1892 1174 2052 1229 mea?
2093 1175 2161 1231 Et
2206 1175 2460 1233 dicebant
2502 1179 2551 1234 ei
2599 1179 2851 1250 discipuli
2908 1182 3032 1238 sui:
3079 1181 3242 1239 Vides
3274 1184 3485 1240 turbam

1892 1267 2344 1336 comprimentcm
2402 1281 2475 1337 te,
2519 1281 2572 1327 et
2597 1271 2782 1328 diris:
2825 1271 2960 1341 Quis
3012 1289 3100 1330 me
3144 1276 3371 1346 tetigit?
3421 1279 3488 1332 Et

1893 1359 2364 1431 circumspiciebat
2396 1363 2583 1420 videre
2619 1379 2738 1421 eam
2770 1381 2893 1437 qua:
2918 1367 3021 1422 hoc
3045 1365 3269 1425 fecerat.
3299 1368 3488 1426 Mulier

1893 1466 2024 1508 vero
2056 1454 2276 1522 timens,
2328 1466 2382 1513 et
2415 1467 2680 1528 tremens,
2715 1460 2897 1518 sciens
2940 1463 3082 1534 quod
3109 1463 3311 1519 factum
3342 1474 3490 1521 esset

1894 1545 1947 1599 in
1975 1560 2058 1611 se,
2083 1548 2250 1612 venit,
2283 1558 2337 1604 et
2369 1551 2748 1619 prociditante
2773 1569 2919 1621 eum,
2951 1563 3002 1610 et
3033 1555 3170 1612 dixit
3194 1558 3242 1612 ei
3273 1573 3491 1614 omnem

1894 1637 2203 1694 veritatem.
2229 1640 2323 1695 llle
2346 1651 2525 1698 autem
2550 1643 2686 1700 dixit
2709 1646 2758 1701 ei
2793 1663 2806 1700 :
2845 1646 3000 1717 Filia,
3035 1647 3168 1705 ﬁdes
3190 1658 3277 1706 tua
3309 1661 3360 1706 te
3387 1652 3493 1707 sal-

197 1744 336 1802 saepe
361 1735 715 1804 compedibus
743 1746 799 1792 ει
849 1741 1060 1795 catenis
1104 1740 1340 1808 vinctus,
1372 1739 1669 1811 ἀίι-υρεεεει
1696 1755 1787 1795 ca-
1815 1723 1864 1785 Β
1890 1745 2009 1786 vam
2041 1733 2167 1787 fecit
2201 1749 2214 1786 :
2243 1735 2378 1791 vade
2407 1739 2456 1790 in
2509 1753 2663 1808 pace,
2695 1749 2751 1795 ct
2778 1749 2898 1797 esto
2949 1757 3081 1797 sana
3127 1759 3156 1798 a
3192 1747 3343 1816 plaga
3377 1756 3492 1804 tua.

199 1833 366 1893 teaas,
397 1837 452 1885 et
473 1832 770 1900 compedes
799 1834 1236 1904 comminuisset,
1290 1843 1346 1891 et
1385 1849 1545 1891 nemo
1573 1843 1788 1906 poterat

194 1933 316 1976 eum
344 1920 587 1978 domare.
624 1923 692 1980 Et
713 1939 932 1996 semper
961 1926 1052 1982 die
1080 1941 1145 1982 ac
1169 1937 1328 1982 nocte
1359 1927 1411 1981 in
1461 1941 1788 1982 monumen-

197 2014 267 2071 tis
297 2016 424 2072 etin
477 2018 752 2076 montibus
791 2029 933 2086 erat,
970 2021 1236 2086 clamans,
1271 2030 1328 2078 et
1384 2021 1681 2078 concidens
1726 2033 1788 2078 se

195 2109 480 2179 lapidibus.
506 2112 710 2170 Videas
753 2123 934 2172 autem
960 2116 1146 2173 Iesum
1173 2132 1202 2173 a
1245 2118 1422 2189 longe,
1448 2119 1688 2174 cucurrit
1734 2124 1792 2174 et

197 2202 441 2260 adoravit
467 2220 626 2263 eum:
661 2217 716 2263 et
745 2208 988 2264 clamans
1018 2224 1149 2266 voce
1202 2224 1398 2282 magna
1436 2210 1609 2267 dixit:
1649 2209 1789 2279 Quid

197 2297 351 2363 mihi,
375 2307 430 2354 ct
447 2299 563 2368 tibi,
593 2302 747 2370 Jesu,
766 2301 868 2357 Fili
902 2303 992 2358 Dei
1021 2303 1048 2332 ⁸
1069 2303 1322 2359 altissimi
1347 2303 1370 2358 τ
1393 2303 1584 2374 adjuro
1609 2312 1662 2358 te
1693 2315 1791 2373 per

197 2391 389 2457 Deum,
424 2407 494 2448 ne
523 2409 609 2448 me
634 2403 913 2465 torqueas.
945 2395 1168 2451 Dicebat
1197 2394 1344 2451 enim
1377 2394 1457 2450 illi
1484 2410 1499 2448 :
1530 2395 1653 2463 Exi,
1679 2394 1792 2465 spi-

195 2481 331 2539 ritus
375 2483 674 2554 immuude,
710 2485 780 2541 ab
831 2485 1074 2542 homine.
1126 2487 1196 2543 Et
1221 2486 1591 2558 interrogabat
1619 2500 1788 2542 cum:

195 2573 350 2642 Quod
375 2576 470 2631 tibi
497 2593 694 2634 nomen
716 2579 836 2633 est?
867 2578 935 2633 Et
956 2578 1086 2635 dicit
1107 2580 1157 2634 ei
1188 2597 1202 2630 :
1236 2578 1402 2650 Legio
1431 2577 1566 2634 mihi
1592 2592 1790 2633 nomen

199 2670 443 2739 est,quia
460 2671 614 2726 multi
646 2685 854 2727 sumus.
887 2670 956 2727 Et
977 2671 1370 2742 deprecabatur
1386 2687 1509 2728 eum
1538 2670 1790 2739 multum,

196 2776 267 2816 ne
292 2775 351 2816 se
395 2762 697 2832 expelleret
741 2773 897 2820 extra
945 2764 1246 2834 regionem.
1308 2763 1442 2820 Erat
1497 2770 1678 2819 autem
1720 2761 1792 2817 ibi

196 2856 346 2912 circa
379 2868 625 2914 montem
665 2873 799 2929 grex
847 2872 1137 2931 porcorum
1174 2874 1420 2930 magnus,
1453 2872 1704 2929 pascens.
1727 2856 1797 2912 Et

195 2947 634 3018 deprecabantur
663 2965 787 3006 eum
830 2951 1073 3022 spiritus,
1107 2951 1354 3007 dicentes
1387 2967 1400 3004 :
1435 2950 1583 3006 Mitte
1613 2965 1712 3006 nos
1740 2949 1793 3005 in

193 3057 418 3114 porcos,
449 3043 584 3100 utin
609 3059 704 3100 eos
737 3045 1090 3100 introeamus.
1127 3045 1198 3100 Et
1223 3045 1495 3100 concessit
1513 3045 1594 3100 eis
1611 3043 1793 3101 statim

1892 1825 2082 1882 Adhuc
2106 1843 2172 1883 eo
2204 1829 2478 1900 loquente,
2507 1833 2729 1888 veniunt
2751 1835 2818 1888 ab
2840 1836 3289 1908 archisynagogo,
3310 1839 3496 1896 dicen—

1893 1926 1976 1974 tes
2009 1939 2023 1976 :
2064 1920 2198 1987 Quia
2229 1921 2335 1977 ﬁlia
2369 1932 2458 1978 tua
2487 1935 2696 1981 mortua
2727 1936 2842 1993 est;
2867 1929 2996 2000 quid
3028 1930 3170 1985 ultra
3196 1947 3358 1988 vexas
3385 1949 3498 1988 ma-

1892 2013 2155 2086 gistrum?
2175 2016 2330 2074 Jesus
2353 2029 2533 2075 autem
2562 2021 2746 2076 audito
2774 2022 2964 2088 verbo,
3009 2024 3150 2094 quod
3191 2025 3492 2096 dicebatur,

1895 2111 1970 2164 ait
1996 2111 2465 2184 archisynagogo:
2501 2113 2623 2169 Noli
2653 2117 2864 2184 timere,
2898 2121 3272 2176 tantummodo
3303 2122 3495 2178 crede:

1898 2203 1964 2258 Et
1993 2219 2098 2258 non
2129 2205 2343 2260 admisit
2367 2223 2694 2278 quemquam
2724 2223 2784 2264 se
2828 2211 3004 2281 sequi,
3040 2212 3140 2267 nisi
3173 2213 3410 2282 Petrum,
3444 2225 3499 2269 et

1895 2295 2182 2366 Iacobum,
2213 2309 2264 2352 et
2291 2297 2560 2354 Joannem
2587 2299 2809 2355 fratrem
2832 2299 3042 2357 Jacobi.
3081 2304 3149 2358 Et
3174 2306 3398 2360 veniunt
3440 2307 3492 2360 in

1896 2387 2119 2443 domum
2145 2389 2585 2464 archisynagogi,
2618 2401 2672 2448 et
2697 2392 2843 2448 videt
2867 2395 3178 2461 tumultum,
3202 2407 3255 2451 ct
3277 2398 3490 2464 flentes,

1896 2490 1951 2537 et
2000 2481 2272 2552 ejulantes
2311 2484 2557 2540 multum.
2618 2485 2685 2540 Et
2723 2488 3024 2556 ingressus,
3065 2488 3142 2543 ait
3167 2488 3276 2544 illis
3307 2508 3321 2547 :
3356 2491 3494 2557 Quid

1901 2575 2218 2645 turbamiui,
2251 2584 2307 2632 et
2335 2578 2598 2646 ploratis?
2631 2579 2805 2649 puella
2858 2595 2964 2633 non
3005 2589 3091 2636 est
3137 2594 3371 2651 mortua,
3402 2585 3496 2639 sed

1899 2667 2118 2723 dormit.
2151 2668 2533 2727 Etirridebant
2569 2685 2716 2728 eum.
2750 2672 2871 2743 lpsc
2914 2685 3063 2739 vero,
3107 2673 3295 2744 ejectis
3321 2679 3497 2732 omni-

1902 2760 2021 2829 bus,
2047 2763 2273 2817 assumit
2302 2771 2511 2834 patrem
2536 2772 2590 2819 et
2615 2773 2840 2821 matrem
2866 2765 3084 2837 puellae,
3119 2776 3174 2822 et
3198 2768 3290 2838 qui
3313 2784 3496 2824 secmn

1899 2863 2075 2920 erant,
2107 2864 2162 2910 et
2184 2855 2484 2928 ingreditur
2510 2857 2601 2913 ubi
2634 2857 2812 2928 puella
2837 2869 2953 2914 erat
2971 2859 3182 2929 jaceus.
3213 2859 3276 2914 Et
3307 2870 3495 2917 tenens

1903 2963 2121 3003 manum
2149 2949 2367 3021 puellze,
2399 2951 2473 3006 ait
2499 2948 2579 3006 illl
2613 2969 2626 3006 :
2661 2951 2873 3007 Talitha
2905 2955 3070 3023 cumi,
3119 2953 3260 3024 quod
3295 2963 3379 3010 est
3410 2955 3497 3010 in-

1904 3050 2258 3112 terpretatum
2293 3043 2513 3100 :Puella
2554 3043 2676 3116 (tibi
2703 3043 2874 3118 dico),
2903 3062 3085 3118 surge.
3111 3043 3178 3102 Et
3208 3047 3499 3104 coiifestim

194 3134 378 3192 Jesus.
410 3135 476 3192 Et
511 3145 772 3193 exeuntes
797 3137 1020 3208 spiritus
1069 3138 1334 3194 immundi
1380 3137 1708 3193 introierunt
1736 3135 1792 3192 in
1818 3123 1866 3189 C
1899 3136 2139 3192 surrexit
2169 3136 2365 3207 puella,
2400 3146 2455 3194 et
2483 3137 2799 3195 ambulabat
2833 3157 2845 3193 :
2880 3150 2995 3196 erat
3019 3148 3198 3196 autem
3229 3157 3496 3198 annorum

196 3245 399 3302 porcos
432 3248 446 3279 :
477 3239 534 3287 et
586 3248 783 3304 magno
815 3233 1015 3305 impetu
1061 3249 1192 3306 grex
1238 3233 1606 3305 praecipitatus
1632 3242 1716 3290 est
1739 3233 1794 3289 in

194 3341 345 3382 mare
375 3326 442 3382 ad
473 3327 584 3384 duo
616 3329 803 3397 millia,
851 3337 905 3386 et
956 3328 1203 3385 suﬁ‘ocati
1243 3337 1372 3384 sunt
1412 3328 1466 3384 in
1497 3327 1656 3384 mari.
1675 3327 1795 3396 'Qui

189 3431 380 3477 autem
405 3423 701 3493 pascebant
752 3439 870 3492 eos,
915 3423 1186 3496 fugerunt,
1219 3432 1272 3480 et
1320 3423 1710 3479 nuntiaverunt
1739 3421 1793 3476 in

185 3516 498 3585 civitatem,
533 3527 586 3573 et
609 3519 659 3572 in
693 3533 872 3589 agros.
908 3518 977 3574 Et
1007 3518 1210 3590 egressi
1251 3526 1382 3575 sunt
1424 3518 1611 3575 videre
1665 3516 1792 3588 quid

181 3620 342 3668 esset
370 3610 571 3666 factum
600 3612 709 3684 [ΑΙ.
735 3611 886 3684 facti]
916 3627 932 3667 :
976 3621 1034 3669 et
1083 3611 1311 3688 veniunt
1360 3610 1426 3668 ad
1453 3609 1636 3668 Jesum
1670 3625 1688 3666 :
1740 3617 1797 3665 et

183 3704 382 3760 vident
413 3704 587 3769 illum,
619 3705 712 3774 qui
757 3721 786 3759 a
813 3705 1085 3761 daemonio
1124 3705 1449 3772 vexabatur,
1483 3705 1788 3772 sedentem,

182 3800 469 3865 vestitum,
495 3807 549 3854 et
571 3813 717 3853 sana:
748 3799 973 3868 mentis,
1006 3809 1061 3855 et
1086 3799 1404 3859 timuerunt.
1440 3797 1505 3852 Et
1531 3810 1790 3852 narrave-

179 3901 316 3950 runt
339 3892 474 3960 illis,
502 3893 593 3964 qui
636 3892 912 3959 viderant,
943 3893 1180 3964 qualiter
1204 3893 1402 3949 factum
1429 3902 1575 3948 esset
1602 3891 1672 3957 ei,
1699 3893 1791 3962 qui

175 3988 523 4044 daemonium
562 3987 851 4054 habuerat,
881 3994 938 4043 et
963 3987 1032 4043 de
1060 3987 1258 4059 porcis.
1289 3987 1358 4042 Et
1389 4001 1583 4058 rogare
1610 4000 1791 4056 cmpe-

177 4090 316 4135 runt
344 4095 494 4147 eum,
527 4080 913 4138 utdiscederet
928 4082 997 4138 de
1028 4082 1224 4137 ﬁnibus
1256 4097 1444 4138 eorum
1478 4080 1685 4153 [xnvm,
1713 4080 1790 4152 8.]

172 4173 436 4246 Cumque
463 4174 792 4232 ascenderet
839 4176 1043 4244 navim,
1069 4177 1235 4249 coepit
1279 4176 1430 4231 illum
1483 4174 1788 4247 deprecari,

168 4269 328 4336 quia
361 4268 632 4326 daemonio
674 4277 900 4326 vexatus
927 4269 1127 4340 fuerat,
1152 4279 1216 4327 ut
1243 4281 1383 4326 esset
1419 4286 1540 4326 cum
1580 4269 1711 4325 illo:
1737 4275 1794 4325 et

171 4375 290 4416 non
343 4361 568 4418 admisit
592 4362 859 4430 eum,sed
883 4363 1056 4420 aitilli
1087 4382 1101 4419 :
1134 4363 1280 4419 Vade
1315 4364 1366 4419 in
1399 4363 1616 4418 domum
1641 4372 1788 4417 tuam

167 4453 246 4508 ad
279 4463 434 4522 tuos,
461 4463 516 4510 et
547 4455 813 4511 annuntia
858 4455 972 4511 illis
1002 4463 1201 4526 quanta
1229 4455 1322 4512 tibi
1357 4455 1620 4512 Dominus
1648 4455 1791 4510 fece-

1898 3231 2188 3287 duodeeim
2246 3249 2259 3286 :
2319 3241 2374 3288 et
2431 3231 2833 3304 obstupuerunt
2883 3243 3106 3304 stupore
3159 3248 3377 3306 magno.
3433 3237 3502 3292 lit

1898 3326 2156 3395 praecepit
2209 3324 2320 3382 illis
2369 3327 2750 3396 vehementer,
2820 3336 2881 3384 ut
2928 3343 3088 3383 nemo
3114 3325 3166 3383 id
3211 3329 3414 3386 sciret:
3449 3340 3502 3384 et

1897 3415 2037 3473 dixit
2065 3418 2178 3474 dari
2210 3417 2290 3474 illi
2321 3419 2674 3476 manducare.

1969 3509 2118 3584 [ϐαρ.
2153 3510 2238 3565 VI.
2289 3526 2352 3581 1.,
2381 3508 2458 3584 1.]
2491 3512 2558 3567 Ει
2582 3525 2832 3582 egressus
2857 3511 3001 3577 inde,
3031 3511 3162 3567 abiit
3188 3514 3241 3570 in
3266 3515 3493 3584 patriam

1897 3619 2048 3659 suam
2083 3620 2098 3659 :
2147 3613 2199 3659 et
2229 3603 2601 3675 sequebantur
2630 3620 2754 3659 eum
2806 3603 3058 3674 discipuli
3098 3606 3178 3660 sui
3216 3625 3229 3662 :
3264 3615 3319 3660 et
3353 3607 3494 3663 facto

1897 3697 2122 3753 sabbato
2141 3696 2306 3768 etrapit
2330 3698 2383 3752 in
2403 3710 2673 3769 synagoga
2692 3697 2894 3754 docere
2922 3715 2935 3751 :
2965 3707 3018 3752 et
3034 3697 3186 3752 multi
3210 3699 3494 3755 audientes

1895 3789 2304 3844 admirabantur
2334 3791 2385 3844 in
2419 3791 2665 3844 doctrina
2698 3791 2836 3860 ejus,
2867 3789 3148 3846 dicentes:
3176 3791 3332 3848 Unde
3369 3792 3495 3850 huic

1897 3882 2018 3938 hmc
2047 3882 2569 3952 omnia?i-tqna~.est
2599 3883 3020 3953 sapientia,quae
3043 3883 3168 3938 data
3198 3893 3285 3940 est
3313 3885 3410 3954 illi,
3439 3899 3494 3941 et

1897 3978 2126 4031 virtutes
2145 3976 2302 4038 tales,
2333 3991 2452 4041 qua:
2478 3990 2575 4044 per
2598 3991 2786 4030 manus
2809 3975 2926 4046 ejus
2943 3975 3286 4033 efficiuntur?
3307 3977 3497 4035 Nonne

1899 4071 1985 4125 hic
2015 4077 2099 4125 est
2125 4069 2304 4136 faber,
2341 4070 2484 4122 lilins
2517 4067 2722 4135 Mariae,
2759 4069 2923 4124 frater
2951 4067 3162 4137 Jacobi,
3193 4079 3246 4126 et
3267 4069 3492 4141 Joscph,

1896 4170 1951 4217 et
1980 4161 2155 4228 Judae,
2189 4171 2240 4216 et
2276 4160 2557 4217 Simonis?
2596 4175 2777 4217 nonne
2804 4170 2858 4216 ει
2889 4176 3108 4218 sorores
3133 4163 3249 4232 ejus
3284 4165 3370 4220 hic
3400 4185 3494 4218 nn-

1895 4253 2110 4309 biscum
2139 4253 2308 4307 sunt?
2358 4253 2421 4306 Et
2463 4252 2985 4308 scandalizabantur
3024 4255 3075 4307 in
3120 4253 3232 4307 illo.
3275 4256 3377 4326 [1.1,
3419 4251 3494 4322 LI

1898 4346 1967 4402 Et
2010 4347 2228 4404 dicebat
2265 4346 2377 4401 illis
2407 4347 2590 4402 Jesus:
2641 4349 2777 4415 Quia
2810 4362 2913 4402 non
2946 4355 3030 4401 est
3061 4346 3332 4415 Propheta
3378 4350 3494 4404 sine

1906 4439 2115 4498 honore
2145 4442 2247 4497 nisi
2280 4442 2331 4496 in
2359 4443 2527 4512 patria
2551 4456 2645 4495 sua
2666 4485 2680 4506 ,
2715 4443 2841 4496 etin
2873 4441 3034 4494 domo
3059 4455 3150 4494 sua
3171 4480 3185 4506 ,
3217 4449 3270 4494 et
3321 4439 3371 4496 in
3399 4457 3494 4497 eo-

169 4549 272 4616 νει,
301 4559 362 4605 ει
391 4519 651 4606 misenus
680 4550 751 4605 εει
775 4550 876 4605 ωε,
904 4519 1146 4617 mihi“,
1191 4559 1244 4606 οι
1269 4551 1434 4620 capit
1488 4548 1792 4621 ρτωδίοπε
1816 4519 1874 4584 Ι)
1896 4534 2156 4604 gnatione
2184 4549 2301 4589 sua.
2327 4534 2516 4588 Etnon
2551 4544 2762 4603 poterat
2787 4533 2859 4586 ibi
2882 4532 3135 4586 virtutem
3158 4532 3319 4586 ullam
3347 4532 3495 4592 face-

169 4640 230 4698 in
264 4642 552 4713 Decapoli,
595 4653 799 4714 quanta
844 4643 948 4700 sibi
998 4643 1218 4700 fecisset
1248 4643 1446 4700 Jesus:
1501 4650 1555 4698 et
1599 4656 1791 4698 omnes

169 4735 550 4793 mirabantur.
593 4735 764 4810 [xux,
792 4735 874 4809 2.]
924 4737 987 4792 Et
1027 4751 1154 4794 cum
1187 4733 1612 4792 transcendisset
1631 4733 1792 4790 Jesus

167 4827 229 4884 in
260 4830 393 4885 navi
417 4845 640 4887 rursum
660 4824 812 4887 trans
841 4831 1072 4897 fretum,
1115 4831 1372 4886 convenit
1416 4830 1572 4886 turba
1616 4829 1787 4884 multa

168 4924 243 4979 ad
273 4942 432 4994 eum,
457 4935 516 4984 et
542 4934 660 4983 erat
683 4926 830 4983 circa
856 4940 1025 4982 mare.
1068 4925 1133 4981 Et
1158 4927 1306 4981 venit
1351 4924 1569 4996 quidam
1606 4922 1675 4980 de
1704 4938 1793 4977 ar-

167 5017 572 5092 chisynagogis
609 5021 831 5078 nomine
854 5019 1038 5077 Jairus
1073 5037 1085 5075 :
1131 5027 1185 5074 et.
1214 5019 1405 5074 videns
1428 5033 1576 5082 eum,
1608 5015 1793 5086 proci-

161 5109 258 5168 dit
291 5112 364 5167 ad
394 5113 563 5184 pedes
610 5114 754 5185 ejus,
809 5122 864 5168 et
909 5111 1306 5182 deprecabatur
1358 5125 1479 5166 eum
1537 5108 1790 5174 multum,

158 5204 380 5263 dicens
412 5225 425 5265 :
459 5209 724 5277 Quoniam
761 5207 865 5262 tilia
919 5221 1038 5264 mea
1069 5207 1124 5262 in
1182 5205 1443 5261 extremis
1484 5212 1588 5273 est,
1642 5202 1788 5270 veni,

161 5298 414 5370 impone
439 5317 656 5357 manum
688 5316 854 5372 super
872 5316 1014 5366 eam,
1046 5309 1106 5355 ut
1139 5299 1286 5355 salva
1313 5299 1408 5365 sit,
1443 5306 1498 5353 et
1523 5295 1686 5352 vivat.
1723 5295 1793 5350 Et

164 5391 323 5447 abiit
355 5407 478 5448 cum
531 5395 649 5458 illo,
678 5403 736 5449 et
782 5395 1112 5465 sequebatur
1161 5406 1284 5448 eum
1319 5391 1477 5447 turba
1511 5389 1704 5453 multa,
1734 5396 1790 5443 et

165 5488 624 5559 comprimebant
652 5503 798 5545 eum.
831 5490 897 5543 Et
929 5487 1147 5555 mulier,
1198 5500 1320 5558 qua:
1347 5493 1467 5542 erat
1506 5484 1559 5537 in
1589 5481 1792 5550 proflu-

169 5579 272 5634 vio
298 5580 582 5652 sanguinis
602 5579 761 5636 annis
787 5579 1102 5646 duodecim,
1137 5587 1193 5634 et
1242 5578 1417 5633 fuerat
1470 5573 1636 5629 multa
1664 5587 1790 5644 per-

254 5747 283 5776 ⁸
329 5736 389 5796 In
419 5740 619 5802 nostris
647 5753 778 5795 mss.
814 5737 910 5796 Dei
934 5738 1146 5804 summi,
1170 5753 1273 5810 pro
1303 5734 1577 5794 Altissimi.

1900 4641 1984 4693 re,
2010 4625 2110 4680 nisi
2131 4640 2333 4696 paucos
2353 4625 2596 4680 infirmos
2616 4624 2884 4693 impositis
2907 4624 3151 4678 manibus
3175 4626 3410 4680 curavit.
3430 4627 3496 4681 Et

1901 4721 2203 4777 mirabatur
2231 4730 2452 4789 propter
2482 4719 2912 4775 incredulitatem
2948 4733 3157 4780 eorum,
3193 4718 3309 4789 [1.11,
3333 4718 3412 4792 2.]
3442 4731 3496 4776 et

1899 4814 2168 4870 circuibat
2190 4813 2411 4868 castella
2439 4812 2488 4866 in
2516 4811 2744 4866 circuitu
2770 4809 2990 4863 docens.
3038 4807 3173 4880 [1.111,
3197 4807 3277 4879 2.]
3314 4810 3378 4864 Et
3401 4826 3488 4865 vo-

1899 4909 2047 4964 cavit
2071 4907 2399 4964 duodecim:
2433 4915 2484 4960 et
2517 4905 2680 4974 coepit
2706 4919 2799 4959 eos
2818 4902 3034 4958 mittere
3055 4903 3230 4970 binos,
3260 4903 3496 4961 etdabat

1901 5003 2009 5058 illis
2027 5009 2355 5074 potestatem
2381 4998 2665 5068 Spirituum
2687 4994 3108 5051 immundurum.
3142 4995 3211 5051 Et
3238 5000 3496 5068 praecepit

1900 5097 1984 5152 eis
2012 5111 2081 5151 ne
2108 5093 2236 5163 quid
2262 5093 2516 5147 tollerent
2550 5089 2601 5142 in
2629 5089 2733 5156 via,
2761 5088 2862 5143 nisi
2886 5087 3089 5158 virgam
3125 5097 3355 5157 tantum,
3384 5105 3492 5144 non

1901 5203 2112 5261 peram,
2143 5200 2251 5239 non
2279 5197 2494 5253 panem,
2528 5195 2704 5250 neque
2733 5182 2785 5234 in
2812 5195 2945 5235 zona
2971 5196 3068 5250 aes,
3101 5183 3193 5237 sed
3222 5183 3492 5238 calceatus

1899 5277 2182 5344 sandaliis,
2209 5286 2262 5332 et
2292 5290 2360 5330 ne
2381 5272 2735 5329 induerentur
2765 5272 2973 5329 duabus
3005 5276 3219 5331 tunicis.
3251 5274 3380 5350 [1.1v,
3409 5274 3491 5347 2.]

1901 5375 1968 5430 Et
2004 5370 2221 5428 dicebat
2249 5370 2366 5424 eis:
2410 5366 2763 5436 Quocumque
2795 5366 3119 5424 introieritis
3162 5369 3213 5423 in
3244 5370 3488 5435 domum,

1899 5468 2013 5521 illic
2045 5472 2260 5519 manete
2285 5460 2460 5515 donec
2486 5460 2694 5514 exeatis
2722 5459 2874 5514 inde:
2908 5460 3018 5532 [Lv,
3049 5459 3131 5532 2.]
3163 5471 3212 5516 et
3246 5459 3496 5532 quicum-

1901 5577 2008 5633 que
2031 5575 2136 5615 non
2166 5553 2474 5626 receperint
2504 5567 2624 5624 vos,
2655 5567 2754 5610 nec
2782 5552 3052 5608 audierint
3079 5569 3174 5611 vos
3192 5597 3206 5622 ,
3234 5561 3498 5610 exeuntes
