3920 6200
483 198 585 260 591

1477 204 1539 262 S.
1581 202 1965 263 HIERONYMI
2007 199 2239 260 DIVINA
2277 201 2755 265 BIBLIOTHECA.

3674 215 3768 277 592

486 313 614 370 inde
637 355 652 382 ,
691 314 932 371 excutite
965 315 1241 384 pulverem
1269 314 1337 370 de
1365 314 1594 386 pedibus
1617 318 1816 373 vestris
1848 318 1903 374 in
1931 319 2087 374 testi-
2113 318 2167 378 A
2191 331 2380 373 omnes
2407 319 2706 375 secundum
2750 319 3106 376 contubernia
3146 335 3311 393 super
3356 324 3534 382 viride
3575 328 3764 391 fenum.

487 409 732 464 monium
763 409 895 464 illis.
931 409 1062 479 [Lvt,
1092 407 1168 478 8.]
1213 408 1278 462 Et
1308 420 1573 466 exeuntes
1603 410 1996 480 prredicahant,
2028 421 2085 467 ut

488 501 868 572 paenitentiam
899 511 1155 570 agerent:
1189 509 1246 556 et
1271 501 1540 559 daemonia
1569 504 1739 559 multa
1771 504 2083 574 ejiciebant,

491 605 548 651 et
569 595 841 664 ungebant
860 594 980 649 oleo
1003 593 1204 648 multos
1225 610 1419 662 :egros,
1447 597 1803 656 etsanabant.
1832 599 1984 671 [μνη.
2001 596 2083 668 2.]

489 688 560 743 Et
585 688 790 743 audivit
818 703 915 742 rex
936 686 1180 743 Herodes
1212 688 1580 761 (manifestum
1605 693 1751 747 enim
1777 691 1980 748 factum
2004 703 2089 748 est

485 797 688 837 nomen
713 781 856 852 ejus)
880 790 936 837 et
958 781 1198 837 dicebat:
1225 782 1363 850 Quia
1383 783 1622 841 Joannes
1642 786 1884 858 Baptista
1905 802 2088 842 resur-

486 873 629 928 rexit
667 888 698 928 a
738 874 998 929 mortuis:
1029 883 1085 930 et
1125 885 1408 947 propterea
1436 877 1665 934 virtutes
1701 889 1997 947 operantur
2033 880 2087 935 in

486 965 602 1020 illo.
646 964 750 1020 Alii
788 973 965 1020 autem
997 965 1290 1022 dicebant:
1333 968 1464 1035 Quia
1497 970 1641 1024 Elias
1666 980 1771 1026 est.
1815 971 1920 1027 Alii
1957 986 2088 1027 vero

486 1057 741 1114 dicebant
766 1075 778 1110 :
807 1057 942 1126 Quia
977 1058 1247 1129 Propheta
1273 1070 1376 1126 est,
1409 1063 1561 1132 quasi
1585 1079 1724 1118 unus
1749 1079 1814 1118 ex
1841 1065 2088 1134 Pr0phe-

489 1151 579 1206 tis.
625 1152 807 1223 [Lvm,
845 1149 959 1221 ‘10.]
998 1152 1116 1220 Quo
1147 1154 1334 1209 audito
1365 1155 1608 1211 Herodes
1639 1158 1743 1211 ait:
1778 1157 1948 1225 Quem
1987 1173 2090 1228 ego

487 1245 752 1302 decollavi
773 1246 1063 1313 Joannem,
1091 1247 1178 1302 hic
1203 1263 1230 1300 a
1262 1250 1490 1303 mortuis
1520 1253 1836 1305 resurrexit.
1858 1250 2087 1322 [th,2.]

485 1338 607 1410 lpse
625 1339 770 1396 enim
786 1341 1032 1397 Herodes
1049 1341 1218 1408 misit,
1251 1358 1312 1398 ac
1333 1345 1807 1412 tenuitJoannem,
1838 1355 1894 1401 et
1918 1346 2091 1401 vinxit

487 1448 613 1488 cum
654 1433 707 1488 in
750 1449 1000 1499 carcere,
1049 1446 1268 1506 propter
1296 1437 1660 1492 llcrodiadetn
1706 1454 1932 1494 uxorem
1965 1439 2092 1493 Plii-

486 1526 616 1595 lippi
650 1526 832 1582 fratris
861 1529 965 1593 sui,
997 1529 1121 1597 quia
1151 1529 1384 1585 duxerat
1413 1547 1553 1586 eam.
1587 1532 1812 1587 Dicebat
1833 1534 1976 1587 enim
2000 1533 2094 1589 Jo-

485 1633 656 1674 annes
684 1620 886 1675 Herodi
914 1639 926 1674 :
973 1621 1089 1675 Non
1125 1623 1252 1675 licet
1283 1622 1379 1676 tibi
1418 1622 1619 1678 habere
1650 1639 1871 1678 uxorem
1909 1625 2090 1678 fratris

489 1715 589 1771 tui.
633 1715 901 1769 llerodias
928 1727 1104 1770 autem
1137 1716 1492 1770 insidiabatur
1519 1717 1594 1770 illi
1625 1733 1639 1770 :
1674 1725 1729 1772 ct
1754 1717 1974 1772 volebat
2000 1731 2092 1771 0c-

487 1805 677 1861 cidere
717 1823 868 1870 eum,
919 1823 1019 1861 nec
1063 1817 1294 1875 poterat.
1350 1808 1592 1863 llerodes
1633 1811 1774 1863 cnim
1814 1810 2091 1866 metuebat

487 1898 785 1963 Joannem,
821 1900 999 1953 sciens
1030 1915 1150 1954 eum
1188 1899 1360 1953 virum
1388 1901 1593 1969 justum
1627 1910 1681 1956 et
1709 1911 1988 1957 sanetum:
2035 1910 2093 1957 et

489 1989 833 2045 custodiebat
859 2006 1014 2051 eum,
1044 1999 1098 2045 et
1126 1991 1310 2046 audito
1341 2007 1407 2047 eo
1437 1993 1606 2047 multa
1635 1993 1865 2049 faciebat
1886 2035 1899 2060 ,
1935 2004 1989 2049 et
2027 1995 2090 2049 li-

488 2085 687 2140 benter
716 2101 840 2139 eum
872 2084 1149 2139 audiebat.
1187 2086 1303 2157 ['Lx,
1329 2085 1407 2156 6.]
1435 2086 1504 2140 Et
1531 2101 1654 2142 cum
1680 2088 1798 2144 dies
1829 2096 2090 2158 opportu-

488 2194 591 2234 nus
619 2179 927 2244 accidisset,
966 2179 1203 2234 Herodes
1235 2179 1428 2234 natalis
1456 2182 1539 2236 sui
1563 2196 1771 2238 caenam
1798 2182 1920 2238 fecit
1944 2183 2091 2252 prin-

487 2275 720 2344 cipibus,
754 2284 809 2330 et
839 2273 1094 2339 tribunis,
1128 2283 1183 2328 et
1209 2274 1397 2344 primis
1426 2275 1685 2331 Galilaem.
1737 2274 1980 2347 Cumque
2009 2277 2089 2332 in-

494 2367 714 2421 troisset
747 2365 854 2419 filia
894 2365 1066 2434 ipsius
1097 2364 1449 2430 Herodiadis,
1477 2374 1533 2421 et
1565 2368 1850 2436 saltasset,
1889 2378 1942 2424 et
1975 2368 2091 2438 pla—

492 2457 696 2513 cuisset
730 2456 926 2511 Herodi
961 2499 974 2523 ,
1024 2456 1288 2527 simulque
1335 2460 1812 2525 recumbentibus;
1872 2477 1968 2516 rex
2015 2462 2090 2518 ait

487 2553 721 2622 puellae:
791 2551 919 2606 Pete
970 2566 1000 2606 a
1047 2568 1134 2607 me
1177 2553 1318 2619 quod
1369 2554 1448 2608 vis
1479 2597 1494 2620 ,
1552 2564 1607 2610 et
1658 2555 1798 2611 dabo
1843 2557 1984 2612 tibi:
2036 2567 2091 2612 et

482 2641 686 2712 iuravit
717 2641 791 2695 illi
836 2659 848 2696 :
882 2641 1015 2706 Quia
1051 2641 1307 2713 quidquid
1347 2644 1564 2712 petieris
1600 2644 1741 2700 dabo
1784 2647 1914 2713 tibi,
1965 2647 2091 2702 licet

486 2734 771 2789 dimidium
813 2732 963 2803 regni
1007 2734 1134 2788 mei.
1203 2733 1334 2800 Quae
1362 2749 1482 2788 cum
1526 2737 1758 2804 exisset,
1809 2737 1949 2792 dixit
1978 2753 2092 2792 ma-

484 2827 556 2882 tri
588 2843 734 2882 suze:
782 2826 922 2895 Quid
972 2828 1188 2897 petam?
1220 2831 1289 2882 At
1330 2827 1416 2880 illa
1449 2827 1614 2883 dixit:
1663 2829 1839 2900 Caput
1869 2826 2092 2886 Joannis

485 2918 768 2990 Baptistae.
809 2917 1054 2988 Cumque
1086 2919 1371 2976 introisset
1395 2921 1577 2974 statim
1601 2936 1722 2975 cum
1746 2922 2093 2980 festinatione

486 3011 556 3064 ad
585 3025 794 3081 regem,
826 3010 1018 3080 petivit
1048 3010 1269 3066 dicens:
1305 3009 1460 3077 Volo,
1491 3021 1548 3066 ut
1573 3012 1822 3080 protinus
1845 3013 1940 3070 des
1962 3015 2094 3069 mibi

2189 410 2259 466 Et
2287 411 2680 468 discubuerunt
2708 414 2763 468 in
2795 423 2996 483 partes,
3031 431 3126 486 per
3151 424 3414 474 centenos
3443 429 3497 475 et
3522 423 3770 494 quinqua-

2188 520 2379 575 genos.
2413 506 2482 562 Et
2503 510 2745 578 acceptis
2765 508 3003 582 quinque
3030 511 3284 580 panibus,
3312 522 3369 569 et
3388 513 3599 572 duobus
3620 518 3768 588 pisci-

2188 598 2313 664 bus,
2341 601 2562 656 iutuens
2603 603 2659 656 in
2697 603 2930 670 coelum,
2969 604 3270 674 benedixit,
3315 615 3372 662 et
3401 607 3563 680 fregit
3591 627 3767 684 panes,

2188 699 2244 744 et
2273 690 2424 747 dedit
2453 692 2742 763 discipulis
2785 695 2935 750 suis:
2981 706 3039 751 ut
3082 708 3353 767 ponerent
3396 712 3526 757 ante
3554 689 3647 760 eos
3675 722 3688 758 :
3721 717 3771 762 et

2189 783 2326 840 duos
2347 786 2523 855 pisces
2549 786 2733 841 divisit
2755 788 3028 844 omnibus.
3063 790 3129 845 Et
3165 791 3632 852 manducaverunt
3658 813 3767 853 om-

2189 892 2306 941 nes,
2338 886 2393 933 et
2419 879 2650 934 saturati
2680 889 2825 936 sunt.
2870 881 2940 936 Et
2975 883 3314 940 sustulerunt
3354 886 3607 958 reliquias
3647 890 3768 963 frag-

2191 981 2499 1026 mentorum
2537 971 2827 1028 duodecim
2860 973 3127 1044 cephinos
3157 976 3381 1046 plenos,
3414 990 3465 1034 et
3501 979 3566 1036 de
3611 983 3764 1053 pisci-

2191 1065 2312 1120 bus.
2355 1065 2526 1120 Erant
2555 1076 2736 1122 autem
2765 1068 2858 1137 qui
2898 1069 3365 1127 manducaverunt
3397 1075 3619 1146 quinque
3650 1078 3759 1133 mil-

2192 1157 2261 1212 lia
2304 1159 2568 1214 virorum.
2610 1162 2773 1233 μιν,
2819 1159 2898 1231 6.]
2941 1161 3009 1216 Et
3052 1163 3235 1219 statim
3269 1167 3448 1236 coegit
3494 1167 3766 1242 discipulos

2191 1265 2319 1307 suos
2341 1253 2636 1309 ascendere
2659 1255 2858 1323 navim,
2883 1265 2942 1310 ut
2964 1257 3340 1326 praecederent
3365 1275 3487 1315 eum
3515 1271 3653 1318 trans
3673 1265 3766 1320 ire-

2195 1354 2306 1400 tum
2340 1346 2407 1400 ad
2436 1346 2814 1413 Betbsaidam,
2866 1348 2994 1404 dum
3028 1351 3144 1420 ipse
3173 1351 3477 1409 dimitteret
3507 1357 3764 1428 populum.

2195 1441 2366 1513 [unum
2395 1440 2474 1512 2.]
2523 1441 2588 1496 Et
2619 1458 2740 1498 curn
2773 1444 3071 1502 dimisisset
3101 1462 3198 1503 eos
3222 1489 3238 1516 ,
3278 1450 3411 1506 abiit
3452 1451 3504 1507 in
3548 1463 3763 1510 montem

2191 1548 2376 1591 orare.
2420 1535 2618 1605 μίγη,
2651 1535 2732 1606 4.]
2779 1538 2846 1592 Ει
2871 1554 2993 1594 cum
3023 1555 3150 1597 sero
3176 1553 3350 1610 esset,
3394 1556 3510 1599 erat
3537 1549 3675 1602 navis
3711 1549 3760 1604 in

2197 1626 2376 1681 medio
2403 1629 2564 1696 mari,
2593 1639 2649 1685 et
2677 1631 2793 1700 ipse
2819 1632 2972 1688 solus
3000 1635 3051 1689 in
3079 1644 3246 1691 terra.
3281 1638 3348 1692 Et
3373 1639 3551 1695 videns
3573 1657 3662 1696 eos
3687 1643 3758 1697 la-

2121 1706 2168 1766 B
2196 1716 2456 1775 borantes
2485 1721 2538 1775 in
2568 1724 2885 1794 remigando
2917 1727 3057 1795 (erat
3083 1729 3226 1784 enim
3257 1742 3454 1787 ventus
3472 1737 3756 1792 contrarius

2192 1805 2332 1877 eis),
2375 1822 2428 1865 et
2455 1811 2601 1867 circa
2634 1827 2890 1884 quartam
2920 1818 3163 1888 vigiliam
3199 1823 3375 1878 noctis
3405 1826 3566 1896 venit
3590 1827 3652 1881 ad
3681 1842 3768 1883 eos

2191 1902 2479 1959 ambulans
2516 1920 2676 1977 supra
2707 1925 2886 1968 mare:
2919 1921 2974 1967 et
3003 1914 3215 1970 volebat
3244 1921 3534 1987 prteterire
3559 1936 3670 1977 eos.
3710 1924 3770 1979 At

2193 1995 2273 2049 illi
2304 2004 2365 2050 ut
2393 1997 2646 2055 viderunt
2667 2002 3039 2061 ambulantem
3065 2022 3228 2079 supra
3259 2025 3431 2078 mare,
3466 2023 3769 2082 putaverunt

2193 2085 2516 2155 phantasma
2541 2105 2696 2158 esse,
2725 2102 2780 2148 et
2805 2095 3276 2156 exclamaverunt.
3307 2102 3513 2160 Omnes
3538 2107 3674 2162 enim
3705 2108 3773 2162 \i-

2192 2180 2393 2238 derunt
2419 2199 2576 2255 eum,
2623 2195 2678 2242 et
2706 2192 3022 2248 conturbati
3056 2205 3204 2250 sunt.
3249 2195 3314 2252 Et
3350 2201 3538 2255 statim
3585 2201 3772 2258 locutus

2193 2283 2277 2329 est
2301 2289 2425 2330 cum
2448 2278 2549 2343 eis,
2579 2288 2635 2334 et
2664 2280 2800 2336 dixit
2827 2284 2904 2338 eis
2935 2301 2948 2338 :
2980 2285 3280 2355 Conﬁdite,
3308 2305 3408 2361 ego
3439 2307 3596 2360 sum,
3626 2294 3773 2352 nolite

2193 2368 2408 2424 timere.
2450 2371 2664 2443 [vant,
2697 2374 2776 2446 6.]
2823 2376 2889 2431 Et
2927 2381 3177 2436 ascendit
3210 2382 3277 2437 ad
3319 2383 3442 2440 illos
3483 2385 3545 2441 in
3590 2389 3768 2456 navim,

2191 2465 2247 2512 et
2268 2461 2503 2517 cessavit
2531 2473 2748 2522 ventus.
2781 2467 2845 2521 Et
2868 2469 2991 2539 plus
3013 2473 3187 2543 magis
3213 2473 3350 2529 intra
3379 2491 3441 2533 se
3465 2481 3768 2551 stupebant:

2195 2565 2304 2606 non
2349 2555 2493 2608 enim
2541 2557 2930 2616 intellexerunt
2958 2563 3026 2620 de
3061 2566 3322 2638 panibus,
3361 2581 3486 2626 erat
3516 2574 3656 2628 enim
3691 2588 3774 2629 cor

2193 2660 2381 2700 eorum
2403 2648 2761 2708 obcaecatum.
2786 2656 2954 2728 [thx,
2977 2656 3059 2728 2.]
3083 2658 3291 2715 Etcum
3316 2664 3776 2732 transfretassent,

2193 2749 2465 2795 venerunt
2509 2741 2562 2795 in
2613 2753 2814 2800 terram
2862 2747 3238 2819 Genesareth,
3291 2763 3345 2810 et
3386 2757 3775 2828 applicuerunt.

2194 2829 2440 2902 Cumque
2467 2837 2676 2906 egressi
2707 2849 2891 2894 essent.
2917 2841 2987 2897 de
3024 2844 3147 2899 uavi
3172 2886 3186 2911 ,
3233 2847 3498 2904 continuo
3527 2867 3783 2923 cognove-

2199 2933 2327 2979 runt
2357 2939 2516 2980 eum:
2557 2936 2613 2983 et
2648 2943 3032 2999 percurrentes
3060 2937 3366 2995 universam
3406 2945 3688 3014 regionem
3729 2947 3782 3001 il-

2198 3013 2328 3082 lam,
2352 3029 2633 3088 ceperunt
2655 3021 2707 3076 in
2731 3024 2971 3093 grabatis
2993 3041 3110 3094 eos,
3136 3031 3228 3099 qui
3249 3046 3312 3088 se
3332 3013 3781 3106 maleihabebant,

490 3106 545 3161 in
576 3104 729 3159 disco
755 3114 915 3170 caput
958 3103 1180 3159 Joannis
1205 3105 1484 3176 Baptistae.
1530 3106 1596 3162 Et
1630 3108 1983 3164 eontristatus
2010 3099 2166 3164 estC
2200 3108 2583 3182 circumferre,
2628 3117 2720 3171 ubi
2757 3119 3052 3178 audiebant
3086 3139 3210 3180 eum
3249 3141 3394 3185 esse.
3438 3129 3782 3204 thuocum-

489 3212 625 3252 rex:
660 3203 884 3266 propter
905 3196 1308 3266 jusjurandum,
1341 3207 1396 3253 et
1427 3210 1651 3268 prapter
1674 3201 1837 3256 simul
1860 3201 2097 3258 discum-

489 3289 717 3352 bentes,
765 3287 938 3342 noluit
970 3302 1088 3342 eam
1132 3289 1461 3346 contristare
1499 3310 1509 3343 :
1541 3292 1634 3346 sed
1666 3293 1833 3349 misso
1863 3294 2096 3365 spicula-

494 3392 638 3448 tore,
676 3380 933 3450 praecepit
959 3380 1138 3436 afferri
1171 3391 1335 3451 caput
1363 3382 1480 3452 ejus
1506 3385 1560 3437 in
1592 3385 1760 3441 disco.
1805 3387 1872 3442 Et
1911 3387 2097 3444 decol-

497 3475 636 3531 lavit
657 3489 778 3528 eum
827 3472 881 3527 in
909 3487 1162 3540 carcere,
1190 3483 1245 3528 et
1276 3475 1454 3528 attulit
1489 3487 1654 3546 caput
1678 3479 1795 3545 ejus
1822 3480 1872 3533 in
1904 3479 2093 3536 disco:

497 3576 554 3622 et
579 3567 731 3623 dedit
752 3566 883 3620 illud
917 3565 1137 3636 puellm,
1165 3575 1220 3622 et
1243 3567 1420 3636 puella
1451 3567 1604 3624 dedit
1630 3571 1792 3626 matri
1815 3587 1944 3628 suae.
1980 3576 2097 3642 Quo

494 3660 716 3728 audito,
761 3659 1011 3731 discipuli
1056 3661 1174 3729 ejus
1211 3670 1507 3726 venerunt,
1553 3672 1608 3718 et
1636 3664 1874 3719 tulerunt
1903 3681 2098 3737 corpus

497 3755 651 3826 ejus:
697 3763 750 3810 et
774 3761 1073 3824 posuerunt
1104 3754 1233 3809 illud
1258 3755 1309 3809 in
1342 3764 1715 3810 monumento.
1748 3758 1888 3830 [:th,
1914 3758 1993 3832 8.]
2032 3759 2100 3815 Et

501 3849 888 3903 convenientes
916 3847 1160 3920 Apostoli
1201 3846 1267 3904 ad
1296 3847 1512 3918 Jesutn,
1561 3850 2012 3910 renuntiaverunt
2048 3853 2100 3910 ei

499 3941 705 4004 omnia,
735 3957 853 4011 qua:
881 3952 1128 4012 egerant,
1158 3953 1211 3998 et
1237 3942 1554 3998 docuerant.
1591 3947 1741 4018 [LXI],
1778 3945 1892 4016 10.]
1935 3949 2001 4003 Et
2025 3949 2101 4003 ait

497 4033 638 4088 illis:
678 4032 874 4088 Venite
903 4049 1148 4089 seorsum
1173 4036 1225 4090 in
1261 4035 1536 4093 desertum
1569 4039 1770 4107 locum,
1812 4050 1866 4095 et
1894 4041 2101 4113 requie-

499 4124 635 4181 scite
658 4123 938 4194 pusillum.
968 4124 1137 4180 Erant
1166 4128 1310 4181 enim
1343 4129 1432 4198 qui
1466 4131 1756 4186 veniebant
1776 4141 1830 4188 et
1853 4134 2102 4191 redibant

501 4215 655 4272 multi
683 4232 695 4269 :
738 4225 794 4271 et
821 4231 920 4272 nec
948 4216 1180 4287 spatium
1211 4219 1570 4277 manducandi
1599 4223 1889 4282 habebant.
1924 4229 2096 4300 [txitt,

500 4307 580 4378 6.]
606 4308 672 4363 Et
703 4308 1064 4364 ascendentes
1095 4310 1148 4366 in
1188 4313 1369 4367 navim
1390 4357 1403 4380 ,
1452 4314 1706 4372 abierunt
1734 4319 1788 4374 in
1824 4321 2100 4380 desertum

497 4400 680 4456 locum
712 4415 981 4456 seorsum.
1012 4403 1080 4457 Et
1109 4402 1361 4458 viderunt
1389 4419 1486 4461 eos
1509 4406 1795 4480 abeuntes,
1828 4422 1883 4468 et
1906 4430 2100 4485 cogno-

2197 3217 2303 3271 que
2329 3203 2582 3260 introibat
2609 3252 2622 3277 ,
2657 3207 2710 3264 in
2730 3211 2878 3267 vicos
2905 3215 2990 3270 vel
3017 3217 3069 3271 in
3095 3218 3282 3289 villas,
3315 3232 3408 3278 aut
3433 3203 3706 3292 civitates,
3738 3228 3784 3283 in

2199 3294 2394 3365 plateis
2425 3301 2704 3369 ponebant
2739 3304 2988 3363 infirmos
3011 3350 3027 3378 ,
3073 3321 3131 3367 et
3165 3312 3611 3383 deprecabantur
3649 3337 3785 3389 eum,

2198 3397 2258 3442 ut
2284 3390 2369 3445 vel
2394 3391 2664 3450 fimbriam
2696 3398 3006 3456 vestimenti
3036 3403 3156 3474 ejus
3183 3414 3472 3480 tangerent
3498 3431 3513 3468 :
3563 3423 3621 3470 et
3642 3424 3790 3487 quot-

2199 3495 2330 3554 quot
2364 3490 2661 3558 tangebant
2689 3508 2837 3560 eum,
2870 3497 3004 3553 salvi
3038 3499 3263 3560 fiebant.

2274 3577 2438 3674 [ϐαρ.
2466 3581 2574 3638 Vll.
2606 3601 2733 3653 Lxx,
2761 3587 2885 3661 10.]
2914 3589 2983 3646 Et
3009 3597 3340 3653 conveniunt
3365 3600 3433 3656 ad
3466 3617 3595 3658 eum
3621 3603 3791 3674 phari-

2200 3671 2319 3736 szei,
2352 3681 2408 3727 et
2436 3676 2656 3745 quidam
2687 3680 2757 3738 de
2785 3685 2976 3742 scribis
3004 3692 3287 3748 venientes
3313 3695 3382 3750 ab
3410 3696 3785 3773 Jerosolymis.

2202 3759 2272 3816 Et
2309 3778 2432 3820 cum
2473 3769 2703 3828 vidisset
2744 3778 3006 3846 quosdam
3037 3797 3101 3838 ex
3131 3784 3413 3857 discipulis
3444 3791 3568 3862 ejus
3593 3834 3608 3861 ,
3637 3759 3792 3850 dcom-

2201 3858 2456 3916 munibus
2479 3867 2750 3935 manibus,
2780 3870 2832 3925 id
2857 3883 3066 3932 estnon
3095 3879 3591 3948 lotis,mauducare
3613 3906 3790 3960 panes,

2201 3950 2666 4024 vituperavcrunt.
2693 3961 2953 4024 Pharisaii
2978 3972 3144 4039 enim,
3177 3986 3233 4032 et
3258 3992 3452 4036 omnes
3473 3981 3672 4052 Judaei,
3698 3984 3789 4041 nisi

2201 4044 2397 4102 crebro
2422 4049 2656 4109 laverint
2678 4071 2892 4127 manus,
2918 4078 3023 4118 non
3050 4067 3399 4138 manducaut,
3428 4085 3676 4132 tenentes
3697 4087 3792 4132 tra-

2201 4135 2463 4196 ditionem
2495 4146 2770 4205 seniorum
2797 4167 2810 4206 :
2862 4163 2918 4211 et
2945 4171 2972 4210 a
3001 4157 3120 4215 foro
3145 4162 3246 4217 nisi
3273 4164 3619 4237 baptizentur
3640 4215 3654 4239 ,
3692 4187 3788 4226 non

2202 4234 2524 4292 comedunt:
2567 4250 2620 4296 et
2655 4243 2759 4299 alia
2783 4247 2949 4304 multa
2975 4262 3134 4319 sunt,
3164 4271 3284 4325 quae
3317 4234 3515 4317 tradita
3542 4234 3671 4320 sunt
3699 4264 3791 4320 illis

2202 4339 2442 4396 servare,
2479 4330 2803 4402 baptismata
2827 4341 3056 4399 calicum
3080 4385 3096 4407 .
3138 4357 3194 4403 et
3216 4365 3504 4409 ureeorum
3526 4397 3542 4420 ,
3589 4365 3646 4413 et
3663 4372 3789 4411 :erao

2203 4429 2532 4493 mentorum,
2566 4436 2621 4483 et
2652 4428 2914 4489 lectorum
2944 4452 2956 4488 :
2989 4439 3166 4511 μω,
3198 4441 3368 4514 6.]ἐῑ
3394 4446 3795 4521 interrogabant

497 4502 696 4548 verunt
738 4493 934 4551 multi:
978 4502 1034 4549 et
1067 4494 1352 4564 pedestres
1392 4497 1460 4553 de
1499 4501 1750 4557 omnibus
1789 4504 2097 4564 civitatibus
2123 4498 2325 4567 Deum
2366 4515 2655 4589 phariszei,
2698 4533 2753 4578 et
2795 4493 3024 4585 scribae:
3067 4493 3536 4610 QuareJdiscipuli
3579 4493 3652 4597 ιδὶ
3687 4558 3792 4597 non

502 4592 895 4610 ηΑκΑ...-...ι......ι
937 4585 1065 4610 211.--
1158 4596 1200 4610 ,ι
1237 4604 1515 4610 -..μ-.-ῌΑη
1542 4609 1549 4610 ,
1601 4602 1613 4610 .
1813 4597 1875 4610 π.
1980 4602 1991 4610 .
2298 4605 2311 4610 -
2373 4606 2386 4610 -
2524 4609 2528 4610 ,

499 4592 899 4641 concurrerunt
937 4585 1101 4654 illuc,
1152 4596 1206 4642 et
1235 4602 1620 4659 praevenerunt
1657 4611 1770 4651 eos.
1812 4597 1882 4652 Et
1908 4602 2096 4658 exiens

499 4679 634 4735 vidit
658 4679 870 4735 turbam
893 4681 1114 4736 multam
1138 4680 1326 4739 Jesus:
1353 4695 1404 4740 et
1422 4686 1675 4744 misertus
1695 4699 1779 4746 est
1799 4706 1961 4763 super
1975 4710 2092 4766 eos,

500 4769 593 4841 qui
625 4779 783 4826 erant
810 4774 950 4827 sicut
975 4787 1106 4828 oves
1131 4788 1239 4828 non
1273 4774 1538 4833 habentes
1563 4790 1872 4850 pastorem,
1906 4795 1964 4842 et
1984 4801 2093 4845 cm-

497 4863 577 4931 pit
618 4862 742 4917 illos
769 4864 969 4919 docere
999 4865 1189 4918 multa.
1244 4865 1422 4937 [thv,
1465 4867 1544 4939 1.]
1577 4871 1648 4926 Ει
1675 4887 1795 4928 cum
1821 4875 1930 4944 jam
1963 4878 2095 4935 hora

496 4956 668 5012 multa
705 4957 895 5012 fieret:
942 4970 1294 5016 accesserunt
1329 4961 1581 5032 discipuli
1619 4966 1768 5036 ejus,
1817 4969 2094 5032 dicentes:

498 5047 760 5104 Desertus
781 5059 864 5104 est
887 5050 1039 5105 locus
1068 5051 1176 5118 hic,
1207 5063 1258 5108 et
1278 5053 1391 5122 jam
1419 5054 1547 5110 liora
1572 5061 1836 5128 prteteriit
1855 5079 1867 5116 :
1887 5063 2099 5124 dimitte

493 5139 652 5207 illos,
696 5150 752 5196 ut
783 5153 976 5198 euntes
1015 5143 1068 5198 in
1104 5144 1382 5212 proximas
1410 5147 1567 5204 villas
1597 5157 1653 5204 et
1680 5150 1827 5208 vicos
1852 5195 1867 5220 ,
1913 5169 2099 5215 emant

493 5237 600 5293 sibi
632 5236 805 5307 cibos,
837 5253 973 5308 quos
998 5238 1344 5295 manducent.
1373 5241 1439 5296 Et
1462 5245 1824 5314 respondens,
1851 5250 1926 5304 ait
1953 5250 2095 5310 illis:

500 5327 636 5383 Date
666 5329 770 5383 illis
801 5344 898 5384 vos
941 5330 1291 5388 manducare.
1354 5333 1421 5388 Et
1460 5335 1717 5394 dixerunt
1761 5342 1840 5396 ei:
1892 5344 2095 5403 Euntes

496 5437 743 5477 cmamus
787 5423 1037 5478 ducentis
1072 5424 1314 5479 denariis
1358 5441 1525 5496 panes
1551 5472 1565 5495 ,
1613 5440 1668 5486 et.
1703 5432 1956 5492 dabimus
1992 5439 2096 5496 illis

488 5514 838 5570 manducare.
885 5515 951 5570 Et
978 5517 1108 5570 dicit
1143 5517 1260 5571 eis:
1299 5518 1442 5586 Quot
1483 5535 1651 5589 panes
1697 5523 1951 5584 habetis?
1993 5531 2090 5600 ite,

487 5615 543 5661 et
564 5607 763 5663 videte.
807 5607 1019 5665 Etcum
1046 5612 1464 5680 cognovissent,
1505 5614 1720 5673 dicunt:
1752 5619 2004 5694 Quinque
2035 5635 2093 5681 ct

484 5697 627 5754 duos
649 5701 844 5767 pisces.
877 5702 946 5757 Et
972 5704 1231 5774 praecepit
1261 5705 1386 5773 illis,
1417 5718 1475 5764 ut
1497 5711 1818 5771 accumbere
1841 5716 2085 5778 facerent

2207 4605 2489 4664 ambulant
2513 4609 2668 4679 juxta
2710 4617 3056 4677 traditionem
3083 4625 3393 4695 seniorum,
3430 4605 3529 4688 sed
3551 4647 3795 4688 commu-

2207 4696 2366 4752 nibus
2388 4702 2640 4760 manibus
2654 4709 2981 4767 manducaut
2999 4719 3226 4784 panem?
3243 4721 3315 4776 At
3331 4722 3423 4779 ille
3440 4723 3790 4795 respondens,

2205 4789 2341 4846 dixit
2368 4793 2478 4848 eis:
2513 4796 2662 4854 Bene
2689 4804 3031 4875 proplietavit
3062 4808 3226 4867 Isaias
3255 4812 3325 4870 de
3356 4817 3507 4872 vobis
3529 4789 3798 4890 bypocri-

2208 4883 2296 4949 tis,
2315 4885 2453 4942 sicut
2476 4890 2737 4962 scriptum
2761 4906 2841 4952 est
2863 4915 2876 4952 :
2905 4899 3143 4972 Populus
3165 4904 3424 4965 hiclabiis
3443 4926 3526 4967 me
3543 4911 3791 4975 bonorat,

2207 4989 2302 5032 cor
2327 4990 2510 5036 autem
2541 4999 2730 5042 eorum
2758 4989 2920 5062 longe
2943 5004 3028 5050 est
3065 5012 3095 5051 a
3133 5014 3241 5056 me.
3283 5001 3340 5056 In
3380 5019 3576 5060 vanum
3621 5013 3795 5060 autem

2206 5083 2294 5167 me
2315 5072 2519 5142 colunt,
2545 5076 2808 5138 docentes
2829 5085 3106 5144 doctrinas
3126 5100 3181 5147 et
3204 5107 3469 5167 prmeepta
3495 5097 3793 5155 hominum.

2205 5157 2600 5234 Relinquentes
2627 5173 2774 5229 enim
2805 5179 3119 5238 mandatum
3143 5157 3278 5252 Dei,
3329 5157 3525 5246 tenetis
3557 5191 3797 5246 traditio-

2207 5267 2332 5310 nem
2361 5256 2672 5330 bominum,
2711 5267 3036 5340 baptismate
3074 5291 3393 5346 ureeorum,
3439 5292 3492 5337 et
3520 5282 3791 5337 calicum:

2207 5357 2261 5404 et
2283 5351 2382 5405 alia
2407 5354 2604 5412 similia
2636 5359 2720 5416 his
2743 5362 2921 5420 facitis
2948 5368 3137 5424 multa.
3165 5371 3232 5425 Et
3256 5373 3470 5431 dicebat
3490 5375 3600 5431 illis
3624 5397 3637 5432 :
3661 5378 3794 5432 Bene

2203 5442 2414 5502 irritum
2456 5448 2634 5508 facitis
2679 5469 3012 5528 praeceptum
3051 5463 3182 5532 Dei,
3216 5475 3274 5522 ut
3306 5467 3654 5526 traditionem
3677 5484 3792 5525 ves-

2201 5543 2338 5592 tram
2377 5545 2626 5599 servetis.
2678 5547 2893 5622 Moyses
2936 5554 3084 5611 enirn
3122 5557 3292 5615 dixit:
3341 5559 3555 5616 Honora
3590 5572 3791 5632 patrem

2201 5636 2372 5698 tuum,
2421 5643 2476 5689 et
2502 5648 2729 5696 matrem
2763 5651 2929 5699 tuam.
2971 5646 3076 5704 Et:
3109 5649 3210 5717 Qui
3247 5652 3593 5710 maledixerit
3635 5655 3789 5725 patri.

2197 5723 2280 5780 vel
2317 5729 2506 5797 matri,
2550 5743 2725 5791 morte
2765 5736 3049 5798 moriatur.
3095 5741 3205 5804 Vos
3244 5755 3423 5807 autem
3462 5723 3692 5808 dicitis:
3739 5745 3793 5807 Si
