3920 6200
199 264 295 342 595

1163 254 1619 314 EVANGELIUM
1656 255 2024 317 SECUNDUM
2066 259 2379 320 MARCUM.

3331 272 3437 327 594

199 374 375 433 dixerit
398 373 544 430 homo
572 372 708 445 patri
745 378 836 426 aut
858 370 1015 427 matri
1043 389 1057 426 :
1085 369 1298 427 Corban
1332 373 1498 444 (quod
1531 383 1614 428 est
1635 373 1731 427 do-
1759 376 1810 436 Α
1835 389 2012 439 suam,
2040 375 2295 433 delicient
2319 358 2370 434 in
2397 379 2482 434 via
2514 397 2529 434 :
2557 381 2776 452 quidam
2806 383 2950 438 enim
2973 398 3038 439 ex
3072 385 3153 440 eis
3183 385 3250 440 de
3282 387 3443 458 longe

205 467 340 540 num)
364 467 706 539 quodcumque
725 479 790 520 ex
813 478 919 532 me,
948 463 1042 519 tibi
1064 463 1356 534 profuerit:
1387 474 1442 521 et
1463 465 1599 520 ultra
1625 479 1730 522 non

199 560 437 618 dimittitis
462 573 573 614 eum
595 556 880 628 quidquam
911 554 1090 612 facere
1118 555 1257 626 patri
1285 573 1407 625 suo,
1437 568 1527 612 aut
1551 559 1730 625 matri,

194 652 527 710 rescindentes
560 650 779 706 verbum
810 649 904 704 Dei
941 664 1038 720 per
1083 650 1427 706 traditionem
1472 662 1730 722 vestram,

189 761 329 817 quam
359 742 672 799 tradidistis:
707 741 974 798 etsimilia
1003 742 1310 812 hujusmodi
1341 745 1504 798 multa
1537 743 1730 799 facitis.

187 839 246 895 Et
278 837 526 892 advocans
561 835 750 891 iterum
785 835 994 891 turbam
1019 877 1034 901 ,
1089 837 1304 892 dicebat
1349 837 1485 892 illis:
1536 837 1733 893 Audite

187 949 258 989 me
281 941 538 997 omnes,et
565 931 1038 1003 intelligilezNihil
1068 941 1149 986 est
1171 941 1320 986 extra
1353 933 1625 988 hominem
1654 935 1736 989 in-

180 1025 362 1081 troiens
380 1025 428 1078 in
449 1038 592 1090 eum,
616 1023 756 1094 quod
783 1024 953 1094 possit
974 1039 1096 1079 eum
1111 1023 1483 1096 ceinquinare,
1502 1025 1597 1080 sed
1614 1042 1734 1095 qua:

177 1117 234 1173 de
266 1116 469 1172 homine
497 1115 824 1184 procedunt,
878 1115 966 1170 illa
1008 1125 1139 1170 sunt
1171 1132 1295 1186 quae
1332 1119 1734 1174 communicant

177 1209 445 1264 hominem.
509 1206 572 1263 Si
616 1208 737 1279 quis
777 1207 942 1264 habet
989 1223 1149 1263 aures
1192 1209 1485 1272 audiendi,
1525 1211 1728 1267 audiat.

174 1303 364 1378 [txxtu,
413 1300 490 1372 6.]
542 1301 608 1356 Et
647 1316 771 1356 cum
810 1302 1128 1357 introissent
1158 1302 1209 1356 in
1243 1302 1462 1357 domum
1491 1319 1520 1358 a
1555 1305 1731 1371 turba,

177 1395 551 1464 interrogabant
582 1409 706 1448 eum
739 1393 991 1464 discipuli
1021 1394 1140 1465 ejus
1173 1396 1506 1463 parabolam.
1562 1395 1631 1452 Et
1660 1398 1734 1452 ait

171 1489 295 1544 illis:
321 1487 407 1544 Sic
431 1497 482 1542 et
504 1502 604 1542 vos
632 1486 1009 1557 imprudentes
1037 1489 1209 1542 estis?
1253 1487 1368 1542 Non
1411 1489 1729 1559 intelligitis,

170 1582 275 1652 quia
302 1595 454 1635 omne
480 1581 816 1636 extrinsecus
847 1581 1116 1636 introiens
1154 1581 1206 1636 in
1248 1580 1524 1636 hominem
1546 1623 1560 1648 ,
1623 1598 1730 1637 non

169 1683 322 1745 potest
347 1689 462 1730 eum
502 1675 946 1730 communicare:
995 1677 1118 1746 quia
1171 1689 1277 1730 non
1323 1679 1490 1730 intrat
1531 1676 1583 1730 in
1633 1691 1730 1732 cor

1836 479 2122 525 venerunt.
2176 472 2240 526 Et
2293 473 2696 545 responderunt
2735 477 2783 532 ei
2827 477 3076 548 discipuli
3122 481 3204 535 sui
3239 499 3249 534 :
3285 481 3440 540 Unde

1837 561 1956 617 illos
1981 564 2104 632 quis
2134 567 2334 634 poterit
2357 566 2446 622 hic
2467 578 2710 625 saturare
2742 571 2973 641 panibus
3012 572 3067 626 in
3099 574 3442 631 solitudine?

1837 651 1907 707 Et
1955 653 2304 726 interrogavit
2335 671 2430 712 eos
2456 676 2468 712 :
2512 659 2653 727 Quot
2681 676 2849 732 panes
2880 663 3127 718 habetis?
3156 666 3257 731 Qui
3288 666 3440 722 dixe-

1835 755 1964 802 runt
1997 765 2008 799 :
2041 748 2278 817 Septem.
2318 751 2381 805 Et
2415 754 2671 823 przecepit
2705 756 2874 811 turba:
2904 756 3246 813 discumbere
3277 775 3440 830 super

1838 848 2059 896 terram.
2095 843 2164 897 Et
2209 845 2485 916 accipiens
2537 858 2742 917 septem
2801 865 2988 920 panes,
3039 854 3242 922 gratias
3273 869 3440 924 agens

1838 933 2017 1004 fregit,
2046 943 2099 989 et
2124 935 2281 992 dabat
2308 938 2589 1010 discipulis
2616 942 2750 1006 suis,
2781 953 2838 996 ut
2866 955 3224 1014 apponerent,
3257 955 3311 1001 et
3339 963 3440 1017 ap-

1837 1036 2137 1098 posuerunt
2168 1031 2360 1086 turba.
2395 1033 2459 1087 Et
2489 1032 2760 1089 habebant
2787 1036 3076 1106 pisciculos
3105 1053 3345 1108 paucos:
3385 1052 3443 1096 et

1836 1119 1987 1188 ipsos
2010 1121 2315 1187 benedixit,
2349 1134 2403 1178 et
2429 1127 2832 1197 jussitapponi.
2864 1129 2929 1184 Et
2952 1131 3438 1198 manducaverunt,

1836 1220 1891 1267 et
1921 1215 2146 1269 saturati
2178 1225 2327 1282 sunt,
2359 1225 2414 1272 et
2443 1219 2783 1275 sustulerunt
2814 1221 2956 1291 quod
2987 1235 3346 1292 superaverat
3372 1226 3441 1281 de

1836 1303 2181 1375 fragmentis,
2214 1319 2420 1378 septem
2462 1322 2697 1380 Sportas.
2734 1313 2905 1368 Erant
2945 1325 3124 1370 autem
3154 1317 3246 1387 qui
3287 1332 3444 1372 man-

1836 1397 2190 1468 ducaverant,
2223 1401 2377 1470 quasi
2425 1413 2656 1472 quatuor
2706 1406 2914 1460 millia:
2961 1418 3014 1460 et
3059 1409 3269 1462 dimisit
3321 1425 3438 1464 eos.

1840 1491 1905 1546 Et
1926 1494 2104 1546 statim
2129 1495 2428 1550 ascendens
2459 1497 2634 1550 navim
2663 1513 2785 1552 cum
2807 1499 3091 1569 discipulis
3122 1504 3252 1565 suis,
3290 1503 3440 1558 venit

1837 1582 1890 1638 in
1918 1594 2102 1653 partes
2131 1585 2508 1642 Dalmanntlia.
2545 1589 2780 1661 [Lxxvn,
2812 1591 2892 1663 4.]
2927 1593 2993 1647 Et
3021 1595 3273 1649 exierunt
3315 1595 3447 1665 pha-

1836 1678 2004 1741 risaei.
2037 1684 2093 1733 et
2131 1690 2416 1748 caeperunt
2465 1683 2788 1752 conquirere
2838 1700 2959 1738 cum
3003 1700 3089 1748 eo,
3140 1697 3445 1757 qumrentes

168 1769 298 1838 ejus,
328 1768 416 1824 sed
445 1769 498 1824 in
536 1781 785 1825 ventrem
812 1778 837 1806 ι
871 1769 1057 1836 vadit,
1105 1779 1162 1826 et
1206 1772 1257 1824 in
1289 1784 1563 1825 secessum
1593 1771 1726 1840 exit,
1758 1776 1808 1838 Β
1833 1770 1902 1826 ab
1933 1771 2025 1826 illo
2051 1771 2262 1842 signum
2294 1772 2361 1826 de
2390 1773 2554 1838 coelo,
2586 1783 2854 1830 tentantes
2879 1792 3023 1833 eum.
3057 1776 3281 1848 [LXXVIII
3302 1821 3315 1843 ,
3351 1775 3433 1848 6.]

169 1877 376 1932 purgans
399 1877 588 1918 omnes
613 1863 812 1919 escas?
842 1863 1069 1920 Dicebat
1099 1872 1302 1930 autem,
1327 1865 1581 1932 quoniam
1610 1880 1730 1934 quae

1837 1863 1903 1918 Et
1937 1864 2301 1934 ingemiscens
2327 1865 2547 1934 spiritu,
2581 1867 2691 1920 ait:
2741 1867 2880 1934 Quid
2912 1870 3193 1938 generatio
3234 1870 3332 1922 ista
3362 1871 3442 1924 si—

168 1953 227 2010 de
241 1956 434 2012 homine
456 1963 675 2023 exeunt,
702 1956 792 2011 illa
811 1957 1218 2012 communicant
1239 1955 1537 2013 hominem.
1564 1958 1733 2013 Abin-
1832 1971 1997 2027 gnum
2025 1957 2255 2026 quaerit?
2285 1957 2456 2013 Amen
2507 1958 2630 2014 dico
2676 1958 2852 2024 vobis,
2882 1959 2926 2014 si
2970 1961 3190 2016 dabitur
3217 1977 3445 2032 genera-

167 2054 240 2101 tus
262 2049 392 2102 enim
423 2049 490 2104 de
519 2048 687 2104 corde
716 2048 998 2104 hominum
1027 2049 1184 2104 malae
1211 2051 1569 2121 cogitationes
1600 2065 1730 2120 pro-

165 2138 359 2204 cedunt,
402 2140 708 2206 adulteria,
741 2141 1152 2205 fornicationes,
1197 2142 1520 2206 homicidia,
1567 2142 1729 2212 furta,

163 2233 404 2300 avaritiae,
438 2235 701 2306 nequitia:
725 2276 740 2300 ,
770 2234 949 2303 dolus,
981 2234 1364 2305 impudicitia},
1399 2235 1589 2291 oculus
1618 2250 1733 2291 ma-

162 2327 248 2390 lus,
272 2327 624 2398 blasphemia,
647 2328 927 2399 superbia,
954 2329 1203 2384 stultitia.
1235 2327 1426 2384 Omnia
1455 2330 1568 2384 haec
1591 2329 1732 2384 mala

161 2420 351 2476 abintus
379 2422 725 2492 procedunt,
774 2431 828 2478 et
868 2423 1272 2477 communicant
1316 2421 1616 2476 hominem.
1669 2421 1736 2476 Et

162 2514 267 2571 inde
300 2531 520 2587 surgens
565 2517 704 2571 abiit
747 2517 800 2570 in
834 2518 971 2572 lines
999 2516 1124 2588 Tyri
1174 2526 1226 2571 et
1254 2515 1513 2572 Sidonis:
1571 2527 1626 2573 et
1654 2519 1736 2573 in-

164 2622 352 2676 gressus
373 2609 627 2676 domum,
659 2609 933 2664 neminem
961 2609 1132 2664 voluit
1153 2611 1319 2676 scire,
1347 2619 1401 2665 et
1429 2627 1534 2666 non
1563 2613 1736 2682 potuit

162 2696 327 2754 latere.
365 2699 561 2757 Mulier
593 2701 741 2756 enim
773 2701 958 2755 statim
988 2709 1047 2756 ut
1082 2701 1288 2756 audivit
1325 2701 1393 2757 de
1434 2718 1534 2768 eo,
1583 2703 1735 2774 cujus

161 2789 251 2845 illia
279 2791 510 2849 habebat
542 2791 794 2864 spiritum
822 2795 1161 2850 immundum
1184 2837 1199 2861 ,
1228 2795 1447 2851 intravit
1479 2805 1536 2852 et
1561 2797 1737 2866 proci-

157 2883 223 2939 dit
248 2885 308 2940 ad
338 2887 500 2954 pedes
531 2887 676 2956 ejus.
728 2889 861 2943 Erat
887 2889 1032 2944 enim
1065 2889 1260 2944 mulier
1285 2891 1530 2960 gentilis,
1572 2891 1737 2964 Syro-

158 2979 402 3047 phtenissa
426 2997 657 3052 genere.
690 2982 900 3054 [LXXII],
923 2981 1005 3052 6.]
1033 2983 1096 3036 Et
1121 2983 1346 3053 rogabat
1371 2999 1519 3051 eum,
1546 2992 1607 3039 ut
1627 2985 1739 3040 dre—

157 3073 370 3128 monium
402 3075 636 3146 ejiceret
672 3074 741 3130 de
773 3075 880 3129 filia
910 3075 1052 3145 ejus.
1114 3075 1216 3144 Qui
1257 3074 1396 3130 dixit
1439 3076 1555 3131 illi:
1605 3077 1738 3133 Sine

1837 2049 1967 2104 tioni
2013 2049 2100 2105 isti
2149 2050 2384 2120 signum.
2435 2052 2502 2106 Et
2541 2052 2824 2108 dimittens
2849 2069 2945 2110 eos
2973 2055 3216 2110 ascendit
3247 2057 3444 2113 iterum

1835 2143 2040 2210 navim,
2083 2150 2138 2197 et
2178 2143 2310 2198 abiit
2357 2152 2506 2200 trans
2535 2146 2757 2200 fretum.
2806 2148 2870 2201 Et
2919 2147 3071 2202 obliti
3103 2159 3230 2203 sunt
3276 2164 3444 2220 panes

1836 2250 2052 2292 sumere
2085 2255 2099 2290 :
2133 2246 2187 2291 et
2216 2238 2318 2293 nisi
2349 2255 2514 2294 unum
2569 2255 2762 2310 panem
2813 2255 2918 2294 non
2955 2241 3228 2296 habebant
3254 2258 3439 2298 secum

1837 2325 1891 2381 in
1935 2326 2080 2382 navi.
2113 2328 2320 2398 [eum
2347 2328 2430 2399 2.]
2467 2329 2532 2384 Et
2572 2330 3044 2399 prtecipiebateis,
3087 2332 3318 2386 dicens:
3355 2333 3444 2387 Vi-

1836 2419 1981 2485 dete,
2004 2430 2059 2476 et
2080 2431 2268 2476 cavete
2287 2437 2315 2475 a
2342 2421 2610 2477 fermento
2643 2423 3065 2489 Pharisaeorum,
3091 2433 3145 2478 et
3170 2425 3439 2480 fermento

1839 2513 2094 2569 Herodis.
2126 2514 2314 2584 [Lxxx,
2346 2515 2422 2585 6].
2452 2515 2522 2570 Et
2555 2515 2865 2585 cogitabant
2890 2515 2956 2570 ad
2984 2516 3324 2585 alterutrum,
3355 2518 3441 2572 di-

1838 2617 2065 2664 centes:
2096 2606 2229 2674 Quia
2275 2621 2442 2676 panes
2474 2621 2581 2662 non
2617 2609 2895 2662 habemus.
2942 2610 3059 2674 Quo
3096 2609 3335 2678 cognito,
3365 2610 3442 2664 ait

1840 2697 1949 2753 illis
1980 2697 2137 2754 Jesus
2166 2714 2180 2751 :
2222 2697 2358 2766 Quid
2385 2699 2656 2769 cogitatis,
2690 2700 2815 2769 quia
2838 2714 3003 2769 panes
3047 2715 3153 2752 non
3185 2700 3439 2755 habetis?

1841 2791 2080 2845 nondum
2108 2791 2446 2861 cognoscetis
2476 2805 2576 2846 nec
2601 2791 2944 2861 intelligitis?
2970 2791 3148 2846 adhuc
3177 2801 3439 2848 cmeatum

1842 2885 2056 2941 habetis
2085 2900 2190 2940 cor
2209 2885 2488 2940 vestrum?
2532 2887 2721 2940 oculos
2746 2885 3006 2940 habentes
3055 2901 3161 2940 non
3203 2885 3442 2940 videtis?

1840 2989 1894 3034 et
1925 2992 2083 3032 aures
2115 2977 2374 3033 habentes
2426 2992 2534 3032 non
2575 2977 2826 3032 auditis?
2874 2977 2984 3033 Nec
3034 2976 3440 3044 recordamini,

1842 3071 2060 3143 quando
2086 3073 2322 3143 quinque
2362 3086 2531 3142 panes
2557 3072 2684 3141 fregi
2718 3072 2769 3124 in
2801 3073 3038 3142 quinque
3067 3072 3230 3126 millia
3265 3090 3276 3124 :
3310 3080 3444 3141 quot

156 3163 290 3233 prius
329 3166 564 3221 saturari
617 3165 794 3222 ﬁlios:
842 3182 948 3221 non
981 3176 1063 3224 est
1109 3167 1254 3223 enim
1286 3167 1486 3224 bonum
1518 3185 1736 3227 sumere
1764 3171 1811 3236 C
1841 3166 2106 3236 c0pliinos
2151 3165 2575 3236 fragmentorum
2631 3166 2821 3238 plenos
2867 3167 3193 3221 sustulistis?
3245 3166 3442 3222 Dicunt

156 3271 324 3327 panem
358 3258 632 3328 filiorum,
667 3269 724 3314 et
754 3260 970 3314 mittere
999 3261 1248 3316 canibus.
1291 3262 1361 3316 At
1391 3262 1480 3317 illa
1513 3278 1735 3333 respon-

159 3347 245 3413 dit,
275 3359 325 3406 et
349 3351 484 3407 dixit
512 3351 643 3407 illi:
675 3351 895 3422 Utique,
926 3352 1177 3418 Domine,
1207 3369 1332 3408 nam
1360 3362 1412 3408 et
1440 3355 1621 3409 catelli
1646 3370 1739 3410 co-

152 3444 352 3500 medunt
377 3447 481 3502 sub
510 3459 708 3500 mensa
736 3446 805 3500 de
829 3447 983 3502 micis
1017 3462 1331 3517 puerorum.
1381 3446 1448 3502 Et
1490 3447 1568 3502 ait
1615 3448 1689 3502 illi
1717 3466 1730 3502 :

153 3533 354 3608 Propter
372 3538 515 3594 hunc
543 3554 862 3594 sermonem
888 3539 1043 3602 vade,
1069 3540 1199 3595 exiit
1221 3541 1550 3596 daemonium
1575 3558 1603 3595 a
1629 3541 1737 3597 filia

152 3637 243 3684 ltta.
274 3630 335 3687 Et
363 3648 485 3688 cum
536 3632 770 3688 abiisset
795 3633 1014 3689 domum
1047 3650 1227 3699 suam,
1265 3635 1473 3690 invenit
1503 3635 1738 3704 puellam

147 3722 390 3792 jacentem
421 3741 601 3798 supra
622 3727 846 3792 lectum;
877 3735 933 3782 et
961 3727 1289 3782 dazmoninm
1309 3727 1508 3784 exisse.
1533 3726 1736 3800 [Lxxrv,

153 3815 245 3889 l0.]
272 3818 333 3874 Et
362 3821 565 3874 iterum
602 3821 788 3874 exiens
817 3819 885 3875 de
917 3819 1114 3875 finibus
1139 3821 1305 3892 Tyri,
1337 3821 1487 3875 venit
1518 3835 1612 3890 per
1639 3820 1730 3875 Si-

147 3909 319 3967 donem
345 3914 412 3969 ad
447 3928 608 3969 mare
629 3911 865 3968 Galilaeae
898 3915 1040 3970 inter
1079 3914 1284 3968 medios
1317 3914 1452 3968 fines
1493 3914 1740 3984 Decapo-

146 3999 263 4058 leos.
293 4005 355 4060 Et
384 4007 672 4062 adducunt
703 4006 753 4061 ei
784 4007 1006 4062 surdum
1046 4015 1100 4062 et
1138 4015 1371 4072 mutum,
1401 4015 1456 4062 et
1487 4005 1514 4044 ιι
1543 4006 1739 4075 depre-

144 4096 384 4153 cabantur
405 4116 564 4166 eum,
603 4109 659 4153 ut
692 4099 936 4170 imponat
963 4099 1036 4154 illi
1069 4114 1307 4154 manum.
1339 4099 1408 4154 Et
1439 4099 1744 4168 apprehen-

145 4184 261 4243 dens
289 4205 410 4246 eum
462 4193 533 4248 de
571 4191 732 4246 turba
784 4206 1051 4259 seorsum,
1103 4192 1254 4246 misit
1281 4192 1479 4263 digitos
1529 4207 1657 4248 suos
1691 4195 1743 4248 in

144 4282 400 4338 auriculas
426 4285 554 4354 ejus
594 4301 605 4338 :
650 4292 703 4339 et
751 4299 1044 4354 exspuens,
1091 4285 1262 4356 tetigit
1314 4285 1546 4356 linguam
1602 4287 1740 4354 ejus.

147 4372 205 4429 Et
232 4380 537 4450 suspiciens
575 4380 630 4436 in
660 4381 882 4446 cmlum,
927 4381 1210 4450 ingemuit,
1257 4392 1312 4436 et
1341 4381 1415 4435 ait
1445 4381 1522 4435 illi
1556 4400 1566 4434 :
1601 4381 1746 4451 Eph-

147 4467 316 4540 pheta,
345 4475 494 4544 quod
538 4483 648 4539 est,
682 4473 990 4545 adaperire.
1040 4475 1106 4529 Et
1153 4477 1333 4530 statim
1378 4486 1579 4546 aperta:
1621 4485 1747 4531 sunt

1841 3260 1930 3316 ei:
1966 3260 2282 3314 Duodecim.
2329 3259 2558 3328 Quando
2590 3270 2642 3313 et
2673 3269 2881 3328 septem
2931 3275 3096 3330 panes
3127 3261 3179 3314 in
3209 3269 3442 3329 quatuor

1843 3354 2007 3408 millia
2037 3370 2052 3411 :
2078 3363 2210 3423 quot
2247 3363 2460 3424 sportas
2511 3354 2936 3422 fragmentorum
2989 3353 3229 3406 tulistis?
3263 3351 3328 3405 Et
3355 3351 3438 3405 di-

1840 3454 1970 3500 cunt
1996 3446 2042 3499 ei
2067 3462 2080 3498 :
2109 3445 2355 3514 Septem.
2393 3444 2460 3498 Et
2491 3445 2703 3499 dicebat
2731 3445 2813 3499 eis
2840 3445 3158 3511 :Quomodo
3201 3443 3440 3500 nondum

1841 3539 2140 3610 intelligitis
2168 3540 2191 3593 ?
2215 3538 2396 3610 [LXXXI
2419 3581 2432 3605 ,
2466 3539 2578 3609 10.]
2611 3538 2677 3592 Et
2717 3541 2938 3594 veniunt
2971 3539 3311 3595 Bethsaidam
3343 3578 3359 3603 ,
3383 3545 3442 3593 et

1842 3631 2117 3687 adducunt
2152 3633 2200 3685 ei
2233 3646 2461 3699 cmcum,
2496 3639 2550 3686 et
2579 3631 2838 3701 rogabant
2863 3647 3011 3696 eum,
3050 3643 3107 3685 ut
3137 3632 3283 3685 illum
3325 3640 3442 3686 tan-

1842 3735 2014 3797 geret.
2051 3725 2118 3781 Et
2156 3726 2497 3796 apprehensa
2540 3741 2702 3780 manu
2731 3727 2886 3792 carci,
2919 3726 3104 3781 eduxit
3139 3742 3260 3780 eum
3285 3737 3442 3782 extra

1843 3820 2019 3873 vicum
2053 3838 2065 3873 :
2097 3829 2150 3873 et
2177 3833 2446 3888 exspuens
2477 3819 2527 3872 in
2561 3819 2747 3872 oculos
2774 3818 2912 3888 ejus,
2959 3819 3228 3888 impositis
3269 3820 3443 3874 mani-

1845 3913 1947 3968 bus
1973 3912 2110 3976 suis,
2147 3912 2501 3982 interrogavit
2533 3926 2654 3965 enin
2685 3911 2730 3964 si
2763 3910 2890 3980 quid
2923 3911 3147 3966 videret.
3203 3913 3267 3965 lit
3297 3911 3443 3983 aspi-

1844 4011 2020 4077 ciens,
2045 4009 2121 4064 ait
2145 4027 2158 4064 :
2189 4009 2361 4064 Video
2391 4008 2637 4064 homines
2660 4009 2806 4064 velut
2835 4010 3064 4065 arbores
3085 4010 3447 4065 ambulantes.

1847 4102 2053 4160 Deinde
2084 4103 2279 4157 iterum
2327 4103 2581 4172 imposuit
2624 4120 2814 4158 manus
2845 4119 3009 4176 super
3047 4106 3239 4161 oculos
3276 4106 3395 4174 ejus
3427 4122 3441 4158 :

1847 4207 1900 4250 et
1921 4196 2087 4264 ctepit
2109 4195 2320 4260 videre,
2345 4205 2398 4250 et
2431 4197 2714 4252 restitutus
2742 4207 2826 4252 est
2849 4197 2943 4264 ita,
2980 4206 3037 4252 ut
3063 4199 3207 4253 clare
3238 4197 3448 4251 videret

1845 4290 2047 4344 omnia.
2085 4289 2147 4344 Et
2174 4290 2320 4344 misit
2351 4290 2501 4344 illum
2534 4290 2585 4344 in
2617 4289 2836 4345 domum
2858 4305 3038 4355 suam,
3073 4291 3258 4344 dicens
3294 4289 3441 4342 :Va-

1849 4381 1992 4436 dein
2023 4382 2241 4437 domum
2275 4391 2416 4436 tuam
2451 4400 2464 4436 :
2494 4392 2548 4437 et
2573 4383 2616 4435 si
2638 4383 2689 4435 in
2716 4382 2891 4435 vicum
2916 4379 3211 4444 introieris,
3242 4380 3446 4435 nemini

1850 4475 2072 4531 dixeris.
2105 4475 2336 4547 [utme
2371 4474 2448 4547 1.]
2483 4476 2545 4528 Et
2577 4489 2828 4545 egressus
2867 4482 2949 4526 est
2980 4471 3162 4535 Jesus,
3205 4481 3257 4526 et
3283 4472 3448 4553 disci-

145 4573 290 4620 aures
318 4566 464 4636 ejus,
498 4577 556 4623 et
592 4567 834 4622 solutum
861 4577 944 4624 est
970 4569 1247 4625 vinculum
1297 4569 1495 4639 linguae
1524 4569 1666 4638 ejus,
1693 4578 1748 4624 et
1772 4566 1824 4627 D
1853 4571 1961 4641 puli
1987 4570 2124 4641 ejus,
2157 4572 2209 4625 in
2252 4569 2472 4625 castella
2505 4568 2767 4623 Cmsarem
2795 4566 3023 4636 Philippi
3048 4583 3062 4621 :
3088 4577 3143 4620 et
3172 4564 3223 4618 in
3249 4566 3331 4618 via
3361 4563 3447 4618 in-

146 4653 460 4727 loqnebatur
489 4668 669 4716 recte.
703 4661 770 4716 Et
793 4661 1053 4732 praecepit
1098 4661 1223 4729 illis,
1245 4677 1324 4718 .ne
1353 4661 1441 4716 cui
1479 4661 1744 4716 dicerent.

148 4745 320 4821 luxv,
353 4752 436 4825 8.]
469 4753 696 4822 Quanto
736 4761 916 4808 autem
944 4755 1022 4808 eis
1051 4753 1423 4824 praecipiebat,
1459 4762 1609 4808 tanto
1629 4769 1748 4808 ma-

144 4841 220 4909 gis
243 4845 363 4913 plus
389 4846 773 4918 prtrdicabant
801 4863 816 4902 :
863 4855 919 4900 et
960 4861 1026 4900 eo
1057 4846 1290 4916 amplius
1319 4845 1748 4913 admirabantur,

147 4931 420 4992 dicentes:
451 4939 670 5012 [uxvt,
701 4937 782 5010 6.]
806 4938 950 4994 Bene
976 4940 1154 4993 omnia
1187 4937 1315 4994 fecit
1345 4957 1358 4994 :
1384 4948 1438 4994 et
1463 4939 1654 4994 surdos
1669 4940 1752 4996 fc-

146 5027 213 5082 cit
237 5031 452 5099 audire,
480 5042 541 5087 et
571 5040 750 5086 mutos
771 5032 940 5103 loqui.

214 5120 367 5194 [Cap.
423 5123 595 5196 Vlll.]
654 5125 712 5180 In
765 5125 956 5180 diebus
1008 5125 1120 5180 illis
1176 5125 1372 5182 iterum
1421 5141 1544 5184 cum
1595 5127 1750 5184 turba

145 5217 307 5270 multa
336 5225 519 5285 esset,
562 5233 659 5274 nec
688 5217 975 5286 haberent,
1007 5218 1148 5289 quod
1177 5219 1588 5288 manducarent,
1621 5237 1752 5277 con-

145 5307 344 5361 vocatis
371 5307 688 5377 discipulis,
721 5309 799 5364 ait
826 5309 932 5365 illis
964 5327 978 5363 :
1014 5309 1274 5367 Misereor
1303 5326 1466 5382 super
1491 5312 1701 5382 turbam
1735 5329 1748 5366 :

148 5399 265 5468 quia
296 5415 426 5457 ecce
447 5401 570 5472 jam
601 5401 779 5458 triduo
806 5403 1082 5459 sustinent
1111 5419 1220 5471 me,
1252 5420 1354 5460 nec
1382 5404 1582 5460 habent
1610 5403 1752 5472 quod

151 5493 482 5551 manducent
519 5513 534 5548 :
590 5506 644 5551 et
668 5496 711 5551 si
754 5496 1016 5552 dimisero
1050 5512 1146 5553 eos
1193 5497 1407 5568 jejunus
1446 5497 1497 5552 in
1531 5496 1751 5551 domum

217 5628 508 5702 {Verbum
533 5630 696 5702 vadit,
718 5631 933 5687 videtur
956 5629 1042 5686 hic
1064 5627 1362 5686 abundare.
1385 5626 1545 5684 Certe
1562 5641 1740 5702 neque

152 5697 202 5781 in
240 5700 308 5755 iis
347 5712 475 5766 est,
521 5697 714 5774 quibus
742 5705 949 5759 utimur
975 5745 990 5764 .
1045 5715 1200 5770 mss“
1245 5714 1421 5772 neque
1454 5704 1507 5755 in
1551 5697 1744 5756 Graeco

157 5785 270 5838 ipso
299 5781 482 5828 textu.

1851 4664 2161 4734 terrogabat
2185 4662 2476 4732 discipulos
2504 4675 2654 4727 suos,
2685 4659 2870 4713 dicens
2894 4659 2972 4712 eis
3002 4675 3013 4709 :
3039 4657 3209 4724 Quem
3243 4671 3329 4710 me
3360 4655 3447 4711 tli-

1850 4768 1982 4813 cunt
2011 4772 2133 4813 esse
2157 4756 2446 4812 homines?
2469 4755 2571 4822 Qui
2604 4752 3005 4824 reSponderunt
3028 4751 3131 4814 illi,
3159 4749 3403 4806 dicentes
3431 4768 3446 4806 :

1853 4849 2117 4906 Joannem
2144 4849 2462 4920 Baptistam,
2491 4847 2579 4901 alii
2605 4847 2799 4912 Ellam,
2831 4845 3070 4899 aliivero
3101 4843 3256 4913 quasi
3280 4857 3449 4899 unum

1856 4945 1924 5000 de
1951 4944 2261 5014 Prophetis.
2287 4943 2442 4998 Tunc
2479 4941 2610 5017 dicit
2655 4940 2760 4994 illis
2793 4957 2805 4993 :
2844 4938 2948 4994 Vos
2995 4952 3126 4994 vero
3155 4953 3312 5008 quem
3367 4952 3454 4994 me

1855 5051 1978 5093 esse
2031 5035 2245 5091 dicitis?
2310 5033 2668 5104 Respondens
2719 5030 2943 5099 Petrus,
2995 5031 3074 5084 ait
3116 5029 3204 5084 ei:
3260 5030 3339 5083 Tu
3393 5043 3454 5084 es

1857 5129 2127 5184 Christus.
2153 5129 2408 5200 [Lxxxut,
2439 5123 2520 5194 2.]
2542 5125 2608 5178 Et
2632 5123 2992 5178 comminatus
3024 5132 3108 5177 est
3145 5122 3244 5185 eis,
3271 5137 3337 5175 ne
3365 5121 3455 5176 cui

1857 5220 2101 5276 dicerent
2130 5217 2199 5272 de
2229 5217 2340 5271 illo.
2369 5216 2435 5271 Et
2463 5217 2625 5286 ('(Bpit
2653 5215 2851 5271 docere
2873 5230 2990 5281 eos,
3019 5214 3273 5285 quoniam
3293 5227 3457 5283 opor-

1860 5320 1938 5367 tet
1958 5308 2150 5364 Filium
2176 5307 2410 5363 hominis
2437 5309 2547 5378 pati
2571 5308 2758 5375 multa,
2789 5316 2844 5363 et
2863 5307 3142 5378 reprobari
3172 5320 3200 5359 a
3228 5305 3458 5360 seniori-

1861 5403 1984 5469 bus,
2033 5408 2087 5457 et
2117 5415 2146 5454 a
2175 5399 2403 5454 summis
2425 5398 2820 5466 sacerdotibus,
2853 5408 2907 5454 et
2928 5397 3142 5465 scribis,
3171 5405 3227 5452 et
3256 5395 3454 5461 occidi,

1861 5501 2060 5563 etpost
2087 5502 2195 5546 tres
2214 5489 2330 5544 dies
2357 5504 2664 5562 resurgere.
2695 5491 2764 5544 Et
2794 5490 2970 5560 palam
3001 5489 3225 5545 verbum
3272 5487 3458 5558 loque-

1917 5623 1946 5663 ι’
1985 5623 2139 5681 Unus
2164 5620 2390 5692 Regina:
2413 5637 2519 5682 ms.
2550 5622 2607 5679 in
2633 5622 2857 5680 instanti
2885 5625 3272 5693 deprecantur:
3305 5631 3364 5679 ιιι
3403 5629 3460 5676 et

1850 5695 1906 5752 in
1942 5697 2038 5754 Gr.
2067 5694 2473 5754 παρακαλοῦσιν.
