3920 6200
444 268 550 325 605

1448 265 1504 320 S.
1550 260 1940 319 ΗΙΕΠΟΝΥΜΙ
1979 261 2216 320 ΒΠΙΝΑ
2257 261 2731 319 filBL'OTlIl-ZCA.

3660 264 3757 317 596

445 382 982 452 hatur.iuxxrv,6.]
1002 378 1495 448 Etapprehendens
1512 395 1634 435 eum
1649 378 1866 447 Petrus,
1881 381 2046 450 ctepit
2073 380 2124 442 Α
2153 379 2226 433 ιῑο
2250 379 2552 443 incredula,
2586 377 2840 448 quamdiu
2888 377 3030 448 apud
3071 392 3167 431 vos
3213 377 3347 431 ero?
3375 376 3641 449 quamdiu
3671 395 3756 432 vos

449 480 738 547 increpare
767 491 911 529 eum.
938 474 1038 539 Qui
1069 486 1367 527 conversus
1392 515 1406 538 ,
1436 483 1490 528 et
1520 473 1716 527 videns
1748 472 2045 543 discipulos

448 583 599 634 suos,
630 568 990 624 comminatus
1014 574 1099 620 est
1120 563 1303 632 Petro,
1330 565 1516 620 dicens
1541 583 1555 619 :
1580 564 1729 620 Vade
1748 576 1896 620 retro
1927 580 2044 636 me,

449 662 677 725 Satana,
719 657 970 728 quoniam
1006 672 1111 712 non
1136 657 1283 727 sapis
1309 671 1429 728 qua:
1477 656 1574 711 Dei
1620 666 1768 723 sunt,
1802 656 1897 713 sed
1925 669 2048 728 quae

449 764 576 811 sunt
603 753 881 808 hominum
911 752 1136 824 [Lxxxv,
1181 751 1262 824 2].
1299 752 1364 806 Et
1389 760 1690 806 convocata
1724 751 1880 805 turba
1924 765 2046 806 cum

451 847 732 918 discipulis
765 847 894 909 suis,
923 845 1058 900 dixit
1081 847 1161 900 eis
1194 861 1209 898 :
1239 844 1299 901 Si
1323 845 1446 916 quis
1477 845 1591 900 vult
1627 860 1714 901 me
1742 847 1916 916 sequi,
1948 845 2046 902 de-

452 948 614 1010 neget
636 940 987 1008 semetipsum
1020 956 1032 990 :
1065 947 1119 992 et
1155 937 1306 992 tollat
1334 951 1549 992 crucem
1573 952 1751 1002 suam,
1781 947 1834 992 et
1856 952 2051 1008 sequa-

448 1042 538 1087 tur
573 1047 680 1086 me.
705 1031 807 1098 Qui
837 1033 981 1086 enim
1020 1030 1254 1085 voluerit
1283 1031 1516 1085 animam
1550 1045 1702 1085 suam
1744 1030 1947 1085 salvam
1975 1029 2051 1087 fa-

452 1141 599 1190 cere,
655 1125 846 1196 perdet
875 1141 1043 1181 eam:
1096 1125 1187 1195 qui
1237 1133 1417 1179 autem
1471 1123 1766 1194 perdiderit
1812 1126 2048 1180 animam

449 1235 604 1276 suam
638 1228 858 1290 propter
884 1234 970 1273 me
998 1226 1053 1274 et
1081 1217 1457 1287 Evangelium,
1491 1218 1691 1272 salvam
1723 1218 1882 1274 faciet
1908 1235 2047 1275 eam.

453 1313 593 1381 Quid
619 1314 762 1369 enim
793 1313 1040 1384 proderit
1066 1312 1294 1378 homini,
1328 1313 1371 1366 si
1417 1313 1655 1368 lucretur
1682 1313 1941 1366 mundum
1970 1322 2053 1368 to-

453 1416 588 1473 tum,
634 1415 689 1461 et
728 1405 1115 1461 detrimentum
1145 1406 1338 1459 anima:
1384 1420 1495 1459 sum
1544 1403 1740 1458 faciat?
1789 1408 1895 1460 Ant
1925 1405 2053 1475 quid

452 1502 602 1556 dabit
637 1503 797 1555 homo
835 1499 1278 1555 commutationis
1307 1513 1404 1568 pro
1433 1499 1614 1553 anima
1645 1497 1776 1551 sua?
1807 1496 2053 1569 [Lxxxvr,

456 1592 540 1665 2.]
582 1593 683 1660 Qui
712 1593 853 1647 enim
885 1607 974 1647 me
1013 1590 1273 1645 confusus
1316 1588 1500 1654 fuerit,
1530 1600 1584 1644 et
1615 1590 1779 1644 verba
1813 1604 1955 1654 mea,
2001 1591 2054 1643 in

456 1688 808 1758 generatione
839 1688 942 1741 ista
970 1685 1218 1739 adultera
1252 1692 1308 1739 et
1338 1684 1677 1753 peccatrice:
1711 1691 1766 1736 et
1790 1682 1932 1736 tilius
1955 1681 2058 1736 ho-

2151 471 2367 541 patiar?
2409 471 2597 525 afferte
2637 470 2784 524 iElum
2816 469 2881 524 ad
2931 485 3038 524 me.
3075 470 3140 524 Et
3183 470 3488 524 attulerunt
3518 486 3666 526 eum.
3699 472 3757 526 Et

2150 581 2270 621 eum
2304 565 2528 619 vidisset
2551 579 2696 630 eum,
2727 564 2906 618 statim
2935 562 3160 631 spiritus
3188 563 3538 617 conturbavit
3571 562 3755 622 illum:

2151 669 2205 715 et
2234 660 2400 714 elisus
2432 659 2482 713 in
2505 665 2729 722 terram,
2765 656 2982 711 volutab
3001 666 3106 710 itur
3128 669 3412 726 spumans.
3441 655 3506 710 Et
3531 657 3758 711 interm-

2150 760 2294 832 gavit
2318 769 2527 830 patrem
2555 758 2674 828 ejus
2707 775 2717 810 :
2744 756 3017 824 Quantum
3048 755 3312 825 temporis
3340 765 3448 822 est,
3480 770 3545 808 ex
3576 770 3682 828 quo
3709 758 3756 812 ei

2154 855 2257 910 hoc
2290 854 2529 910 accidit?
2562 855 2630 908 At
2659 853 2749 907 ille
2792 851 2866 906 ait
2900 869 2913 904 :
2948 851 3030 906 Ab
3063 849 3292 904 infantia
3321 868 3332 901 :
3378 859 3429 903 et
3451 848 3755 921 frequenter

2153 947 2343 1004 eumin
2364 946 2572 1017 ignem,
2601 955 2652 1000 et
2679 945 2729 1000 in
2753 960 2917 1016 aquas
2935 943 3102 1012 misit,
3134 954 3189 996 ut
3212 957 3335 996 eum
3362 941 3621 1014 perderet.
3644 943 3750 1005 Sed

2154 1040 2198 1094 si
2225 1040 2353 1112 quid
2385 1049 2562 1111 potes,
2589 1038 2784 1108 adjnva
2815 1053 2915 1091 nos
2949 1038 3207 1092 misertus
3240 1038 3437 1090 ucslri.
3469 1035 3620 1092 Jesus
3650 1053 3744 1091 au-

2155 1141 2261 1186 tem
2291 1133 2470 1196 aitilli
2502 1149 2515 1184 :
2547 1132 2605 1188 Si
2632 1142 2782 1202 potes
2810 1130 3057 1194 credere,
3102 1133 3282 1185 omnia
3327 1132 3598 1206 possibilia
3626 1141 3750 1188 sunt

2156 1226 2417 1280 credenti.
2452 1225 2519 1279 Et
2564 1224 2824 1279 continuo
2867 1223 3187 1279 exclamans
3239 1233 3395 1295 pater
3427 1225 3600 1295 pueri,
3632 1239 3751 1280 cum

2158 1319 2412 1391 lacrymis
2442 1318 2661 1372 aiebat:
2695 1316 2894 1383 Credo,
2933 1316 3184 1383 Domine,
3234 1316 3429 1387 adjuva
3477 1316 3756 1372 increduli-

2162 1423 2323 1466 tatem
2375 1427 2575 1466 meam.
2627 1410 2692 1465 Ει
2731 1425 2853 1464 cum
2897 1411 3106 1466 videret
3136 1409 3295 1465 Jesus
3346 1419 3754 1466 concurrentcm

2160 1506 2393 1572 turbam,
2431 1502 2799 1558 comminatus
2829 1511 2914 1557 est
2956 1502 3177 1572 spiritui
3228 1502 3523 1568 immundo,
3572 1503 3751 1558 dicens

2160 1596 2237 1650 illi
2268 1614 2283 1652 :
2315 1596 2487 1648 Surde
2515 1603 2569 1649 et
2591 1604 2736 1648 mute
2760 1592 3009 1665 spiritus,
3033 1608 3135 1664 ego
3165 1593 3420 1664 prrecipio
3442 1593 3553 1660 tibi,
3573 1593 3656 1648 exi
3678 1593 3742 1647 ab

2160 1704 2226 1743 eo
2255 1707 2266 1741 :
2299 1698 2354 1742 et
2382 1687 2616 1757 amplius
2648 1701 2716 1741 ne
2761 1689 2999 1742 introeas
3048 1688 3100 1741 in
3129 1702 3274 1741 eum.
3325 1684 3392 1741 Et
3434 1687 3751 1762 exclamans,

458 1781 624 1836 minis
654 1777 1020 1834 confundetur
1067 1791 1214 1843 eum,
1262 1790 1386 1830 cum
1420 1776 1634 1830 venerit
1664 1774 1716 1828 in
1760 1775 1931 1846 gloria
1965 1775 2064 1828 Pa-

2171 1791 2220 1836 et
2245 1780 2471 1834 multum
2504 1780 2823 1848 discerpens
2861 1793 3012 1844 eum,
3043 1777 3178 1833 exiit
3208 1778 3382 1843 abeo,
3415 1788 3468 1832 et
3497 1777 3658 1830 lactus
3680 1788 3757 1832 cst

457 1873 558 1926 tris
588 1873 668 1924 sui
695 1885 816 1925 cum
841 1870 1045 1938 angelis
1076 1868 1299 1922 sanetis.
1327 1866 1596 1938 [Lxxxvn,
1630 1865 1711 1938 2.]
1746 1867 1813 1920 Et
1843 1866 2061 1920 dicebat

459 1965 806 2019 illis:Amen
857 1962 980 2016 dico
1029 1961 1203 2022 vobis,
1256 1961 1381 2029 quia
1423 1968 1550 2013 sunt
1592 1958 1807 2029 quidam
1857 1958 1924 2012 de
1975 1957 2061 2013 hic

461 2056 755 2124 stantibus,
779 2057 869 2126 qui
901 2070 1007 2109 non
1037 2054 1331 2123 gustabunt
1358 2063 1613 2120 mortem,
1635 2053 1811 2109 donec
1841 2053 2061 2114 videant

458 2165 684 2220 regnum
714 2149 808 2204 Dei
837 2149 1064 2204 veniens
1093 2149 1146 2202 iu
1169 2148 1386 2202 virtute.

533 2241 686 2313 [ϐαρ.
730 2239 846 2312 lX.]
889 2241 956 2296 Et
985 2249 1106 2311 post
1159 2241 1276 2294 dies
1326 2256 1421 2294 sex
1475 2240 1703 2295 assumit
1748 2238 1905 2294 Jesus
1963 2237 2062 2294 Pe-

461 2344 625 2401 trum,
659 2344 713 2390 et
761 2333 1045 2401 Iacobum,
1087 2342 1145 2389 et
1194 2332 1506 2388 Joannem:
1557 2344 1613 2387 et
1644 2329 1793 2386 ducit
1839 2332 1961 2386 illos
2009 2333 2061 2386 in

461 2439 702 2484 montem
735 2427 1013 2482 excelsum
1044 2440 1291 2481 seorsum
1326 2425 1495 2492 solos,
1547 2435 1604 2480 et
1651 2424 2065 2494 transﬁguratus

461 2534 543 2579 est
573 2538 753 2578 coram
788 2522 940 2593 ipsis.
970 2521 1036 2575 Et
1065 2522 1388 2576 vesumenta
1413 2521 1531 2590 ejus
1563 2518 1701 2574 facta
1732 2527 1860 2574 sunt
1884 2518 2065 2590 splen-

460 2618 666 2684 dentia,
690 2626 745 2672 et
769 2614 1000 2671 candida
1029 2613 1190 2668 nimis
1215 2613 1362 2668 velut
1406 2614 1522 2677 nix,
1568 2611 1747 2684 qualia
1793 2607 1926 2665 fullo
1955 2626 2064 2666 non

459 2721 636 2782 potest
662 2725 824 2780 super
849 2717 1048 2764 terram
1082 2706 1312 2763 candida
1345 2706 1549 2759 facere.
1582 2704 1648 2758 Et
1676 2703 1931 2774 apparuit
1960 2703 2065 2759 illis

463 2805 754 2860 Eliascum
784 2802 970 2873 Moyse
1001 2818 1013 2854 :
1046 2809 1102 2856 et
1131 2808 1288 2855 erant
1332 2799 1624 2870 loquentes
1656 2812 1779 2853 cum
1819 2797 1970 2855 Jesu.
2002 2798 2066 2852 Et

461 2900 802 2970 respondens
832 2899 1048 2963 Petrus,
1079 2894 1152 2948 ait
1177 2896 1306 2951 Jesu
1334 2911 1350 2950 :
1385 2893 1580 2963 Rabbi,
1611 2893 1812 2948 bonum
1852 2901 1936 2948 est
1966 2905 2065 2948 nos

462 2990 552 3046 hic
583 3006 704 3045 esse
739 2999 831 3046 :et
853 2989 1116 3044 faciamus
1144 2986 1246 3042 tria
1271 2986 1640 3053 tabernacula,
1669 2984 1763 3040 tibi
1795 3001 1986 3050 unum,
2011 2993 2068 3040 et

463 3085 633 3154 Moysi
659 3099 847 3148 unum,
867 3093 922 3138 et
937 3083 1069 3137 Eliae
1089 3098 1277 3137 unum.
1298 3081 1412 3136 Non
1443 3083 1586 3136 enim
1616 3081 1821 3136 sciebat
1839 3081 1966 3152 quid
1980 3079 2064 3134 di-

2163 1873 2303 1926 sicut
2334 1883 2602 1938 mortuus,
2633 1872 2707 1927 ita
2745 1877 2806 1926 ut
2841 1871 2993 1925 multi
3031 1870 3279 1926 dicerent
3312 1887 3326 1924 :
3359 1869 3495 1938 Quia
3526 1880 3758 1924 mortuus

2163 1974 2267 2018 est.
2301 1963 2458 2018 Jcsus
2480 1973 2660 2018 autem
2686 1971 2879 2018 tenens
2921 1978 3140 2020 manum
3187 1963 3326 2034 ejus,
3357 1962 3591 2017 elevavit
3620 1978 3755 2030 eum,

2164 2067 2219 2111 et
2240 2057 2494 2110 surrexit.
2522 2055 2686 2129 μου,
2723 2053 2837 2128 10.]
2869 2055 2933 2110 Ει
2963 2071 3085 2110 cum
3120 2056 3404 2111 introisset
3434 2056 3486 2111 in
3516 2055 3756 2132 domum,

2163 2148 2418 2218 discipuli
2447 2149 2566 2218 ejus
2593 2156 2808 2204 secreto
2835 2148 3244 2220 interrogabant
3275 2165 3400 2204 eum
3431 2166 3442 2202 :
3475 2149 3652 2218 Quare
3671 2165 3758 2205 nos

2165 2256 2272 2297 non
2304 2243 2576 2312 potuimus
2599 2241 2802 2312 ejicere
2830 2241 2990 2303 eum?
3016 2242 3081 2297 Et
3119 2241 3258 2296 dixit
3286 2242 3425 2298 illis:
3460 2241 3576 2299 Hoc
3605 2257 3758 2313 genus

2166 2336 2220 2391 in
2250 2336 2400 2390 nullo
2434 2343 2615 2406 potest
2660 2335 2834 2398 exire,
2867 2335 2970 2390 nisi
3030 2336 3083 2390 in
3123 2335 3399 2400 oratione,
3451 2346 3507 2391 et
3541 2334 3756 2408 jejunio.

2168 2429 2347 2501 ]_xcm,
2381 2427 2463 2500 2.]
2495 2429 2558 2482 Et
2587 2427 2712 2483 inde
2744 2426 2971 2496 profecti
3004 2425 3593 2498 praetergrediebantur
3621 2425 3756 2482 Gali-

2167 2524 2321 2578 lceam
2359 2538 2499 2578 :nec
2533 2522 2749 2577 volebat
2771 2538 3096 2592 queinquam
3118 2524 3283 2576 scire.
3318 2521 3564 2576 Docebat
3593 2533 3756 2574 autem

2167 2616 2464 2687 discipulos
2503 2629 2654 2682 suos,
2682 2624 2736 2669 et
2767 2613 2982 2669 dicebat
3006 2613 3113 2669 illis
3139 2632 3151 2668 :
3181 2613 3453 2682 Quoniam
3483 2612 3652 2670 Filius
3677 2612 3761 2665 ho-

2168 2709 2330 2764 minis
2363 2708 2604 2763 tradetur
2633 2707 2685 2762 in
2719 2721 2910 2762 manus
2931 2706 3231 2772 hominum,
3265 2716 3318 2762 et
3344 2705 3598 2761 occident
3622 2720 3759 2782 eum,

2169 2813 2221 2858 et
2250 2802 2463 2856 occisus
2494 2801 2650 2856 tertia
2677 2800 2768 2857 die
2796 2808 3062 2870 resurget.
3094 2800 3162 2856 At
3190 2798 3269 2854 illi
3292 2799 3618 2872 ignorabant
3645 2813 3758 2854 ver-

2169 2897 2293 2952 bum
2325 2913 2338 2950 :
2371 2904 2426 2951 et
2457 2895 2722 2950 timebant
2756 2893 3091 2965 interrogare
3146 2908 3293 2948 eum.
3327 2891 3492 2966 [xcrv,
3537 2892 3648 2965 10.]
3704 2891 3763 2947 Et

2168 2998 2431 3046 venerunt
2459 2988 2854 3058 Capharnaum.
2887 2986 3130 3053 Quicum
3151 2986 3297 3042 domi
3317 2994 3520 3055 essent,
3547 2986 3764 3041 interro-

2169 3086 2330 3157 gabat
2359 3099 2493 3140 ens:
2528 3084 2666 3152 Quid
2696 3085 2748 3140 in
2800 3083 2887 3137 via
2918 3083 3266 3140 tractabalis?
3302 3084 3447 3156 [xcv,
3479 3082 3563 3155 2.]
3603 3085 3669 3139 At
3695 3083 3764 3144 illi

467 3189 618 3238 ceret
645 3197 658 3232 :
692 3187 850 3234 erant
874 3179 1018 3232 enim
1044 3178 1242 3232 timore
1259 3177 1530 3232 exterriti.
1549 3176 1615 3230 Et
1637 3175 1775 3231 facta
1794 3186 1875 3231 est
1901 3178 2071 3233 nubes
2099 3170 2144 3234 C
2179 3177 2450 3245 tacebant,
2474 3177 2737 3246 siquidem
2769 3175 2823 3230 in
2853 3175 2935 3229 via
2959 3177 3098 3231 inter
3123 3190 3183 3231 se
3205 3176 3634 3247 disputaverant,
3653 3175 3763 3247 quis

467 3271 803 3328 obumbrans
837 3284 931 3324 eos
959 3287 972 3323 :
1003 3281 1058 3324 et
1090 3269 1235 3325 venit
1270 3286 1374 3323 vox
1401 3269 1469 3323 de
1512 3269 1676 3335 nube,
1707 3271 1896 3326 dicens
1923 3287 1938 3328 :
1973 3273 2072 3327 llie

474 3377 561 3424 est
593 3368 764 3422 Filius
789 3381 942 3420 mens
964 3364 1557 3420 charissimuszaudite
1577 3365 1754 3420 illum.
1789 3365 1858 3420 Et
1887 3369 2070 3422 statim

471 3458 1003 3528 circuniSpicicntes,
1021 3455 1295 3510 neminem
1323 3454 1557 3522 amplius
1573 3454 1848 3520 viderunt,
1866 3457 1969 3512 nisi
1985 3458 2074 3512 Je-

469 3562 812 3607 sumtantum
841 3563 1046 3605 secum.
1068 3549 1132 3603 Et
1153 3546 1607 3602 descendentibus
1633 3547 1740 3602 illis
1767 3548 1835 3603 de
1863 3559 2070 3617 monte,

473 3649 736 3720 przccepit
767 3646 876 3701 illis
907 3659 975 3699 ne
1003 3643 1255 3714 cuiquam
1285 3656 1406 3713 quae
1436 3639 1720 3706 vidissent,
1746 3653 2029 3697 narrarent
2057 3661 2069 3696 :

471 3741 577 3796 nisi
627 3754 748 3793 cum
804 3736 972 3792 Filius
1021 3733 1259 3790 hominis
1309 3748 1338 3787 a
1391 3731 1624 3787 mortuis
1684 3734 2070 3789 resurrexerit.

475 3835 756 3906 [t.xxxvni,
775 3828 888 3903 10.]
914 3831 978 3885 Et
1006 3828 1234 3885 verbum
1258 3827 1646 3884 continuerunt
1675 3826 1813 3898 apud
1834 3841 1915 3896 se,
1943 3842 2076 3883 con-

466 3925 756 4001 -quiren_tes
811 3923 941 3992 quid
971 3931 1117 3978 esset
1146 3939 1158 3977 :
1188 3920 1325 3977 Cum
1355 3936 1385 3977 a
1418 3921 1649 3977 mortuis
1691 3919 2071 3977 resurrexerit.

475 4013 805 4090 ]_Lxxxtx,6.]
823 4015 888 4069 Et
908 4013 1481 4086 interrogabanteum,
1505 4016 1772 4082 dicentes,
1797 4016 1923 4087 quid
1945 4032 2076 4088 ergo

478 4112 668 4166 dicunt
682 4119 706 4145 α
724 4108 978 4178 ριιεπίεωὶ
1004 4118 1061 4163 et
1089 4108 1300 4172 scribas;
1319 4109 1442 4179 quia
1461 4109 1634 4163 Etiam
1652 4119 1870 4179 oportet
1889 4111 2078 4168 venite

477 4201 754 4275 primum?
795 4200 896 4270 Qui
936 4202 1302 4272 respondens,
1334 4201 1411 4254 ait
1441 4199 1548 4254 illis
1580 4217 1595 4256 :
1627 4201 1793 4270 Elias,
1821 4217 1942 4258 cum
1982 4219 2077 4260 ve-

473 4296 618 4353 nerit
652 4294 851 4366 primo,
888 4292 1138 4347 restituet
1166 4292 1348 4348 omnia
1385 4308 1399 4344 :
1430 4303 1483 4346 et
1514 4291 1788 4360 quomodo
1815 4295 2079 4365 scriptum

477 4399 563 4447 est
592 4391 642 4445 in
677 4387 874 4444 Filium
905 4385 1162 4452 hominis,
1190 4395 1250 4440 ut
1277 4379 1448 4440 multa
1479 4386 1735 4458 patiatur,
1764 4394 1820 4442 et
1841 4398 2082 4444 contem-

478 4493 662 4540 natur.
697 4480 804 4536 Sed
851 4479 977 4536 dico
1006 4478 1162 4534 vobis
1193 4476 1318 4548 quia
1359 4485 1415 4532 et
1454 4477 1604 4532 Eiias
1637 4479 1787 4534 venit
1816 4480 1894 4552 (et
1937 4479 2082 4537 fece-

2175 3285 2363 3326 eorum
2404 3270 2578 3340 major
2600 3277 2771 3325 esset.
2799 3267 2871 3324 Et
2913 3267 3160 3325 residens
3182 3269 3394 3326 vocavit
3434 3269 3717 3326 duodecim
3748 3283 3761 3350 ς

2175 3373 2228 3419 et
2255 3365 2330 3419 ait
2364 3363 2509 3427 illis:
2531 3362 2590 3420 Si
2611 3365 2730 3436 quis
2757 3363 2867 3418 vult
2889 3365 3094 3434 primus
3123 3378 3266 3436 esse,
3290 3363 3396 3419 erit
3420 3365 3661 3419 omnium
3678 3377 3765 3417 no-

2178 3456 2428 3511 vissimus
2458 3497 2475 3525 ,
2517 3464 2573 3511 et
2599 3455 2842 3512 omnium
2871 3455 3138 3511 minister.
3189 3455 3259 3512 Et
3316 3457 3587 3527 accipiens
3647 3471 3767 3526 puc-

2178 3564 2318 3616 rum,
2349 3547 2537 3604 statuit
2561 3562 2686 3604 eum
2715 3547 2772 3603 in
2802 3547 2981 3603 medio
3009 3561 3201 3603 eorum
3228 3565 3241 3601 :
3273 3563 3434 3619 quem
3464 3563 3584 3604 cum
3611 3561 3758 3612 coin-

2181 3641 2368 3711 plexus
2396 3649 2575 3708 esset,
2614 3641 2690 3696 ait
2719 3639 2827 3695 illis
2854 3657 2866 3694 :
2891 3638 3130 3712 Quisque
3169 3655 3334 3696 unum
3363 3655 3434 3695 ex
3465 3637 3766 3710 hujusmodi

2180 3734 2368 3805 pueris
2398 3732 2667 3802 receperit
2691 3731 2748 3788 in
2781 3732 3006 3788 nomine
3033 3748 3179 3801 meo,
3201 3749 3286 3788 me
3316 3732 3524 3804 recepit
3549 3749 3562 3786 :
3599 3731 3764 3803 [xum

2182 3823 2262 3897 1.]
2295 3825 2709 3896 litquicumque
2738 3841 2825 3880 me
2855 3826 3200 3896 susceperit,
3240 3843 3347 3880 non
3375 3840 3465 3880 me
3505 3823 3760 3896 suscipit,

2180 3918 2278 3972 sed
2305 3932 2451 3982 eum,
2485 3917 2575 3988 qui
2605 3915 2891 3972 misitme.
2937 3915 3166 3992 [xcvtt,
3213 3916 3302 3994 8.]
3354 3915 3651 3990 ReSpondit
3694 3917 3762 3970 illi

2181 4007 2442 4075 Joannes,
2476 4009 2668 4064 dicens
2702 4025 2714 4061 :
2747 4007 3027 4079 Magister,
3068 4008 3306 4064 vidimus
3347 4012 3630 4079 quemdam
3661 4051 3675 4078 ,
3713 4008 3759 4061 in

2183 4101 2407 4156 nomine
2437 4110 2532 4155 tuo
2561 4099 2872 4172 cjicientem
2902 4099 3173 4155 daemonia
3195 4142 3209 4167 ,
3255 4101 3350 4173 qui
3385 4115 3493 4156 non
3530 4098 3760 4170 sequitur

2182 4209 2306 4260 nos,
2337 4203 2394 4251 et
2422 4194 2804 4265 prohibuimus
2845 4209 2990 4250 eum.
3019 4193 3178 4250 Jesus
3205 4205 3390 4251 autem
3431 4195 3504 4251 ait
3536 4213 3549 4250 :
3592 4194 3758 4249 Nolite

2187 4289 2486 4361 prohibere
2515 4304 2664 4344 eum.
2694 4285 2867 4343 Nemo
2897 4295 2982 4344 est
3009 4287 3153 4344 enim
3196 4289 3287 4360 qui
3323 4288 3482 4345 faciat
3521 4290 3757 4346 virtutem

2185 4381 2239 4436 in
2269 4381 2493 4436 nomine
2525 4395 2669 4450 meo,
2715 4389 2771 4436 et
2795 4379 2972 4452 possit
3014 4381 3126 4437 cito
3173 4381 3316 4437 male
3362 4382 3509 4455 loqui
3549 4379 3612 4436 de
3655 4395 3753 4436 mc.

2185 4473 2289 4540 Qui
2327 4472 2475 4528 enim
2504 4488 2610 4527 non
2654 4483 2737 4528 est
2779 4471 3069 4529 adversum
3111 4489 3208 4529 vos
3238 4518 3252 4543 ,
3315 4489 3413 4544 pro
3460 4473 3605 4528 vobis
3657 4479 3750 4525 est.

479 4587 609 4634 runt
651 4576 727 4630 illi
766 4589 1126 4646 quzecnmque
1160 4569 1494 4642 voluerunt),
1526 4571 1665 4627 sicut
1709 4573 1969 4643 scriptum
1996 4587 2083 4633 est
2113 4564 2160 4622 D
2189 4566 2393 4639 [xcvitt,
2431 4563 2510 4641 6.]
2541 4565 2801 4638 Quisquis
2832 4568 2978 4624 enim
3005 4579 3188 4640 potum
3222 4567 3438 4624 dederit
3464 4567 3602 4623 vobis
3620 4566 3748 4620 cali-

481 4672 548 4725 de
575 4684 659 4724 eo.
700 4666 951 4740 [xc,10.]
984 4666 1048 4721 Et
1072 4664 1293 4724 veniens
1332 4665 1401 4720 ad
1442 4665 1738 4736 discipulos
1768 4681 1916 4733 suos,
1951 4669 2083 4725 vidit

477 4760 690 4814 turbam
724 4774 970 4829 magnam
1009 4759 1154 4813 circa
1180 4771 1294 4825 eos,
1347 4765 1408 4812 et
1451 4757 1660 4812 scribas
1699 4761 2082 4830 conquirentes

476 4866 600 4907 eum
629 4852 754 4907 illis.
781 4849 849 4905 Et
878 4850 1163 4906 confestim
1185 4848 1366 4904 omnis
1396 4849 1627 4918 populus
1654 4848 1844 4905 videns
1869 4849 2079 4922 Jesum,

481 4944 820 5014 stupefactus
853 4951 956 5010 est,
982 4948 1039 4997 et
1063 4950 1421 5011 expaverunt,
1460 4949 1517 4995 et
1557 4951 1909 4998 accurrentes
1936 4944 2084 4999 salu-

481 5039 671 5091 tabant
693 5052 835 5091 eum.
870 5038 935 5092 Et
960 5036 1315 5106 interrogavit
1340 5048 1438 5090 eos
1469 5052 1480 5088 :
1505 5033 1642 5103 Quid
1664 5034 1808 5092 inter
1831 5051 1930 5094 vos
1953 5053 2084 5094 con-

480 5132 728 5201 quiritis?
750 5132 855 5204 [xei
874 5173 888 5198 ,
914 5129 994 5201 2.]
1018 5130 1086 5184 Et
1106 5128 1443 5200 respondens
1459 5142 1599 5184 unus
1618 5130 1684 5184 de
1710 5130 1887 5200 turba,
1914 5132 2081 5188 dixit:

481 5226 757 5297 Magister,
789 5223 942 5280 attuli
973 5223 1144 5279 tilium
1192 5237 1374 5279 meum
1403 5221 1472 5277 ad
1503 5230 1557 5278 te
1601 5221 1895 5279 habentem
1927 5225 2086 5297 Spiri-

483 5326 597 5375 tum
648 5329 898 5373 mutum:
933 5318 1026 5388 qui
1082 5317 1409 5389 ubicumque
1455 5331 1578 5372 eum
1633 5317 2082 5391 apprehenderit,

480 5413 654 5469 allidit
680 5412 856 5478 illum,
882 5420 938 5468 et
980 5421 1216 5482 spumat,
1247 5420 1301 5466 et
1329 5412 1525 5466 stridet
1558 5409 1834 5478 dentibus,
1867 5421 1923 5466 et
1965 5425 2086 5468 are-

485 5507 629 5561 scit:
689 5514 747 5561 et
790 5505 899 5558 dixi
931 5503 1213 5574 discipulis
1260 5503 1386 5573 tuis,
1436 5510 1494 5557 ut
1520 5501 1781 5572 ejicerent
1823 5503 1998 5570 illum,
2029 5511 2087 5560 et

482 5610 589 5653 non
619 5606 934 5669 potuerunt.
965 5595 1066 5664 Qui
1097 5595 1434 5666 respondens
1459 5594 1560 5663 eis,
1583 5594 1755 5652 dixit:
1785 5596 1829 5652 0
1851 5610 2082 5666 genera-

556 5746 577 5770 δ
622 5737 675 5789 In
703 5736 906 5788 (iuncis
933 5736 1333 5805 exemplaribus
1380 5741 1494 5792 htrc
1533 5738 1663 5791 silis
1711 5738 1936 5803 Scribis,
1969 5754 2075 5795 non

488 5807 647 5862 etiam
702 5807 989 5861 Phartsteis
1043 5813 1317 5863 sententia
1375 5811 1710 5878 imputatur:
1741 5809 1818 5866 ὅτι
1843 5811 2077 5886 λέγουσιν

2186 4676 2306 4717 cem
2335 4677 2490 4732 aqua:
2522 4661 2577 4716 in
2609 4663 2833 4718 nomine
2861 4679 3005 4728 meo,
3037 4661 3159 4733 quia
3187 4659 3392 4719 Christi
3419 4662 3576 4719 estis:
3598 4665 3753 4716 Amen

2186 4755 2309 4810 dico
2341 4755 2516 4822 vobis,
2549 4771 2659 4811 non
2688 4756 2886 4826 perdet
2911 4757 3219 4812 mercedem
3249 4772 3426 4812 suam.
3457 4755 3646 4830 μω,
3682 4751 3755 4824 2.]

2183 4850 2252 4907 Et
2307 4850 2551 4921 quisquis
2589 4851 3043 4907 scandalizaverit
3087 4867 3252 4908 unum
3320 4867 3388 4908 ex
3431 4852 3516 4922 bis
3562 4846 3753 4925 pusillis

2186 4941 2537 4998 credentibus
2564 4942 2618 4997 in
2643 4959 2728 4998 me
2763 4961 2776 4997 :
2807 4943 3008 4999 bonum
3030 4954 3113 5000 est
3133 4943 3182 4999 ei
3210 4943 3379 5018 magis
3404 4944 3452 4999 si
3474 4940 3753 4999 circumda-

2190 5046 2339 5090 retur
2368 5036 2510 5090 mola
2537 5035 2778 5091 asinaria
2799 5035 2942 5092 collo
2970 5035 3181 5108 ejus,et
3203 5038 3256 5091 in
3281 5051 3429 5092 mare
3447 5035 3752 5091 mitteretur.

2189 5128 2260 5204 [_c,
2287 5126 2366 5201 6.]
2394 5128 2523 5184 Etsi
2557 5129 3008 5186 scandalizaverit
3040 5139 3094 5184 te
3137 5145 3326 5186 manus
3360 5139 3482 5200 tua,
3520 5123 3755 5185 abscinde

2188 5221 2336 5276 illam
2379 5237 2393 5274 :
2429 5221 2629 5276 bonum
2674 5231 2758 5277 est
2801 5222 2896 5278 tibi
2936 5221 3171 5282 debilem
3208 5221 3436 5280 introire
3481 5221 3537 5277 in
3571 5220 3752 5288 vitam,

2187 5330 2352 5387 quam
2395 5314 2532 5371 duas
2560 5330 2754 5372 manus
2785 5316 3073 5373 habentem
3120 5319 3198 5370 ire
3232 5315 3286 5374 in
3327 5316 3664 5388 gehennam,
3703 5311 3751 5364 in

2190 5410 2369 5479 ignem
2409 5403 2928 5482 inexstinguibilem.
2982 5409 3077 5482 ιρι,
3115 5408 3228 5482 10.]
3307 5409 3407 5465 Ubi
3435 5410 3628 5465 vermis
3669 5415 3752 5457 eo-

2191 5517 2312 5558 rum
2345 5517 2451 5558 non
2484 5504 2733 5570 moritur,
2763 5513 2820 5559 et
2864 5505 3006 5574 ignis
3050 5520 3161 5559 non
3206 5502 3584 5574 exstinguitur.
3624 5499 3680 5554 Et
3710 5495 3750 5548 si

2191 5615 2288 5672 pes
2314 5610 2438 5659 tuus
2459 5610 2513 5658 te
2535 5600 2894 5672 scandalizat,
2921 5610 3144 5674 amputa
3184 5603 3335 5658 illum
3379 5618 3393 5656 :
3435 5600 3628 5657 bonum
3677 5599 3747 5648 est

2183 5743 2230 5798 oi
2255 5751 2609 5817 γραμματεῖς,
2646 5743 2904 5808 Quoniam
2936 5743 3116 5798 dicunt
3154 5742 3372 5808 Scriba',
3405 5739 3541 5812 quia,
3569 5745 3666 5790 etc.
