3920 6200
204 206 306 265 597

1202 193 1659 257 EVANGELIUM
1702 193 2076 255 SECUNDUM
2119 192 2434 253 MARCUM.

3376 203 3485 265 598

208 322 304 377 tibi
330 316 573 375 claudum
601 311 820 369 introire
850 311 903 366 in
932 310 1097 366 vitam
1127 320 1410 380 mternam,
1444 328 1606 383 quam
1640 312 1776 373 duos
1804 320 1859 379 Α
1882 311 2042 370 Jesus
2063 326 2253 368 rursus
2276 312 2617 384 respondens
2644 315 2720 371 ait
2750 316 2855 373 illis
2891 335 2902 372 :
2929 317 3107 374 Filioli
3136 360 3149 383 ,
3181 334 3339 390 quam
3370 322 3476 378 dif-

204 418 372 490 pcdes
398 415 672 471 habentem
702 409 839 466 mitti
876 410 931 465 in
961 410 1268 481 gehennam
1319 414 1460 484 ignis
1508 414 1773 470 inexstin-

198 511 418 581 guibilis
447 526 462 567 ;
493 507 576 563 ubi
614 503 809 560 vermis
849 517 1038 559 eorum
1074 519 1183 561 non
1231 510 1483 572 moritur,
1538 516 1592 561 et
1633 507 1773 577 ignis

196 620 302 661 non
338 600 707 669 exstinguitur.
741 596 896 664 Quod
940 596 987 654 si
1026 599 1218 654 oculus
1267 608 1393 655 tuus
1436 598 1774 656 scandalizat

194 707 272 763 te,
315 695 454 765 ejice
498 708 619 748 eum
654 710 667 746 :
699 691 899 746 bonum
941 699 1026 747 est
1074 689 1170 746 tibi
1214 690 1428 747 luscum
1457 691 1686 749 introire
1714 692 1767 747 in

189 803 408 859 regnum
438 786 561 852 Dei,
589 800 743 856 quam
792 784 930 841 duos
972 784 1163 841 oculos
1204 784 1498 843 habentem
1535 788 1679 843 mitti
1713 788 1767 843 in

184 881 480 953 gehennam
510 879 684 948 ignis:
719 878 805 933 ubi
831 878 1037 933 vermis
1066 894 1255 935 eorum
1282 894 1391 934 non
1423 880 1681 949 moritur,
1714 891 1770 937 et

176 976 307 1045 ignis
337 987 443 1031 non
474 970 869 1040 exstinguitur.
903 970 1095 1027 Omnis
1117 972 1260 1026 enim
1290 973 1413 1041 igne
1442 972 1688 1038 salietur,
1713 982 1768 1029 et

184 1068 335 1124 omnis
358 1065 592 1120 victima
622 1072 647 1099 ιι
672 1063 788 1119 sale
816 1062 1063 1119 salietur.
1118 1064 1126 1135 Ι
1158 1077 1228 1118 cu
1254 1104 1270 1131 ,
1313 1062 1367 1117 2.
1394 1062 1410 1134 ]
1444 1063 1650 1119 Bonum
1681 1074 1766 1120 est

183 1162 251 1218 sal
275 1178 290 1225 ;
317 1158 455 1226 quod
478 1159 525 1214 si
557 1158 636 1214 sal
672 1157 938 1213 insulsum
986 1156 1171 1225 fuerit,
1221 1158 1275 1212 in
1316 1172 1426 1228 quo
1470 1157 1603 1213 illud
1631 1174 1764 1214 con-

182 1254 366 1312 dictis?
397 1252 604 1310 liabete
628 1252 681 1309 in
714 1252 872 1308 vobis
900 1252 1015 1321 sal,
1058 1260 1115 1307 et
1141 1266 1329 1323 pacem
1375 1252 1573 1309 habete
1622 1254 1764 1311 inter

186 1363 387 1511 'offiap.
406 1437 475 1497 Χ.
499 1452 611 1504 cut,
637 1434 716 1507 6.]
746 1436 814 1492 Et
843 1436 970 1492 inde
997 1357 1300 1507 exst‘trgens
1333 1436 1486 1494 venit
1532 1438 1583 1494 in
1625 1439 1762 1496 ﬁnes

184 1532 371 1591 Judscte
399 1532 537 1587 ultra
570 1531 869 1588 Jordauem
897 1550 909 1585 :
943 1540 1000 1587 et
1027 1531 1365 1588 conveniunt
1405 1534 1602 1589 iterum
1646 1543 1761 1590 tur-

184 1625 257 1681 ba:
282 1623 344 1680 ad
374 1640 495 1680 eum
525 1641 541 1682 :
578 1634 634 1681 et
673 1625 814 1681 sicut
850 1634 1244 1692 consueverat,
1284 1625 1485 1681 iterum
1528 1627 1761 1685 docebat

1878 406 2021 463 ﬁcile
2053 414 2158 471 est,
2183 405 2524 463 conﬁdentes
2554 408 2605 464 in
2638 411 2908 480 pecuniis,
2938 412 2990 467 in
3012 428 3235 485 regnum
3266 414 3362 470 Dei
3397 414 3478 472 in-

1876 500 2077 555 troire!
2113 500 2349 557 Facilius
2370 511 2454 558 est
2474 504 2738 560 camelum
2759 521 2854 577 per
2878 505 3121 563 foramen
3150 524 3279 565 acus
3301 519 3478 567 trans-

1876 592 1980 661 ire,
2014 609 2175 664 quam
2216 594 2439 652 divitem
2479 596 2685 653 intrare
2717 599 2770 653 in
2808 614 3037 671 regnum
3072 601 3187 656 Dei.
3227 602 3329 669 Qui
3360 619 3472 659 ma-

1873 688 1955 760 gis
1982 688 2421 758 admirabantur,
2454 691 2702 749 dicentes
2743 694 2811 749 ad
2857 696 3181 765 semetipsos
3214 716 3222 749 :
3256 695 3325 751 Et
3351 700 3473 768 quis

1873 790 2053 850 potest
2083 782 2265 838 salvus
2291 782 2448 839 ﬁeri?
2479 783 2548 839 Et
2571 785 2789 841 intuens
2820 787 2945 841 illos
2968 786 3147 856 Jesus,
3176 790 3251 842 ait
3278 807 3289 842 :
3318 790 3475 860 Apud

1873 874 2123 932 homines
2149 877 2492 947 impossibile
2520 887 2627 945 est,
2655 880 2750 934 sed
2776 895 2881 934 non
2909 881 3047 950 apud
3077 880 3247 937 Deum
3266 900 3276 937 :
3295 884 3476 941 omnia

1871 970 2019 1023 enim
2052 971 2336 1040 possibilia
2366 981 2494 1027 sunt
2521 972 2663 1042 apud
2691 972 2880 1029 Deum.
2912 974 2975 1027 Et
3004 974 3170 1043 cmpit
3196 975 3246 1030 ei
3278 975 3473 1031 Petrus

1870 1061 2057 1118 dicere
2088 1080 2100 1117 :
2129 1064 2268 1119 Ecce
2300 1078 2400 1119 nos
2427 1064 2739 1120 dimisimus
2768 1066 2973 1131 omnia,
3005 1076 3059 1121 et
3081 1068 3252 1122 secuti
3283 1082 3475 1125 sumus

1868 1165 1941 1212 te.
1977 1157 2091 1229 [cx,
2126 1158 2205 1227 2.]
2240 1158 2598 1229 Respondens
2626 1160 2809 1229 Jesus,
2845 1159 2920 1215 ait
2950 1175 2964 1216 :
3011 1162 3183 1217 Amen
3215 1162 3336 1217 dico
3367 1177 3464 1217 vo-

1867 1250 1988 1306 bis:
2020 1252 2189 1308 Nemo
2216 1262 2321 1321 est,
2347 1254 2436 1325 qui
2471 1255 2756 1325 reliquerit
2808 1255 3029 1310 domum
3052 1297 3066 1322 ,
3101 1265 3193 1311 aut
3232 1256 3464 1326 fratres,

1866 1352 1957 1398 aut
1981 1358 2219 1413 sorores,
2247 1353 2339 1401 aut
2364 1355 2599 1415 patrem,
2624 1354 2717 1402 aut
2746 1358 2997 1413 matrem,
3034 1356 3125 1402 aut
3158 1348 3297 1404 ﬁlios
3324 1391 3339 1415 ,
3372 1358 3466 1405 aut

1865 1450 2047 1507 agros,
2074 1448 2299 1509 propter
2330 1455 2438 1507 me,
2466 1449 2520 1496 et
2556 1449 2777 1512 propter
2808 1441 3161 1512 Evangelium
3190 1484 3204 1510 ,
3238 1444 3326 1515 qui
3356 1460 3464 1498 non

1864 1530 2098 1601 accipiat
2123 1532 2334 1588 centies
2365 1542 2581 1589 tantum
2610 1549 2752 1589 nunc
2795 1535 2847 1589 in
2892 1544 3138 1605 tempore
3188 1537 3326 1603 hoc,
3360 1538 3461 1591 do-

1864 1637 2004 1687 mos,
2037 1631 2091 1678 et
2113 1623 2333 1691 fratres,
2361 1633 2415 1680 et
2442 1640 2696 1695 sorores,
2732 1636 2787 1683 et
2816 1636 3054 1697 matres,
3103 1638 3157 1683 et
3203 1629 3342 1684 ﬁlios
3364 1672 3377 1697 ,
3410 1640 3465 1686 et

184 1719 308 1777 illus.
335 1719 400 1774 Et
423 1719 746 1776 accedentes
772 1718 1025 1791 phariszei
1049 1720 1458 1791 interrogabant
1494 1720 1521 1760 ι)
1557 1741 1570 1778 :
1604 1723 1659 1780 Si
1690 1724 1756 1778 ii-
1788 1712 1835 1771 Β
1862 1733 2047 1787 agros,
2078 1733 2201 1774 cum
2235 1718 2727 1789 persecutionibus,
2756 1731 2811 1776 et
2840 1720 2896 1775 in
2927 1722 3127 1777 sacculo
3156 1723 3337 1777 futuro
3376 1725 3462 1778 vi-

186 1813 387 1869 cetviro
416 1827 640 1870 uxorem
672 1814 952 1870 dimittere
992 1830 1006 1867 :
1054 1820 1325 1869 tentantes
1366 1829 1515 1870 eum.
1558 1818 1630 1872 At
1668 1816 1760 1873 ille

184 1906 519 1976 respondens,
554 1906 692 1961 dixit
721 1905 805 1961 eis
833 1924 846 1961 :
878 1904 1020 1973 Quid
1048 1906 1201 1962 vobis
1224 1908 1481 1976 praecepit
1509 1909 1758 1980 Moyses?

181 1998 268 2067 Qui
295 1998 544 2055 dixerunt
578 2015 591 2052 :
624 1998 837 2070 Moyses
863 1998 1108 2068 permisit
1133 1998 1373 2054 libellum
1394 1998 1602 2068 repudii
1625 2001 1761 2055 scri-

181 2090 294 2145 bere
330 2100 382 2145 et
417 2090 717 2147 dimittere.
762 2090 971 2158 Quibus
1019 2090 1357 2161 respondens
1396 2092 1595 2159 Jesus,
1631 2091 1708 2147 ait
1738 2109 1753 2147 ι

179 2182 249 2238 Ad
273 2183 519 2239 duritiam
551 2184 733 2239 cordis
762 2183 931 2239 vestri
968 2184 1182 2253 scripsit
1224 2184 1375 2240 vobis
1425 2194 1755 2255 pr.eceptum

176 2274 321 2330 istud.
347 2276 427 2331 Ab
453 2277 613 2333 initio
639 2286 822 2332 autem
843 2286 1132 2342 creaturae,
1156 2277 1462 2333 masculum
1506 2288 1560 2332 et
1602 2279 1753 2335 femi-

174 2384 295 2424 mam
327 2370 459 2425 fecit
482 2385 578 2426 eos
602 2370 769 2427 Deus.
800 2370 1028 2440 Propter
1056 2370 1159 2426 hoc
1189 2371 1645 2442 relinquethomo
1663 2387 1758 2442 pa-

174 2473 292 2519 trem
329 2478 496 2519 suum
522 2474 577 2519 et
612 2473 844 2520 matrem
874 2506 889 2533 ,
940 2473 996 2519 ct
1041 2464 1346 2520 atlhterebit
1402 2464 1468 2520 ad
1525 2480 1755 2521 uxorem

176 2571 346 2613 suam:
376 2568 437 2615 et
470 2557 764 2613 eruntduo
785 2558 840 2613 in
863 2572 1028 2614 carne
1079 2573 1205 2613 una.
1255 2557 1442 2630 Itaque
1487 2559 1601 2630 jam
1645 2575 1753 2617 non

174 2663 279 2707 sunt
304 2655 439 2720 duo,
468 2652 565 2709 sed
594 2667 701 2707 una
728 2667 878 2707 caro.
912 2652 1066 2720 Quod
1098 2667 1230 2724 ergo
1263 2654 1405 2709 Deus
1434 2654 1752 2725 conjunxit,

174 2745 315 2801 homo
335 2761 446 2802 non
475 2755 712 2816 separet.
742 2744 873 2817 [ειν.
908 2742 1021 2816 i0.]
1048 2745 1115 2800 Et
1142 2746 1195 2800 in
1227 2746 1389 2802 domo
1421 2747 1616 2802 iterum
1644 2748 1756 2803 dis-

173 2840 313 2910 cipuli
336 2842 460 2917 ejus
483 2840 551 2896 de
576 2839 771 2896 eodem
798 2840 1271 2910 interrogaverunt
1302 2855 1446 2897 eum.
1482 2839 1587 2912 [cv
1611 2884 1625 2909 ,
1663 2840 1752 2912 2.]

174 2937 233 2992 Et
253 2938 318 2993 ait
346 2938 496 2993 illis:
528 2935 865 3006 Quicumque
897 2934 1169 2991 dimiserit
1194 2950 1422 2989 uxorem
1455 2950 1609 2989 suam
1634 2976 1649 3001 ,
1692 2943 1748 2991 et

172 3032 311 3086 aliam
338 3031 587 3096 duxerit,
617 3028 948 3085 adulterium
970 3028 1266 3083 committit
1306 3042 1469 3098 super
1499 3042 1643 3082 eam.
1684 3027 1755 3081 Et

172 3122 209 3175 si
234 3139 357 3178 uxor
382 3121 665 3178 dimiserit
690 3121 863 3175 virum
892 3136 1074 3185 suum,
1101 3128 1155 3175 et
1185 3118 1275 3173 alii
1310 3120 1583 3188 nupserit,
1614 3134 1750 3174 mm-
1776 3101 1817 3167 (ἶ

175 3216 358 3272 chatur.
396 3216 528 3289 [cvt,
558 3214 641 3287 2.]
669 3214 739 3270 Et
767 3212 1072 3269 offerebant
1094 3212 1173 3267 illi
1206 3211 1458 3283 parvulos
1480 3254 1496 3281 ,
1531 3220 1592 3267 ut
1631 3220 1749 3267 tan-

172 3322 299 3380 geret
326 3313 477 3368 illos.
512 3309 773 3381 Discipuli
810 3317 991 3364 autem
1022 3307 1497 3364 cemminabantur
1512 3306 1745 3364 offeren-

172 3404 314 3473 tibus,
345 3405 498 3474 Quos
526 3419 650 3460 cum
682 3402 895 3460 videret
924 3404 1103 3469 Jesus,
1130 3402 1347 3474 indigne
1378 3403 1543 3469 tulit,
1574 3412 1627 3458 et
1674 3402 1751 3458 ait

169 3497 259 3553 illis
289 3517 303 3559 :
334 3498 514 3555 Sinite
546 3498 798 3568 parvulos
830 3496 1019 3554 venire
1049 3496 1116 3552 ad
1148 3513 1259 3566 tne,
1285 3505 1426 3553 etne
1456 3496 1749 3568 prohibue-

169 3590 273 3646 ritis
298 3606 394 3647 eos
423 3608 436 3646 :
470 3591 660 3647 talium
690 3591 837 3647 enim
868 3600 953 3647 est
984 3605 1210 3662 regnum
1248 3590 1364 3647 Dei.
1405 3592 1578 3648 Amen
1623 3590 1749 3648 dico

172 3683 642 3755 vobiszQuisquis
696 3699 807 3740 non
855 3685 1124 3755 receperit
1177 3700 1405 3755 regnum
1456 3684 1555 3742 Dei
1601 3686 1751 3742 velut

170 3777 432 3844 parvulus,
465 3793 576 3833 non
602 3776 831 3833 intrabit
854 3778 907 3832 in
939 3778 1091 3832 illud.
1126 3777 1195 3833 Et
1235 3778 1583 3847 complcxans
1614 3793 1709 3834 eos
1730 3819 1747 3845 ,

168 3878 215 3923 et
256 3872 540 3941 imponens
587 3886 780 3927 manus
827 3887 991 3943 super
1041 3873 1185 3939 illos,
1219 3871 1577 3927 benedicebat
1631 3886 1745 3929 eos.

170 3964 304 4033 [cvm
332 3963 409 4034 2.]
436 3964 501 4019 Et
529 3979 651 4019 cum
680 3979 931 4035 egressus
961 3972 1106 4019 esset
1129 3965 1181 4018 in
1213 3964 1358 4020 viam
1380 4004 1396 4031 ,
1420 3978 1751 4033 procurrens

169 4055 373 4125 quidam
398 4072 537 4128 genu
570 4056 712 4113 flexo
734 4066 859 4113 ante
885 4072 1031 4127 eum,
1064 4056 1290 4127 rogabat
1318 4071 1441 4112 eum
1462 4074 1475 4108 :
1496 4056 1752 4126 Magister

174 4148 330 4219 bone,
358 4150 483 4221 quid
514 4151 743 4218 faciam,
790 4160 847 4206 ut
891 4151 1055 4207 vitam
1111 4159 1371 4207 aeternam
1420 4149 1751 4221 percipiam?

170 4240 325 4298 iesus
351 4252 525 4301 autem
550 4244 689 4300 dixit
722 4245 773 4301 ei
798 4257 813 4300 τ
843 4245 985 4315 Quid
1013 4261 1098 4303 me
1128 4246 1264 4302 dicis
1292 4246 1540 4302 bonum?
1581 4245 1753 4302 Nemo

173 4338 363 4405 bonus,
386 4340 489 4396 nisi
511 4354 655 4395 unus
684 4340 850 4396 Deus.
884 4341 1164 4412 Praecepta
1194 4342 1336 4398 nosti
1368 4359 1382 4397 :
1415 4341 1496 4398 Ne
1542 4341 1753 4398 adulte-

175 4447 276 4500 res,
307 4433 380 4491 Ne
410 4434 650 4501 occidas,
684 4434 763 4490 Ne
795 4436 1020 4505 fureris,
1052 4435 1130 4492 Ne
1160 4437 1351 4493 falsum
1380 4436 1749 4492 testimonium

177 4526 388 4599 dixeris,
418 4530 492 4587 Ne
517 4530 765 4587 fraudem
798 4528 1014 4602 feceris,
1046 4532 1262 4586 llonora
1294 4539 1500 4603 patrem
1528 4539 1673 4585 luunt
1697 4539 1753 4586 et

180 4629 409 4677 matrem.
442 4622 513 4678 At
544 4623 636 4678 ille
662 4623 1021 4694 reSpondens,
1052 4624 1129 4679 ait
1158 4623 1236 4679 illi
1268 4641 1280 4677 :
1313 4623 1592 4695 Magister,
1633 4624 1752 4679 haec

181 4715 345 4770 omnia
373 4716 658 4773 observavi
689 4733 718 4771 a
742 4716 1030 4787 juventute
1061 4733 1201 4772 mea.
1236 4717 1420 4790 [CVII],
1465 4718 1546 4789 2.]
1595 4718 1753 4776 Jesus

182 4817 346 4864 autem
376 4811 603 4867 intuitus
628 4826 776 4877 eum,
810 4810 999 4867 dilexit
1022 4826 1167 4880 eum,
1194 4820 1247 4867 et
1277 4812 1419 4867 dixit
1446 4812 1498 4867 ei
1530 4830 1542 4867 :
1573 4813 1752 4870 Unum

184 4894 264 4952 tibi
290 4900 435 4957 deest
463 4921 475 4955 :
505 4902 679 4972 vade,
714 4918 1073 4973 quaecumque
1109 4902 1309 4969 habes,
1343 4904 1547 4971 vende,
1588 4914 1644 4961 et
1683 4904 1753 4961 da

184 4996 515 5065 pauperibus,
545 5005 601 5053 et
626 4997 850 5053 habebis
876 4998 1188 5053 thesaurum
1223 4998 1274 5054 in
1304 5001 1446 5056 coelo
1473 5018 1486 5054 :
1517 5010 1573 5057 et
1602 5003 1748 5075 veni,

186 5100 396 5160 sequere
428 5109 534 5149 me.
563 5092 698 5165 [σιμ
724 5092 805 5163 2.]
824 5094 923 5161 Qui
950 5096 1301 5150 contristatus
1331 5096 1382 5150 in
1415 5097 1599 5163 verbo,
1630 5096 1763 5152 abiit

188 5194 401 5241 mterens
433 5204 447 5241 :
477 5196 597 5242 erat
627 5186 772 5242 enim
803 5186 1009 5242 habens
1037 5188 1233 5243 multas
1258 5191 1654 5259 possessiones.
1693 5192 1760 5245 Et

188 5273 607 5350 circumSpiciens
636 5279 818 5348 Jesus,
853 5280 926 5334 ait
950 5281 1235 5351 discipulis
1268 5283 1380 5337 suis
1412 5301 1424 5339 :
1454 5283 1624 5351 Quam
1652 5281 1761 5337 dif-

190 5363 314 5423 ﬁcile
336 5371 423 5440 qui
446 5373 703 5443 pecunias
724 5373 1013 5439 habent,in
1040 5388 1264 5444 regnum
1298 5374 1391 5429 Dei
1424 5374 1756 5430 iulroibunl!

193 5456 427 5534 Discipuli
466 5476 645 5522 autem
683 5467 1150 5536 obstupescebaut
1188 5468 1239 5521 in
1284 5469 1468 5521 verbis
1513 5467 1651 5537 ejus.
1692 5467 1764 5522 At

260 5675 279 5698 ⁸⁸
305 5666 418 5740 Non
449 5671 663 5728 additur
694 5674 746 5731 in
779 5672 986 5728 nostris
1016 5684 1149 5724 mss.
1176 5671 1305 5740 sale,
1332 5669 1473 5740 quod
1498 5678 1675 5726 tamen
1708 5670 1765 5725 in

202 5735 457 5811 Plerisque
485 5743 686 5802 Graecis
710 5741 1114 5814 exemplaribus
1138 5735 1336 5798 nomen
1352 5735 1470 5798 "est.

1868 1820 1974 1865 tam
2007 1820 2287 1867 aeternam.
2317 1812 2447 1884 [ex],
2478 1811 2557 1883 2.]
2593 1814 2744 1867 Multi
2774 1822 2955 1869 autem
2977 1824 3137 1870 erunt
3162 1816 3320 1885 primi
3362 1831 3461 1872 uo-

1864 1906 2105 1972 vissimi,
2135 1914 2192 1961 et
2223 1907 2505 1962 novissimi
2540 1908 2721 1977 primi.
2757 1907 2908 1979 [cxtt,
2942 1907 3022 1979 2.]
3068 1909 3237 1963 Erant
3278 1920 3459 1966 autem

1862 1998 1917 2054 in
1952 2000 2032 2054 via
2063 2000 2422 2056 ascendentes
2447 2000 2843 2074 Jerosolymam
2878 2021 2889 2055 :
2935 2011 2988 2057 et
3019 2004 3363 2074 prazcedebat
3392 2004 3459 2058 il-

1863 2092 1944 2148 los
1974 2092 2150 2159 Jesus,
2186 2102 2239 2149 et
2271 2094 2565 2164 stupebant
2600 2113 2609 2147 :
2648 2104 2702 2150 et
2732 2106 3023 2166 sequentes
3056 2097 3343 2153 timebant.
3392 2098 3459 2153 Et

1863 2199 2148 2241 assumens
2180 2185 2377 2241 iterum
2411 2187 2732 2254 duodecim,
2779 2188 2946 2258 coepit
2982 2188 3087 2244 illis
3125 2189 3305 2245 dicere
3336 2204 3457 2260 qua)

1860 2287 2045 2333 essent
2077 2280 2125 2334 ei
2160 2287 2421 2334 eventura
2456 2295 2468 2332 :
2503 2280 2638 2346 Quia
2669 2294 2799 2334 ecce
2835 2280 3185 2334 ascendimus
3235 2281 3457 2337 Jeroso-

1860 2373 2086 2444 lymam,
2106 2380 2159 2429 et
2180 2373 2349 2429 Filius
2378 2373 2616 2428 hominis
2647 2372 2892 2428 tradetur
2915 2373 3251 2442 principibus
3278 2390 3457 2431 sacer-

1860 2466 2069 2534 dotum,
2102 2474 2159 2522 et
2178 2466 2398 2532 scribis,
2431 2477 2487 2522 et
2515 2465 2856 2532 senioribus,
2888 2474 2942 2521 et
2970 2466 3301 2522 damnabunt
3327 2483 3452 2523 eum

1859 2569 2054 2629 morte,
2079 2571 2131 2616 et
2159 2560 2371 2617 tradent
2398 2576 2520 2617 eum
2550 2559 2804 2631 gentibus
2858 2577 2871 2614 :
2923 2568 2977 2615 et
3018 2559 3243 2616 illudent
3266 2562 3349 2627 ei,
3400 2571 3455 2618 et

1858 2663 2160 2726 conspuent
2191 2670 2337 2720 eum,
2370 2660 2425 2709 et
2454 2650 2811 2721 ﬂagellabunt
2840 2667 2963 2707 eum
2992 2694 3007 2720 ,
3035 2661 3091 2707 et
3118 2653 3453 2711 interﬁcient

1858 2764 1981 2805 eum
2020 2768 2031 2803 :
2061 2758 2115 2805 et
2146 2749 2305 2804 tertia
2332 2748 2419 2802 die
2443 2756 2712 2817 resurget.
2740 2747 2912 2819 [cxm,
2960 2746 3040 2819 6.]
3082 2747 3151 2802 Et
3183 2747 3453 2803 accedunt

1854 2840 1923 2895 ad
1955 2856 2078 2897 eum
2110 2841 2347 2896 Jacobus
2375 2847 2431 2894 et
2454 2839 2693 2895 Joannes
2725 2838 2821 2893 ﬁlii
2846 2838 3118 2905 Zebedtei,
3160 2838 3405 2896 dicentes
3434 2858 3447 2893 :

1855 2933 2128 3005 Magister,
2161 2933 2436 2999 volumus,
2470 2942 2527 2986 ut
2558 2932 2943 3003 quodcumque
2966 2932 3283 3002 petierimus
3306 2974 3322 3001 ,
3365 2932 3448 2987 fa-

1855 3028 1968 3083 cias
1996 3026 2173 3083 nobis.
2199 3025 2267 3081 At
2300 3026 2395 3082 ille
2426 3026 2566 3080 dixit
2594 3026 2675 3080 eis
2713 3025 2888 3094 :Quid
2920 3027 3116 3092 vultis,
3164 3034 3222 3081 ut
3256 3026 3451 3083 faciam

1854 3121 2043 3176 vobis?
2072 3121 2140 3175 Et
2162 3120 2453 3176 dixerunt:
2487 3120 2560 3175 Da
2585 3120 2741 3175 nobis
2763 3166 2776 3190 ,
2807 3130 2865 3175 ut
2890 3137 3027 3175 unus
3059 3120 3124 3175 ad
3165 3121 3447 3176 dexteram

1853 3223 2028 3281 tuam,
2061 3224 2115 3270 et
2138 3214 2278 3270 alius
2307 3213 2373 3268 ad
2403 3213 2684 3269 sinistram
2712 3224 2855 3269 tuam
2878 3254 2893 3280 ,
2928 3213 3213 3270 sedeamus
3245 3216 3300 3269 in
3332 3216 3451 3286 glo-

1852 3308 1931 3363 ria
1962 3317 2069 3364 tua.
2105 3308 2263 3363 Jesus
2287 3316 2466 3363 autem
2500 3308 2575 3363 ait
2602 3307 2682 3363 eis
2716 3324 2730 3361 :
2773 3308 3007 3363 Nescitis
3036 3308 3164 3379 quid
3196 3310 3393 3379 petatis
3430 3329 3443 3366 :

1853 3403 2079 3473 potestis
2110 3402 2296 3457 bibere
2318 3402 2572 3469 calicem,
2605 3417 2764 3472 quem
2792 3417 2892 3472 ego
2930 3402 3058 3457 bibo
3092 3418 3104 3457 :
3153 3411 3244 3457 aut
3276 3402 3450 3473 bapti—

1852 3510 1993 3562 smo,
2020 3512 2129 3567 quo
2153 3510 2254 3567 ego
2282 3496 2532 3567 baptizor
2553 3537 2567 3564 ,
2615 3493 2916 3566 baptizari?
2962 3495 3031 3549 At
3070 3494 3151 3549 illi
3200 3495 3453 3551 dixerunt

1850 3586 1904 3643 ei
1937 3605 1949 3642 :
1976 3588 2291 3644 Possumus.
2316 3587 2475 3645 Jesus
2507 3596 2685 3643 autem
2707 3587 2886 3643 aiteis
2909 3605 2919 3640 :
2944 3587 3178 3643 Calicem
3208 3588 3454 3659 quidem,

1852 3694 2011 3751 quem
2042 3696 2141 3750 ego
2166 3680 2317 3749 bibo,
2342 3680 2547 3735 bibctis
2573 3696 2587 3747 ;
2619 3687 2674 3735 et
2702 3680 2992 3751 baptismo,
3019 3694 3127 3749 quo
3148 3694 3248 3751 ego
3278 3681 3453 3751 bapti-

1852 3788 1967 3844 zor,
1999 3774 2404 3844 baptizabimini
2429 3773 2651 3828 :sedere
2674 3783 2857 3828 autem
2887 3773 2952 3827 ad
2975 3772 3226 3828 dextram
3251 3786 3447 3841 meam,

1853 3868 1937 3923 vel
1962 3868 2027 3921 ad
2061 3866 2359 3931 sinistram,
2393 3881 2501 3921 non
2532 3874 2619 3921 est
2646 3881 2824 3921 meum
2857 3866 2987 3921 dare
3008 3864 3184 3935 vobis,
3219 3867 3313 3923 sed
3336 3867 3456 3938 qui-

1854 3964 1954 4019 bus
1979 3971 2225 4033 paratum
2257 3970 2359 4017 est.
2393 3960 2559 4033 [cxtv,
2588 3960 2670 4032 2.]
2697 3962 2762 4015 Et
2786 3961 3069 4017 audientes
3093 3960 3303 4031 decem,
3338 3977 3449 4018 coe-

1855 4063 2052 4127 perunt
2084 4055 2352 4127 indignari
2376 4054 2443 4112 de
2475 4055 2682 4111 iacebo
2708 4064 2763 4111 et
2792 4056 3026 4112 Joanne.
3069 4056 3231 4113 Jesus
3268 4065 3450 4113 autem

1854 4165 2057 4207 vocans
2085 4165 2203 4220 eos,
2238 4150 2315 4205 ait
2345 4149 2457 4206 illis
2492 4168 2504 4205 :
2542 4150 2707 4207 Scitis
2741 4150 2865 4221 quia
2910 4153 2960 4205 hi
2992 4195 3006 4220 ,
3062 4152 3151 4223 qui
3200 4152 3454 4209 videntur

1858 4245 2153 4317 principari
2197 4246 2447 4318 gentibus
2475 4288 2488 4311 ,
2530 4245 2880 4301 dominantur
2931 4247 3053 4303 eis:
3091 4255 3145 4303 et
3175 4248 3451 4318 principes

1856 4353 2044 4395 eorum
2072 4348 2395 4410 potestatem
2429 4338 2634 4394 habent
2662 4339 2927 4409 ipsorum.
2958 4338 3076 4393 Non
3116 4339 3189 4393 ita
3236 4348 3321 4394 est
3355 4355 3451 4396 au-

1858 4442 1966 4489 tem
2000 4435 2053 4488 in
2082 4433 2235 4487 vobis
2258 4474 2274 4499 ,
2307 4432 2402 4487 sed
2434 4432 2762 4502 quicumque
2804 4429 3037 4485 voluerit
3090 4429 3209 4485 fieri
3255 4432 3452 4503 major,

1785 4497 1834 4557 ι)
1861 4529 1965 4585 erit
1993 4535 2175 4585 vester
2204 4528 2453 4582 minister
2482 4544 2495 4581 :
2525 4536 2578 4582 et
2601 4526 2930 4596 quicumque
2960 4522 3194 4579 voluerit
3215 4523 3272 4579 in
3298 4526 3455 4582 vobis

1862 4622 2072 4693 primus
2102 4635 2247 4685 esse,
2277 4620 2380 4675 erit
2407 4621 2647 4674 omnium
2671 4632 2882 4673 servus.
2913 4616 3078 4689 [cxv,
3107 4617 3205 4689 4.]
3237 4617 3370 4673 Nam
3400 4628 3453 4675 et

1864 4714 2006 4773 ﬁlius
2038 4713 2276 4771 hominis
2307 4728 2412 4769 non
2445 4714 2615 4777 venit,
2643 4721 2701 4766 ut
2725 4710 3126 4765 ministraretur
3148 4710 3197 4765 ei
3224 4753 3237 4776 ,
3271 4712 3363 4767 sed
3396 4722 3456 4768 ut

1864 4810 2234 4877 ministraret,
2267 4816 2323 4863 et
2370 4807 2529 4862 daret
2557 4805 2794 4859 animam
2834 4817 2985 4858 suam
3027 4804 3456 4875 redemptionem

1865 4919 1966 4977 pro
1998 4905 2202 4959 multis.
2238 4903 2406 4977 [cxvt,
2438 4898 2518 4972 2.]
2541 4898 2609 4953 Et
2640 4899 2864 4955 veniunt
2892 4897 3141 4966 Jcricho,
3190 4908 3244 4953 et
3293 4900 3458 4970 prolL

1861 5000 2075 5054 ciscens
2106 5012 2170 5052 eo
2196 4995 2263 5051 de
2285 4994 2503 5050 Jericlto
2528 5035 2543 5059 ,
2577 5002 2631 5047 et
2658 4991 2907 5060 discipuli
2949 4990 3087 5060 ejus,
3139 5001 3194 5047 et
3226 4992 3462 5061 plurima

1863 5090 2231 5154 multitudine,
2261 5088 2404 5141 ﬁlius
2437 5085 2625 5140 Timaei
2655 5085 2973 5139 Bartimzcus
2998 5100 3200 5155 caecus,
3234 5084 3457 5140 sedebat

1859 5192 2010 5257 juxta
2043 5185 2182 5239 viam
2216 5180 2554 5236 mendicans.
2592 5180 2837 5248 Quicum
2870 5179 3111 5234 audisset
3142 5181 3267 5250 quia
3298 5178 3458 5233 Jesus

1865 5279 2194 5335 Nazartenus
2222 5282 2327 5339 est,
2353 5271 2518 5342 etrapit
2547 5273 2805 5341 clamare,
2838 5282 2891 5325 et
2929 5272 3117 5327 dicere
3156 5272 3346 5339 :Jesu,
3384 5271 3460 5325 ﬁli

1868 5372 2057 5435 David,
2089 5368 2350 5423 miserere
2382 5366 2509 5421 mei.
2536 5368 2603 5422 Et
2634 5366 3108 5422 comminabantur
3127 5369 3175 5424 ei
3206 5367 3384 5431 multi,
3409 5375 3466 5421 ttt

1870 5472 2091 5521 taceret.
2130 5462 2198 5515 At
2222 5458 2315 5513 ille
2340 5459 2512 5514 multo
2544 5460 2717 5530 magis
2748 5459 3017 5514 clamabat
3046 5477 3059 5513 :
3106 5460 3208 5515 Fili
3250 5458 3461 5525 David,

1944 5664 1973 5705 ι)
2003 5665 2102 5721 Hie
2130 5677 2262 5719 vero
2284 5661 2394 5718 duo
2408 5662 2630 5735 Regina:
2654 5677 2784 5718 mss.
2805 5678 3104 5735 pronomen
3126 5679 3241 5720 eum
3265 5659 3471 5721 addunt

1867 5739 2011 5810 quod
2043 5746 2099 5793 et
2121 5736 2363 5791 retinent
2392 5734 2569 5793 Graeci
2600 5735 2751 5792 libri.
