3920 6200
445 233 548 290 599

454 449 519 501 Ι-Σι
548 455 967 500 voeanti-rrum
995 445 1238 498 dicentes
1288 447 1338 498 ei
1393 463 1404 497 :
1465 446 1836 513 Anima-quior
1887 455 2048 498 esto:

456 555 639 608 surge,
670 548 825 594 vocat
857 549 926 592 te.
959 539 1061 604 Qui
1093 540 1338 608 projecto
1391 541 1718 593 vestimento
1765 554 1863 595 suo
1904 541 2051 595 exsi-

458 633 618 697 liens,
653 634 798 687 venit
821 631 887 686 ad
920 647 1067 686 eum.
1101 633 1167 686 Et
1199 633 1542 703 respondens
1572 632 1736 687 Jesus
1769 634 1904 686 dixit
1927 633 2002 686 illi
2038 651 2048 684 :

451 725 587 790 Quid
622 724 715 778 libi
738 724 816 778 vis
851 724 1089 778 faciam?
1116 723 1303 778 Czecus
1336 736 1515 779 autem
1541 725 1674 778 dixit
1718 728 1764 778 ei
1792 742 1804 776 :
1841 724 2056 777 Rabbo-

455 820 529 882 ni,
558 826 612 871 ut
637 818 870 872 videant.
900 817 1059 872 Jesus
1088 827 1271 872 autem
1302 819 1374 871 ait
1405 819 1479 872 illi
1509 836 1522 872 :
1559 817 1706 872 Vade
1729 862 1744 884 ,
1792 817 1924 870 ﬁdes
1963 824 2052 869 tua

456 922 509 968 te
532 912 738 965 salvum
772 912 916 966 fecit.
955 913 1018 966 Et
1057 912 1353 967 confestim
1401 913 1577 978 vidit,
1624 923 1678 966 et
1720 911 2053 981 sequebatur

452 1020 575 1061 eum
612 1006 664 1059 in
695 1005 798 1057 via.

527 1095 682 1167 [ϐαρ.
709 1094 798 1150 XI.
832 1111 998 1162 cxvtt,
1031 1094 1113 1164 2.]
1148 1097 1214 1150 Et
1250 1111 1373 1151 cum
1410 1096 1919 1166 appropinquarent
1965 1095 2055 1150 Je-

457 1191 750 1262 rosolymze
773 1197 828 1243 et
850 1189 1129 1244 Bethania:
1152 1191 1217 1244 ad
1251 1202 1488 1245 montem
1528 1191 1806 1245 Olivarum
1833 1233 1850 1260 ,
1893 1189 2056 1243 mittit

454 1286 596 1340 duos
628 1301 696 1339 ex
731 1284 1013 1353 discipulis
1044 1284 1179 1347 suis,
1210 1296 1265 1339 et
1299 1286 1373 1338 ait
1405 1285 1516 1338 illis
1549 1304 1561 1338 :
1616 1283 1693 1340 lte
1748 1283 1802 1337 in
1859 1283 2056 1337 castel-

454 1379 588 1444 lum,
613 1381 757 1449 quod
788 1388 978 1433 contra
1003 1395 1098 1432 vos
1125 1389 1229 1438 est.
1257 1390 1308 1433 et
1361 1381 1543 1434 statim
1596 1380 1942 1434 introeuntes
1998 1378 2058 1431 il-

452 1471 562 1535 lttc,
595 1472 888 1526 invenietis
915 1471 1121 1540 pullum
1157 1472 1376 1541 ligatum
1403 1512 1418 1537 ,
1467 1487 1630 1540 super
1678 1486 1838 1539 quem
1895 1486 2057 1524 nemo

454 1563 632 1618 adhuc
662 1562 942 1617 hominum
973 1563 1114 1616 sedit
1146 1564 1379 1617 :solvite
1431 1563 1582 1616 illum
1611 1607 1625 1629 ,
1680 1573 1732 1617 et
1778 1562 2054 1617 adducite.

458 1655 526 1709 Et
555 1656 599 1708 si
624 1655 746 1724 quis
779 1655 934 1709 vobis
961 1654 1196 1708 dixerit:
1242 1653 1380 1721 Quid
1424 1655 1635 1708 facitis?
1666 1655 1828 1708 dicite
1860 1698 1874 1720 ,
1929 1655 2053 1723 quia

1451 235 1506 288 Β.
1552 231 1930 290 ΠΙΕΒΟΝΥΜΙ
1971 231 2202 289 DIVINA
2245 232 2720 290 BIBLIOTHECA.

450 354 716 407 miserere
742 354 868 407 mei.
903 351 967 406 Et
996 360 1146 405 stans
1172 350 1328 404 Jesus
1354 352 1608 419 przccepit
1643 351 1794 404 illum
1825 351 2030 403 vocari.
2069 356 2117 412 Α
2149 367 2329 421 μειχν,
2361 351 2438 418 4.]
2476 351 2769 419 Propterea
2801 352 2924 406 dico
2953 352 3103 406 vobis
3129 393 3146 416 ,

3651 239 3746 297 (00

3190 354 3370 408 omnia
3396 369 3745 426 quaecumque

2156 451 2376 495 orantes
2403 443 2605 511 petitis,
2629 442 2838 497 credite
2863 443 2986 513 quia
3028 446 3307 514 accipietis
3335 488 3349 511 ,
3400 456 3458 502 et
3502 447 3748 505 evenient

2158 538 2330 589 vobis.
2366 535 2572 607 [cxxvt,
2596 535 2676 605 6.]
2711 537 2775 590 Et
2804 551 2928 591 cum
2958 537 3172 592 stabitis
3213 539 3279 591 ad
3325 538 3594 594 orandum
3621 583 3636 605 ,
3674 540 3748 596 di-

2159 630 2358 684 mittite
2382 631 2424 683 si
2453 630 2579 698 quid
2614 630 2829 685 habetis
2850 630 3112 686 adversus
3137 632 3371 702 aliquem
3411 649 3427 688 :
3461 644 3521 688 ut
3565 646 3620 690 et
3656 633 3750 689 Pao

2158 731 2244 775 ter
2269 731 2448 776 vester
2478 721 2567 787 qui
2611 721 2664 774 in
2695 722 2851 776 uelis
2877 732 2993 788 est,
3043 721 3282 776 dimittat
3333 723 3490 778 vobis
3538 738 3749 795 peccata

2156 817 2530 883 vestra.Quod
2559 817 2604 870 si
2634 831 2730 871 vos
2755 832 2862 871 non
2880 815 3200 872 dimiseritis
3219 832 3233 869 :
3253 832 3353 873 nec
3376 817 3539 874 Pater
3554 831 3746 888 vester,

2157 915 2244 983 qui
2285 913 2336 966 iu
2389 914 2546 968 caelis
2604 924 2733 979 est,
2788 912 3029 968 dimittet
3077 912 3236 968 vobis
3288 924 3504 982 peccata
3551 926 3744 971 vestra.

2160 1009 2382 1079 [cxxvtt,
2411 1006 2490 1076 2.]
2521 1008 2587 1061 Et
2609 1008 2836 1062 veniunt
2859 1022 3049 1062 rursus
3079 1007 3497 1078 Jerosolymam.
3530 1009 3592 1062 Et
3620 1024 3744 1064 cum

2158 1100 2462 1154 ambularet
2495 1100 2548 1153 in
2586 1100 2813 1168 templo,
2837 1098 3104 1153 accedunt
3154 1099 3219 1153 ad
3265 1114 3389 1154 eum
3438 1101 3632 1155 summi
3665 1115 3748 1155 sa-

2157 1195 2431 1254 cerdotes.
2452 1203 2508 1246 et
2534 1195 2748 1257 scribae,
2773 1206 2827 1249 et
2849 1195 3094 1248 seniores
3124 1214 3135 1246 :
3165 1204 3218 1247 et
3249 1194 3438 1247 dicunt
3465 1194 3618 1248 eiziu
3649 1209 3748 1264 qua

2160 1296 2429 1356 potest-ite
2459 1286 2576 1340 lizec
2609 1287 2780 1340 facis?
2806 1296 2861 1339 et
2893 1288 3016 1356 quis
3039 1285 3185 1340 dedit
3216 1286 3307 1340 tibi
3353 1284 3494 1341 hanc
3524 1295 3750 1355 potesta-

2161 1389 2290 1442 tem,
2322 1390 2375 1432 ut
2412 1381 2511 1432 ista
2542 1378 2740 1432 facias?
2767 1377 2927 1433 Jesus
2947 1388 3127 1432 autem
3156 1379 3532 1447 respondens,
3581 1379 3652 1434 ait
3689 1379 3749 1433 il-

2162 1472 2228 1526 lis
2255 1489 2269 1526 :
2301 1471 2653 1541 interrog-ibo
2684 1488 2782 1526 vos
2813 1485 2867 1527 et
2899 1489 2999 1543 ego
3031 1489 3194 1527 unum
3227 1473 3453 1528 verbum
3478 1517 3493 1539 ,
3556 1483 3612 1530 et
3667 1489 3749 1530 rc-

2160 1567 2426 1634 Spondete
2454 1567 2581 1618 mihi
2611 1584 2623 1618 :
2653 1577 2708 1619 et
2738 1565 2915 1619 dicam
2948 1566 3104 1620 vobis
3126 1566 3178 1619 in
3201 1581 3308 1636 qua
3340 1575 3598 1635 potestate
3630 1565 3745 1620 lizec

2162 1657 2378 1712 faciam.
2414 1659 2721 1722 Baptismus
2743 1657 2971 1712 Joannis
2993 1703 3006 1724 ,
3038 1657 3106 1712 de
3130 1659 3269 1713 callo
3300 1670 3435 1720 erat,
3469 1673 3534 1712 an
3557 1673 3621 1713 ex
3647 1659 3747 1712 ho-

458 1746 693 1801 Domino
720 1746 1065 1800 necessarius
1093 1755 1177 1800 est
1205 1763 1216 1798 :
1249 1756 1300 1800 et
1329 1747 1589 1801 continuo
1632 1747 1780 1800 illum
1819 1746 2055 1800 dimittet
2087 1741 2133 1800 B
2163 1753 2435 1807 minibus?
2467 1753 2813 1822 Respondete
2837 1751 2988 1807 mihi.
3014 1754 3083 1806 At
3111 1753 3517 1821 illicogitabant
3547 1766 3751 1817 secum,

457 1837 585 1892 huc.
620 1837 825 1908 [cxvun
856 1836 936 1906 2.]
966 1837 1029 1890 Et
1074 1836 1337 1891 abeuntes
1378 1838 1704 1892 invenerunt
1754 1837 1959 1906 pullum
1995 1836 2058 1890 li-

457 1941 642 2001 gatum
673 1940 799 1985 aute
823 1930 1047 1999 januam
1078 1930 1211 1985 foris
1243 1932 1294 1985 in
1328 1931 1470 1986 bivio
1498 1950 1508 1984 :
1553 1940 1608 1986 et
1651 1932 1869 1987 solvunt
1909 1946 2054 1986 eum.

458 2023 527 2079 Et
561 2023 780 2093 quidam
810 2023 879 2078 de
905 2023 1017 2076 illic
1049 2025 1322 2078 stantibus
1345 2025 1598 2079 dicebant
1621 2026 1728 2080 illis
1756 2044 1770 2080 :
1797 2026 1935 2092 Quid
1984 2024 2058 2079 fa-

458 2118 583 2171 citis
608 2118 881 2171 solventes
911 2117 1150 2186 pullum?
1177 2117 1278 2183 Qui
1304 2117 1560 2172 dixerunt
1581 2118 1660 2172 eis
1688 2117 1828 2172 sicut
1858 2132 2059 2188 praece-

460 2219 617 2280 perat
644 2209 753 2263 iliis
781 2208 963 2274 Jesus,
990 2219 1044 2263 et
1062 2208 1388 2263 dimiserunt
1414 2211 1513 2264 eis.
1545 2211 1608 2264 Et
1641 2210 1914 2264 duxerunt
1941 2210 2060 2278 pul-

461 2305 576 2360 lum
603 2305 670 2359 ad
700 2305 885 2360 Jesum
913 2324 925 2357 :
955 2316 1010 2359 et
1042 2306 1325 2374 imponunt
1357 2305 1432 2358 illi
1464 2305 1782 2359 vestimenta
1818 2319 1911 2357 sua
1946 2345 1962 2369 ,
2005 2314 2059 2358 et

458 2399 603 2455 sedit
630 2414 795 2468 super
818 2413 965 2454 eum.
993 2399 1145 2453 Multi
1173 2410 1352 2454 autem
1381 2400 1702 2455 vestimenta
1730 2415 1824 2453 sua
1852 2409 2058 2454 strave-

462 2503 587 2548 runt
614 2494 666 2547 iu
697 2494 780 2547 via
813 2511 825 2546 :
860 2494 951 2546 alii
981 2502 1161 2549 autem
1188 2493 1410 2548 frondes
1432 2494 1715 2549 ctedehant
1742 2494 1810 2548 de
1841 2495 2056 2548 arbori-

461 2588 582 2652 bus,
611 2597 665 2643 et
697 2587 1011 2642 sternebant
1048 2589 1099 2640 in
1132 2587 1430 2657 via.]cxtx,
1457 2587 1533 2656 1.]
1567 2587 2053 2656 thuipraeibant,

461 2690 515 2735 et
535 2680 628 2752 qui
658 2681 1048 2752 sequebantur,
1080 2681 1413 2743 clamabant,
1441 2681 1686 2735 dicentes
1723 2699 1734 2734 :
1761 2681 2015 2734 llosanna
2045 2700 2054 2733 ε

458 2773 787 2830 Benedictus
815 2775 906 2844 qui
934 2775 1092 2829 venit
1123 2774 1174 2828 in
1208 2774 1428 2828 nomine
1450 2773 1684 2827 Domini.
1706 2771 2056 2828 Benedictum

457 2869 602 2940 quod
633 2868 782 2924 venit
806 2884 1030 2939 regnum
1057 2869 1224 2937 patris
1257 2867 1428 2921 nostri
1459 2865 1628 2920 David
1663 2883 1676 2920 :
1707 2865 1961 2919 llosanna
2004 2865 2056 2919 in

457 2963 707 3019 excelsis.
737 2962 886 3032 [cxx,
919 2961 1000 3032 6.]
1035 2961 1104 3016 Et
1135 2962 1381 3016 introivit
1411 2959 1808 3032 Jerosolymam
1840 2961 1893 3014 in
1925 2969 2060 3015 tem-

460 3055 606 3124 plum
641 3073 654 3108 :
685 3065 740 3110 et
770 3054 1183 3124 circumspectis
1212 3054 1503 3120 omnibus,
1533 3067 1660 3109 cum
1689 3053 1798 3124 jam
1830 3067 2056 3124 vespera

2163 1847 2409 1902 dicentes
2441 1864 2456 1900 :
2495 1846 2551 1900 Si
2585 1848 2911 1910 dixerimus,
2944 1847 3014 1900 de
3041 1847 3202 1911 ccelo.
3234 1844 3617 1913 dicet:Quare
3635 1859 3755 1916 ergo

2165 1955 2270 1994 non
2295 1937 2604 1994 credidistis
2629 1940 2718 1993 ei?
2743 1948 2767 1974 ι
2792 1939 2849 1993 Si
2877 1937 3198 2004 dixerimus,
3232 1952 3299 1993 ex
3337 1936 3672 2002 hominibus,
3699 1937 3757 1990 ti-

2165 2047 2377 2087 memus
2405 2032 2686 2102 populum.
2718 2030 2920 2086 Omnes
2964 2032 3110 2086 enim
3172 2030 3442 2085 habebant
3496 2031 3755 2086 Joannem

2162 2125 2288 2194 quia
2320 2139 2449 2178 vere
2500 2124 2765 2194 propheta
2802 2133 2969 2179 esset.
3018 2125 3083 2177 Et
3121 2124 3519 2194 respondentes
3575 2125 3757 2177 dicunt

2163 2216 2329 2272 Jesu:
2364 2217 2673 2272 Nescimus.
2708 2216 2774 2270 Et
2802 2215 3140 2285 respondens
3171 2214 3328 2271 Jesus
3351 2217 3428 2269 ait
3458 2216 3569 2269 illis
3603 2233 3618 2270 :
3664 2215 3758 2269 Ne-

2163 2325 2266 2380 que
2296 2325 2397 2380 ego
2419 2311 2544 2365 dico
2566 2311 2723 2365 vobis
2752 2310 2805 2363 in
2833 2325 2938 2380 qua
2967 2319 3238 2380 potestate
3271 2311 3387 2364 haec
3415 2308 3638 2364 faciam.

2245 2402 2395 2473 [ϐαρ.
2439 2401 2555 2456 XII.
2596 2417 2818 2465 cxxviu,
2859 2401 2939 2471 5.]
2980 2401 3044 2456 Et
3076 2401 3242 2472 erepit
3267 2402 3372 2455 illis
3398 2404 3452 2455 in
3488 2400 3755 2471 parabolis

2169 2497 2317 2566 loqui
2350 2513 2363 2550 :
2395 2496 2619 2551 Vineam
2650 2497 2947 2566 pastinavit
2975 2497 3171 2560 homo,
3205 2504 3262 2549 et
3291 2494 3759 2549 circumdeditsc-

2169 2604 2310 2658 pem,
2348 2598 2403 2643 et
2430 2589 2564 2643 fodit
2592 2589 2791 2652 lacum,
2827 2599 2879 2643 et
2903 2588 3188 2642 :edilicavit
3219 2590 3412 2641 turrim
3434 2628 3450 2653 ,
3478 2599 3536 2641 et
3566 2587 3762 2640 locavit

2164 2696 2287 2736 eam
2315 2679 2595 2750 agricolis,
2624 2691 2680 2735 et
2717 2695 2945 2750 peregre
2973 2679 3250 2749 profectus
3276 2689 3378 2733 est.
3408 2678 3472 2732 Et
3518 2678 3673 2732 misit
3699 2676 3761 2730 ad

2164 2774 2434 2844 agricolas
2462 2773 2516 2827 in
2545 2781 2795 2842 tempore
2832 2787 3075 2838 servum,
3121 2781 3181 2826 ut
3216 2771 3285 2825 ab
3329 2770 3587 2841 agricolis
3618 2771 3764 2824 acci-

2165 2878 2319 2940 peret
2345 2868 2414 2923 de
2440 2869 2616 2922 fructu
2640 2869 2836 2922 vineae.
2870 2867 2971 2933 Qui
3017 2867 3420 2937 apprehensum
3460 2881 3586 2920 eum
3616 2865 3765 2920 ceci-

2164 2961 2383 3026 derunt,
2412 2971 2466 3016 et
2499 2960 2825 3015 dimiserunt
2874 2974 3126 3015 vacuum.
3175 2959 3240 3013 Et
3276 2960 3472 3013 iterum
3517 2957 3673 3012 misit
3701 2956 3763 3011 ad

2166 3053 2288 3107 illos
2337 3053 2504 3108 alium
2535 3067 2752 3108 servum
2797 3069 2809 3105 :
2859 3062 2913 3106 et
2947 3051 3102 3104 illum
3136 3050 3190 3104 in
3231 3051 3408 3121 capite
3436 3049 3764 3104 vulnerave-

459 3157 605 3204 esset
633 3147 790 3214 hora,
819 3149 951 3202 exiit
995 3149 1048 3203 in
1096 3148 1413 3204 Bethaniam
1457 3163 1580 3206 cum
1625 3147 1939 3204 duodecim.
1993 3149 2058 3202 Et
2086 3142 2132 3206 Ο
2165 3155 2323 3212 runt,
2358 3155 2413 3203 et
2443 3145 2793 3201 contumeliis
2844 3143 3161 3200 affecerunt.
3211 3145 3278 3198 Et
3327 3159 3544 3198 rursum
3593 3144 3765 3199 alium

458 3242 565 3296 alia
593 3239 683 3295 die
714 3255 837 3295 eum
883 3242 1097 3296 exirent
1130 3256 1158 3294 a
1196 3241 1452 3296 Bethania
1485 3285 1499 3307 ,
1553 3240 1763 3296 esuriit.
1807 3240 2054 3312 Cumque

458 3335 685 3388 vidisset
706 3348 735 3386 a
767 3334 926 3402 longe
955 3333 1114 3387 ficum
1148 3333 1436 3388 habentem
1463 3332 1587 3388 folia
1620 3375 1635 3399 ,
1667 3334 1813 3388 venit
1849 3335 1894 3388 si
1927 3333 2057 3404 quid

463 3427 602 3481 forte
622 3424 895 3479 inveniret
930 3425 984 3477 in
1015 3439 1098 3479 ea.
1126 3424 1346 3478 Etcum
1378 3425 1706 3480 venissetad
1734 3440 1876 3492 eam,
1923 3424 2058 3479 nihil

457 3519 671 3576 invenit
703 3526 903 3588 praeter
932 3517 1058 3573 folia
1102 3536 1116 3572 :
1162 3534 1267 3572 non
1302 3519 1448 3574 enim
1493 3528 1614 3572 erat
1661 3528 1877 3589 tempus
1929 3519 2060 3574 ﬁco-

458 3625 599 3665 rum.
626 3610 694 3665 Et
722 3610 1060 3679 respondens
1089 3609 1231 3664 dixit
1253 3611 1301 3665 ei
1333 3611 1488 3665 :Jaiu
1516 3626 1620 3665 non
1646 3611 1875 3680 atnplius
1901 3613 1951 3664 in
1980 3627 2058 3665 a2-

461 3711 673 3758 ternum
704 3719 772 3759 ex
797 3711 848 3757 te
880 3702 1120 3757 fructum
1149 3703 1436 3774 quisquam
1493 3703 1807 3758 manducet.
1859 3703 1925 3758 Et
1964 3719 2060 3758 au-

458 3796 679 3851 diebant
694 3797 947 3866 discipuli
965 3798 1280 3871 ejus.]cxxt,
1301 3797 1453 3869 1.]Ει
1471 3799 1623 3854 venit
1637 3797 2056 3870 Jerosolymam,

459 3889 528 3944 Et
549 3905 672 3946 cum
703 3890 984 3946 introisset
1019 3891 1071 3946 in
1106 3892 1365 3962 templum
1395 3937 1408 3960 ,
1464 3893 1634 3961 ccepit
1681 3891 1884 3961 ejicere
1927 3907 2058 3946 ven-

457 3983 674 4052 dentes,
707 3993 762 4038 et
791 3995 1042 4040 ementes
1083 3986 1133 4039 in
1170 3985 1410 4054 templo:
1446 3995 1500 4039 et
1543 3999 1760 4040 mensas
1806 3986 2056 4040 nuiuula-

457 4077 668 4131 riorutn
713 4084 767 4130 et
794 4075 1082 4131 cathedras
1115 4077 1466 4132 vendentium
1514 4078 1794 4132 columbas
1837 4080 2050 4134 evertit.

457 4172 525 4228 Et
553 4186 659 4227 non
690 4171 931 4236 sinebat,
955 4181 1015 4226 ut
1039 4171 1322 4241 quisquam
1353 4172 1668 4226 transferret
1691 4189 1786 4227 vas
1805 4189 1902 4243 per
1924 4183 2058 4229 tem-

459 4268 640 4339 plum:
677 4277 733 4322 et
761 4266 1013 4332 docebat,
1041 4265 1233 4320 dicens
1260 4264 1339 4320 eis
1368 4283 1382 4320 :
1406 4265 1600 4320 Nonne
1629 4268 1889 4336 scriptum
1919 4277 2004 4323 est
2037 4283 2051 4322 :

456 4361 594 4428 Quia
623 4361 818 4416 domus
846 4375 989 4427 mea,
1015 4358 1209 4414 domus
1245 4359 1508 4413 orationis
1554 4360 1834 4414 vocabitur
1874 4361 2052 4416 omni-

455 4453 557 4509 bus
579 4452 874 4522 gentibus?
903 4451 1006 4505 Vos
1033 4460 1217 4506 autem
1250 4451 1455 4507 fecistis
1487 4466 1605 4506 eam
1631 4453 1945 4521 speluncam
1973 4454 2049 4508 la-

2171 3241 2339 3303 misit,
2371 3249 2426 3295 et
2460 3240 2609 3294 illum
2639 3237 2961 3294 occiderunt
3007 3255 3021 3292 :
3053 3246 3108 3292 et
3149 3237 3335 3307 plures
3373 3236 3510 3290 alios
3543 3253 3557 3290 :
3590 3251 3764 3306 quos-

2162 3335 2287 3390 dam
2320 3334 2627 3399 caedentes,
2680 3333 2818 3387 alios
2861 3345 2992 3386 vero
3034 3330 3372 3385 occidentes.
3403 3329 3598 3385 Adhuc
3627 3344 3763 3401 ergo

2162 3444 2326 3483 unum
2354 3428 2560 3483 habens
2592 3426 2761 3481 filium
2795 3423 3181 3480 charissimum
3209 3439 3222 3476 :
3255 3431 3310 3477 et
3341 3422 3485 3477 illum
3517 3422 3672 3479 misit
3697 3422 3766 3478 ad

2161 3535 2258 3578 eos
2291 3521 2672 3583 novissimum,
2706 3518 2930 3574 dicens:
2971 3517 3096 3586 quia
3145 3515 3545 3570 reverebantur
3589 3515 3766 3570 (ilium

2162 3629 2369 3668 meum.
2400 3611 2595 3667 Coloni
2627 3618 2808 3666 autem
2841 3609 3103 3665 dixerunt
3129 3608 3196 3663 ad
3237 3608 3467 3663 invicem
3506 3625 3518 3661 :
3556 3607 3656 3661 Hic
3684 3616 3769 3662 est

2161 3708 2338 3764 haeres
2368 3725 2380 3761 :
2409 3708 2612 3773 venite,
2631 3705 2944 3762 occidamus
2964 3719 3088 3760 eum
3120 3721 3132 3758 :
3167 3713 3222 3758 et
3250 3712 3436 3758 nostra
3461 3701 3564 3756 erit
3588 3701 3770 3756 haere-

2161 3803 2324 3859 ditas.
2358 3803 2424 3857 Et
2457 3800 2936 3871 apprehendentes
2975 3813 3130 3864 eum,
3165 3795 3486 3853 occiderunt
3514 3813 3526 3849 :
3560 3805 3618 3849 et
3655 3794 3767 3864 eje-

2160 3903 2356 3951 cerunt
2381 3903 2536 3949 extra
2568 3893 2801 3948 vineam.
2845 3890 2985 3957 Quid
3016 3905 3147 3960 ergo
3187 3889 3348 3944 faciet
3391 3887 3655 3942 dominus
3691 3887 3762 3940 vi-

2162 3987 2321 4043 nete?
2351 3985 2561 4050 Veniet,
2605 3994 2660 4039 et
2703 3983 2895 4054 perdet
2924 3983 3150 4038 colonos
3183 3997 3198 4039 :
3243 3989 3300 4034 et
3340 3979 3493 4034 dabit
3540 3980 3760 4034 vineam

2159 4081 2303 4138 aliis.
2334 4079 2444 4134 Nec
2495 4079 2817 4147 scripturam
2851 4076 2991 4128 hanc
3021 4074 3230 4142 legistis
3265 4090 3278 4126 :
3313 4071 3578 4142 Lapidem
3603 4084 3759 4140 quem

2162 4173 2599 4243 reprobaveruut
2636 4169 2990 4234 aedificantes,
3041 4167 3128 4222 hic
3170 4168 3342 4221 factus
3379 4174 3466 4220 est
3492 4165 3548 4219 in
3599 4171 3759 4234 caput

2159 4265 2344 4336 anguli
2377 4284 2388 4318 :
2424 4265 2465 4320 A
2497 4263 2728 4319 Domino
2760 4261 2959 4318 factum
2989 4270 3076 4318 est
3104 4259 3243 4314 istud
3265 4300 3278 4323 ,
3305 4267 3358 4312 et
3389 4268 3474 4313 est
3503 4256 3756 4313 mirabile

2161 4359 2216 4414 in
2247 4337 2416 4412 oculis
2447 4356 2693 4411 nostris?
2739 4353 2923 4426 [exstx
2959 4394 2973 4418 ,
3028 4351 3105 4425 1.]
3148 4351 3217 4406 Et
3259 4350 3584 4420 quterebant
3634 4364 3755 4405 eum

2169 4457 2358 4504 tenere
2396 4465 2407 4498 :
2440 4455 2496 4502 et
2549 4447 2847 4500 timuerunt
2897 4443 3130 4498 turbant.
3175 4441 3565 4511 Cognoverunt
3610 4439 3755 4495 enim

457 4555 694 4599 tronum.
737 4544 901 4616 [cxxtt
933 4584 949 4609 ,
1002 4542 1079 4615 1.]
1104 4543 1226 4612 Quo
1253 4543 1462 4609 audito,
1492 4545 1764 4616 principes
1799 4545 2056 4603 sacerdo-
2085 4529 2137 4589 Ι)
2161 4539 2419 4609 quoniam
2452 4537 2521 4592 ad
2553 4551 2648 4591 eos
2692 4534 3005 4604 parabolam
3050 4533 3192 4586 hanc
3220 4532 3438 4586 dixerit.
3469 4528 3533 4585 Et
3559 4527 3752 4584 relicto

460 4646 572 4692 tum
601 4647 656 4692 et
681 4636 876 4692 scriba:
904 4635 1220 4707 quaerebant
1249 4635 1526 4707 quomodo
1556 4652 1678 4691 eum
1721 4637 2013 4707 perderent
2037 4654 2052 4690 :

458 4731 723 4787 timebant
749 4731 897 4787 enim
921 4746 1072 4798 eum,
1103 4730 1359 4801 quoniam
1395 4731 1646 4785 universa
1681 4730 1839 4785 turba
1881 4729 2054 4785 admi-

450 4826 684 4882 rabatur
713 4843 881 4898 super
905 4826 1151 4882 doctrina
1183 4825 1321 4894 ejus.
1355 4826 1567 4899 [cum
1595 4867 1612 4892 ,
1655 4825 1743 4880 10.
1770 4822 1786 4894 ]
1834 4824 1899 4878 Et
1928 4839 2051 4879 cum

453 4933 687 4991 vespera
716 4919 852 4974 facta
870 4929 1034 4984 esset,
1069 4918 1452 4989 egrediebatur
1471 4917 1540 4973 de
1561 4918 1806 4972 civitate.
1841 4917 2049 4972 Etcum

453 5027 614 5068 mane
640 5012 958 5080 transirent,
988 5013 1238 5067 viderunt
1268 5011 1428 5065 ficum
1452 5011 1659 5066 aridam
1684 5009 1880 5065 factam
1907 5024 1937 5063 a
1967 5024 2054 5063 ra-

447 5104 681 5160 dicibus.
707 5105 912 5174 ]cxxtv,
946 5103 1024 5177 6.]
1051 5105 1116 5160 Et
1139 5104 1462 5161 recordatus
1513 5103 1742 5172 Petrus,
1791 5102 1929 5158 dixit
1958 5102 2047 5158 ei:

451 5197 649 5264 Rabbi,
679 5213 808 5253 ecce
831 5198 988 5266 ficus,
1018 5199 1106 5253 cui
1141 5198 1496 5266 maledixisti,
1525 5197 1689 5254 aruit.
1727 5197 1792 5251 Et
1821 5211 2052 5266 respon-

449 5292 774 5348 denszlesus
801 5291 878 5346 ait
905 5291 1011 5346 illis
1039 5307 1052 5346 :
1081 5291 1283 5347 llabete
1338 5291 1498 5348 fidem
1547 5291 1666 5348 Dei.
1718 5291 1892 5347 Amen
1928 5289 2052 5346 dico

449 5385 628 5452 vobis,
657 5386 780 5455 quia
809 5385 1137 5456 quicumque
1168 5383 1368 5440 dixerit
1397 5383 1524 5441 huic
1554 5383 1726 5440 monti
1760 5402 1772 5436 :
1805 5383 2046 5451 Tollere,

448 5487 502 5531 et
532 5479 749 5534 mittere
781 5479 832 5533 in
861 5492 1048 5543 mare;
1081 5488 1266 5532 etnon
1291 5475 1622 5532 haesitaverit
1651 5477 1706 5532 in
1734 5475 1899 5532 corde
1921 5492 2041 5544 suo,

445 5569 540 5624 sed
559 5569 856 5626 crediderit
879 5570 1005 5641 quia
1031 5569 1413 5641 quodcumque
1441 5569 1666 5638 dixerit,
1695 5569 1808 5636 ﬂat;
1849 5568 1940 5624 fiet
1968 5568 2038 5624 ei.

2159 4649 2248 4698 eo,
2297 4633 2570 4689 abierunt.
2613 4630 2773 4704 [cxxx
2804 4673 2818 4697 ,
2848 4628 2930 4699 2.]
2963 4627 3032 4682 Et
3061 4628 3281 4682 mittunt
3310 4626 3377 4681 ad
3421 4639 3544 4681 eum
3588 4636 3756 4694 quos-

2159 4727 2284 4782 dam
2315 4741 2384 4781 ex
2413 4723 2724 4786 Pharisaeis,
2753 4731 2808 4776 et
2851 4718 3196 4786 Herodiauis,
3233 4726 3290 4772 ut
3339 4733 3463 4772 eum
3495 4723 3759 4785 caperent

2157 4821 2213 4875 in
2245 4818 2432 4874 verbo.
2457 4818 2558 4885 Qui
2589 4816 2870 4872 venientes
2897 4813 3086 4868 dicunt
3115 4813 3164 4868 ei
3200 4829 3214 4868 :
3242 4812 3522 4882 Magister,
3553 4811 3758 4867 scimus

2154 4915 2278 4986 quia
2304 4928 2472 4968 verax
2502 4926 2582 4976 es,
2630 4921 2683 4965 et
2715 4926 2821 4966 non
2853 4924 3010 4964 curas
3039 4921 3366 4979 quemquam
3403 4925 3417 4960 :
3463 4922 3567 4962 nec
3611 4907 3754 4962 enim

2159 5006 2310 5062 vides
2340 5005 2392 5060 iu
2428 5004 2618 5060 faciem
2648 5004 2950 5069 hominum,
2995 5000 3092 5058 sed
3136 5002 3188 5056 in
3222 5000 3452 5055 veritate
3481 4997 3630 5054 viam
3663 4998 3760 5053 Dei

2155 5098 2342 5154 doces.
2364 5096 2519 5153 Licet
2543 5095 2660 5151 dati
2691 5095 2949 5150 tributum
2982 5093 3210 5159 Caesari,
3235 5107 3302 5146 an
3327 5105 3435 5145 non
3460 5088 3756 5145 dabimus?

2155 5192 2257 5262 Qui
2290 5193 2469 5247 sciens
2500 5189 2796 5247 versutiam
2845 5189 3060 5244 illorum
3087 5227 3102 5251 ,
3151 5185 3226 5239 ait
3272 5183 3378 5238 illis
3415 5201 3426 5236 :
3479 5183 3624 5250 Quid
3670 5196 3756 5237 me

2154 5288 2377 5345 teutatis
2401 5286 2425 5340 ἲ
2453 5285 2643 5341 afferte
2671 5284 2806 5340 mihi
2855 5279 3164 5346 denarium,
3211 5287 3270 5333 ut
3296 5276 3540 5333 videam.
3573 5278 3647 5331 At
3676 5273 3754 5332 illi

2156 5379 2454 5434 attulerunt
2479 5379 2551 5434 ei.
2586 5376 2655 5432 Et
2693 5377 2767 5430 ait
2794 5375 2900 5431 illis
2931 5394 2944 5428 :
2973 5372 3141 5444 Cujus
3181 5378 3264 5426 est
3294 5371 3474 5439 imago
3527 5369 3672 5435 haec,
3700 5376 3752 5423 et

2156 5473 2442 5545 inscriptio
2470 5472 2494 5527 ?
2526 5471 2726 5527 Dicunt
2752 5470 2800 5525 ei
2830 5487 2842 5525 :
2874 5468 3129 5524 Caesaris.
3164 5463 3526 5534 Respondens
3573 5474 3750 5518 autem

2151 5569 2332 5638 Jesus,
2371 5569 2506 5624 dixit
2535 5568 2644 5624 illis
2679 5585 2690 5620 :
2725 5565 2958 5622 Reddite
2989 5563 3153 5634 igitur
3178 5575 3297 5632 quae
3319 5569 3448 5616 sunt
3474 5558 3707 5616 Caesaris
3732 5597 3746 5624 ,

519 5759 544 5787 ει
562 5749 714 5806 Unus
735 5750 950 5820 Regina:
974 5767 1105 5818 ms.,
1127 5752 1388 5817 dicemus;
1412 5762 1526 5810 tuin
1550 5754 1740 5823 juncto
1763 5752 2038 5809 vetustiori
2067 5750 2266 5818 altero,
2304 5750 2567 5821 timebant,
2584 5763 2682 5820 pro
2703 5747 2962 5816 timemus,
2981 5745 3133 5818 juxta
3150 5743 3402 5801 Grazcum
3432 5744 3739 5814 ἑφοϐοῡντο.
