3920 6200
170 236 231 297 601
1139 239 1585 299 EVANGELIUM
1624 240 1996 301 SECUNDUM
2036 244 2351 303 MARCUM.

3289 248 3401 306 602

167 353 307 412 (hesari
333 375 344 411 :
376 366 434 413 et
467 372 597 428 qua:
625 364 745 411 sunt
772 355 878 421 Dei,
915 355 1042 409 Deo.
1073 354 1140 409 Et
1170 357 1503 412 mirabantur
1532 370 1695 424 super
1724 360 1773 419 A
1800 358 1901 415 sub
1926 359 2153 414 obtentu
2180 359 2405 428 prolixae
2430 358 2697 414 orationis
2728 376 2739 412 :
2767 358 2818 414 bi
2842 359 3110 430 accipient
3134 362 3403 431 prolixius

169 464 228 505 eo.
252 453 302 507 Et
327 464 601 509 venerunt
628 452 690 505 ad
718 468 835 506 eum
858 450 1161 515 Sadduetei,
1186 453 1275 522 qui
1304 452 1488 507 dicunt
1518 467 1699 507 resur-

162 548 403 602 rectionem
432 562 540 601 non
567 562 686 601 esse
719 566 729 599 :
755 555 807 600 et
838 546 1250 616 interrogabant
1270 562 1394 602 eum
1418 549 1695 603 dicentes:

161 635 355 709 Magister
375 681 390 703 ,
442 641 662 711 Moyses
710 639 860 694 nobis
888 640 1127 709 scripsit,
1161 648 1222 695 ut
1272 642 1316 695 si
1347 642 1500 711 cujus
1530 641 1698 697 frater

161 743 346 788 mortuus
375 734 569 803 fuerit,
604 745 659 788 et
705 734 969 788 dimiserit
1015 749 1270 799 uxorem,
1302 744 1358 790 et
1394 736 1538 791 filios
1590 752 1697 793 non

158 826 400 894 reliquerit,
432 827 671 897 accipiet
697 827 859 882 frater
887 829 1006 897 ejus
1030 844 1252 883 uxorein
1285 830 1453 899 ipsius
1480 870 1497 898 ,
1535 839 1590 885 et
1615 846 1698 885 re-

156 919 325 973 suscitet
344 933 533 973 semen
564 918 723 973 fratri
751 934 869 973 suo.
894 920 1116 989 Septem
1140 936 1270 991 ergo
1289 922 1485 977 fratres
1509 931 1695 977 erant:

153 1016 190 1061 et
206 1014 380 1083 primus
418 1014 639 1081 accepit
673 1028 915 1078 uxorem,
945 1021 1001 1067 et
1046 1023 1294 1069 mortuus
1324 1026 1427 1080 est,
1479 1028 1584 1070 non
1612 1030 1699 1071 re-

152 1098 247 1160 licto
268 1107 487 1160 semine.
526 1106 597 1161 Et
625 1106 897 1162 secundos
940 1112 1151 1177 accepit
1181 1122 1322 1171 earn,
1367 1117 1423 1162 et
1455 1119 1699 1163 mortuus

149 1208 304 1254 est:et
328 1212 425 1252 nec
458 1198 565 1253 iste
596 1198 814 1265 reliquit
856 1214 1065 1253 semen.
1102 1199 1168 1252 Et
1201 1198 1388 1253 tertius
1417 1200 1693 1254 similiter.

148 1292 192 1347 Et
207 1300 513 1361 acceperunt
536 1305 659 1345 eam
682 1289 935 1345 similiter
955 1300 1164 1360 septem
1202 1308 1215 1344 :
1246 1300 1301 1345 et
1328 1305 1433 1345 non
1464 1291 1697 1359 relique-

144 1396 231 1443 runt
257 1400 459 1441 semen.
490 1384 794 1440 Novissima
820 1385 1065 1440 omnium
1097 1385 1348 1439 defuncta
1380 1394 1463 1440 est
1492 1395 1543 1439 et
1576 1401 1697 1438 mu-

142 1479 229 1534 lier.
257 1478 309 1532 lu
336 1480 743 1534 resurrectione
771 1494 901 1549 ergo
931 1494 1055 1533 cum
1087 1479 1510 1543 resurrexerint,
1540 1478 1697 1545 cujus

139 1572 184 1624 de
211 1571 284 1624 his
306 1572 409 1625 erit
440 1572 624 1625 uxor?
651 1581 861 1640 septem
890 1573 1032 1626 enim
1080 1571 1382 1627 habuerunt
1406 1585 1523 1625 eam
1558 1588 1695 1625 uxo-

134 1677 241 1717 rem.
272 1662 335 1716 Et
367 1663 706 1732 respondens
731 1663 912 1729 Jesus,
959 1666 1035 1717 ait
1066 1664 1173 1719 illis
1201 1681 1213 1716 :
1244 1663 1433 1718 Nonne
1464 1664 1585 1719 ideo
1607 1679 1685 1719 er-

135 1754 266 1820 ratis,
301 1770 403 1807 non
431 1754 671 1809 scientes
702 1753 1036 1823 Scripturas,
1067 1771 1241 1826 neque
1268 1756 1522 1811 \irtulem
1558 1755 1694 1810 Dei?
1728 1747 1772 1807 Β

125 1842 238 1900 Cum
271 1847 409 1901 enim
434 1863 463 1901 a
497 1847 730 1902 mortuis
757 1848 1179 1912 resurrexerint,
1231 1864 1403 1917 neque
1446 1848 1688 1914 nubent,

122 1957 284 2012 neque
311 1942 597 2008 unbentur,
634 1944 730 1998 Sed
770 1952 896 1998 sunt
926 1946 1065 1998 sicut
1113 1945 1287 2013 angeli
1328 1946 1380 1998 in
1407 1945 1580 1999 coelis.
1618 1944 1694 1999 De

118 2038 329 2090 mortuis
362 2047 542 2091 autem
571 2038 713 2105 quod
741 2048 1056 2109 resurgant,
1094 2054 1198 2093 non
1229 2039 1434 2107 legistis
1476 2040 1526 2092 in
1554 2039 1693 2093 libro

116 2125 288 2198 Moysi,
319 2142 485 2197 super
511 2128 703 2183 rubum
733 2130 1007 2199 quomodo
1033 2131 1232 2186 dixerit
1269 2132 1347 2185 illi
1382 2131 1548 2199 Deus,
1612 2133 1692 2185 in-

114 2222 292 2289 quiens
322 2239 334 2275 :
365 2222 478 2292 Ego
520 2237 639 2276 sum
666 2222 807 2277 Deus
836 2222 1144 2289 Abraham,
1176 2235 1229 2278 et
1272 2224 1410 2279 Deus
1438 2225 1607 2289 Isaac,
1640 2234 1696 2279 et

116 2318 242 2374 Deus
263 2318 477 2375 Jacob?
504 2320 619 2376 Non
643 2331 729 2378 est
754 2323 895 2379 Deus
920 2334 1284 2387 mortuorum,
1305 2324 1401 2378 sed
1425 2324 1691 2379 vivorum.

114 2408 202 2466 Vos
234 2427 369 2483 ergo
423 2415 651 2470 multum
698 2419 919 2472 erratis.
975 2418 1191 2491 [exxxr,
1243 2416 1321 2485 6.]
1355 2418 1420 2472 Et
1462 2419 1697 2475 accessit

111 2517 235 2559 unus
260 2504 330 2560 de
357 2507 556 2562 scribis
579 2549 592 2571 ,
626 2509 716 2578 qui
745 2510 990 2567 audierat
1032 2512 1155 2565 illos
1202 2510 1611 2581 conquirentes,
1639 2521 1694 2568 et

109 2603 128 2631 ⁸
157 2597 349 2653 videns
377 2602 636 2670 quoniam
684 2602 822 2657 bene
855 2604 958 2658 illis
990 2604 1358 2675 responderit,
1393 2606 1693 2676 interroga-

104 2690 169 2743 vit
201 2708 327 2746 eum
359 2695 504 2765 quod
536 2706 681 2751 esset
711 2698 939 2765 primum
966 2700 1209 2754 omnium
1235 2701 1569 2759 mandatum.
1599 2703 1689 2756 Je»

101 2796 183 2837 sus
204 2795 393 2841 autern
428 2788 708 2857 respondit
731 2790 779 2843 ei
806 2807 818 2843 :
844 2790 983 2857 Quia
1008 2792 1241 2860 primum
1275 2795 1517 2847 omnium
1544 2810 1695 2848 man-

100 2874 279 2931 datum
302 2888 421 2933 est:
451 2880 611 2946 Audi,
645 2880 828 2947 Israel,
867 2883 1127 2939 Dominus
1153 2886 1295 2940 Dens
1322 2885 1348 2923 δ
1375 2898 1518 2952 tuus,
1550 2888 1693 2942 Deus

100 2984 231 3027 unus
262 2984 349 3028 est
380 2994 393 3028 :
425 2984 479 3030 et
509 2976 702 3046 diliges
746 2977 1033 3033 Dominum
1067 2980 1236 3035 Deum
1289 2990 1435 3033 tttnm
1468 2996 1534 3034 ex
1580 2990 1693 3036 toto

99 3066 257 3122 corde
285 3076 400 3135 tuo,
423 3079 561 3125 etex
592 3078 699 3126 tota
722 3073 903 3127 anima
929 3085 1037 3141 tua,
1058 3082 1113 3128 et
1133 3090 1196 3128 ex
1223 3082 1337 3128 tota
1366 3084 1549 3129 mente
1580 3084 1691 3138 tua,

1793 452 2083 523 judicium.
2134 453 2201 507 Et
2239 452 2438 508 sedens
2491 452 2649 508 Jesus
2696 463 2884 509 contra
2917 454 3400 526 gazophylacium,

1799 542 2106 612 aspiciebat
2131 543 2406 613 quomodo
2440 544 2597 598 turba
2618 544 2850 614 jactaret
2882 560 2954 598 ass
2982 546 3034 599 in
3060 546 3401 618 gazophyla-

1797 640 1937 693 cium
1972 655 1986 694 :
2019 648 2074 693 et
2098 639 2254 693 multi
2283 639 2479 695 divites
2504 639 2788 708 jactabant
2822 640 3011 695 multa.
3047 638 3181 694 Cum
3215 642 3401 697 venis-

1801 740 1885 787 set
1939 742 2121 786 autem
2172 731 2335 786 vidua
2388 747 2494 787 una
2544 747 2783 803 pauper,
2842 734 2987 786 misit
3031 731 3139 787 duo
3169 732 3399 805 minuta,

1799 825 1943 895 quod
1971 833 2055 880 est
2074 825 2347 895 quadrans
2390 841 2405 883 :
2450 834 2504 879 et
2552 838 2864 879 convocans
2895 825 3192 894 discipulos
3242 841 3391 892 suos,

1799 922 1868 976 ait
1904 922 2011 977 illis
2048 938 2060 975 :
2095 922 2266 977 Arnen
2289 922 2411 977 dico
2435 922 2614 987 vobis,
2638 922 2893 989 quoniam
2923 921 3087 976 vidua
3122 925 3240 978 haec
3266 938 3400 989 pauo

1800 1030 1895 1085 per
1924 1016 2047 1086 plus
2070 1017 2323 1070 omnibus
2356 1016 2533 1083 misit,
2564 1016 2657 1085 qui
2690 1016 2955 1069 miserunt
2983 1013 3036 1067 in
3066 1016 3402 1087 gazophyla-

1799 1108 1967 1162 cium.
2001 1109 2200 1163 Omnes
2232 1109 2376 1163 enitn
2409 1122 2475 1163 ex
2506 1123 2591 1171 eo,
2624 1107 2765 1178 quod
2796 1107 3109 1161 abundabat
3139 1109 3269 1174 illis,
3300 1109 3404 1163 mi-

1798 1208 1992 1255 serunt
2023 1217 2038 1255 :
2066 1201 2184 1255 lucc
2205 1216 2337 1254 vero
2361 1200 2426 1254 de
2451 1200 2678 1270 penuria
2708 1214 2805 1254 sua
2834 1201 3017 1254 omnia
3042 1215 3160 1271 quae
3189 1200 3403 1272 habuit,

1798 1291 1944 1347 misit
1974 1301 2144 1346 totum
2188 1291 2394 1347 victum
2426 1306 2608 1347 suum.

1870 1385 2022 1457 [ϐαρ.
2068 1384 2209 1440 XIII.
2253 1400 2505 1453 cxxxvtt,
2544 1384 2625 1457 2.]
2659 1386 2727 1442 Et
2772 1402 2893 1442 cum
2942 1385 3295 1457 egrederetur
3332 1387 3401 1444 de

1800 1480 2025 1549 templo,
2074 1480 2151 1533 ait
2201 1479 2277 1533 illi
2321 1495 2460 1533 unus
2490 1494 2558 1535 ex
2591 1479 2874 1550 dixCiDUliS
2913 1480 3028 1535 suis
3066 1498 3077 1533 :
3109 1480 3401 1551 Magister,

1799 1573 1979 1643 aSpice
2007 1573 2193 1643 quales
2227 1573 2465 1643 lapides,
2497 1585 2552 1628 et
2592 1575 2783 1644 quales
2829 1585 3139 1631 structurae.
3195 1576 3264 1630 Et
3301 1591 3393 1631 re-

1799 1669 2075 1738 Spondens
2100 1668 2279 1735 Jesus,
2327 1671 2401 1724 ait
2449 1670 2529 1724 illi
2562 1687 2574 1722 ;
2610 1671 2773 1726 Vides
2817 1672 2913 1726 bas
2943 1686 3135 1726 omnes
3174 1685 3400 1741 magnas

1799 1763 2188 1819 aedificationes
2217 1763 2239 1817 ?
2269 1763 2385 1819 Non
2413 1765 2753 1834 relinquetur
2782 1766 2921 1835 lapis
2944 1780 3113 1833 super
3135 1765 3397 1835 lapidem,

1799 1855 1889 1924 qui
1921 1869 2025 1907 non
2059 1854 2394 1911 destruatur.
2442 1856 2714 1926 [cxxxvur
2744 1896 2759 1920 ,
2814 1854 2896 1926 2.]
2931 1856 2996 1910 Et
3026 1870 3147 1909 cum
3182 1854 3404 1911 sederet

1799 1950 1853 2004 in
1886 1961 2071 2004 monte
2095 1948 2374 2005 Olivarum
2408 1959 2600 2004 contra
2636 1951 2895 2019 templum
2926 1991 2941 2015 ,
2991 1949 3402 2021 interrogabant

1797 2057 1918 2097 eum
1951 2043 2245 2111 separatim
2279 2042 2493 2107 Petrus,
2537 2051 2592 2097 et
2631 2043 2891 2109 Jacobus,
2946 2050 3002 2096 et
3031 2043 3293 2106 Joannes,
3344 2048 3401 2096 et

1796 2134 2044 2190 Andreas
2075 2153 2087 2188 :
2112 2136 2207 2189 Die
2235 2135 2416 2201 nobis,
2449 2136 2666 2205 quando
2690 2137 2785 2189 ista
2814 2135 2992 2190 fient?
3022 2145 3076 2190 et
3110 2136 3254 2206 quod
3282 2135 3396 2204 sig-

1798 2245 1924 2287 num
1957 2230 2085 2295 erit,
2111 2228 2328 2297 quando
2356 2228 2471 2282 haec
2493 2229 2671 2282 omnia
2708 2230 2968 2299 incipient
2990 2225 3400 2283 consummari?

1800 2324 1864 2378 Et
1894 2322 2232 2392 respondens
2270 2322 2430 2376 Jesus
2459 2323 2629 2391 coepit
2658 2322 2843 2376 dicere
2874 2323 2982 2375 illis
3034 2342 3047 2377 :
3096 2322 3292 2376 Videte
3320 2338 3391 2377 ne

1796 2417 1918 2487 quis
1957 2432 2052 2470 vos
2084 2415 2308 2470 seducat
2353 2433 2366 2468 :
2424 2416 2577 2469 multi
2626 2416 2771 2469 enim
2802 2415 3023 2469 venient
3063 2414 3117 2468 in
3162 2413 3384 2469 nomine

1797 2526 1920 2566 meo
1951 2510 2220 2575 dicentes,
2259 2510 2381 2579 quia
2433 2523 2535 2579 ego
2565 2524 2683 2563 sum
2718 2528 2731 2562 :
2777 2518 2831 2562 et
2874 2508 3074 2561 multos
3105 2508 3389 2563 setluecnt.

1798 2603 1934 2659 Cum
1962 2602 2243 2658 audieritis
2274 2610 2451 2656 autem
2486 2602 2625 2655 bella
2650 2643 2663 2665 ,
2697 2611 2749 2655 et
2780 2600 3066 2671 Opiniones
3091 2598 3394 2664 bellorum,

1798 2712 1866 2752 ne
1899 2697 2190 2751 timueritis
2220 2713 2231 2751 :
2259 2706 2478 2767 oportet
2500 2696 2645 2750 cnim
2688 2696 2807 2751 bare
2834 2696 2951 2751 fieri
2986 2712 2999 2749 :
3030 2694 3125 2750 sed
3157 2694 3396 2750 nondum

1798 2788 1943 2844 finis.
1978 2788 2414 2858 Exsurgetenim
2438 2802 2571 2857 gens
2593 2796 2781 2841 contra
2811 2799 3048 2858 gentem,
3085 2796 3140 2842 et
3167 2802 3393 2857 regnum

1795 2896 1961 2952 super
1988 2898 2241 2951 regnum,
2272 2889 2327 2935 et
2357 2891 2517 2936 erunt
2542 2890 2698 2936 terra:
2729 2890 2909 2935 motus
2942 2896 3040 2950 per
3069 2882 3211 2946 loca,
3239 2890 3292 2935 et
3317 2879 3395 2935 fa-

1796 2990 1933 3031 mes.
1989 2974 2206 3029 Iuitium
2262 2974 2511 3029 dolorum
2571 2974 2707 3028 lure.
2768 2974 3031 3046 leuam,
3068 2974 3145 3043 l.|
3197 2973 3392 3029 Videte

1798 3078 1979 3125 autem
2011 3070 2385 3138 vosmetipsos.
2420 3068 2662 3122 Tradcut
2706 3068 2848 3122 enim
2881 3083 2976 3120 vos
3022 3070 3073 3122 in
3104 3068 3355 3123 conciliis
3376 3110 3392 3135 ,

98 3168 141 3211 et
160 3175 227 3215 ex
260 3170 371 3216 tota
402 3164 605 3219 virtute
640 3174 749 3219 tua.
798 3166 908 3221 Hoc
939 3178 1023 3221 est
1057 3168 1294 3237 primum
1346 3167 1687 3224 mandatum.
1718 3134 1763 3195 Ο
1798 3168 1924 3221 etin
1953 3168 2241 3237 synagogis
2271 3163 2619 3234 vapulabitis,
2655 3175 2709 3218 et
2752 3174 2878 3218 ante
2910 3163 3171 3233 prtesides
3205 3170 3259 3217 et
3299 3176 3393 3218 re—

98 3248 402 3309 Secundum
428 3266 608 3311 autem
639 3258 823 3313 simile
853 3270 935 3313 est
968 3260 1043 3314 illi
1078 3277 1088 3312 :
1140 3259 1340 3329 Diliges
1385 3261 1689 3328 proximum

98 3352 245 3401 tuum
281 3358 549 3419 tamquam
587 3351 842 3420 teipsum.
875 3352 1043 3419 Majus
1074 3353 1262 3406 horum
1292 3352 1438 3406 aliud
1471 3354 1691 3407 manda—

98 3443 197 3492 tum
232 3454 343 3494 non
375 3449 477 3495 est.
513 3442 755 3514 [cxxxu,
790 3440 903 3512 10.]
939 3443 1003 3496 Et
1038 3444 1115 3496 ait
1148 3443 1221 3497 illi
1268 3443 1443 3497 scriba
1474 3462 1484 3497 :
1521 3443 1686 3511 Bene,

98 3528 375 3603 Magister,
396 3533 449 3589 iu
484 3535 709 3591 veritate
737 3534 1088 3606 dixisti,quia
1120 3551 1260 3591 unus
1278 3546 1360 3593 est
1393 3547 1415 3575 ο
1441 3537 1603 3603 Deus,
1635 3547 1690 3595 et

98 3634 192 3679 non
206 3634 294 3680 est
314 3628 451 3682 alius
467 3635 823 3698 praetereum.
842 3627 1330 3699 Etutdiligaturex
1361 3640 1473 3685 t0to
1487 3630 1651 3685 corde
1670 3674 1684 3697 ,

98 3724 141 3770 et
166 3732 233 3772 ex
260 3730 374 3776 toto
401 3720 705 3787 intellectu,
724 3731 776 3776 et
794 3736 864 3776 ex
883 3729 993 3775 tota
1015 3722 1215 3789 anima,
1239 3732 1291 3778 et
1319 3739 1382 3777 ex
1406 3731 1513 3777 tota
1537 3721 1690 3778 forti-

99 3809 275 3865 tudine
292 3829 305 3865 :
325 3826 379 3867 et
392 3813 621 3885 diligere
635 3814 935 3883 proximum
953 3821 1223 3883 tamquam
1237 3816 1499 3884 seipsum,
1515 3817 1689 3884 majus

98 3914 169 3958 est
216 3908 474 3964 omnibus
521 3908 1051 3964 bolocautomatibus
1096 3920 1148 3964 et
1186 3911 1487 3966 sacrificiis.
1529 3912 1688 3968 Jesus

98 4008 271 4055 autem
323 4002 516 4059 videns
569 4003 714 4075 quod
764 4005 1038 4073 sapienter
1084 4006 1457 4075 respondisset
1488 4046 1501 4067 .
1554 4007 1690 4061 dixit

100 4085 162 4144 illi
212 4110 226 4146 :
278 4095 397 4150 Non
449 4111 508 4151 es
560 4098 719 4168 longe
762 4113 790 4151 a
836 4112 1004 4166 regno
1047 4097 1161 4152 Dei.
1193 4098 1461 4170 |cxxxur,
1504 4097 1586 4167 2.]
1624 4098 1689 4152 Et

100 4194 247 4240 nemo
285 4191 396 4257 jam
422 4191 656 4247 audebat
682 4206 805 4246 eum
840 4191 1197 4262 interrogare.
1231 4193 1379 4264 [cxx]
1402 4206 1477 4257 tv,
1510 4190 1590 4263 2.]
1622 4191 1689 4247 Et

102 4282 432 4348 respondens
462 4282 647 4350 Jesus,
678 4284 928 4351 dicebat,
962 4285 1165 4340 docens
1194 4286 1243 4339 in
1277 4285 1474 4353 templo
1501 4302 1513 4338 :
1542 4285 1689 4352 Quo-

100 4368 249 4425 modo
270 4371 460 4429 tlieunt
480 4375 695 4441 scribae,
724 4373 996 4430 Christum
1022 4377 1188 4432 lilium
1212 4392 1335 4432 esse
1350 4376 1553 4432 David?
1574 4378 1687 4446 ipse

101 4460 233 4516 cnim
276 4464 446 4521 David
478 4468 605 4522 dicit
654 4470 706 4522 in
738 4468 943 4538 Spiritu
983 4480 1172 4525 saneto
1203 4488 1215 4523 :
1255 4469 1399 4523 Dixit
1428 4470 1686 4525 Dominus

1795 3276 1889 3331 ges
1912 3261 2126 3316 stabitis
2149 3270 2370 3330 prepter
2386 3275 2490 3325 me,
2520 3260 2569 3313 iu
2597 3260 2970 3313 testimonium
2996 3258 3293 3331 illis.[cx1.,
3311 3257 3392 3327 6.]

1795 3354 1862 3409 Et
1895 3357 1947 3410 in
1972 3370 2160 3410 omnes
2186 3365 2374 3425 gentes
2401 3355 2631 3422 primum
2661 3362 2881 3422 oportet
2906 3352 3192 3423 prmdicari
3216 3353 3391 3406 Evan-

1793 3447 2012 3517 gelium.
2046 3447 2221 3517 [cxu,
2255 3446 2334 3517 2.]
2364 3447 2429 3500 Et
2469 3462 2592 3502 cum
2633 3446 2887 3501 duxerint
2936 3459 3036 3498 vos
3090 3445 3391 3509 tradentes,

1794 3539 1967 3595 nolite
1998 3540 2350 3608 praecogitare
2376 3539 2503 3609 quid
2538 3539 2831 3608 loquamini
2860 3556 2871 3592 :
2908 3537 3002 3594 sed
3033 3538 3172 3608 quod
3204 3537 3391 3594 datum

1793 3632 1950 3686 vobis
1982 3631 2143 3685 fuerit
2171 3629 2225 3684 iu
2256 3630 2347 3685 illa
2379 3630 2535 3696 hora,
2568 3630 2618 3685 id
2655 3632 2957 3701 loquimini.
2985 3630 3100 3685 Non
3126 3629 3271 3685 enim
3295 3645 3394 3685 vos

1793 3725 1925 3781 esris
1953 3724 2257 3793 loquentes,
2291 3724 2385 3779 sed
2420 3724 2661 3793 Spiritus
2706 3735 2949 3779 sanctus.
2987 3724 3193 3778 Tradet
3211 3734 3392 3778 autem

1792 3819 1959 3875 frater
1988 3818 2204 3872 fratrem
2237 3817 2289 3871 in
2321 3827 2572 3881 mortem,
2609 3828 2659 3871 et
2688 3828 2842 3885 pater
2888 3817 3055 3871 filium
3090 3834 3104 3869 :
3154 3825 3210 3873 et
3262 3831 3396 3873 con-

1792 3921 2017 3981 surgent
2062 3909 2158 3963 filii
2188 3909 2241 3962 in
2269 3917 2553 3979 parentes,
2595 3918 2650 3963 et
2701 3918 2876 3964 morte
2906 3907 3151 3964 aflicient
3177 3923 3293 3964 eos.
3331 3910 3399 3965 Et

1792 4003 1946 4059 eritis
1977 4001 2105 4057 odio
2134 4001 2390 4056 omnilms
2441 4010 2663 4069 prepter
2710 4017 2902 4055 nomen
2937 4017 3138 4057 meum.
3172 4001 3273 4068 Qui
3299 4017 3395 4057 au-

1794 4106 1900 4152 tem
1944 4095 2264 4150 sustinuerit
2302 4094 2351 4148 in
2387 4094 2569 4159 linem,
2617 4095 2703 4150 hic
2726 4096 2907 4150 salvus
2935 4097 3057 4150 erit.
3092 4095 3276 4169 laxati,
3304 4094 3383 4166 6.]

1792 4191 1923 4245 Cum
1957 4197 2136 4242 autem
2182 4187 2427 4242 videritis
2473 4187 2933 4243 abominationem
2983 4187 3383 4253 desolationis,

1791 4288 2028 4337 stantem
2058 4279 2147 4334 ubi
2177 4296 2281 4333 non
2308 4280 2470 4334 debet
2504 4299 2516 4334 :
2547 4282 2637 4349 qui
2668 4280 2817 4348 legit,
2850 4280 3148 4347 intelligat:
3177 4278 3386 4348 [CXLIII,

1790 4377 1870 4447 2.]
1905 4388 2029 4431 tunc
2055 4375 2145 4445 qui
2179 4374 2231 4428 in
2276 4373 2458 4429 Iudaea
2492 4382 2637 4437 sunt,
2694 4372 2900 4442 fugiant
2934 4374 2983 4425 in
3035 4380 3250 4425 montes
3279 4387 3291 4422 :
3327 4376 3386 4423 et

1792 4468 1881 4539 qui
1913 4484 2075 4537 super
2111 4475 2339 4531 tectum,
2371 4480 2439 4520 ne
2466 4463 2759 4519 descendat
2792 4465 2842 4517 in
2888 4462 3106 4515 domum
3135 4501 3148 4525 ,
3181 4474 3279 4513 nec
3308 4460 3393 4513 in-

100 4548 327 4615 Domino
350 4577 493 4631 meo,
516 4562 647 4618 sede
667 4578 695 4616 a
729 4563 940 4619 dextris
971 4563 1129 4629 meis,
1155 4564 1330 4620 donec
1359 4579 1554 4633 ponam
1582 4564 1685 4618 ini-
1715 4529 1768 4589 D
1794 4572 1996 4625 troeat,
2030 4570 2087 4617 ut
2119 4560 2273 4616 tollat
2300 4558 2429 4629 quid
2476 4559 2542 4611 de
2568 4557 2735 4612 domo
2783 4570 2877 4609 sua
2911 4572 2922 4607 :
2956 4564 3009 4608 et
3030 4551 3124 4624 qui
3179 4552 3229 4605 in
3259 4567 3391 4622 agro

92 4652 257 4705 micos
280 4663 405 4711 tuos
426 4656 722 4713 scabellum
745 4658 939 4727 pedum
967 4668 1199 4713 tuorum.
1218 4657 1335 4728 Ipse
1355 4673 1485 4728 ergo
1509 4657 1684 4713 David

92 4737 216 4799 dicit
241 4762 366 4803 eum
391 4750 702 4821 Dorninnm,
733 4760 787 4807 et
812 4751 952 4807 unde
976 4763 1056 4808 est
1080 4751 1221 4807 filius
1242 4752 1395 4821 ejus?
1422 4752 1489 4806 Et
1516 4752 1684 4807 multa

88 4836 241 4892 turba
273 4857 397 4896 eum
431 4843 669 4899 libenter
719 4845 949 4899 audivit.
989 4845 1216 4918 [cxxxv,
1250 4844 1331 4915 2.]
1377 4845 1444 4899 Et
1468 4844 1687 4900 dicebat

82 4926 161 4981 Eis
194 4930 247 4985 in
273 4932 524 4989 doctrina
561 4951 655 4990 sua
689 4952 703 4991 :
738 4935 940 4992 Cavete
969 4953 998 4992 a
1021 4937 1238 5003 scribis,
1267 4937 1359 5008 qui
1404 4938 1594 4992 volunt
1630 4937 1683 4992 in

72 5024 235 5079 stolis
266 5027 573 5097 ambulare,
607 5037 663 5087 et
689 5030 913 5085 salutari
954 5032 1005 5085 in
1030 5031 1168 5095 foro,
1201 5041 1254 5086 et
1282 5032 1333 5085 in
1368 5030 1557 5100 primis
1594 5046 1686 5086 ca-

65 5112 291 5175 lliedris
323 5122 521 5180 sedere
550 5124 605 5179 in
634 5123 950 5196 synagogis,
982 5135 1036 5179 et
1059 5126 1259 5193 primos
1289 5124 1594 5179 discubitus
1629 5125 1683 5181 in

50 5211 297 5270 anis:
330 5215 584 5289 [cxxxvr,
621 5215 702 5287 8.]
734 5217 825 5287 qui
869 5217 1127 5273 devorant
1169 5219 1360 5273 domos
1392 5217 1682 5274 viduarum

115 5405 172 5475 ﬁ
215 5398 276 5454 In
310 5400 607 5475 Martianaai
636 5401 881 5475 editione
909 5410 1026 5475 erat
1061 5401 1294 5475 plurium
1326 5414 1596 5475 numero,
1629 5409 1677 5455 et

24 5461 317 5543 fidentes
348 5517 363 5541 ,
409 5474 551 5543 quod
602 5484 656 5530 et
689 5474 894 5529 Latinis
929 5461 1145 5528 aliis-et
1182 5472 1385 5529 Grzecis
1418 5470 1679 5527 omnibus

52 5520 679 5616 ιψηέζίείτξειῑῑίρξδ
689 5520 893 5601 ’έεῆξιῇ
918 5520 1241 5614 iussn;

158 5606 179 5645 δ
213 5606 275 5670 In
314 5632 422 5673 uno
444 5606 664 5688 Regina:
700 5632 801 5672 ms.
830 5624 1002 5671 noster
1026 5606 1278 5688 proruas,
1313 5614 1679 5688 quemadmo-

94 5669 196 5762 dum
219 5698 290 5762 et
317 5669 776 5762 assistant;
792 5669 1008 5762 codices
1023 5669 1344 5762 :priereru'nt‘
1360 5669 1526 5762 ita...

155 5760 173 5790 ο
212 5759 407 5817 Nostri
432 5756 564 5817 mss.
596 5756 792 5819 nomen
816 5758 988 5829 Deus,
1023 5758 1111 5816 hic
1136 5756 1419 5833 omittunt,
1448 5756 1594 5833 quod
1623 5766 1678 5813 et

1793 4656 1919 4720 erit,
1956 4672 2059 4710 non
2089 4666 2390 4710 revertatur
2414 4660 2559 4706 retro
2584 4649 2774 4704 tollere
2800 4648 3182 4703 vestimentum
3206 4660 3388 4701 suum.

1795 4751 2001 4823 [cxuv,
2026 4748 2109 4821 2.]
2137 4748 2230 4803 Va:
2277 4755 2457 4803 autem
2493 4742 2897 4816 praegnantibus
2930 4748 2986 4794 et
3023 4736 3391 4794 nutrientibus

1795 4843 1847 4897 in
1882 4843 1989 4897 illis
2021 4842 2235 4897 (lit-bus.
2272 4841 2462 4911 [exnv,
2496 4836 2573 4907 6.]
2602 4838 2766 4891 Orate
2796 4849 2951 4897 vero,
2978 4842 3036 4887 ut
3060 4832 3254 4902 hyeme
3280 4847 3389 4885 non

1796 4936 1947 4990 fiant.
1985 4932 2193 5005 [chvt,
2220 4931 2298 4999 2.]
2328 4932 2506 4985 Erunt
2532 4929 2676 4984 enim
2704 4927 2819 4982 dies
2849 4927 2922 4980 illi
2952 4924 2976 4962 ά
3004 4924 3388 4979 tribulationcs

1795 5029 1955 5095 tales,
1990 5028 2178 5095 quales
2210 5041 2315 5078 non
2346 5024 2567 5078 fuerunt
2597 5021 2667 5075 ab
2710 5020 2863 5075 initio
2898 5027 3187 5083 creaturtc,
3227 5031 3392 5088 quam

1793 5122 2031 5181 condidit
2056 5122 2217 5186 Dens,
2241 5133 2410 5187 usque
2437 5133 2601 5183 nunc,
2628 5130 2801 5184 neque
2828 5114 3203 5187 lient.|cxr.vn,
3223 5110 3303 5181 6.]
3326 5112 3391 5168 Et

1792 5218 1894 5274 nisi
1920 5213 2218 5272 breviasset
2239 5212 2498 5267 Dominus
2520 5209 2658 5278 dies,
2688 5224 2795 5263 non
2819 5207 3011 5263 fuisset
3037 5207 3185 5265 salva
3211 5205 3392 5261 omnis

1783 5401 1837 5456 in
1869 5400 2075 5455 Grzecis
2118 5394 2442 5468 quibusdam
2467 5392 2870 5468 exemplaribus
2895 5398 3060 5468 tacet.

1855 5469 1880 5509 ά
1914 5472 2026 5525 Duo
2058 5460 2276 5540 Regina:
2301 5481 2433 5540 mss.
2464 5466 2681 5540 dies_illi
2714 5461 3062 5540 tribulationis
3094 5460 3245 5525 tales,
3276 5465 3388 5515 etc.

1782 5541 2054 5598 Creteruin
2081 5533 2403 5609 et'proxime
2417 5549 2543 5592 ante
2557 5538 2745 5593 Graeca
2772 5533 3015 5609 melioris
3035 5540 3174 5609 notat
3198 5545 3393 5585 exem-

1783 5615 1954 5685 plaria
1986 5614 2146 5668 aliter
2162 5604 2401 5685 habent,
2434 5611 2515 5665 ἵνα
2554 5616 2625 5683 μή
2649 5610 2858 5685 γένηται
2889 5607 2919 5663 ἡ
2942 5609 3072 5678 φυγή
3094 5604 3240 5673 ὑμῶν
3272 5624 3391 5674 χει-

1784 5680 1949 5759 ᾗιῶνος
1974 5730 1987 5756 ,
2018 5694 2072 5740 ut
2098 5700 2159 5739 ne
2188 5682 2280 5753 ﬁat
2302 5681 2428 5752 fuga
2459 5680 2630 5738 vestra
2657 5680 2863 5751 hyeme.

3220 5792 3235 5817 ί
