3920 6200
574 275 681 336 605

1569 274 1628 328 S.
1673 270 2059 331 lllERONYMl
2098 272 2329 332 DIVINA
2372 271 2850 331 BIBLIOTHECA.
3771 274 3845 334 6M

573 404 735 446 caro:
763 388 859 444 sed
879 395 1096 459 pr0pter
1119 385 1346 455 electos,
1373 400 1513 455 quos
1538 386 1719 458 elegit,
1741 387 2005 443 breviavit
2032 387 2170 444 dies.
2198 391 2248 451 Α
2279 388 2544 443 miserunt
2567 387 2616 443 ei
2645 386 2928 458 pecuniam
2969 401 3030 442 se
3054 385 3300 442 daturos.
3340 386 3409 442 Et
3438 391 3718 459 quaarebat
3741 409 3849 465 quo-

577 481 804 556 [chvnt
828 521 844 549 ,
886 480 966 550 2.]
1007 478 1076 533 Et
1103 487 1232 534 tunc
1289 479 1333 534 si
1369 479 1492 550 quis
1526 479 1702 547 ,vobis
1757 479 1958 535 dixerit
1988 496 2003 537 :
2034 479 2176 538 Ecce

585 576 672 630 hic
701 583 784 630 est
815 572 1063 628 Christus
1087 613 1101 637 ,
1134 587 1261 627 ecce
1286 571 1397 628 illic
1423 615 1435 638 ,
1461 588 1529 628 ne
1560 572 1924 629 credideritis.
1954 575 2130 646 [cxux
2156 614 2174 643 ,

578 668 660 737 6.]
705 667 1013 736 Exsurgent
1058 666 1202 721 enim
1249 667 1652 737 psendochristi
1681 709 1697 735 ,
1743 677 1799 723 et
1843 669 2177 740 pseudopro-

579 762 757 834 phctze
781 803 796 827 ,
833 770 887 815 et
914 761 1122 815 dabunt
1150 762 1302 831 signa
1334 770 1390 816 et
1422 770 1672 831 portenta
1698 762 1764 816 ad
1794 763 2135 820 seducendos
2159 805 2174 830 ,

576 857 621 913 si
655 857 772 911 lieri
801 865 1014 926 potest,
1042 856 1206 910 etiam
1238 855 1464 910 electos.
1493 855 1604 912 Vos
1631 871 1762 927 ergo
1786 857 1965 913 videte
1997 875 2012 912 :
2049 873 2178 914 ecce

579 950 807 1022 prtedixi
838 949 995 1003 vobis
1039 949 1244 1005 omnia.
1280 949 1366 1021 [CL
1390 991 1404 1013 ,
1450 948 1532 1020 2.]
1566 949 1672 1006 Sed
1705 949 1757 1005 in
1791 951 1899 1006 illis
1939 951 2134 1006 diebus
2162 993 2175 1017 ,

580 1054 705 1116 post
737 1044 1144 1100 tribulationem
1175 1043 1320 1098 illam
1351 1087 1364 1110 ,
1400 1052 1425 1080 τι
1452 1044 1532 1097 sol
1578 1045 2082 1110 contenebrabitur,
2123 1054 2180 1101 et

580 1140 708 1196 luna
738 1154 842 1192 non
887 1137 1038 1191 dabit
1067 1137 1415 1207 splendorem
1462 1152 1618 1192 suum
1666 1156 1678 1192 :
1730 1149 1786 1193 et
1831 1139 2008 1194 stella:
2051 1138 2180 1195 ςαξιί

579 1243 741 1292 erunt
769 1235 1086 1290 decidentes
1113 1276 1127 1300 ,
1171 1242 1225 1288 et
1256 1233 1480 1288 virtutes
1505 1273 1521 1299 ,
1569 1248 1690 1304 qua:
1723 1235 1773 1287 in
1825 1235 1978 1290 caelis
2008 1243 2132 1289 sunt
2161 1277 2178 1303 ,

582 1329 965 1386 movebuntur.
995 1329 1127 1398 [ειη
1156 1325 1237 1396 2.]
1263 1326 1327 1380 Et
1353 1334 1480 1380 tunc
1505 1325 1975 1380 videbuntFtlium
2010 1327 2184 1382 homi-

580 1425 667 1481 nis
707 1423 1014 1479 venientem
1071 1421 1122 1475 in
1177 1421 1411 1475 nubibus
1457 1435 1578 1475 cum
1615 1421 1815 1476 virtute
1864 1421 2076 1488 multa,
2129 1431 2183 1477 et

579 1517 774 1589 gloria.
817 1516 883 1571 Et
916 1527 1040 1570 tunc
1081 1513 1259 1570 mittet
1291 1513 1522 1584 angelos
1555 1530 1682 1568 suos
1706 1557 1720 1580 ,
1750 1523 1805 1569 ct
1835 1516 2186 1585 congregabit

582 1611 788 1666 electos
816 1623 944 1662 suos
977 1623 1005 1661 a
1033 1617 1262 1676 quatuor
1286 1608 1483 1673 ventis,
1509 1621 1540 1661 a
1571 1622 1786 1662 summo
1812 1617 1994 1672 terras,
2014 1622 2183 1678 usque

582 1702 649 1756 ad
696 1716 968 1756 summum
1002 1699 1150 1756 cceli.
1203 1700 1243 1752 A
1281 1701 1382 1752 lien
1413 1707 1593 1753 autem
1626 1699 1816 1754 discite
1844 1701 2180 1769 parabolam.

2278 481 2442 536 modo
2472 482 2625 537 illum
2665 491 2970 551 opportune
3021 480 3284 537 traderet.
3317 481 3387 536 Et
3421 482 3602 552 primo
3624 485 3711 542 die
3738 490 3850 558 Λιξ-

2277 590 2493 630 morum
2522 573 2738 646 quando
2769 573 2976 628 Pascha
3004 572 3383 639 immolabant,
3431 573 3623 632 dicunt
3643 579 3693 634 ei
3721 579 3854 636 disci-

2278 667 2387 738 puli
2417 685 2430 721 :
2463 667 2580 735 Quo
2600 667 2682 722 vis
2709 679 2898 721 eamus
2919 707 2934 733 ,
2966 676 3022 721 et
3052 681 3304 736 paremus
3334 667 3464 734 tibi,
3502 679 3560 724 ut
3587 672 3854 732 manduces

2279 761 2528 818 Pascha?
2557 759 2624 816 Et
2650 760 2814 814 mittit
2850 760 2989 815 duos
3021 775 3091 816 ex
3133 760 3419 831 discipulis
3466 764 3583 818 suis
3609 805 3623 830 ,
3668 776 3723 821 et
3751 766 3858 822 dicit

2280 857 2394 910 eis:
2428 854 2504 910 lte
2527 855 2578 908 in
2609 853 2882 910 civitatem
2919 870 2934 908 :
2979 862 3036 908 et
3067 863 3321 909 occurret
3350 855 3502 911 vobis
3533 855 3699 914 homo
3727 860 3856 931 lage-

2283 966 2406 1005 nam
2437 965 2591 1020 aquae
2614 948 2865 1018 bajulans
2890 994 2904 1017 ,
2933 947 3222 1019 sequimini
3261 964 3387 1004 eum
3415 967 3427 1004 :
3461 961 3513 1007 et
3533 968 3862 1025 quocumque

2282 1044 2588 1110 introierit,
2621 1043 2788 1099 dicite
2827 1044 3050 1098 domino
3088 1042 3284 1098 domus
3306 1084 3322 1108 ,
3351 1045 3475 1115 quia
3505 1049 3759 1117 magister
3788 1047 3863 1102 di-

2281 1140 2354 1194 cit
2383 1155 2397 1192 :
2432 1139 2522 1192 ubi
2561 1146 2646 1193 est
2675 1136 2900 1193 reiectio
2928 1153 3070 1203 mea,
3099 1138 3187 1192 ubi
3220 1138 3426 1193 Pascha
3455 1155 3573 1196 cum
3597 1141 3860 1211 discipulis

2283 1231 2418 1287 meis
2460 1231 2818 1286 manducem?
2847 1232 2909 1285 Et
2942 1230 3058 1301 ipse
3087 1231 3244 1285 vobis
3266 1230 3665 1288 demonstrabit
3692 1249 3857 1290 caena-

2284 1323 2465 1378 culnm
2497 1323 2702 1394 grande
2727 1365 2741 1390 ,
2784 1331 3016 1378 stratum
3063 1341 3078 1379 :
3125 1332 3181 1378 et
3212 1322 3323 1378 illic
3360 1332 3552 1394 parate
3602 1326 3774 1382 nobis.
3803 1326 3860 1380 Et

2285 1417 2536 1472 abierunt
2559 1415 2812 1486 discipuli
2843 1417 2980 1486 ejus,
3015 1424 3069 1471 et
3096 1426 3363 1471 venerunt
3387 1415 3443 1471 in
3474 1418 3744 1473 civitatem
3775 1434 3787 1474 :
3817 1427 3863 1474 et

2286 1511 2610 1566 invenerunt
2637 1511 2775 1565 sicut
2805 1510 3024 1564 dixerat
3057 1511 3186 1577 illis,
3212 1519 3266 1565 et
3300 1523 3624 1581 paraverunt
3651 1513 3860 1568 Pascha.

2289 1605 2452 1677 [ςιιι.
2478 1603 2559 1675 4.]
2586 1605 2826 1675 Vespere
2853 1615 3034 1660 autem
3067 1605 3232 1673 facto,
3259 1607 3407 1662 venit
3427 1623 3544 1662 cum
3566 1609 3864 1664 duodecim.

2290 1699 2356 1752 Et
2379 1697 2851 1753 discumbentibus
2872 1699 2971 1764 eis,
2997 1709 3052 1755 et
3080 1699 3554 1766 manducantibus,
3575 1704 3648 1756 ait
3679 1704 3865 1760 lesus:

583 1797 714 1851 Cum
743 1794 854 1862 jam
878 1808 1062 1848 ramus
1091 1791 1209 1861 ejus
1233 1802 1384 1846 terter
1413 1791 1572 1846 fuerit
1591 1831 1604 1854 .
1631 1803 1683 1846 et
1713 1801 1838 1846 nata
1871 1792 2070 1847 fuerint
2101 1791 2182 1848 fo-
2215 1793 2260 1852 B
2291 1792 2466 1845 Amen
2498 1789 2624 1844 dico
2651 1790 2824 1860 vobis,
2851 1791 2974 1861 quia
3005 1808 3143 1848 unus
3172 1809 3238 1848 ex
3265 1794 3420 1849 vobis
3453 1795 3629 1850 tradet
3656 1811 3760 1862 me,
3783 1797 3860 1867 qui

587 1887 678 1951 lia,
705 1885 1038 1954 cognoscitis
1066 1885 1191 1953 quia
1226 1885 1276 1937 in
1307 1883 1554 1952 proximo
1577 1884 1644 1937 sit
1674 1892 1835 1938 testas
1855 1901 1868 1936 :
1888 1886 1966 1940 sic
1988 1895 2177 1956 etvos,

584 1994 707 2034 cum
739 1976 986 2031 videritis
1018 1975 1133 2030 hzec
1172 1976 1288 2030 lieri
1311 2016 1327 2042 ,
1357 1976 1552 2030 scitote
1582 1976 1727 2046 quod
1759 1977 1810 2030 in
1840 1976 2091 2047 proximo
2114 1978 2184 2033 sit

589 2073 642 2128 in
679 2071 857 2126 ostiis.
894 2072 1065 2126 Arnen
1094 2071 1218 2124 dico
1250 2069 1431 2133 vobis,
1481 2070 1735 2140 quoniam
1780 2087 1886 2124 non
1933 2071 2186 2126 transibit

590 2163 874 2234 generatio
906 2160 1057 2228 haec,
1101 2159 1276 2216 donec
1318 2161 1499 2215 omnia
1545 2161 1646 2215 ista
1695 2160 1844 2216 ﬁant.
1890 2161 2097 2218 leum
2131 2172 2186 2219 et

587 2264 730 2312 terra
763 2255 1059 2309 transibunt
1090 2298 1103 2322 ,
1130 2253 1292 2308 verba
1333 2263 1514 2308 autem
1562 2268 1678 2308 mea
1714 2268 1819 2308 non
1854 2253 2182 2312 transibunt.

593 2349 744 2421 [Ct.tt,
770 2347 849 2419 6.]
877 2347 951 2400 De
974 2347 1060 2401 die
1084 2354 1261 2400 autem
1287 2346 1377 2400 illo
1400 2348 1482 2401 vel
1506 2347 1634 2400 hora
1667 2361 1828 2402 nemo
1859 2346 1984 2415 scit,
2010 2364 2186 2420 neque

593 2441 777 2512 angeli
809 2441 863 2496 in
891 2440 1065 2506 coelo,
1103 2453 1277 2510 neque
1311 2439 1480 2494 Filius
1505 2481 1522 2507 ,
1553 2439 1659 2495 nisi
1691 2440 1872 2496 Pater.
1905 2440 2073 2513 [cun,
2104 2440 2184 2516 6.]

589 2535 783 2591 Videte
812 2579 825 2604 ,
872 2535 1132 2604 vigilate,
1182 2545 1233 2589 et
1277 2543 1476 2588 orate:
1518 2534 1738 2589 nescitis
1778 2535 1925 2590 enim
1973 2535 2189 2606 quando

589 2637 804 2698 tempus
832 2628 924 2682 sit.
952 2629 1116 2699 μων,
1143 2625 1225 2697 2.]
1265 2627 1421 2682 Sicut
1446 2626 1610 2682 homo
1637 2667 1652 2693 ,
1685 2627 1775 2696 qui
1806 2642 2030 2698 peregre
2060 2642 2188 2699 pro-

587 2723 761 2778 lectus
801 2721 1018 2793 reliquit
1057 2721 1279 2776 domum
1324 2735 1478 2776 suam
1508 2763 1522 2787 ,
1569 2729 1625 2776 et
1672 2720 1822 2777 dedit
1849 2721 2024 2778 servis
2076 2721 2190 2778 suis

586 2826 910 2889 potestatem
939 2815 1205 2886 cujusque
1235 2814 1438 2884 Operis,
1473 2822 1528 2869 et
1547 2813 1775 2885 janitori
1803 2815 2101 2886 praecepit,
2134 2824 2192 2871 ut

586 2912 798 2984 vigilet.
827 2912 967 2982 [.ccv,
990 2908 1071 2982 2.]
1099 2909 1332 2980 Vigilate
1354 2924 1484 2978 ergo
1507 2908 1525 2980 (
1555 2910 1780 2964 nescitis
1800 2908 1946 2966 enim
1970 2911 2191 2981 quando

587 3004 838 3060 dominus
869 3005 1063 3058 domus
1091 3004 1274 3059 veniat
1310 3022 1320 3057 :
1356 3017 1484 3060 sero
1513 3045 1528 3070 ,
1559 3019 1626 3058 an
1671 3005 1851 3060 media
1883 3014 2044 3061 nocte
2068 3046 2084 3072 ,
2122 3020 2189 3061 an

588 3097 712 3166 galli
745 3105 930 3165 cantu,
949 3112 1022 3151 an.
1047 3094 1253 3166 mane),
1283 3111 1350 3152 ne
1379 3111 1502 3151 cum
1531 3097 1745 3154 venerit
1770 3106 2019 3168 repente,
2039 3099 2190 3154 inve-

2286 1883 2574 1938 manducat
2603 1897 2836 1938 mecum.
2867 1884 3050 1956 [cxut,
3082 1883 3159 1955 1.]
3191 1885 3262 1942 At
3301 1886 3378 1942 illi
3420 1896 3705 1957 coeperunt
3744 1902 3856 1944 con-

2287 1975 2490 2029 tristari
2517 2016 2531 2039 ,
2586 1982 2642 2030 et
2688 1975 2869 2031 dicere
2909 1977 2958 2031 ei
3001 1976 3318 2048 singulatim
3367 1997 3380 2032 ε
3432 1979 3706 2050 Numquid
3745 1981 3866 2052 ego?

2288 2068 2502 2140 ]cr.xnt,
2525 2066 2608 2140 2.]
2635 2067 2738 2136 Qui
2769 2069 2844 2123 ait
2869 2069 2976 2124 illis
3008 2085 3022 2123 :
3050 2069 3201 2126 Unus
3229 2087 3294 2126 ex
3325 2071 3616 2128 duodecim
3644 2113 3659 2138 ,
3695 2073 3779 2143 qui
3800 2073 3867 2127 in-

2291 2159 2447 2229 tingit
2477 2175 2688 2215 mecum
2708 2175 2926 2216 manum
2956 2161 3010 2218 in
3033 2165 3236 2219 catino.
3263 2165 3331 2220 Et
3352 2164 3526 2221 Filius
3547 2166 3764 2236 quidem
3788 2165 3866 2221 bo-

2290 2253 2452 2310 minis
2482 2253 2651 2319 vadit,
2681 2256 2819 2310 sicut
2848 2256 3112 2327 scriptum
3137 2265 3221 2314 est
3249 2258 3318 2314 de
3341 2275 3408 2315 eo
3438 2275 3455 2315 :
3489 2275 3573 2315 va:
3593 2270 3763 2316 autem
3786 2259 3866 2315 ιιο-

2290 2348 2421 2402 mini
2456 2347 2577 2415 illi,
2609 2363 2706 2419 per
2731 2363 2893 2420 quem
2927 2349 3096 2406 Filius
3134 2349 3369 2407 hominis
3393 2351 3657 2408 tradetur.
3691 2352 3866 2425 [cum

2293 2440 2374 2512 6.]
2414 2441 2620 2496 Bonum
2653 2451 2774 2498 erat
2819 2443 2908 2512 ei,
2952 2445 2998 2497 si
3043 2460 3148 2499 non
3181 2455 3329 2502 esset
3374 2454 3538 2502 natus
3569 2447 3722 2501 homo
3764 2447 3869 2502 ille.

2293 2533 2477 2605 [cuv,
2511 2534 2589 2605 1.]
2620 2535 2686 2591 Ει
2713 2536 3167 2594 manducantibus
3200 2540 3338 2604 illis,
3374 2543 3760 2613 acccpitlesus
3788 2556 3871 2611 pa-

2293 2643 2415 2683 nem
2444 2644 2456 2681 :
2481 2637 2537 2683 et
2565 2627 2896 2686 benedicens
2925 2630 3122 2701 fregit,
3155 2640 3209 2687 et
3239 2631 3391 2688 dedit
3416 2635 3498 2690 eis
3523 2674 3540 2701 ,
3571 2644 3626 2688 et
3649 2635 3720 2687 ait
3744 2652 3756 2686 :
3784 2633 3869 2687 Su-

2294 2719 2446 2786 mite,
2477 2720 2585 2776 hoc
2626 2729 2711 2776 est
2739 2737 2940 2793 corpus
2965 2739 3170 2780 meum.
3219 2724 3397 2798 [cum
3426 2726 3554 2798 ,.2.]
3583 2727 3649 2782 Et
3675 2737 3873 2797 accepto

2291 2813 2464 2870 calice
2494 2857 2508 2881 ,
2540 2814 2748 2886 gratias
2774 2831 2943 2886 agens
2989 2817 3140 2873 dedit
3166 2819 3246 2874 eis
3279 2834 3295 2874 :
3328 2829 3382 2875 et
3411 2819 3672 2875 biberunt
3709 2835 3772 2874 ex
3800 2819 3874 2874 illo

2293 2923 2506 2965 omnes.
2540 2909 2608 2964 Et
2637 2909 2711 2964 ait
2743 2909 2852 2964 illis
2877 2927 2890 2966 :
2919 2910 3016 2966 llic
3043 2921 3126 2966 est
3146 2912 3367 2983 sanguis
3398 2929 3554 2969 meus
3581 2914 3705 2968 novi
3734 2921 3875 2968 testa-

2295 3003 2487 3072 menti,
2511 3003 2603 3073 qui
2632 3017 2730 3073 pro
2749 3001 2778 3043 ιτ
2803 3003 2990 3060 multis
3021 3004 3347 3061 cﬂ‘undetur.
3375 3011 3548 3061 Amen
3573 3006 3696 3062 dico
3715 3006 3874 3069 vobis,

2296 3097 2419 3167 quia
2449 3097 2560 3166 jam
2592 3115 2700 3153 non
2737 3097 2917 3154 bibam
2951 3099 3021 3156 de
3066 3102 3167 3156 hoc
3216 3100 3493 3171 genimine
3523 3102 3658 3157 vitis
3682 3143 3697 3168 ,
3725 3115 3877 3171 usque

597 3190 710 3243 niat
738 3204 838 3242 vos
871 3189 1226 3245 dormientes.
1275 3190 1429 3259 Quod
1474 3200 1655 3247 autem
1701 3192 1856 3250 vobis
1884 3192 2008 3252 dico
2034 3236 2048 3263 ,
2081 3208 2196 3250 om-
2227 3189 2273 3254 C
2303 3191 2355 3246 in
2385 3192 2528 3248 diem
2560 3193 2737 3258 illum,
2763 3209 2884 3249 cum
2915 3194 3049 3250 illud
3071 3195 3249 3251 bibam
3277 3211 3476 3251 novum
3511 3196 3566 3250 in
3594 3196 3873 3269 reguoDcl.

592 3283 752 3337 nibus
779 3282 901 3338 dico
928 3301 940 3337 :
973 3283 1221 3353 Vigilate.

663 3374 814 3446 |Cup.
850 3375 1149 3444 XlV,cr.vt,
1185 3376 1262 3447 1.]
1285 3376 1422 3431 Erat
1447 3387 1629 3433 autem
1667 3379 1870 3436 Pascha
1899 3389 1956 3437 et
1983 3379 2188 3452 Azyma

592 3480 713 3539 post
743 3470 986 3533 biduum,
1024 3469 1207 3539 [:CLVII,
1243 3470 1323 3541 6.]
1353 3479 1408 3524 et
1433 3473 1753 3542 qumrebant
1784 3475 1978 3536 summi
2009 3489 2192 3531 sacer-

592 3561 752 3616 dotes
779 3604 794 3626 ,
826 3569 882 3616 et
910 3562 1107 3617 scriba:
1131 3603 1145 3626 ,
1193 3563 1471 3634 quomodo
1516 3579 1643 3620 eum
1669 3564 1794 3620 dolo
1825 3574 2070 3622 tenerent
2097 3612 2111 3637 ,
2138 3576 2194 3624 et

583 3642 935 3712 occiderent.
989 3656 1246 3712 Dicebant
1274 3667 1455 3713 autem
1500 3675 1514 3713 :
1557 3656 1674 3714 Non
1706 3659 1758 3713 in
1798 3660 1882 3715 die
1915 3660 2052 3716 festo
2076 3704 2090 3727 ,
2121 3677 2191 3717 ne

595 3751 735 3807 forte
786 3753 1050 3807 tumultus
1082 3752 1236 3807 ﬁeret
1267 3753 1319 3807 in
1363 3754 1580 3823 populo.
1613 3752 1920 3826 [ccvtn,l.]
1971 3757 2038 3810 lit
2066 3770 2188 3813 cum

595 3853 744 3898 esset
775 3844 1048 3900 Bethanite
1077 3849 1128 3900 in
1157 3845 1322 3900 domo
1353 3845 1592 3901 Simonis
1623 3846 1853 3918 Ieprosi,
1885 3856 1942 3903 et
1972 3863 2190 3904 recum-

599 3937 751 3990 beret
775 3954 788 3991 :
813 3939 956 3993 venit
975 3940 1166 3994 mulier
1184 3939 1390 3994 habens
1402 3940 1735 3996 alabastrum
1753 3943 2011 4012 unguenti
2034 3943 2190 3998 nardi

596 4031 787 4102 spicati
816 4033 1038 4102 pretiosi
1069 4070 1080 4097 ,
1129 4042 1184 4088 et
1210 4035 1382 4089 tracto
1419 4035 1696 4092 alabastro
1723 4079 1738 4104 ,
1787 4035 1978 4092 effudit
2028 4052 2194 4108 super

599 4135 763 4196 caput
791 4125 931 4195 ejus.
968 4126 1138 4180 Erant
1159 4136 1340 4182 autem
1363 4127 1582 4198 quidam
1614 4128 1831 4200 indigno
1855 4129 2090 4186 ferentes
2113 4131 2195 4187 in-

601 4227 684 4275 tra
712 4218 1074 4288 semetipsos,
1119 4226 1175 4274 et
1204 4219 1448 4274 dicentes
1489 4238 1502 4275 :
1547 4220 1613 4276 Ut
1645 4221 1774 4292 quid
1826 4223 2060 4293 perditio
2089 4223 2190 4281 ista

600 4313 856 4383 unguenti
891 4311 1033 4366 facta
1065 4312 1182 4366 est?
1221 4312 1440 4368 Poterat
1485 4313 1630 4369 enim
1681 4324 2014 4380 unguentum
2047 4314 2190 4372 istud

596 4405 914 4462 venumdari
965 4405 1084 4476 plus
1133 4421 1295 4476 quam
1341 4406 1597 4462 trecentis
1643 4406 1918 4475 denariis,
1971 4417 2028 4465 et
2073 4409 2192 4465 dari

598 4500 951 4570 pauperibus.
980 4499 1047 4554 Et
1067 4499 1372 4556 fremebant
1395 4500 1447 4556 in
1475 4516 1616 4556 eam.
1642 4500 1800 4557 Jesus
1817 4511 2000 4558 autem
2023 4501 2189 4558 dixit:

2295 3285 2512 3358 [cuvn,
2543 3285 2619 3360 6.]
2654 3287 2721 3343 Et
2744 3288 2948 3359 hymno
2967 3289 3403 3356 dicto,exierunt
3430 3292 3482 3347 in
3514 3303 3752 3348 montem
3775 3292 3870 3348 Oli-

2300 3393 2516 3434 varum.
2549 3381 2793 3452 ]cuvnt,
2825 3381 2903 3452 4.]
2932 3381 3000 3436 Et
3029 3382 3105 3436 ait
3140 3381 3222 3437 eis
3261 3382 3420 3438 Jesus
3457 3404 3469 3438 :
3509 3384 3712 3440 Omnes
3743 3399 3879 3440 scan-

2295 3471 2660 3527 dalizabimini
2699 3473 2752 3528 in
2787 3489 2873 3529 me
2897 3483 3058 3530 nocte
3084 3473 3184 3530 ista
3220 3495 3229 3529 :
3259 3477 3462 3549 {cum
3491 3476 3574 3549 6.]
3601 3479 3719 3549 quia
3750 3477 3875 3533 scri-

2295 3578 2449 3640 ptum
2500 3578 2583 3624 est
2632 3585 2644 3622 :
2700 3569 3007 3624 l’ercutiatn
3050 3578 3362 3641 pastorem,
3410 3581 3464 3628 et
3514 3573 3879 3643 dispergentur

2295 3675 2448 3718 oves.
2494 3661 2603 3718 Sed
2635 3673 2921 3734 postquam
2959 3677 3347 3731 resurrexero,
3379 3666 3686 3736 przecedam
3713 3680 3807 3720 vos
3833 3666 3878 3720 in

2295 3752 2596 3808 Galilream.
2623 3753 2810 3826 {ccxx,
2831 3753 2905 3827 1.]
2925 3755 3118 3811 Petrus
3145 3769 3325 3813 autem
3353 3759 3426 3812 ait
3459 3758 3534 3814 illi
3561 3777 3575 3812 :
3609 3759 3673 3814 Et
3697 3759 3739 3814 si
3771 3773 3873 3813 om-

2296 3861 2394 3902 nes
2438 3848 2785 3903 scandalizati
2825 3849 3024 3905 fuerint
3053 3849 3104 3904 in
3149 3859 3203 3905 te
3225 3891 3239 3918 ,
3271 3851 3369 3906 sed
3401 3866 3509 3906 non
3541 3867 3664 3923 ego.
3697 3853 3760 3907 Et
3804 3852 3867 3905 ait

2297 3939 2371 3994 illi
2394 3938 2553 3994 Jesus
2587 3940 2801 3994 :Amen
2839 3940 2962 3994 dico
2991 3940 3086 3996 tibi
3115 3982 3130 4008 ,
3173 3943 3296 4013 quia
3328 3950 3386 3998 tu
3438 3942 3605 4001 hodie
3649 3945 3701 4000 in
3737 3953 3880 3998 nocte

2297 4032 2428 4097 hac,
2462 4030 2774 4103 priusquam
2801 4033 2975 4103 gallus
3009 4047 3198 4089 vocem
3231 4034 3312 4089 bis
3343 4034 3582 4102 dederit,
3618 4046 3697 4091 ter
3719 4051 3800 4091 me
3824 4048 3876 4089 es

2297 4134 2612 4197 negaturus.
2643 4126 2824 4197 [crum
2849 4168 2864 4194 ,
2897 4125 2976 4198 6.]
3003 4129 3071 4182 At
3120 4126 3213 4182 ille
3243 4129 3477 4200 amplius
3519 4129 3834 4202 loquebatur
3863 4145 3874 4180 τ

2300 4218 2362 4274 Et
2391 4219 2437 4282 si
2467 4219 2776 4288 oportuerit
2809 4233 2894 4274 me
2920 4217 3079 4275 simul
3107 4221 3372 4275 commori
3401 4221 3502 4277 tibi
3528 4264 3544 4289 ,
3577 4239 3683 4279 non
3715 4230 3764 4277 te
3791 4234 3880 4277 nc-

2296 4313 2456 4382 gabo.
2474 4311 2737 4368 Similiter
2758 4321 2941 4367 autem
2965 4321 3022 4368 et
3046 4328 3241 4369 omnes
3265 4315 3539 4370 dicebant.
3568 4315 3786 4388 [cuxn,
3808 4313 3881 4385 1.]

2299 4407 2366 4464 Ει
2411 4407 2636 4463 veniunt
2687 4408 2740 4462 in
2787 4407 3052 4476 praedium
3081 4450 3096 4476 ,
3144 4409 3232 4464 cui
3276 4423 3474 4464 nomen
3523 4409 3880 4466 Gctbsemani.

2299 4498 2516 4572 [cuxnt
2538 4541 2552 4566 ,
2577 4498 2654 4570 6.]
2685 4499 2753 4553 Et
2781 4498 2856 4554 ait
2880 4498 3162 4570 discipulis
3192 4501 3306 4556 suis
3342 4519 3354 4554 :
3388 4501 3579 4558 sedete
3606 4502 3694 4556 hic
3721 4502 3880 4556 donec

597 4593 772 4648 Sinite
800 4609 944 4661 cam,
976 4593 1106 4665 quid
1132 4593 1208 4649 illi
1230 4593 1445 4651 molesti
1469 4595 1641 4650 estis?
1670 4595 1874 4650 Bonum
1900 4611 2035 4667 opus
2058 4611 2192 4667 Ope-
2221 4595 2273 4656 D
2299 4607 2470 4646 orem.
2503 4591 2568 4646 Et
2594 4591 2818 4669 assumit
2849 4591 3067 4648 Petrum
3094 4634 3109 4659 ,
3146 4603 3200 4649 et
3223 4593 3484 4649 Jacobum
3507 4635 3522 4660 ,
3555 4604 3606 4648 et
3626 4593 3877 4649 Joannem

596 4698 711 4743 rata
743 4695 826 4743 est
858 4689 910 4742 in
958 4701 1066 4742 me.
1101 4685 1331 4758 Semper
1356 4691 1500 4744 cnim
1540 4703 1810 4760 pauperes
1845 4688 2059 4745 habetis
2089 4705 2188 4744 vo-

597 4779 836 4848 biscum;
866 4789 920 4837 et
947 4798 1071 4837 cum
1095 4782 1398 4852 volueritis,
1429 4784 1656 4854 potestis
1681 4783 1789 4838 illis
1813 4783 2137 4841 benefacere
2173 4803 2188 4841 :

596 4889 683 4930 me
703 4883 881 4930 autem
916 4891 1021 4930 non
1051 4892 1270 4946 semper
1297 4876 1532 4932 habetis.
1568 4877 1710 4949 [eux
1738 4919 1753 4943 ,
1785 4875 1866 4949 4.]
1899 4877 2052 4946 Quod
2089 4880 2188 4933 ha-

597 4970 712 5024 buit
741 4970 856 5025 haec
883 5012 897 5038 ,
929 4969 1051 5026 fecit
1086 4990 1100 5025 :
1137 4973 1405 5041 przcvenit
1447 4987 1653 5042 ungere
1697 4988 1900 5043 corpus
1929 4990 2107 5028 meum
2137 4975 2191 5032 in

594 5066 950 5136 sepulturam.
1006 5073 1178 5122 Amen
1211 5067 1335 5122 dico
1363 5068 1518 5123 vobis
1554 5085 1566 5122 :
1615 5065 1955 5139 Ubicumque
1999 5069 2195 5139 prtedi-

594 5171 771 5215 catum
801 5161 959 5216 fuerit
987 5162 1345 5232 Evangeliutn
1378 5161 1522 5217 istud
1569 5161 1622 5217 in
1654 5163 1915 5219 universo
1941 5163 2143 5217 mundo
2173 5204 2188 5229 ,

594 5256 819 5323 etquod
867 5256 992 5310 fecit
1025 5257 1138 5310 hmc
1167 5298 1182 5324 ,
1230 5257 1542 5312 narrabitur
1581 5257 1634 5312 in
1679 5257 1997 5313 memoriam
2049 5256 2194 5328 ejus.

593 5350 719 5421 chx
747 5395 762 5417 ,
792 5348 874 5420 2.]
911 5351 977 5405 Et
1013 5350 1181 5406 Judas
1213 5351 1498 5407 lscariotes
1525 5351 1635 5424 I‘Al.
1679 5349 2019 5423 Scariothes]
2053 5366 2194 5408 unus

595 5441 665 5498 dc
692 5443 977 5499 duodecim
1009 5485 1023 5511 ,
1056 5442 1190 5498 abiit
1220 5443 1284 5498 ad
1317 5458 1560 5500 summos
1589 5444 1904 5500 sacerdotes
1932 5485 1946 5510 ,
1977 5453 2035 5498 nt
2065 5459 2193 5516 pro-

594 5532 750 5598 deret
789 5549 912 5592 eum
949 5533 1076 5590 illis.
1111 5534 1212 5602 Qui
1243 5535 1525 5593 audientes
1565 5536 1737 5608 gavisi
1779 5546 1906 5594 sunt
1937 5553 1951 5593 :
1983 5547 2036 5595 et
2068 5552 2194 5611 pro-

596 5751 629 5807 p
667 5679 691 5706 ε·
720 5669 1292 5792 Pelneslblartianteum
1323 5673 1519 5733 vitiose
1541 5718 1556 5743 ,
1589 5674 1680 5732 sed
1712 5675 2186 5757 contenebrabitur,

635 5755 698 5792 ro
724 5759 780 5794 so
826 5781 841 5802 ,
874 5756 903 5791 e
931 5755 980 5793 c.

635 5755 698 5792 ro
724 5755 801 5794 sot
826 5781 841 5802 ,
874 5755 980 5793 etc.

677 5808 704 5846 ἱ)
737 5811 1000 5865 Additum
1029 5811 1084 5866 in
1111 5828 1214 5869 uno
1243 5815 1463 5887 Regina:
1492 5831 1595 5874 ms.
1641 5817 1896 5876 secundis
1925 5818 2074 5878 curis
2099 5836 2193 5892 pro

2297 4698 2484 4739 secum
2518 4700 2532 4736 ε
2561 4694 2614 4738 et
2652 4685 2818 4754 cmpit
2855 4697 3054 4755 pavere
3081 4727 3094 4750 ,
3122 4694 3176 4740 et
3199 4686 3424 4742 trudere.
3454 4684 3688 4760 [suum
3719 4684 3797 4756 1.]
3822 4684 3881 4739 Et

2299 4779 2375 4832 ait
2401 4777 2506 4832 illis
2526 4795 2539 4832 :
2563 4775 2762 4833 Tristis
2777 4778 3054 4834 estanima
3080 4794 3196 4835 mea
3211 4793 3382 4851 usque
3405 4779 3473 4835 ad
3494 4788 3752 4836 mortem:
3775 4794 3884 4834 sus-

2300 4875 2470 4930 tinete
2499 4872 2609 4938 hic,
2639 4881 2694 4929 et
2721 4873 2960 4944 vigilate.
2991 4873 3208 4947 μιαν,
3237 4875 3314 4946 1.]
3345 4875 3410 4930 Et
3438 4890 3562 4930 cum
3602 4874 3880 4948 processis-

2298 4979 2382 5026 set
2414 4968 2964 5040 paululum,procidit
2984 4984 3152 5041 super
3181 4979 3383 5027 terram
3409 4988 3422 5025 :
3453 4979 3513 5026 et
3531 4972 3738 5038 orabat,
3767 4967 3880 5024 utsi

2302 5067 2420 5124 ﬁeri
2447 5075 2651 5139 posset,
2681 5067 2939 5122 transiret
2960 5069 3028 5123 ab
3050 5082 3117 5123 eo
3147 5068 3300 5125 hora.
3329 5067 3584 5122 Etdlxit:
3613 5067 3776 5130 Abba,
3800 5077 3883 5134 pa-

2301 5171 2408 5227 ter,
2435 5161 2612 5216 omnia
2642 5160 2738 5217 tibi
2763 5160 3039 5232 possibilia
3068 5170 3213 5223 sunt,
3247 5160 3488 5216 transfer
3509 5162 3734 5217 calicem
3756 5158 3880 5214 hunc

2300 5270 2330 5310 a
2355 5271 2465 5319 me,
2497 5255 2736 5326 [‘ccxxvt,
2762 5254 2839 5327 1.]
2863 5254 2957 5310 sed
2984 5269 3090 5309 non
3113 5253 3255 5323 quod
3287 5269 3388 5323 ego
3423 5255 3576 5319 volo,
3631 5253 3721 5308 sed
3754 5246 3879 5321 quod

2302 5359 2380 5405 tu.
2415 5349 2484 5404 Et
2513 5349 2683 5420 venit,
2709 5359 2762 5404 et
2790 5349 3000 5405 invenit
3029 5363 3123 5404 eos
3152 5348 3506 5403 dormientes.
3536 5351 3778 5422 [cuum
3807 5340 3875 5408 2.]

2305 5443 2369 5498 Et
2392 5441 2468 5500 ait
2497 5441 2660 5497 Petro
2687 5461 2700 5497 :
2734 5441 2945 5508 Simon,
2978 5441 3218 5498 dormis?
3251 5455 3355 5496 non
3389 5441 3619 5511 potuisti
3647 5455 3741 5495 una
3764 5438 3872 5490 hora

2299 5537 2566 5611 vigilare?
2594 5536 2828 5608 Vigilate
2849 5578 2866 5606 ,
2889 5545 2946 5602 et
2977 5544 3150 5610 orate,
3177 5544 3363 5598 utnon
3388 5534 3612 5593 intretis
3644 5536 3694 5596 in
3725 5538 3871 5588 tenta.

2297 5675 2470 5743 vobis,
2520 5682 2568 5730 et
2618 5689 2749 5743 pro,
2802 5681 2912 5734 etc.
2939 5716 2954 5742 ,
2999 5687 3121 5743 qua:
3152 5670 3317 5727 verba
3352 5671 3572 5743 tametsi
3619 5670 3672 5728 in
3713 5666 3872 5743 Grato

2300 5741 2748 5818 exeniplari‘non
2782 5744 2892 5804 sint
2915 5741 3027 5814 ,in
3061 5743 3267 5808 Latinis
3302 5751 3486 5810 tamen
3516 5741 3674 5800 libris
3700 5741 3871 5812 passim

2302 5828 2621 5876 occurrunt.
