3920 6200
62 266 165 333 605

1132 259 1581 317 EVANGELIUM
1617 256 1988 317 SECUNDUM
2026 258 2339 317 MARCUM.

3265 260 3367 317 006

71 385 289 441 tionem.
315 380 614 448 jcuxvru,
641 374 715 445 4.]
739 372 967 443 Spiritus
995 372 1213 442 quidem
1246 380 1529 442 promptus
1551 381 1653 441 est,
1686 372 1731 431 Α
1762 371 1945 425 velare
1976 372 2173 425 faciem
2204 371 2323 439 ejus
2352 412 2366 433 ,
2400 381 2454 427 et
2482 369 2727 441 colaphis
2754 385 2877 426 eum
2908 368 3117 426 cadere
3142 412 3158 439 ,
3196 382 3250 426 et
3279 373 3363 427 di-

76 486 194 535 caro
219 485 350 525 vero
405 470 635 525 inﬁrma.
672 466 935 539 [οικχικ.
994 463 1073 534 6.]
1115 464 1180 520 Et
1226 464 1421 518 iterum
1473 463 1662 519 abiens

78 564 262 631 oravit,
289 564 545 618 eumdem
576 574 880 615 sermonem
908 558 1115 613 dicens.
1155 559 1223 613 Et
1252 572 1529 626 reversus,
1564 558 1662 611 de-

84 669 179 721 nuo
208 655 413 709 invenit
442 667 541 708 eos
561 652 913 715 dormientes,
944 660 1101 706 erant
1126 650 1272 705 enim
1304 651 1445 705 oculi
1472 665 1660 705 eorum

87 748 288 825 gravati,
315 755 371 802 ct
392 746 724 817 ignorabant
748 744 874 815 quid
898 744 1289 815 responderent
1317 745 1387 799 ei.
1423 744 1491 799 Et
1514 744 1663 799 venit

92 840 240 909 tertio,
274 846 329 893 et
352 840 433 892 ait
474 839 585 894 illis
616 856 630 895 :
662 837 1128 907 Dormitejam,et
1156 839 1499 907 requiescite.
1535 838 1663 893 Suf-

101 936 185 991 ﬁcit
221 951 232 985 :
263 914 495 1004 [pernm
528 932 611 1003 4.]
658 932 803 985 venit
833 931 963 984 hora
1002 949 1013 983 :
1059 946 1187 985 ecce
1232 930 1399 985 Filius
1430 930 1663 987 hominis

99 1027 303 1085 tradetur
327 1025 381 1082 in
409 1041 611 1081 manus
636 1035 1000 1095 peccatorum.
1029 1025 1268 1096 Surgite.
1296 1042 1504 1082 cannis.
1524 1027 1662 1081 Ecce

96 1121 163 1193 qui
184 1135 262 1177 me
294 1118 509 1187 tradet,
543 1134 713 1189 prope
742 1128 845 1174 est.
882 1124 1134 1189 |cuxxr,
1170 1118 1244 1189 1.]
1291 1120 1357 1173 Et
1387 1120 1565 1173 adhuc
1596 1134 1662 1174 eo

97 1217 318 1285 loquente
338 1256 353 1280 ,
383 1214 536 1267 venit
565 1211 735 1267 .ludas
764 1211 1049 1268 lscariotes
1082 1212 1189 1283 [Αἰ.
1219 1213 1491 1283 Scarioth]
1527 1228 1663 1267 unus

97 1308 143 1362 de
165 1306 469 1369 duodecim,
501 1316 557 1361 et
590 1322 711 1360 cum
735 1321 800 1360 eo
825 1305 981 1360 turba
1014 1307 1203 1373 multa,
1242 1322 1363 1361 curn
1395 1308 1590 1376 gladiis
1609 1318 1663 1364 et

94 1400 219 1469 lignis
239 1441 253 1466 ,
282 1415 312 1452 a
340 1398 573 1453 summis
602 1398 981 1453 sacerdotibus
1005 1409 1059 1453 et
1087 1398 1288 1455 scribis
1312 1445 1325 1467 ,
1354 1408 1408 1454 et
1438 1400 1666 1456 seniori-

91 1494 181 1548 bus.
202 1489 564 1561 ]cuxxn,2.]
591 1490 821 1546 Dederat
842 1501 1022 1546 autem
1051 1492 1276 1547 traditor
1303 1492 1423 1561 ejus
1444 1493 1661 1562 signum

92 1586 167 1651 eis,
196 1584 381 1639 dicens
415 1600 429 1641 :
456 1580 871 1653 Quemcumque
900 1584 1175 1639 osculatus
1204 1584 1381 1649 fuero,
1413 1586 1529 1655 ipse
1553 1594 1659 1653 est,

90 1689 244 1735 tenete
272 1694 395 1733 curn
424 1720 440 1745 ,
475 1688 529 1735 et
556 1677 740 1733 ducite
780 1688 957 1734 caute.
995 1679 1060 1732 Et
1088 1693 1210 1733 cum
1241 1680 1476 1734 venisset
1504 1724 1518 1745 ,
1550 1690 1661 1734 sta-

90 1773 162 1827 tim
188 1773 453 1829 accedens
478 1772 547 1828 ad
578 1787 726 1837 eum,
760 1772 874 1827 ait:
900 1775 1036 1837 Ave,
1062 1772 1232 1827 Rabbi
1266 1792 1277 1827 :
1308 1782 1361 1827 et
1387 1774 1664 1829 osculatus
1698 1779 1745 1839 B
1772 1776 1963 1832 Petrus
1994 1777 2143 1832 verbi
2171 1819 2185 1842 ,
2216 1775 2359 1847 quod
2391 1775 2603 1831 dixerat
2634 1776 2684 1831 ei
2733 1775 2894 1831 Jesus
2940 1794 2953 1826 -.

86 1878 147 1922 est
175 1883 323 1923 eum.
355 1869 423 1923 At
451 1866 528 1923 illi
561 1882 753 1922 manus
780 1867 1084 1936 injecerunt
1116 1866 1167 1921 in
1200 1883 1348 1933 eum,
1378 1879 1430 1923 et
1461 1878 1657 1926 tenue-

82 1971 189 2015 runt
213 1977 357 2017 cum.
391 1960 674 2032 [CLXXXII],
702 1960 778 2032 1.]
809 1960 963 2016 Unus
991 1972 1173 2016 autem
1204 1962 1422 2032 quidam
1454 1963 1521 2019 de
1548 1964 1655 2019 cir-

82 2052 453 2109 cumstantihus
502 2053 741 2109 educens
792 2054 1071 2126 gladium,
1122 2058 1389 2125 percussit
1438 2072 1655 2113 servum

80 2148 256 2202 summi
302 2148 609 2203 sacerdotis
661 2166 673 2203 :
722 2156 778 2202 et
832 2149 1132 2217 amputavit
1190 2150 1268 2205 illi
1327 2152 1654 2206 auriculam.

86 2244 351 2311 ]cr.xxxrv,
382 2240 458 2311 1.]
491 2240 558 2295 Et
589 2240 923 2310 respondens
952 2240 1109 2296 Iesus
1136 2284 1150 2307 ,
1201 2243 1278 2295 ait
1309 2242 1415 2296 illis
1447 2260 1459 2295 :
1496 2242 1661 2297 Tam-

82 2351 216 2405 quam
249 2336 317 2391 ad
352 2335 619 2391 latronem
653 2336 840 2389 existis
862 2350 983 2390 cum
1015 2335 1211 2406 gladiis
1241 2344 1295 2390 et
1324 2336 1484 2406 lignis
1513 2352 1660 2391 com-

79 2428 399 2497 prehendere
426 2428 548 2483 me?
584 2429 829 2499 quotidie
860 2444 1011 2485 erant
1052 2427 1193 2498 apud
1226 2444 1323 2483 vos
1356 2428 1408 2483 in
1457 2429 1658 2498 templo

77 2522 280 2589 docens,
304 2532 363 2580 et
393 2538 500 2580 non
523 2537 611 2578 me
635 2523 900 2579 tenuistis.
950 2522 1200 2593 [cuxxvv,
1232 2522 1311 2593 6.]
1346 2523 1451 2579 Sed
1479 2533 1535 2577 ut
1560 2522 1661 2577 im-

78 2618 308 2687 pleantur
333 2619 653 2688 Scriptum.
678 2618 831 2673 Tunc
859 2617 1108 2687 discipuli
1142 2618 1260 2688 ejus
1290 2619 1659 2689 relinquentes

75 2726 181 2767 eum
207 2757 222 2780 ,
279 2728 477 2768 omnes
519 2712 791 2783 fugerunt.
839 2714 1099 2784 ]cr.nxvr
1127 2758 1142 2782 ,
1175 2713 1284 2785 10.]
1326 2713 1659 2771 Adolescens

76 2817 239 2861 autem
270 2805 497 2877 quidam
529 2806 860 2875 sequebatur
890 2821 1013 2862 eum
1043 2806 1272 2863 amictus
1302 2806 1533 2862 sindone
1564 2821 1659 2861 su-

75 2910 155 2966 per
188 2898 336 2954 nudo
372 2917 384 2952 :
418 2907 473 2955 et
515 2906 809 2954 tenuerunt
851 2913 997 2953 eum.
1033 2900 1099 2952 At
1130 2897 1221 2953 ille
1247 2940 1261 2964 ,
1315 2899 1516 2968 rejeeta
1550 2898 1661 2954 sin-

78 2989 199 3046 done
224 3033 241 3058 ,
294 2992 474 3046 nudus
503 2990 739 3061 profugit
785 2990 851 3044 ab
879 2993 980 3045 eis.
1012 2990 1319 3062 [ccxxxvrn
1358 2988 1433 3057 1.]
1468 2991 1527 3045 Et
1566 2990 1663 3045 ad-

77 3082 335 3139 duxerunt
362 3083 549 3143 Jesum
580 3084 648 3140 ad
676 3099 954 3142 summum
987 3085 1327 3139 sacerdotem
1373 3102 1387 3138 :
1437 3095 1489 3139 et
1527 3100 1658 3141 con-

1772 478 1898 519 cere
1928 464 1979 518 ei
2026 480 2040 520 :
2087 464 2409 532 Prophetiza
2446 480 2457 515 :
2484 471 2540 517 et
2567 462 2801 516 ministri
2833 462 3004 533 alapis
3035 478 3160 518 eum
3191 463 3367 520 eaede-

1769 559 1919 614 bant.
1969 558 2144 631 [cxcv,
2179 558 2255 629 1.]
2304 558 2369 613 Et
2389 573 2512 613 cum
2537 567 2683 614 esset
2709 556 2907 613 Petrus
2950 558 3003 612 in
3042 557 3181 612 atrio
3208 557 3366 613 deor-

1766 666 1909 717 sum,
1941 654 2091 707 venit
2114 665 2217 706 una
2246 665 2315 708 ex
2346 650 2562 706 ancillis
2584 650 2783 706 summi
2810 650 3142 706 sacerdotis:
3169 659 3366 706 etcum

1768 746 1993 801 vidisset
2027 746 2249 801 Petrum
2276 744 2687 801 calefacientem
2721 759 2781 801 se
2808 790 2822 815 ,
2853 746 3124 816 aspiciens
3175 747 3323 801 illurn
3351 787 3368 815 ,

1769 838 1844 893 ait
1879 856 1891 892 :
1922 838 1989 891 Et
2018 848 2071 893 tu
2096 853 2217 893 cum
2247 838 2377 895 Jesu
2406 839 2700 895 Nazarasno
2728 855 2871 895 eras.
2907 842 2973 894 At
3003 840 3092 895 ille
3124 839 3368 911 negavit,

1765 931 1957 988 dicens
1990 950 2003 987 :
2032 930 2219 1002 Neque
2249 934 2362 987 scio
2392 978 2405 1001 ,
2442 948 2620 1003 neque
2655 934 2778 989 novi
2812 934 2938 1003 quid
2972 934 3143 988 dicas.
3169 937 3370 1007 ]evcvr,

1770 1023 1848 1095 1.]
1882 1024 1947 1078 Et
1978 1024 2119 1079 exiit
2148 1023 2292 1079 foras
2340 1034 2467 1081 ante
2518 1025 2716 1080 atrium
2748 1068 2761 1091 ,
2814 1035 2869 1081 et
2897 1026 3073 1097 gallus
3102 1026 3369 1081 cantavit.

1770 1114 1980 1171 Rursus
2009 1127 2191 1171 autem
2223 1131 2347 1171 eum
2380 1117 2613 1173 vidisset
2646 1118 2793 1174 illum
2822 1117 3019 1173 ancilla
3048 1160 3062 1183 ,
3095 1118 3264 1187 erepit
3292 1118 3375 1173 di-

1771 1226 1898 1266 cere
1938 1213 2422 1268 cireumstantibns
2459 1212 2636 1281 :Quia
2667 1213 2755 1268 hic
2790 1228 2855 1267 ex
2896 1212 3004 1267 illis
3035 1220 3138 1268 est.
3185 1212 3255 1267 At
3285 1212 3374 1268 ille

1769 1308 1968 1363 iterum
2000 1310 2239 1381 negavit.
2275 1310 2345 1364 Et
2384 1319 2507 1380 post
2553 1310 2809 1379 pusillum
2855 1325 3045 1365 rursus
3090 1310 3177 1378 qui
3226 1321 3373 1364 asta-

1771 1401 1924 1469 bant,
1955 1402 2211 1459 dicebant
2241 1402 2401 1459 Petro
2435 1420 2449 1457 :
2482 1402 2621 1459 Vere
2643 1419 2710 1459 ex
2734 1403 2842 1458 illis
2866 1418 2925 1459 es
2959 1420 2972 1458 :
2998 1418 3124 1458 nam
3148 1412 3202 1457 et
3223 1403 3369 1457 Gali-

1770 1496 1904 1551 lacus
1926 1510 2007 1552 es.
2044 1496 2137 1551 llle
2164 1504 2343 1551 autem
2367 1497 2534 1567 coepit
2567 1496 3130 1562 anathematizare,et
3157 1496 3374 1565 jnrarc:

1770 1589 1908 1655 Quia
1938 1588 2124 1644 nescio
2151 1588 2431 1644 hominem
2466 1589 2629 1644 istum
2660 1605 2821 1660 quem
2850 1589 3055 1645 dicitis.
3084 1589 3149 1643 Et
3191 1588 3373 1644 sratim

1772 1683 1943 1753 gallus
1975 1683 2171 1737 iterum
2201 1683 2466 1737 cantavit.
2500 1681 2719 1753 [cxcvn,
2752 1683 2833 1755 2.]
2855 1683 2920 1737 Et
2944 1682 3263 1737 recordatus
3290 1689 3372 1736 est

3005 1773 3164 1830 Prius
3209 1788 3373 1845 quam

1764 1869 1944 1939 gallus
1975 1876 2159 1924 cantet
2186 1868 2293 1934 bis,
2337 1878 2418 1923 ter
2450 1883 2536 1923 me
2578 1869 2823 1939 negabis.
2856 1868 2922 1923 Et
2952 1868 3121 1938 cmpit
3152 1867 3304 1923 ﬂere.

1835 1967 1985 2037 ]Cap.
2014 1964 2129 2020 XV.
2149 1980 2368 2025 cxcvnt,
2394 1965 2485 2035 2.]
2511 1964 2575 2019 Et
2596 1962 2882 2019 confestim
2911 1977 3066 2017 mane
3086 1962 3376 2019 consilium

1764 2058 2025 2114 facientes
2082 2060 2283 2114 summi
2336 2058 2683 2127 sacerdotes,
2740 2071 2864 2111 curn
2920 2055 3259 2121 senioribus,
3317 2064 3375 2112 et

1762 2152 1984 2222 scribis,
2014 2162 2068 2207 et
2102 2151 2358 2207 universo
2388 2150 2654 2217 concilio,
2706 2150 2907 2223 [cxcrx,
2939 2149 3020 2221 1.]
3074 2149 3377 2205 vincientes

1762 2244 1981 2311 Jesuni,
2016 2245 2316 2311 duxerunt,
2346 2255 2400 2299 et
2440 2243 2782 2299 tradiderunt
2830 2242 3025 2298 Pilato.
3082 2244 3104 2314 [
3140 2258 3233 2307 cc,
3280 2244 3331 2297 1.
3364 2243 3381 2315 ]

1767 2341 1831 2394 Et
1862 2340 2217 2408 interrogavit
2245 2354 2366 2394 eum
2402 2339 2605 2395 Pilatus
2637 2358 2647 2391 :
2675 2338 2758 2392 Tu
2789 2352 2849 2393 cs
2894 2352 2983 2391 rex
3013 2335 3376 2391 Judzeorum?

1764 2434 1835 2488 At
1886 2433 1975 2487 ille
2005 2431 2379 2501 reSpondcns,
2432 2431 2508 2485 ait
2535 2430 2613 2484 illi
2640 2473 2654 2495 ,
2685 2428 2765 2483 Tu
2798 2428 2956 2483 dicis.
2990 2426 3145 2499 [ccr,
3177 2426 3275 2499 4.]
3309 2427 3375 2483 Et

1764 2529 2095 2582 aeeusabant
2126 2541 2250 2581 cum
2281 2525 2476 2579 summi
2505 2522 2817 2579 sacerdotes
2848 2522 2901 2575 in
2928 2520 3138 2575 multis.
3171 2519 3375 2574 Pilatus

1765 2631 1943 2676 autem
1976 2634 2189 2675 rursum
2242 2619 2596 2690 interrogavit
2650 2632 2776 2672 eum
2828 2615 3059 2671 dicens:
3115 2612 3232 2669 Non
3285 2627 3375 2669 rc-

1764 2717 2003 2787 spondes
2053 2715 2389 2787 quidquam?
2430 2714 2551 2769 vide
2610 2713 2662 2767 in
2696 2712 2911 2783 quantis
2963 2718 3017 2765 te
3066 2708 3369 2764 accusant!

1765 2810 1923 2866 Jesus
1972 2818 2152 2864 autem
2182 2807 2416 2878 amplius
2446 2806 2580 2861 nihil
2625 2804 2939 2875 respondit,
2996 2804 3072 2859 ita
3118 2812 3175 2857 ut
3206 2802 3370 2856 mira-

1766 2915 1917 2959 retur
1964 2903 2193 2958 Pilatus.
2248 2903 2425 2975 [ccu,
2459 2900 2561 2972 2.]
2592 2900 2695 2955 Per
2742 2900 2885 2955 diem
2940 2907 3118 2954 autem
3172 2898 3368 2954 festum

1766 2996 1975 3052 solebat
2003 2996 2279 3050 dimittere
2302 2995 2409 3050 illis
2440 3009 2603 3049 unum
2630 3009 2698 3049 ex
2729 2993 2943 3061 vinctis,
2974 3004 3371 3064 quemcumque

1767 3088 2073 3157 petiissent.
2099 3087 2117 3160 [
2140 3102 2287 3153 ccur,
2320 3085 2414 3157 4.]
2448 3087 2578 3142 Erat
2618 3094 2796 3142 autem
2841 3088 2928 3155 qui
2960 3086 3239 3141 dicebatur
3269 3082 3371 3142 Ba-

77 3189 330 3236 renerunt
364 3194 552 3235 omnes
582 3179 896 3235 sacerdotes
919 3224 934 3249 ,
966 3190 1018 3234 et
1046 3180 1273 3245 scribae,
1307 3189 1361 3234 et
1391 3182 1659 3239 seniores.
1690 3173 1737 3236 C
1772 3183 1986 3249 rabbas,
2016 3181 2106 3253 qui
2134 3196 2257 3236 cum
2288 3180 2559 3236 seditiosis
2588 3190 2704 3236 erat
2734 3178 2965 3248 vinctus,
2995 3178 3086 3249 qui
3138 3178 3189 3231 in
3221 3176 3367 3231 sedi-

76 3268 380 3339 {cuuvur,
409 3272 489 3343 4.]
517 3272 711 3328 Petrus
731 3281 913 3328 autem
943 3287 973 3327 a
1005 3272 1163 3343 longe
1191 3284 1412 3329 secutus
1435 3286 1517 3329 est
1539 3290 1661 3330 eum

78 3378 235 3435 usque
266 3367 410 3421 intro
438 3367 491 3421 in
523 3367 727 3422 atrium
751 3367 950 3421 summi
972 3367 1276 3423 sacerdotis
1310 3385 1323 3422 :
1355 3377 1410 3423 et
1433 3368 1663 3423 sedebat

78 3469 183 3514 cum
248 3460 575 3516 ministrisal
642 3460 713 3516 ad
774 3461 1004 3532 ignem,
1062 3471 1115 3516 et
1172 3460 1523 3517 calefaciebat
1577 3477 1659 3518 se.

80 3548 373 3618 (cursus,
400 3552 480 3623 2.]
524 3553 731 3609 Summi
765 3554 1077 3609 sacerdotes
1103 3562 1158 3609 et
1176 3569 1337 3610 omne
1368 3555 1662 3612 concilium

81 3646 383 3711 quaerebant
417 3648 677 3703 adversus
720 3648 907 3704 Jcsum
958 3648 1373 3714 testimonium,
1425 3658 1485 3704 ut
1540 3665 1663 3705 eum

84 3740 227 3793 morti
253 3739 574 3806 traderent,
613 3756 712 3796 nec
740 3740 1110 3797 inveniebant.
1138 3742 1291 3797 Multi
1331 3743 1475 3798 enim
1508 3744 1663 3798 testi-

84 3833 309 3886 monium
344 3832 535 3889 falsum
574 3833 829 3889 dicebant
863 3834 1124 3890 adversus
1154 3850 1277 3890 eum
1312 3853 1324 3888 :
1358 3844 1414 3891 et
1463 3851 1667 3892 conve-

86 3926 270 3981 nientia
312 3926 628 3983 testimonia
657 3942 761 3982 non
793 3937 969 3983 erant.
1004 3928 1126 3999 [exe
1151 3970 1166 3995 ,
1197 3928 1277 3999 6.]
1326 3932 1398 3984 Et
1446 3930 1666 3999 quidam

86 4029 365 4090 surgentes
428 4020 621 4074 falsum
683 4019 1052 4075 testimonium
1110 4019 1358 4075 ferebant
1409 4021 1669 4077 adversus

86 4123 194 4163 eum
223 4154 238 4180 ,
266 4112 513 4169 dicentes
546 4152 559 4166 .
590 4111 857 4181 Quoniam
889 4126 989 4167 nos
1016 4111 1321 4167 audivimus
1370 4127 1493 4168 eum
1521 4155 1535 4181 ,
1581 4114 1665 4169 di-

88 4216 280 4261 centem
308 4225 321 4260 :
354 4206 471 4277 Ego
501 4205 799 4262 dissolvam
831 4207 1096 4275 templum
1130 4209 1231 4261 hoc
1259 4220 1421 4261 manu
1446 4206 1668 4275 factum,

90 4308 133 4351 et
161 4316 254 4369 per
303 4302 543 4379 triduum
581 4301 727 4357 aliud
771 4316 878 4356 non
927 4316 1090 4356 manu
1131 4300 1331 4356 factum
1366 4300 1669 4357 mdiﬁcabo.

94 4390 145 4445 Et
168 4410 271 4449 non
299 4403 421 4451 erat
442 4396 776 4450 conveniens
808 4395 1177 4450 testimonium
1218 4394 1455 4450 illorum.
1485 4396 1552 4450 Et
1576 4411 1671 4451 ex-

94 4497 301 4556 surgens
349 4502 593 4543 summus
624 4485 883 4543 sacerdos
913 4486 966 4542 in
1000 4486 1238 4541 medium
1268 4529 1283 4556 ,
1321 4486 1671 4558 interrogavit

1770 3275 1919 3330 tione
1957 3275 2157 3329 fecerat
2187 3272 2557 3328 homicidium.
2590 3272 2800 3328 Etcum
2830 3271 3166 3327 ascendisset
3190 3269 3367 3336 turba,

1765 3369 1931 3440 C(Bpil
1958 3383 2179 3437 rogare,
2210 3367 2349 3423 sicut
2376 3382 2593 3436 semper
2622 3366 2856 3421 faciebat
2882 3364 3009 3419 illis.
3044 3362 3248 3418 Pilatus
3274 3377 3369 3425 au-

1728 3471 1874 3519 -tem
1927 3462 2352 3532 reSponditeis.
2395 3469 2449 3515 ct
2476 3460 2651 3515 dixit:
2696 3459 2870 3514 Vultis
2899 3458 3167 3513 dimittam
3213 3455 3369 3511 vobis

1766 3570 1946 3627 regem
1993 3554 2339 3611 Judmorum?
2375 3552 2593 3609 Sciebat
2622 3554 2764 3608 enim
2817 3552 2959 3623 quod
2985 3566 3081 3621 per
3106 3550 3364 3606 invidiam

1769 3650 2121 3706 tradidissent
2180 3665 2302 3705 cum
2352 3650 2547 3704 summi
2600 3648 2938 3703 sacerdotes.
2978 3648 2996 3721 [
3033 3661 3152 3701 ccrv
3188 3687 3202 3710 ,
3257 3645 3307 3699 1.
3352 3644 3363 3719 ]

1770 3745 2058 3801 Pontifices
2102 3754 2283 3799 autem
2332 3744 2748 3799 concitaverunt
2801 3745 3056 3807 turbam,
3109 3749 3169 3796 ut
3198 3739 3370 3810 magis

1770 3839 2071 3895 Barabbam
2116 3838 2418 3893 dimitteret
2457 3832 2877 3910 eis.[ccv,1.]
2930 3835 3133 3891 Pilatus
3185 3844 3365 3890 autem

1771 3934 1967 3989 iterum
2025 3930 2407 4001 respondens,
2464 3930 2538 3983 ait
2612 3930 2774 3985 illis:
2828 3927 2967 3995 Quid
3024 3943 3155 3999 ergo
3208 3927 3373 3983 vultis

1774 4026 1963 4081 faciam
1997 4024 2106 4094 regi
2132 4022 2440 4077 .Iudreorum
2469 4022 2492 4075 1
2518 4026 2585 4077 At
2615 4021 2692 4077 illi
2728 4024 2922 4078 iterum
2946 4022 3321 4079 elamaverunt
3354 4038 3368 4076 :

1772 4115 2045 4187 Crucifige
2067 4130 2214 4171 eum.
2247 4114 2456 4170 Pilatus
2478 4129 2610 4170 vero
2637 4114 2850 4170 dicebat
2882 4114 2988 4170 illis
3013 4133 3026 4170 :
3056 4115 3197 4184 Quid
3226 4116 3370 4172 enim

1774 4211 1900 4267 mali
1932 4209 2106 4265 fecit?
2138 4209 2207 4263 At
2232 4206 2307 4263 illi
2342 4206 2516 4279 magis
2543 4207 2851 4265 clamabant
2878 4225 2893 4263 :
2927 4206 3195 4279 Crucitige
3224 4222 3367 4263 eum.

1775 4304 1962 4375 [ccvt,
1990 4302 2080 4374 1.]
2112 4300 2316 4357 Pilatus
2343 4310 2522 4357 autem
2574 4300 2763 4357 volens
2816 4301 3013 4371 populo
3060 4299 3375 4355 satisfacere

1775 4396 1982 4452 dimisit
2039 4395 2149 4451 illis
2178 4395 2479 4451 Barabbam
2507 4436 2521 4460 ,
2566 4402 2621 4449 et
2647 4392 2871 4447 tradidit
2917 4393 3100 4447 Jcsum
3150 4389 3377 4461 flagellis

1776 4504 1979 4545 caesum
2002 4530 2017 4557 ,
2052 4499 2107 4543 ut
2133 4488 2566 4558 crucifigeretur.
2595 4486 2605 4556 |
2637 4500 2808 4552 ccvn,
2837 4485 2889 4539 4.
2915 4481 2935 4556 ]
2957 4482 3151 4538 Milites
3196 4490 3376 4537 autem

94 4576 260 4635 Jesum
290 4624 303 4647 ,
338 4581 530 4637 dicens
564 4600 578 4637 :
610 4580 730 4637 Non
776 4580 1075 4652 respondes
1122 4579 1415 4650 quidquam
1444 4580 1510 4634 ad
1558 4596 1624 4636 ea
1651 4622 1669 4651 ,
1698 4574 1751 4635 D
1777 4582 2050 4639 duxerunt
2079 4597 2202 4638 eum
2226 4582 2278 4637 in
2306 4584 2500 4635 atrium
2532 4579 2803 4654 praztorii,
2834 4586 2889 4631 et
2936 4582 3236 4630 convocant
3293 4581 3379 4628 to-

94 4656 200 4741 q'tne
231 4675 323 4731 tibi
351 4675 685 4746 objiciuntur
710 4675 779 4730 ab
815 4674 945 4731 bis?
991 4674 1089 4729 llle
1116 4684 1299 4729 autem
1335 4675 1545 4731 tacebat
1572 4720 1585 4745 ,
1618 4686 1675 4732 et

96 4766 209 4820 nihil
238 4769 530 4839 respondit.
583 4768 816 4824 Rursum
847 4782 1092 4823 summus
1140 4768 1399 4824 sacerdos
1430 4769 1672 4825 interro-

94 4859 237 4925 gabat
263 4864 479 4933 eum,fet
507 4861 643 4917 dixit
669 4861 718 4917 ei
747 4880 759 4915 :
788 4861 870 4917 Tu
902 4877 961 4917 es
990 4860 1241 4917 Christus
1269 4861 1437 4917 Filius
1462 4862 1556 4918 Dei
1578 4864 1676 4919 be-

93 4952 312 5009 nedicti?
338 4953 496 5011 Jesus
524 4962 707 5009 autem
733 4952 872 5009 dixit
901 4954 979 5010 illi
1008 4970 1023 5008 :
1056 4955 1171 5026 Ego
1195 4970 1316 5013 sum
1346 4972 1359 5012 :
1390 4958 1554 5028 [ωσι.
1590 4956 1668 5029 1.]

92 5054 141 5098 et
171 5048 418 5105 videbitis
447 5048 647 5104 Filium
689 5048 932 5104 hominis
963 5049 1241 5104 sedentem
1273 5064 1304 5105 a
1333 5050 1540 5105 dextris
1565 5050 1674 5105 vira

91 5141 204 5195 tutis
231 5142 254 5179 ι)
292 5143 408 5210 Dei,
441 5152 497 5198 et
527 5143 836 5197 venientem
869 5157 991 5198 cum
1024 5143 1256 5199 nubibus
1290 5144 1435 5200 emli.
1469 5146 1669 5217 jam",

88 5232 157 5305 6.]
199 5236 457 5293 Summus
512 5246 695 5292 autem
749 5238 1002 5292 sacerdos
1051 5238 1308 5293 scindens
1348 5240 1672 5295 vestimenta

90 5340 193 5394 sua,
226 5331 327 5384 ait:
356 5332 566 5401 {cxcnn
597 5329 678 5402 2.]
707 5329 839 5399 quid
866 5330 1042 5385 adhuc
1071 5331 1444 5387 desideramus
1471 5336 1673 5388 testes?

88 5420 321 5476 Audistis
374 5422 774 5492 blasphemiam
822 5441 834 5477 :
887 5422 1019 5493 quid
1062 5424 1219 5480 vobis
1268 5426 1521 5480 videtur?
1569 5426 1674 5494 Qui

86 5530 266 5574 omnes
313 5517 823 5573 eondemnaverunt
887 5532 1012 5573 eum
1068 5532 1192 5575 esse
1244 5534 1399 5575 reum
1458 5519 1670 5576 lllOl‘liS.

83 5612 281 5686 [ovem
317 5610 395 5683 1.]
429 5612 497 5665 Et
528 5619 812 5680 coeperunt
835 5612 1057 5684 quidam
1090 5627 1400 5684 conspuere
1432 5628 1587 5681 cum,
1620 5622 1676 5669 et

144 5734 171 5763 ⁸
200 5732 437 5789 Voculas
463 5732 533 5786 ad
562 5733 763 5803 ignem,
796 5748 975 5806 neque
999 5732 1221 5788 Grarcus
1263 5739 1471 5797 textus,
1503 5744 1679 5802 neque

71 5807 241 5864 nostri
267 5820 402 5863 mss.
428 5812 755 5877 agnoscunt.

1782 4688 1890 4733 tam
1915 4676 2217 4741 cohortem,
2250 4683 2303 4731 et
2331 4674 2559 4729 induunt
2582 4687 2705 4726 eum
2731 4685 2989 4741 purpura,
3016 4678 3067 4723 et
3096 4666 3382 4736 imponunt

1781 4772 1828 4827 ei
1854 4772 2155 4841 plet-tentes
2184 4770 2427 4839 spineam
2460 4780 2739 4821 coronam.
2794 4767 2858 4818 Et
2897 4770 3184 4832 creperum
3237 4758 3384 4813 salu-

1782 4874 1899 4922 tare
1929 4882 2086 4921 cum:
2113 4864 2249 4932 Ave,
2283 4878 2378 4918 rex
2408 4860 2755 4927 Judzeorum.‘
2787 4859 3003 4931 [ccvut,
3031 4855 3110 4929 6.]
3143 4855 3211 4910 Et
3261 4870 3385 4925 per-

1780 4960 2061 5023 cutiebant
2086 4966 2249 5029 caput
2275 4956 2395 5027 ejus
2422 4954 2722 5011 arundine:
2753 4962 2806 5008 et
2835 4951 3208 5023 eonspuebant
3232 4962 3383 5016 eum,

1780 5063 1834 5109 et
1868 5063 2130 5123 ponentes
2184 5065 2397 5121 genua,
2446 5048 2745 5102 adorabant
2787 5064 2933 5102 eum.
2985 5047 3051 5102 Et
3094 5055 3384 5117 postquam

1782 5149 2071 5204 illuserunt
2094 5146 2174 5211 ei,
2210 5153 2476 5199 exuerunt
2526 5143 2676 5198 illum
2707 5159 2943 5214 purpura
2967 5188 2981 5213 ,
3014 5153 3069 5200 et
3095 5146 3388 5200 induerunt

1781 5256 1905 5296 eum
1934 5237 2541 5294 vestimentis,suis:et
2586 5236 2821 5291 educunt
2869 5237 3059 5304 illum,
3116 5247 3173 5292 ut
3211 5237 3389 5291 eruci-

1780 5336 2006 5406 ﬁgcrent
2033 5345 2177 5385 eum.
2211 5328 2436 5401 [αρνιμ
2473 5330 2525 5384 1.
2554 5327 2570 5399 ]
2605 5329 2673 5383 Et
2705 5330 3123 5399 angariaverunt
3160 5338 3385 5403 practer-

1780 5438 2004 5486 euntem
2027 5423 2359 5493 quempiam,
2393 5421 2671 5478 Simonem
2694 5421 3039 5493 Cyrenarum,
3066 5423 3377 5479 venientem

1780 5520 1849 5577 de
1878 5519 2025 5584 villa,
2051 5524 2259 5587 patrem
2289 5514 2583 5570 Alexandri
2607 5525 2661 5570 ct
2681 5514 2823 5580 Rufi,
2844 5524 2902 5571 ut
2931 5516 3145 5571 tolleret
3169 5529 3391 5570 crucem

1782 5614 1923 5685 ejus.
1956 5610 2127 5684 μω,
2176 5607 2275 5681 1.]
2329 5609 2395 5664 Et
2434 5608 2742 5679 perducunt
2796 5610 2950 5665 illum
3005 5611 3059 5666 in
3117 5608 3388 5680 Golgotha

1858 5731 1885 5771 δ
1918 5730 2017 5786 llic
2054 5742 2281 5801 quoque
2334 5726 2427 5801 Dei
2468 5741 2671 5781 nomen
2699 5770 2714 5795 ,
2740 5726 2895 5801 quod
2938 5742 3120 5801 neque
3163 5726 3391 5785 Grtecus

1791 5812 1973 5862 textus
2002 5798 2183 5867 addit,
2214 5801 2284 5857 ab
2312 5798 2507 5858 iisdem
2539 5813 2669 5855 mss.
2703 5800 2891 5857 abest.
