3920 6200
529 174 640 275 sor
1535 209 1595 270 s.
1637 208 2023 269 arenosum
2062 209 2297 269 omna
2340 209 2821 270 BlBLlO‘l‘llECA.
3731 218 3822 279 eos

536 333 721 390 locum
780 349 796 387 :
848 329 993 405 quod
1038 336 1124 387 est
1172 329 1590 401 interpretatum
1641 326 1911 384 Calvaria:
1962 328 2135 383 locus.
2167 328 2441 395 Arione,
2469 328 2697 384 donavit
2717 343 2915 400 corpus
2933 328 3159 400 Josepb.
3192 331 3506 403 [ccxxvm,
3532 331 3586 389 1.
3613 333 3825 409 |Joseph

541 427 729 503 [ccxt,
759 426 817 484 4.
842 425 861 499 ]
891 426 959 482 Et
976 424 1185 482 dabant
1209 424 1260 481 ei
1301 424 1493 481 bibere
1527 423 1873 496 myrrbatum
1902 425 2089 478 vinum
2123 440 2137 477 :
2243 434 2428 479 autem
2467 432 2741 479 mercatus
2766 423 3051 480 sindonem
3074 466 3093 492 ,
3149 435 3205 480 et
3257 426 3550 497 deponens
3597 441 3712 485 eum
3750 430 3830 486 in—

541 535 600 582 et
624 538 731 580 non
776 520 1003 591 accepit.
1055 520 1273 593 [ccxn,
1304 519 1398 591 1.]
1444 519 1513 574 Et
1540 517 1925 588 cruciﬁgentes
1970 530 2096 572 eum
2123 559 2139 583 ,
2246 518 2425 574 volvit
2441 519 2675 575 sindone
2696 560 2712 585 ,
2738 530 2795 574 et
2824 519 3008 589 posuit
3026 534 3152 575 eum
3188 522 3241 575 in
3271 529 3661 588 monumento,
3698 526 3828 594 quod

541 615 851 673 diviserunt
897 612 1226 669 vestimenta
1277 610 1417 682 ejus,
1444 610 1722 665 mittentes
1748 617 1953 664 sortem
1977 621 2146 677 super
2245 623 2367 669 erat
2413 612 2658 669 excisum
2712 612 2783 669 de
2847 622 3039 683 petra,
3084 621 3141 669 ei
3193 613 3441 669 advolvi;
3484 614 3714 685 lapidem
3766 617 3832 673 ιει

541 709 645 777 eis,
674 706 798 779 quis
827 705 957 779 quid
984 705 1221 762 tolleret.
1250 704 1478 778 [ccum
1509 702 1985 775 l0.]Eratautem
2010 700 2147 757 hora
2247 707 2449 762 ostium
2516 705 2876 764 monumenti.
2927 708 2945 780 [
2985 722 3220 773 ccxxtx,
3275 707 3327 763 6.
3365 705 3385 780 ]
3443 707 3611 765 Maria
3668 718 3833 767 autem

547 804 703 861 tertia
736 821 749 857 :
797 811 854 859 et
899 800 1293 857 cruciﬁxeruut
1343 814 1493 855 eum.
1528 800 1545 872 ι
1574 814 1748 865 ccxv,
1782 796 1874 868 1.]
1919 796 1991 852 Ει
2030 804 2152 851 erat
2249 800 2604 871 Magdalene,
2633 810 2687 855 et
2710 799 2875 855 Maria
2898 799 3099 871 Joseph
3132 798 3241 871 [ΑΙ.
3263 797 3489 872 Josue],
3519 801 3839 872 aspiciebant

543 897 737 955 titulus
755 910 933 951 causa:
951 895 1067 967 ejus
1095 893 1394 963 inscriptus
1417 911 1430 946 :
1455 892 1576 947 Rex
1595 889 1933 946 Judaaorum.
1954 889 2146 962 [ccxv,
2251 894 2343 949 ubi
2375 904 2693 965 poneretur.

546 993 600 1048 1.
631 989 649 1063 ]
684 989 752 1045 Et
795 1003 918 1044 cum
948 1002 1016 1044 eo
1055 985 1381 1057 cruciﬁgunt
1417 987 1558 1041 duos
1619 984 1891 1048 latrones;
1923 998 2090 1037 unum
2120 996 2151 1035 a
2327 986 2345 1059 [
2373 985 2506 1057 Cap.
2538 986 2679 1043 XVI.
2704 1003 2909 1053 ccxxx,
2956 986 3054 1059 8.]
3086 986 3153 1041 Et
3182 1000 3309 1041 cum
3341 989 3618 1046 transisset
3645 986 3847 1044 sabba-

548 1082 792 1149 dextris,
832 1090 891 1138 et
931 1081 1097 1137 alium
1148 1096 1179 1135 a
1227 1079 1469 1136 sinistris
1496 1080 1641 1149 ejus.
1691 1078 1916 1151 [ccxvr,
1957 1074 2055 1148 8.]
2087 1075 2154 1131 Et
2256 1086 2399 1142 tum,
2429 1078 2594 1133 Maria
2626 1078 2961 1151 Hagdalene,
2989 1088 3045 1134 et
3086 1079 3255 1134 Maria
3292 1077 3518 1148 Jacobi,
3547 1088 3606 1136 et
3629 1079 3845 1136 Saietae

545 1176 770 1248 impleta
800 1184 886 1232 est
904 1176 1210 1245 scriptura,
1243 1190 1363 1247 qua:
1407 1175 1540 1229 dicit
1582 1190 1597 1228 :
1654 1174 1722 1228 Et
1773 1189 1897 1229 cum
1951 1173 2155 1243 iniquis
2255 1180 2508 1227 emerunt
2553 1183 2828 1241 aromata,
2886 1181 2948 1227 ut
3000 1172 3288 1229 venientes
3332 1183 3601 1245 ungerent
3647 1173 3837 1230 lesum.

549 1278 835 1344 reputatus
869 1268 1233 1343 est.[ccxvn,
1264 1268 1343 1340 6.]
1377 1268 1445 1323 Et
1469 1274 1864 1339 praetereuntes
1893 1264 2151 1336 blasphe-
2260 1265 2521 1339 [ccxxxt,
2567 1264 2661 1335 1.]
2714 1265 2781 1320 Et
2846 1264 3008 1321 valde
3062 1281 3222 1321 mane
3283 1281 3389 1321 una
3462 1266 3841 1336 sabbatorum,

550 1364 773 1420 mabant
791 1377 938 1429 eum,
968 1372 1253 1417 moventes
1274 1362 1451 1432 capita
1472 1374 1592 1426 sua,
1614 1369 1671 1416 et
1687 1360 1969 1415 dicentes:
1998 1357 2113 1413 Vah
2138 1358 2152 1412 ε
2260 1358 2491 1414 veniunt
2513 1359 2578 1413 ad
2606 1369 3041 1428 monumentum,
3065 1368 3191 1415 orto
3214 1360 3326 1431 jam
3348 1361 3487 1416 sole.
3519 1360 3586 1415 Et
3609 1360 3847 1416 dicebant

554 1469 580 1497 ι
601 1460 693 1531 qui
716 1458 954 1515 destruis
975 1456 1239 1529 templum
1268 1456 1404 1522 Dei,
1441 1464 1499 1511 et
1521 1455 1577 1510 in
1603 1454 1773 1509 tribus
1798 1452 1994 1509 diebus
2023 1467 2160 1507 reaz-
2261 1454 2330 1508 ad
2373 1452 2607 1509 invicem
2641 1470 2656 1508 :
2715 1454 2835 1524 quis
2885 1452 3130 1509 revolvet
3173 1453 3333 1508 nobis
3365 1452 3596 1525 lapidem
3620 1453 3691 1508 ab
3718 1454 3849 1509 ostio

550 1552 739 1609 diﬁcas
763 1569 778 1605 :
801 1552 1009 1607 salvum
1025 1549 1111 1606 {ac
1135 1550 1484 1620 temetipsum
1512 1547 1850 1604 descendens
1878 1548 1948 1603 de
1973 1561 2155 1601 cruce.
2263 1548 2638 1603 monumenti?
2661 1546 2727 1601 Et
2752 1546 3111 1616 respicientes
3127 1545 3380 1600 viderunt
3403 1545 3696 1601 revolutum
3718 1544 3854 1614 lapi-

559 1644 837 1718 [ccxvut,
868 1641 973 1715 2.]
1001 1642 1267 1699 Similiter
1324 1651 1381 1696 et
1423 1640 1625 1696 summi
1662 1639 1979 1695 sacerdotes
2038 1637 2165 1692 illu-
2263 1641 2411 1697 dem.
2459 1640 2589 1695 Erat
2611 1640 2811 1709 quippe
2860 1654 3091 1710 magnus
3124 1638 3307 1694 valde.
3342 1638 3407 1694 Et
3443 1638 3778 1694 introeuntes
3799 1637 3850 1693 in

556 1737 782 1803 dentes,
822 1734 890 1790 ad
920 1736 1247 1790 alterutrum
1274 1748 1402 1788 cum
1433 1731 1632 1787 scribis
1661 1730 1915 1787 dicebant
1941 1748 1954 1783 :
2007 1729 2160 1784 Alios
2190 1742 2237 1803 Β
2265 1742 2676 1788 monumentum
2705 1731 2961 1786 viderunt
2988 1732 3255 1801 juvenem
3305 1729 3588 1788 sedentem
3628 1728 3685 1784 iu
3730 1729 3853 1784 dex-

561 1833 748 1889 salvos
808 1830 972 1896 iecit,
1018 1829 1256 1898 seipsum
1307 1842 1417 1882 non
1472 1834 1650 1895 potest
1700 1826 1910 1880 salvum
1961 1822 2158 1879 facere.
2268 1827 2396 1895 tris,
2455 1835 2778 1896 coopertum
2834 1826 2974 1882 stola
3016 1825 3281 1889 candida,
3331 1833 3389 1881 et
3448 1824 3849 1895 obstupuerunt.

561 1921 816 1980 Christus
845 1936 944 1977 rex
974 1919 1143 1976 lsrael
1182 1917 1483 1973 descendat
1532 1931 1676 1971 nunc
1726 1916 1795 1971 de
1851 1930 2050 1983 cruce,
2109 1923 2169 1970 ut
2267 1918 2555 1993 [ccxxxu,
2597 1918 2697 1990 2.]
2739 1921 2841 1989 Qui
2883 1921 3015 1976 dicit
3047 1920 3201 1978 illis:
3242 1919 3423 1977 Nolite
3464 1933 3849 1991 expavescere:

568 2014 885 2082 videamus,
931 2022 988 2069 et
1035 2011 1343 2068 credamus.
1394 2010 1625 2083 μοιβ,
1656 2010 1754 2082 2ο]
1797 2009 1865 2064 El
1902 2010 1995 2080 qui
2042 2023 2166 2065 Cum
2268 2014 2456 2071 Jesum
2491 2014 2732 2084 qumritis
2756 2014 3151 2082 Nazaraanum,
3180 2014 3501 2071 cruciﬁxum
3537 2032 3550 2067 :
3595 2011 3845 2078 surrexit,

566 2123 636 2166 eo
675 2107 927 2164 cruciﬁxi
976 2115 1165 2173 erant,
1219 2103 1668 2161 conviciabantur
1716 2104 1789 2159 ei.
1825 2102 2030 2175 [ccxx,
2068 2099 2167 2173 2.]

569 2202 639 2258 Et
668 2201 804 2257 iacta
833 2199 965 2255 bora
996 2206 1150 2255 sexta
1171 2238 1186 2264 ,
1220 2198 1461 2254 tenebrae
1504 2198 1656 2253 facta:
1684 2206 1813 2252 sunt
1852 2210 1950 2266 per
2000 2202 2167 2250 totam

572 2304 774 2350 terram
802 2307 976 2363 usque
1008 2292 1061 2347 in
1086 2291 1277 2346 horam
1310 2303 1532 2345 nonam.
1568 2288 1792 2363 [ccxx1,
1822 2287 1875 2344 6.
1904 2286 2010 2359 ]Et
2037 2285 2169 2341 hora

572 2401 716 2443 nona
745 2386 1070 2445 exclamavit
1096 2385 1255 2441 Jesus
1300 2400 1434 2441 voce
1474 2400 1698 2455 magna,
1744 2384 1933 2438 dicens
1966 2400 1979 2436 ε
2014 2382 2167 2449 Eloi,

575 2479 728 2545 Elei,
787 2478 986 2534 lamma
1013 2476 1371 2532 sabacthani?
1401 2476 1547 2546 quod
1580 2485 1664 2532 est
1713 2476 2128 2545 interpretatum
2157 2490 2173 2528 :

577 2574 721 2631 Dens
766 2588 955 2640 meus,
997 2572 1143 2627 Deus
1188 2585 1378 2638 meus,
1426 2569 1615 2641 utquid
1670 2570 2006 2639 dereliquisti
2046 2568 2178 2624 me?

577 2668 646 2721 l'it
668 2666 890 2737 quidam
918 2664 987 2721 de
1013 2664 1491 2721 circumstantibus
1516 2663 1803 2718 audientes
1827 2704 1843 2729 ,
1880 2661 2135 2718 dicebant
2161 2680 2173 2717 :

578 2760 722 2817 Ecce
749 2760 923 2816 Eliam
951 2768 1131 2816 vocat.
1156 2759 1402 2833 [ccum
1426 2756 1509 2831 2.]
1533 2757 1772 2816 Correus
1801 2767 1983 2814 autem
2014 2772 2176 2826 unus,

579 2864 637 2912 et
666 2855 900 2926 implens
938 2854 1221 2926 spongiam
1271 2863 1456 2921 aceto,
1509 2851 2037 2923 circumponensque
2087 2866 2181 2906 ca-

578 2946 756 3014 lamo,
788 2956 974 3019 potum
1004 2945 1170 3001 dabat
1201 2944 1251 3000 ei
1271 2989 1286 3015 ,
1320 2943 1508 3000 dicens
1535 2961 1548 2997 :
1572 2943 1743 3001 Sinite
1770 2987 1786 3013 ,
1837 2942 2116 2998 videamus
2136 2942 2182 2997 si

583 3039 765 3093 veniat
818 3039 965 3094 Elias
1002 3038 1069 3093 ad
1120 3037 1504 3108 deponendum
1559 3052 1706 3092 eum.
1767 3035 2041 3110 [ccxxm,
2077 3032 2182 3107 l.]

2270 2122 2379 2165 non
2411 2116 2495 2164 est
2519 2108 2638 2174 hic,
2673 2122 2803 2165 ecce
2826 2108 2980 2164 locus
3006 2108 3096 2163 ubi
3122 2114 3423 2179 posuerunt
3445 2121 3596 2162 eum.
3622 2105 3726 2161 Sed
3755 2105 3845 2171 ite,

2271 2199 2435 2257 dicite
2475 2200 2762 2271 discipulis
2794 2200 2911 2272 ejus
2935 2212 2989 2256 et
3028 2200 3193 2256 Petro
3214 2246 3229 2270 ,
3259 2201 3382 2271 quia
3415 2198 3675 2270 pra'cedit
3693 2212 3781 2253 vos
3808 2198 3851 2253 in

2272 2292 2554 2351 Galilaeam
2593 2310 2609 2347 :
2672 2292 2748 2348 ibi
2803 2309 2925 2349 eum
2971 2293 3264 2361 videbitis,
3316 2293 3463 2349 sicut
3509 2290 3654 2347 dixit
3694 2289 3854 2346 vobis.

2275 2386 2553 2459 [ccxxxm
2572 2428 2587 2452 ,
2612 2386 2712 2458 2.]
2738 2386 2807 2442 At
2836 2386 2947 2442 illa:
2992 2395 3258 2443 exeuntes
3281 2429 3297 2453 ,
3332 2386 3582 2457 fugerunt
3599 2384 3664 2440 de
3680 2397 3858 2439 monu-

2276 2490 2461 2536 mento
2486 2498 2501 2536 :
2546 2480 2819 2536 invaserat
2852 2479 2995 2535 enim
3023 2494 3116 2535 eas
3145 2491 3350 2537 tremor
3371 2488 3428 2535 et
3454 2494 3649 2551 pavor:
3686 2487 3741 2534 et
3778 2492 3860 2534 ne-

2278 2575 2410 2632 mini
2441 2575 2737 2647 quidquam
2777 2574 3079 2631 dixerunt:
3113 2575 3376 2632 timebant
3419 2574 3588 2630 enim.
3636 2572 3856 2644 Surgens

2277 2678 2457 2724 autem
2488 2684 2679 2737 mane,
2703 2669 2878 2740 prima
2904 2668 3148 2739 sabbati,
3181 2668 3436 2740 apparuit
3475 2667 3660 2739 primo
3695 2665 3857 2721 Maria:

2281 2759 2633 2831 Magdalene,
2690 2760 2759 2815 de
2789 2775 2894 2831 qua
2925 2761 3168 2830 ejecerat
3205 2771 3412 2831 septem
3452 2756 3744 2814 dzemonia.
3777 2755 3861 2811 Illa

2282 2855 2489 2910 vadens
2520 2855 2790 2910 nuntiavit
2819 2856 2924 2925 his,
2957 2857 3049 2927 qui
3073 2870 3195 2912 cum
3219 2871 3286 2912 eo
3309 2855 3547 2922 fuerant,
3572 2853 3857 2924 lugentibus

2284 2957 2338 3004 et
2359 2946 2631 3005 ﬂentibus.
2659 2949 2726 3004 Et
2750 2948 3129 3005 illiaudientes
3150 2949 3274 3019 quia
3297 2949 3531 3009 viveret.
3559 2946 3766 3002 etvisus
3784 2960 3863 3000 es-

2286 3052 2370 3098 set
2390 3042 2462 3098 ab
2480 3058 2565 3109 ea,
2591 3057 2698 3098 non
2720 3042 3092 3101 crediderunt.
3118 3043 3389 3117 [ccxxxm
3410 3038 3491 3111 8.]
3507 3040 3637 3097 Post
3656 3040 3766 3095 haec
3783 3051 3864 3092 au-

581 3126 742 3184 Jesus
803 3138 981 3185 autem
1014 3173 1029 3198 ,
1081 3128 1285 3184 emissa
1364 3144 1499 3185 voce
1569 3144 1759 3200 magna
1794 3173 1809 3198 ,
1863 3128 2181 3198 exspiravit.

2294 3148 2399 3194 tem
2420 3136 2634 3193 duobus
2660 3154 2727 3194 ex
2758 3137 2843 3193 his
2861 3137 3265 3194 ambulantibus
3286 3145 3542 3191 ostensus
3569 3143 3653 3190 est
3694 3133 3746 3188 in
3772 3131 3862 3186 alia

588 3221 860 3297 [ccxxtv,
888 3222 944 3278 2.
976 3221 994 3295 ]
1026 3222 1091 3276 Et
1115 3222 1291 3278 velum
1316 3223 1501 3294 templi
1524 3223 1755 3278 scissum
1778 3234 1859 3279 est
1880 3223 1934 3278 in
1966 3223 2076 3278 duo
2102 3264 2119 3292 ,
2151 3237 2181 3277 a

583 3330 799 3373 summo
829 3316 850 3389 [
877 3315 963 3370 Al.
993 3331 1206 3371 sursum
1234 3316 1253 3387 ]
1279 3332 1448 3385 usque
1480 3316 1761 3373 deorsum.
1795 3318 2043 3391 [ccxxv,
2082 3315 2182 3387 2.]

585 3407 791 3466 Videns
818 3417 998 3463 autem
1026 3408 1312 3474 Centurio,
1340 3408 1433 3480 qui
1462 3425 1530 3463 ex
1554 3408 1783 3465 adverso
1811 3411 1988 3466 stabat
2013 3452 2028 3477 ,
2060 3411 2184 3481 quia

589 3503 671 3560 sic
703 3504 946 3559 clamans
990 3503 1358 3571 exspirasset,
1389 3503 1462 3557 ait
1494 3518 1509 3557 :
1541 3502 1683 3559 Vere
1714 3504 1798 3558 hic
1828 3502 1991 3558 homo
2018 3502 2188 3560 Filius

589 3596 686 3654 Dei
716 3604 852 3653 erat.
889 3595 1155 3670 [ccxxv],
1188 3596 1239 3652 6.
1268 3596 1288 3668 ]
1320 3597 1487 3652 Erant
1530 3606 1708 3653 autem
1762 3607 1814 3652 et
1844 3598 2101 3653 mulieres
2121 3597 2189 3654 de

587 3691 751 3761 longe
778 3691 1105 3762 aspicientes
1135 3708 1148 3744 :
1186 3692 1328 3746 inter
1353 3705 1487 3761 quas
1507 3700 1627 3748 erat
1649 3691 1813 3746 Maria
1843 3691 2188 3763 Magdalene,

592 3794 648 3842 et
673 3786 839 3842 Maria
865 3786 1053 3843 Jacobi
1082 3784 1312 3842 minoris
1339 3795 1395 3843 et
1413 3785 1618 3858 Joseph
1642 3784 1759 3859 [ΑΙ.
1786 3785 1970 3858 Josue]
1995 3796 2187 3853 mater,

589 3887 646 3934 et
671 3877 936 3935 Salome:
991 3886 1193 3935 etcum
1221 3890 1367 3936 esset
1420 3880 1471 3935 in
1509 3879 1768 3947 Galiltea,
1824 3880 2192 3950 sequebantur

588 3984 755 4035 eum,
788 3979 841 4026 et
887 3970 1366 4037 ministrabantei,
1420 3981 1474 4026 et
1519 3973 1643 4027 aliae
1689 3972 1873 4028 multa:
1903 4013 1918 4039 ,
1950 3988 2070 4043 qua
2118 3971 2194 4026 si-

588 4063 704 4121 mul
726 4077 849 4118 cum
872 4077 939 4118 eo
958 4062 1322 4119 ascenderant
1343 4065 1761 4139 Jerosolymam.
1789 4070 1797 4141 |
1821 4083 2034 4124 ccxxv"
2051 4109 2066 4134 ,
2093 4067 2143 4124 1.
2172 4067 2191 4139 ]

594 4156 660 4212 Ει
689 4171 809 4211 cum
835 4156 947 4225 jam
969 4169 1097 4212 sero
1117 4164 1265 4211 esset
1296 4159 1493 4212 tactum
1520 4159 1687 4231 (quia
1718 4169 1837 4214 erat
1859 4174 2151 4231 parasceve
2175 4204 2190 4231 ,

591 4248 736 4323 quod
769 4259 855 4304 est
884 4258 1014 4305 ante
1058 4248 1424 4323 sabbatum),
1458 4251 1603 4306 venit
1634 4252 1835 4323 Joseph
1865 4255 1934 4309 ab
1981 4255 2197 4310 Arima-

590 4348 731 4402 tlttca
764 4343 963 4401 nobilis
1004 4343 1261 4415 decurio,
1305 4346 1400 4417 qui
1450 4354 1508 4401 et
1547 4345 1663 4416 ipse
1712 4357 1830 4402 erat
1869 4360 2195 4421 exspectans

591 4454 818 4512 regnum
848 4438 987 4508 Dei,
1044 4450 1099 4495 et
1124 4438 1385 4495 audacter
1436 4441 1681 4497 introivit
1708 4440 1775 4496 ad
1816 4441 2085 4512 Pilatum,
2140 4454 2197 4501 et

2286 3232 2467 3304 efﬁgie
2484 3231 2743 3288 euntibus
2769 3232 2822 3287 in
2848 3231 3031 3287 villam
3056 3248 3070 3285 :
3093 3241 3149 3287 et
3178 3230 3255 3285 illi
3280 3238 3473 3285 euntes
3501 3229 3863 3284 nuntiaverunt

2286 3324 2529 3381 caeteris:
2550 3338 2650 3380 nec
2674 3324 2778 3379 illis
2796 3323 3166 3379 crediderunt.
3182 3321 3435 3397 [ccxxxv,
3462 3320 3577 3393 10.]
3590 3319 3866 3375 Novissime

2288 3415 2725 3478 recumbentibus
2743 3416 2850 3472 illis
2873 3414 3120 3471 undecim
3150 3415 3435 3485 apparuit:
3458 3422 3515 3469 et
3543 3408 3867 3483 exprobravit

2289 3508 2720 3565 incredulitatem
2745 3522 2935 3564 eorum
2957 3514 3012 3564 et
3033 3506 3287 3563 duritiam
3316 3504 3523 3575 cordis,
3542 3505 3667 3576 quia
3689 3502 3773 3571 iis,
3793 3499 3867 3571 qui

2288 3601 2538 3657 viderant
2565 3617 2689 3658 eum
2706 3600 3072 3657 resurrexisse
3091 3641 3105 3666 ,
3136 3613 3241 3654 non
3268 3598 3638 3654 crediderunt.
3666 3592 3867 3650 Etdixit

2292 3695 2371 3751 eis
2396 3712 2407 3747 :
2434 3694 2637 3749 Euntes
2661 3693 2715 3750 in
2741 3693 2997 3749 mundum
3026 3693 3362 3756 universum,
3394 3688 3690 3762 prmdicate
3715 3686 3868 3742 Evan-

2291 3789 2487 3860 gelium
2518 3789 2666 3845 omni
2692 3796 2979 3843 creaturae.
3007 3786 3110 3855 Qui
3137 3784 3461 3852 crediderit,
3495 3795 3552 3840 et
3593 3782 3864 3853 baptizatus

2292 3882 2483 3945 fuerit.
2519 3882 2701 3939 salvus
2730 3881 2877 3936 erit:
2919 3880 3011 3951 qui
3064 3893 3198 3935 vero
3230 3893 3340 3933 non
3370 3875 3701 3939 crediderit,
3755 3887 3867 3929 conv

2293 3974 2657 4031 demnabitur.
2691 3974 2854 4044 Signa
2893 3981 3073 4028 autem
3100 3986 3195 4027 eos
3223 3969 3315 4042 qui
3344 3968 3724 4034 crediderint,
3770 3964 3866 4019 hac

2295 4075 2596 4139 sequentur
2626 4084 2638 4119 ;
2669 4064 2728 4121 In
2761 4064 2983 4120 nomine
3008 4078 3130 4119 meo
3159 4061 3425 4118 daemonia
3474 4060 3697 4131 ejicient
3724 4076 3737 4112 :
3784 4056 3867 4110 lin-

2294 4162 2414 4234 guis
2444 4161 2731 4231 loquentur
2763 4159 2954 4215 novis:
2986 4167 3267 4237 serpentes
3295 4155 3529 4211 tollent:
3562 4152 3682 4209 etsi
3704 4148 3867 4206 morti-

2296 4252 2468 4312 ferum
2500 4252 2627 4324 quid
2654 4252 2927 4320 biberint,
2958 4265 3063 4306 non
3104 4250 3185 4305 eis
3216 4246 3475 4304 nocebit:
3509 4260 3675 4316 super
3717 4251 3867 4311 agros

2298 4364 2492 4405 manus
2545 4348 2862 4418 imponent,
2910 4354 2965 4400 et
2993 4345 3133 4401 bene
3171 4342 3469 4399 habebunt.
3523 4340 3591 4395 Et
3634 4336 3866 4393 Dominus

2299 4440 2519 4512 quidem
2583 4438 2743 4495 Jesus
2805 4447 3087 4508 postquam
3140 4436 3349 4491 locutus
3399 4440 3485 4490 est
3528 4431 3644 4498 eis,
3676 4440 3866 4483 assum«

595 4532 756 4603 petiit
783 4543 985 4599 corpus
1008 4529 1160 4587 Jesu.
1213 4529 1417 4587 Pilatus
1448 4541 1626 4587 autem
1657 4533 1957 4590 mirabatur
2003 4537 2048 4592 si
2084 4536 2195 4608 jam
2221 4530 2276 4593 D
2301 4543 2427 4608 plus
2453 4532 2611 4589 estin
2632 4532 2864 4596 omium,
2897 4540 2949 4585 et
2978 4529 3132 4586 sedet
3154 4543 3185 4584 a
3213 4526 3421 4584 dextris
3443 4524 3557 4581 Dei.
3588 4520 3666 4577 Illi
3699 4526 3867 4574 autem

595 4625 843 4683 obiisset.
870 4623 937 4680 Et
965 4622 1240 4681 accersito
1267 4624 1636 4692 Centurione,
1670 4626 2025 4699 interrogavit
2074 4644 2196 4684 eum

592 4720 638 4778 si
677 4721 789 4792 jam
820 4730 1072 4778 mortuus
1101 4729 1268 4778 esset.
1295 4719 1360 4776 Et
1381 4736 1506 4777 cum
1529 4721 1876 4792 cognovisset
1914 4738 1944 4777 a
2002 4720 2204 4779 Centu-

2303 4628 2534 4701 prol'ecti
2565 4627 2999 4697 prtedicaverunt
3021 4626 3244 4697 ubique,
3270 4623 3504 4681 Domino
3529 4622 3863 4689 cooperante,

2305 4732 2362 4780 et
2408 4735 2717 4778 sermonem
2768 4718 3159 4786 contirmante,
3211 4716 3571 4790 sequentibus
3596 4710 3776 4784 signis.

1651 4811 1879 4885 Explicit
1912 4813 2247 4887 Evangelium
2276 4813 2556 4872 secundum
2581 4812 2839 4868 Marcum.

660 4936 686 4964 ⁸
718 4925 867 4985 Unus
903 4926 1123 4998 Regina:
1149 4941 1254 4983 ms.
1286 4926 1375 4999 qui
1402 4925 1657 4983 destruxit
1687 4942 1706 4980 :
1751 4926 1917 4994 alter,
1945 4928 2034 5000 qui
2054 4928 2277 4984 destruit
2303 4942 2322 4983 :
2356 4934 2466 4981 tum
2498 4925 2613 4995 pari
2640 4937 2944 4990 consensu,
2967 4921 3134 4977 tribus
3161 4920 3340 4975 diebus
3370 4915 3622 4986 aediﬁcat,
3651 4921 3751 4969 etc.

1434 5023 3858 5060 ._______________________________.___.

2024 5127 2473 5212 INCIPIT

589 5272 1905 5439 EVANGELIUM
1988 5282 2183 5510 se

2287 5276 3079 5505 ENDUM
3138 5258 3850 5417 LUCAM.

664 5563 821 5640 [Cap.
854 5562 895 5623 l.
926 5578 968 5632 ι,
992 5559 1107 5635 10.]
1138 5571 1166 5601 ⁸
1216 5561 1485 5631 Quoniam
1538 5560 1758 5633 quidem
1805 5560 1958 5617 multi
2006 5560 2192 5618 conati

665 5710 689 5739 ⁸
723 5701 867 5779 Editi
895 5699 1023 5756 librt
1052 5697 1426 5779 quamplures,
1448 5712 1575 5753 cum
1604 5712 1736 5779 mss.
1766 5697 2045 5779 codicibus
2068 5713 2172 5752 non

2299 5565 2431 5616 sunt
2458 5552 2713 5611 ordinare
2742 5551 3137 5618 narrationem,
3166 5561 3290 5621 qua:
3334 5546 3388 5603 in
3417 5544 3575 5602 nobis
3619 5535 3856 5607 completa

2285 5703 2425 5750 nunt
2446 5705 2608 5749 versu
2631 5691 2686 5756 5,
2718 5688 2785 5745 ad
2824 5687 2943 5744 haec
2975 5684 3144 5741 verba
3183 5702 3196 5739 :
3223 5680 3352 5736 Fuit
3377 5681 3441 5756 in
3459 5678 3642 5756 dicitur
3670 5666 3856 5756 Herodis

587 5741 2172 5840 mactasset.'plfau'a'“nrcs‘z;'pitata.‘i"iam"2.1.33:
2271 5741 2424 5837 .133“;
2449 5741 2659 5820 mea
2673 5741 2937 5818 ἐἇεὶνᾱᾱέ
2962 5756 3199 5829 quidam,
3247 5764 3357 5811 etc.
3410 5741 3854 5813 Praefatiunculam
