3920 6200
605 199 705 258 Oli
1618 200 1681 259 S.
1720 199 2107 261 [11280le1
2146 201 2383 260 DIVINA
2423 200 2905 259 BIBUOTHECA.
3792 209 3868 273 οη

605 327 661 372 et
694 315 783 373 hic
806 316 1011 373 mensis
1042 322 1234 372 sextus
1282 322 1369 371 est
1396 315 1499 387 ibi,
1528 331 1647 389 qua:
1679 332 1733 370 vi
1748 328 1903 373 catur
1954 320 2155 375 sterilis
2184 336 2201 375 :
2231 328 2283 391 Α
2308 319 2427 389 ejus
2451 320 2692 389 repletus
2722 329 2805 376 est
2833 318 3042 391 Spiritu
3084 328 3313 378 uncto:
3341 328 3400 379 et
3425 321 3766 394 prepbetavit
3804 330 3866 386 di-

609 412 737 481 quia
770 426 877 466 non
906 410 1010 467 erit
1032 409 1376 480 impossibile
1394 410 1538 481 apud
1564 410 1737 466 Deum
1762 426 1929 468 omne
1953 413 2204 468 verbum.
2310 429 2443 469 cens
2474 433 2489 468 :

612 503 761 559 Dixit
790 514 967 559 autem
998 503 1165 560 Maria
1201 522 1214 557 :
1250 502 1393 561 Ecce
1422 504 1621 559 ancilla
1655 504 1900 574 Domini,
1932 505 2026 560 ﬁat
2072 504 2208 560 mibi
2312 506 2641 563 Benedictus
2683 507 2941 563 Dominus
2969 508 3117 565 Deus
3162 507 3331 565 Israel
3369 526 3385 565 :
3431 510 3563 582 quia
3600 512 3869 574 visitavitet

610 598 910 656 secundum
942 597 1168 654 verbum
1196 606 1369 655 tuum.
1403 599 1467 654 Et
1496 598 1751 655 discissit
1791 601 1862 655 ab
1910 600 1998 655 illa
2047 615 2213 670 ange-
2382 601 2514 657 fecit
2536 603 2968 673 redemptionem
2998 603 3174 673 plebis
3200 618 3338 659 suae.

609 693 712 749 ius.
744 692 1061 766 Exsurgens
1089 702 1273 751 autem
1305 692 1474 749 Ilaria
1504 696 1558 750 in
1581 694 1777 750 diebus
1813 694 1923 750 illis
1980 695 2115 749 abiit
2154 695 2209 753 in
2311 693 2381 749 Et
2402 696 2579 750 erexit
2605 710 2783 752 cornu
2802 696 2998 752 salutis
3027 697 3211 761 nobis,
3238 696 3294 753 in
3323 695 3492 754 domo
3537 698 3699 756 David
3752 705 3869 773 pueri

604 796 859 845 montana
887 802 1012 843 cum
1032 787 1405 853 festinatione,
1428 786 1485 843 in
1514 786 1787 844 civitatem
1809 785 1948 843 Juda
1980 801 1998 842 :
2022 784 2092 841 Et
2122 786 2209 841 in-
2384 788 2492 843 sui.

607 882 848 938 travitiu
877 881 1100 938 domum
1148 880 1461 948 Zachariae,
1491 891 1547 939 et
1590 881 1849 939 salutavit
1896 880 2208 938 Elisabeth.
2312 880 2467 937 Sicut
2495 880 2712 937 locutus
2737 890 2825 938 est
2870 897 3059 952 peros
3111 892 3447 956 sanctor-II,
3496 886 3589 959 qui
3624 900 3656 943 a
3697 889 3874 947 sarequ

606 973 677 1029 Et
696 971 902 1029 factum
929 982 1032 1040 est,
1058 982 1113 1029 nt
1146 974 1350 1027 audivit
1381 974 1766 1030 salutitionem
1818 972 2003 1029 laris:
2031 973 2211 1029 Eliu-
2386 984 2538 1043 sunt,
2565 976 2959 1047 prepbetarum
2982 977 3143 1046 ejus:

604 1062 757 1131 betb,
778 1064 1077 1123 exsultavit
1110 1064 1288 1121 infans
1321 1066 1375 1123 in
1407 1076 1564 1122 utero
1591 1066 1734 1137 ejus,
1777 1075 1832 1121 et
1864 1065 2074 1135 repleta
2124 1074 2213 1121 est
2313 1066 2559 1124 Salutem
2589 1085 2657 1126 ex
2679 1070 2923 1125 inimicis
2947 1071 3243 1141 nostris,et
3266 1069 3338 1128 de
3365 1086 3523 1128 manu
3547 1075 3779 1132 omnium
3798 1077 3877 1149 qui

602 1158 812 1231 Spiritu
838 1168 1025 1216 sancto
1067 1159 1390 1217 Elizabeth:
1422 1169 1477 1216 et
1531 1158 1860 1216 exclamavit
1908 1174 2048 1216 voce
2096 1174 2213 1215 ma-
2386 1163 2629 1218 oderunt
2656 1178 2795 1219 nos:

603 1267 736 1324 gna,
768 1262 823 1310 et
844 1252 1017 1308 dixit:
1050 1253 1350 1310 Benedicta
1383 1263 1439 1311 tu
1461 1252 1604 1310 inter
1626 1252 1905 1317 mulieres.
1945 1260 2003 1309 ct
2044 1252 2212 1309 beue-
2312 1252 2396 1308 Ad
2426 1254 2734 1311 faciendam
2758 1255 3191 1311 misericordiam
3218 1269 3345 1311 cum
3396 1258 3638 1327 patn'btu
3664 1261 3874 1317 nostris:

607 1348 787 1405 dictus
805 1347 1012 1404 fructus
1040 1347 1248 1404 ventris
1276 1348 1372 1404 tui.
1406 1349 1471 1404 Et
1492 1347 1639 1405 unde
1668 1347 1775 1404 hoc
1795 1347 1952 1414 mihi,
2000 1358 2061 1403 ut
2116 1361 2213 1404 ve-
2383 1357 2442 1402 et
2472 1348 2768 1403 memorari
2796 1349 3111 1403 testamenti
3130 1349 3218 1403 sui
3246 1349 3446 1404 sancti.

609 1441 721 1498 niat
777 1451 952 1499 mater
982 1441 1199 1499 Domini
1219 1441 1327 1498 mei
1351 1441 1420 1497 ad
1454 1441 1590 1497 me?
1616 1442 1756 1499 Ecce
1779 1442 1927 1498 enim
1958 1450 2017 1496 ut
2069 1441 2211 1498 facta
2315 1441 2736 1511 Jusjurandum,
2762 1443 2906 1512 quod
2924 1442 3130 1513 juravit
3153 1442 3224 1498 ad
3246 1442 3523 1499 Abraham
3546 1452 3748 1517 patrem
3772 1460 3878 1504 nos-

603 1542 690 1592 cst
712 1547 812 1590 vox
832 1534 1178 1591 salutationis
1203 1540 1311 1590 tua:
1332 1532 1387 1590 in
1426 1532 1655 1590 auribus
1713 1532 1876 1599 meis,
1921 1531 2216 1590 exsultavit
2388 1543 2556 1600 trum,
2583 1534 2838 1589 daturum
2867 1549 2931 1589 se
2956 1534 3114 1589 nobis
3142 1552 3158 1587 ε

605 1629 660 1686 in
684 1630 883 1701 gaudio
912 1628 1092 1686 iulans
1118 1627 1174 1685 in
1206 1637 1366 1685 utero
1396 1642 1544 1684 meo.
1564 1628 1633 1685 Et
1676 1626 1833 1684 beata
1860 1642 1983 1697 qua:
2019 1635 2048 1665 ι
2090 1641 2212 1683 cre—
2315 1623 2385 1682 Ut
2414 1626 2533 1681 sine
2557 1626 2781 1693 timore,
2803 1625 2875 1682 de
2915 1641 3077 1681 manu
3109 1625 3455 1685 inimicoru-
3482 1636 3775 1687 nostrorum
3819 1629 3878 1686 li-

603 1720 814 1787 didisti,
836 1723 1097 1795 quoniam
1126 1721 1484 1793 perficientur
1501 1736 1590 1790 ea,
1620 1736 1745 1794 qua:
1778 1718 1922 1778 dicta
1952 1730 2080 1778 sunt
2108 1721 2205 1779 tibi
2238 1726 2282 1788 Β
2380 1717 2585 1779 berati.
2616 1717 2932 1773 serviamus
2960 1718 3076 1776 illi:

604 1829 637 1869 a
666 1814 919 1870 Domino.
950 1813 1021 1871 Et
1040 1813 1113 1870 ait
1146 1812 1352 1869 Maria:
2162 1872 2171 1881 ,
2314 1808 2371 1865 lu
2402 1811 2694 1867 sanctitate
2717 1822 2773 1868 et
2791 1812 3006 1881 justitia
3032 1827 3221 1868 coram
3264 1811 3410 1885 ipso,
3439 1813 3693 1871 omnibus
3711 1813 3879 1872 diebus

603 1905 913 1976 Magniﬁcat
934 1904 1115 1963 anima
1138 1920 1260 1961 mea
1275 1904 1585 1973 Dominum,
1614 1914 1672 1964 et
1704 1906 2002 1965 exsultavit
2054 1907 2211 1978 spiri-
2379 1906 2616 1961 nostris.

679 2007 766 2055 tus
794 2014 945 2055 meus
976 1999 1030 2053 in
1064 1999 1178 2055 Deo
1200 1998 1425 2055 salutari
1455 2015 1603 2057 meo.
2310 1996 2379 2053 Et
2408 2010 2487 2065 tu,
2515 2015 2672 2068 puer,
2706 1998 2975 2068 Propheta
3006 1999 3277 2057 Altissiml
3312 2001 3601 2059 vocaberis
3626 2017 3644 2059 :
3689 2003 3877 2077 prcibis

604 2092 743 2160 Quia
770 2091 1012 2165 respexit
1045 2090 1407 2147 humilitatem
1452 2092 1670 2148 ancilia:
1696 2108 1809 2149 sua:
1837 2111 1852 2148 :
1887 2108 2017 2151 ecce
2061 2094 2206 2151 enim
2378 2095 2526 2149 enim
2558 2103 2685 2149 ante
2714 2094 2915 2150 faciem
2944 2094 3163 2151 Domini
3194 2111 3395 2167 parare
3423 2097 3544 2153 vias
3566 2097 3725 2169 ejus:

675 2199 749 2242 ex
772 2184 878 2242 hoc
906 2185 1124 2244 beatam
1155 2200 1244 2242 me
1270 2185 1456 2245 dicent
1476 2201 1669 2247 omnes
1694 2188 2096 2259 generationes.
2307 2184 2391 2242 Ad
2417 2186 2651 2243 dandam
2682 2188 2973 2244 scientiam
3002 2189 3197 2245 salutis
3223 2190 3363 2261 plebi
3384 2189 3529 2263 ejus,
3554 2191 3609 2248 in
3635 2193 3877 2250 remissio-

602 2276 737 2347 Quia
764 2275 897 2333 fecit
920 2276 1055 2333 mibi
1093 2292 1287 2350 magna
1318 2278 1411 2351 qui
1461 2289 1656 2352 potens
1704 2288 1811 2351 est,
1856 2290 1913 2341 et
1955 2290 2205 2339 sanctum
2381 2296 2509 2336 nem
2541 2291 2892 2351 peccatorum
2924 2298 3158 2339 eorum:

675 2388 873 2433 nomen
897 2374 1043 2445 ejus.
2308 2373 2415 2430 Per
2444 2375 2656 2431 viscera
2682 2374 3075 2432 misericordiae
3098 2375 3197 2432 Dei
3228 2378 3402 2434 nostri
3434 2395 3452 2434 :
3476 2377 3533 2435 in
3559 2377 3746 2450 quibus
3768 2378 3878 2436 visi-

607 2468 675 2527 Et
697 2468 1080 2527 misericordia
1095 2469 1217 2544 ejus
1236 2466 1267 2510 ιι
1288 2484 1318 2527 a
1334 2472 1601 2545 progenie
1624 2471 1680 2531 in
1699 2472 1986 2545 progenies
2010 2471 2208 2529 timen-
2385 2470 2523 2525 tavit
2548 2484 2650 2526 nos
2671 2471 2860 2527 oriens
2885 2486 2956 2527 ex
2979 2470 3094 2526 alto
3118 2489 3132 2525 :

676 2562 818 2620 tibus
845 2578 992 2621 eum.
2309 2562 2621 2621 illuminare
2647 2562 2767 2631 his,
2797 2564 2889 2633 qui
2929 2564 2983 2618 in
3019 2564 3290 2633 tenebris,
3322 2572 3378 2621 et
3408 2565 3465 2621 in
3486 2565 3668 2623 umbra
3701 2565 3878 2622 mortis

602 2654 758 2713 Fecit
774 2656 1074 2728 potentiam
1105 2656 1160 2712 in
1182 2656 1410 2716 brachio
1454 2671 1601 2716 suo:
1633 2657 1893 2730 dispersit
1936 2659 2205 2730 superbos
2378 2657 2576 2713 sedent
2614 2675 2629 2713 :
2674 2657 2745 2714 ad
2794 2657 3115 2731 dirigeudos
3163 2658 3334 2730 pedes
3380 2668 3603 2717 nostros
3653 2659 3704 2715 in
3754 2660 3873 2715 viam

675 2758 860 2807 mente
882 2749 1067 2807 cordis
1096 2750 1204 2808 sui.
2378 2754 2549 2821 pacis.

676 2840 944 2916 Deposuit
969 2853 1224 2915 potentes
1243 2844 1314 2903 de
1338 2846 1491 2913 sede,
1504 2854 1563 2903 et
1587 2844 1852 2903 exaltavit
1870 2845 2131 2903 humiles.
2306 2845 2448 2903 Puer
2474 2856 2655 2903 autem
2685 2845 3001 2912 crescebat,
3044 2856 3102 2903 et
3140 2847 3556 2904 confortabatur
3583 2847 3771 2919 spiritu
3796 2864 3810 2901 :
3834 2856 3877 2903 et

604 2935 1666 3008 Esurientesimplevitbonis:etdivites
1681 2938 1891 2997 dimisit
1917 2938 2127 2995 inanes.
2305 2947 2429 2994 erat
2466 2939 2520 2994 in
2549 2938 2782 2996 desertis
2815 2954 2990 3011 usque
3034 2940 3086 2995 in
3133 2939 3280 2997 diem
3326 2940 3663 2997 ostensionis
3689 2956 3798 2999 suae
3822 2937 3874 2994 ad

604 3031 859 3102 Suscepit
889 3032 1054 3088 Israel
1085 3047 1317 3104 puerum
1343 3047 1530 3101 suum.
1560 3043 1584 3073 ο
1616 3037 1938 3093 recordatus
1986 3032 2204 3091 miseri-
2310 3030 2502 3086 Israel.

675 3124 875 3181 cordia:
901 3140 1037 3185 suae.
2226 3127 2276 3191 C
2380 3123 2533 3196 [Cap.
2571 3122 2661 3196 IL]
2688 3123 2919 3181 Factum
2953 3134 3040 3182 est
3065 3136 3249 3182 autem
3281 3126 3338 3183 in
3378 3125 3573 3183 diebus
3601 3127 3735 3194 illis,
3771 3124 3880 3182 exii

602 3217 758 3278 Sicut
795 3219 1135 3281 locutus'est
1162 3220 1231 3278 ad
1283 3231 1467 3293 patres
1510 3232 1748 3290 nostros,
1792 3221 2092 3291 Abraham,
2145 3232 2202 3280 ei
2305 3214 3879 3286 edictumaCaesareAugusto,utdeseriberetnruniversss

675 3314 868 3375 semini
895 3314 1015 3389 ejus
1034 3313 1089 3372 in
1118 3317 1339 3373 sarcula.
2305 3306 2478 3363 orbis.
2532 3307 2660 3364 llazc
2685 3307 2988 3378 descriptio
3040 3309 3214 3379 prima
3251 3307 3396 3364 facta
3424 3318 3518 3366 est
3547 3319 3572 3349 ο
3602 3325 3633 3365 s
3680 3308 3880 3380 preside

605 3405 804 3464 Mansit
823 3415 1009 3465 autem
1038 3406 1204 3466 Maria
1224 3422 1348 3463 cum
1380 3407 1474 3465 illa
1501 3408 1653 3479 quasi
1688 3408 1970 3465 mensibus
1992 3407 2199 3467 tribus:
2304 3399 2479 3472 Syriae
2507 3399 2715 3471 Cyrino
2743 3418 2759 3457 :
2788 3410 2847 3458 et
2864 3402 3018 3457 ibant
3043 3417 3259 3469 omnes,
3287 3413 3343 3458 ut
3370 3403 3763 3474 profiterentur
3784 3401 3879 3457 sin-

603 3507 661 3555 et
688 3514 907 3556 reversa
937 3506 1025 3555 est
1047 3499 1100 3553 in
1126 3496 1351 3555 domum
1382 3512 1560 3554 suam.
1596 3498 1875 3555 Elizabeth
1890 3509 2070 3553 autem
2101 3499 2202 3553 im-
2304 3495 2415 3565 guli
2448 3495 2500 3549 in
2534 3509 2688 3550 suam
2716 3496 3018 3551 civitatem.
3053 3495 3316 3551 Ascendit
3344 3505 3525 3552 autem
3568 3504 3622 3551 et
3649 3495 3879 3567 Josepha

604 3590 811 3662 pletum
842 3598 929 3647 est
967 3597 1182 3660 tempus
1204 3587 1470 3663 pariendi,
1524 3597 1582 3644 ct
1628 3590 1839 3660 peperit
1887 3588 2077 3645 filium.
2133 3588 2201 3645 Et
2300 3586 2529 3645 Galilma
2557 3587 2628 3645 de
2649 3587 2873 3645 civitate
2891 3586 3181 3653 Nazaretb,
3208 3587 3529 3646 inJudmam
3554 3589 3609 3644 in
3631 3588 3879 3644 civitatem

600 3684 896 3741 audierunt
921 3681 1088 3738 vicini
1125 3691 1184 3740 et
1232 3684 1448 3753 cognati
1491 3682 1632 3753 ejus,
1659 3682 1785 3753 quia
1833 3684 2201 3755 magniﬁcavit
2303 3683 2507 3750 David,
2538 3699 2663 3755 quae
2688 3690 2915 3740 vocatur
2942 3682 3311 3740 Beth-Lehem
3341 3700 3359 3737 :
3384 3697 3452 3739 co
3483 3682 3629 3753 quod
3659 3691 3799 3739 esset
3822 3679 3879 3735 de

603 3774 865 3831 Dominus
885 3772 1322 3830 misericordiam
1347 3787 1503 3829 suam
1528 3789 1653 3831 cum
1682 3774 1797 3841 illa,
1824 3784 1879 3832 et
1910 3785 2200 3847 congratu-
2301 3776 2467 3833 domo
2506 3788 2564 3835 et
2608 3777 2809 3835 familia
2851 3777 3053 3845 David,
3099 3786 3157 3833 ut
3203 3775 3553 3850 proﬁteretur
3582 3792 3702 3833 cum
3734 3773 3878 3831 Maria

602 3865 859 3922 labantur
883 3865 954 3923 ei.
986 3865 1055 3922 Et
1080 3865 1281 3925 factum
1307 3878 1391 3924 est
1428 3867 1482 3922 in
1534 3868 1624 3924 die
1658 3877 1876 3937 octavo,
1926 3879 2198 3927 venerunt
2299 3868 2628 3943 desponsata
2650 3871 2751 3928 sibi
2775 3886 2948 3927 uxore
2973 3878 3305 3943 pragnante.
3332 3869 3561 3927 Factum
3582 3878 3669 3929 est
3690 3877 3876 3932 autem.

602 3958 998 4019 circumcidere
1027 3976 1279 4033 puerum.
1300 3971 1358 4019 et
1387 3962 1656 4019 vocabant
1682 3977 1807 4021 eum
1853 3964 2074 4020 nomine
2102 3978 2196 4034 pa-
2299 3977 2425 4020 cum
2454 3976 2641 4020 essent
2674 3963 2769 4030 ibi,
2806 3961 3017 4034 impleti
3046 3971 3173 4019 sunt
3197 3962 3316 4019 dies
3345 3970 3405 4017 ut
3433 3971 3674 4033 pareret.
3703 3960 3767 4017 Et
3799 3973 3880 4028 pe-

602 4054 702 4110 tris
729 4054 814 4111 sui
842 4051 1181 4112 Zachariam.
1203 4054 1274 4111 Et
1293 4046 1633 4128 respondens
1662 4064 1832 4114 mater
1855 4057 2000 4129 ejus,
2024 4058 2191 4114 dixit:
2297 4057 2442 4131 perit
2470 4057 2643 4113 filium
2676 4071 2834 4112 suum
2866 4054 3287 4129 primogenitum
3308 4097 3322 4123 ,
3352 4063 3408 4110 et
3440 4055 3638 4125 pannis
3664 4067 3780 4110 eum
3806 4051 3878 4106 in-

597 4147 972 4222 Nequaquam,
1002 4148 1099 4207 sed
1127 4150 1417 4206 vocabitur
1444 4152 1708 4207 Joannes.
1742 4153 1807 4208 Et
1835 4152 2089 4209 dixerunt
2122 4153 2192 4210 ad
2296 4152 2487 4219 volvit,
2521 4160 2577 4209 et
2602 4151 2887 4208 reclinavit
2918 4166 3038 4207 eum
3068 4151 3119 4206 in
3146 4150 3414 4222 praesepio
3440 4165 3456 4207 :
3486 4149 3616 4222 quia
3645 4165 3747 4206 non
3772 4154 3880 4203 erat

594 4241 745 4301 illam
771 4260 782 4297 :
812 4242 953 4315 Quia
985 4257 1148 4300 nemo
1173 4251 1258 4300 est
1289 4241 1345 4299 in
1371 4245 1705 4315 cognatione
1759 4255 1873 4315 tua,
1898 4248 1992 4317 qui
2032 4260 2193 4303 voce-
2294 4249 2374 4303 eis
2404 4245 2557 4303 locus
2584 4245 2637 4302 in
2663 4244 2987 4303 diversorio.
3021 4245 3089 4301 Et
3121 4252 3370 4313 pastores
3400 4254 3563 4303 erant
3591 4246 3646 4302 in
3675 4242 3877 4315 regione

593 4346 683 4394 tur
712 4335 817 4393 hoc
845 4336 1094 4393 nomine.
1141 4335 1447 4393 lnnuebant
1474 4346 1656 4392 autem
1687 4338 1825 4407 patri
1853 4338 1995 4409 ejus,
2027 4353 2190 4412 quem
2292 4340 2488 4397 eadem
2542 4339 2867 4412 vigilantes,
2919 4348 2976 4395 et
3032 4339 3404 4395 custodientes
3450 4339 3666 4411 vigilias
3717 4334 3878 4393 noctis

589 4430 760 4489 vellet
775 4430 960 4488 vocari
983 4443 1132 4488 eum.
1160 4429 1231 4485 Et
1273 4430 1553 4502 postulans
1586 4430 1903 4503 pugillarem
1949 4432 2185 4503 scripsit,
2292 4447 2459 4504 super
2484 4448 2705 4505 gregem
2746 4448 2927 4489 suum.
2962 4431 3032 4489 Et
3060 4447 3189 4489 ecce
3228 4431 3453 4503 angelus
3490 4430 3704 4490 Domini
3740 4427 3877 4486 stetit

588 4526 780 4584 dicens
808 4544 820 4580 :
851 4524 1090 4583 Joannes
1114 4534 1198 4582 est
1219 4539 1414 4582 nomen
1442 4525 1581 4597 ejus.
1612 4524 1677 4582 Et
1702 4525 1883 4582 mirati
1911 4538 2038 4583 sunt
2068 4526 2187 4585 uni-
2217 4533 2268 4596 ι)
2286 4526 2444 4598 juxta
2467 4525 2613 4593 illos,
2632 4535 2685 4583 et
2705 4524 2927 4582 claritas
2949 4523 3045 4582 Dei
3072 4522 3592 4591 circumfulsitillos,
3615 4532 3668 4579 et
3699 4521 3877 4578 timue-

586 4621 752 4678 versi.
788 4621 1048 4692 Apertum
1100 4626 1186 4676 est
1214 4627 1396 4676 autem
1440 4620 1591 4675 illico
1617 4634 1681 4676 os
1710 4618 1849 4689 ejus,
1896 4630 1952 4677 et
1998 4620 2183 4692 lingua
2289 4629 2419 4676 runt
2462 4620 2656 4675 timore
2704 4634 2925 4691 magno.
2969 4616 3041 4673 Et
3069 4617 3204 4674 dixit
3246 4618 3353 4675 illis
3394 4615 3610 4689 angelus
3648 4632 3664 4671 :
3700 4612 3874 4670 Nolite

584 4716 731 4785 ejus,
761 4724 819 4772 et
869 4713 1192 4786 loquebatur
1220 4712 1553 4770 benedicens
1608 4712 1805 4769 Deum.
1860 4712 1929 4769 Et
1976 4711 2182 4769 factum
2288 4712 2525 4768 timere:
2555 4726 2685 4768 ecce
2721 4710 2866 4768 enim
2915 4710 3232 4782 evangelizo
3282 4709 3438 4766 vobis
3476 4705 3728 4782 gaudium
3766 4718 3876 4761 ma-

583 4815 664 4864 est
696 4807 857 4863 timor
906 4819 1071 4878 super
1114 4818 1310 4863 omnes
1365 4803 1574 4863 vicinos
1617 4818 1805 4862 eorum
1838 4820 1853 4861 ε
1912 4813 1970 4862 et
2018 4819 2184 4877 super
2286 4819 2476 4875 gnum,
2500 4803 2645 4875 quod
2674 4804 2781 4861 erit
2807 4804 2956 4862 omni
2988 4804 3190 4877 popqu
3220 4822 3234 4860 :
3269 4802 3394 4877 quia
3428 4813 3591 4859 natus
3620 4813 3698 4858 est
3729 4795 3875 4854 vobis

583 4901 765 4959 omnia
792 4909 1046 4959 montana
1073 4897 1279 4957 Judaaa‘.
1326 4897 1743 4971 divulgabantur
1787 4898 1972 4956 omnia
2018 4900 2183 4957 verba
2285 4897 2450 4955 hodie
2472 4897 2745 4967 Salvator,
2776 4897 2871 4970 qui
2890 4907 2976 4955 est
2995 4896 3250 4955 Christus
3272 4895 3557 4963 Dominus,
3580 4895 3635 4951 in
3663 4890 3872 4950 civitate

578 4993 699 5051 hac
728 5012 742 5049 :
770 5003 830 5051 et
857 5004 1155 5066 posuerant
1202 5007 1397 5050 omnes
1440 4993 1537 5065 qni
1579 4992 1864 5051 audierant
1910 4994 1969 5051 in
2016 4994 2180 5052 corde
2288 4992 2475 5049 David.
2513 4991 2581 5048 Et
2626 4990 2735 5049 hoc
2784 4991 2941 5048 vobis
2984 4991 3248 5063 signum:
3281 4988 3580 5051 Invenietis
3622 4985 3865 5043 infantem

577 5100 700 5157 suo,
731 5087 976 5145 dicentes
996 5104 1013 5145 :
1034 5083 1064 5125 ⁸
1089 5087 1243 5160 Quis,
1275 5097 1456 5161 putas,
1486 5100 1620 5161 puer
1640 5087 1746 5145 iste
1785 5087 1891 5147 erit
1912 5086 1938 5143 τ
1962 5086 2177 5145 Etenim
2285 5085 2482 5159 pannis
2510 5085 2839 5154 involutum,
2868 5093 2925 5142 et
2950 5070 3189 5157 positum
3217 5083 3271 5139 in
3293 5081 3588 5155 prmsepio.
3618 5079 3681 5138 Et
3704 5075 3869 5139 subito

576 5195 771 5243 manus
799 5180 1013 5243 Domini
1042 5190 1169 5245 erat
1210 5196 1335 5240 cum
1374 5181 1492 5240 illo.
1552 5180 1627 5241 Et
1680 5179 1979 5241 Zacharias
2022 5189 2179 5254 pater
2284 5180 2429 5239 facta
2468 5189 2550 5237 est
2589 5196 2717 5238 cum
2770 5178 2970 5253 angelo
3022 5175 3318 5235 multitudo
3361 5175 3577 5235 militiae
3622 5168 3860 5233 adestis,

650 5346 679 5379 ι
705 5336 872 5411 Iidem
900 5353 1039 5401 mss.
1071 5380 1089 5405 .
1137 5339 1284 5411 bears
1305 5354 1423 5411 quin
1444 5338 1695 5407 credidit,
1726 5344 1785 5394 et
1809 5334 2176 5411 comentem
2359 5331 2387 5371 ά
2416 5333 2539 5411 ξειτί
2569 5336 2778 5411 iterum
2817 5346 3093 5393 consensu
3125 5331 3292 5389 iidem
3333 5344 3472 5388 mss.
3492 5330 3659 5401 Quid,
3682 5334 3860 5400 μίαν

572 5425 689 5481 qua:
715 5410 857 5484 dicta
910 5420 1029 5467 sunt
1068 5412 1116 5469 ei
1143 5428 1175 5465 ι
1205 5405 1441 5484 οθιὶρίοιοΔ
1476 5417 1588 5467 etc.
1622 5405 1783 5484 atque
1826 5407 1934 5464 hoc
1976 5407 2175 5484 Graeco
2281 5415 2390 5462 etc.
2414 5406 2632 5484 graece,
2656 5410 2719 5464 τί
2743 5405 2868 5484 ἄρα,
2910 5414 3018 5464 etc.

574 5472 839 5562 pressius.
928 5485 1283 5562 «tendenteet,
1311 5480 1392 5542 ὅτι
1419 5480 1575 5540 ἔσται
1594 5472 1858 5544 τελείωσις
1882 5487 2000 5543 τοῖς
2024 5479 2122 5536 hia

2309 5549 2325 5562 _
2359 5488 2382 5516 ο
2414 5476 2568 5562 iiuna
2591 5472 2625 5534 e
2642 5472 3005 5562 tios‘tris’mss.
3027 5488 3189 5562 atque
3216 5476 3356 5562 alter
3375 5472 3684 5562 Crassensis

573 5546 803 5625 λημόνοις
829 5555 957 5631 αὐτῇ
985 5557 1135 5633 παρά
1154 5546 1359 5633 κυρίου,
1386 5563 1496 5611 etc.

643 5629 669 5662 υ
699 5626 815 5679 Duo
842 5625 1059 5679 lleeinm
1081 5642 1237 5679 mss..
1270 5628 1325 5679 in
1348 5624 1616 5679 orauenies
1645 5633 1691 5679 et
1708 5624 2007 5679 «naenia.

2306 5549 2648 5605 lartianreum
2680 5566 2693 5603 :
2725 5550 2867 5620 facta
2887 5558 2961 5605 est
2987 5549 3211 5623 prmside
3232 5588 3245 5613 ,
3273 5555 3383 5604 etc.
3417 5549 3626 5617 absque
3647 5559 3677 5597 α
3702 5546 3854 5611 μινυ-

2306 5623 2422 5679 ula.
2450 5636 2614 5677 sensu
2640 5622 2803 5677 etiam
2830 5622 3181 5677 concinniore
3201 5622 3357 5679 insta
3380 5620 3658 5679 Grecam.
3679 5612 3854 5679 ἐτάκη

746 5612 815 5710 uo
842 5612 1237 5696 ltcg'inaé'mssJ
1270 5628 1325 5710 in
1345 5612 1691 5710 progenieslet
1708 5624 2007 5707 progenies.
2057 5691 2094 5710 θ’
2273 5623 2422 5710 cuia,
2450 5636 2614 5710 sensu
2640 5612 3181 5710 etiamfimcinniore
3201 5622 3357 5709 juxta
3380 5612 3658 5684 Gratiani,
3679 5612 3854 5689 ἐτάκη

644 5704 667 5739 ο
690 5694 862 5771 iidem
892 5691 997 5757 uis.
1320 5691 1722 5771 _iiiise'u‘mdic,'
1768 5691 2012 5769 pisssius
2056 5691 2163 5754 ite-

1768 5691 2012 5769 pislsitts
2056 5691 2163 5754 ite-
2270 5695 2666 5770 ἡγιμονιύοντυς
2693 5701 2788 5758 τῆς
2810 5696 2999 5771 topici:
3026 5694 3302 5769 ινρηνίον.

573 5695 1443 5837 iusseramus:
