3920 6200
125 158 210 215 615
1174 167 1618 230 EVANGELIUM
1659 170 2029 234 SECUNDUM
2069 175 2327 236 LUCAM.

3300 182 3407 245 6M

124 280 447 339 laudantium
476 286 671 351 Deum,
700 294 751 341 ct
773 286 1057 341 dicentium
1086 302 1097 357 ;
1129 286 1313 342 Gloria
1341 287 1397 342 in
1422 289 1707 345 altissimis
1734 296 1784 354 Α
1812 294 1953 350 Puer
1981 305 2163 350 autem
2210 295 2490 351 crescebat
2529 304 2583 351 et
2625 296 3054 365 confortahatur,
3086 297 3278 367 plenus
3324 315 3409 354 sa-

124 374 243 438 Dco.
274 386 331 432 et
362 379 417 434 in
450 389 597 433 terra
632 394 730 448 pax
764 378 1070 435 hominibus
1094 378 1271 435 bonze‘
1292 380 1607 437 voluntatis.
1638 381 1706 438 Et

126 468 317 526 factum
349 484 455 541 est,
484 482 546 529 ut
573 474 933 531 discesserunt
960 475 1029 530 ab
1058 475 1137 530 eis
1167 476 1344 546 angeli
1378 479 1430 532 in
1462 478 1699 534 caelum:

124 573 364 632 pastores
388 567 754 637 loquebantur
773 568 839 623 ad
863 568 1090 624 invicem
1108 585 1123 626 :
1141 568 1508 626 Transeamus
1530 585 1704 642 usque

121 655 504 725 Beth-Lehem,
533 668 588 717 et
608 660 887 718 videamus
915 661 1019 717 boc
1048 664 1297 731 verbum,
1330 663 1474 734 quod
1505 664 1703 720 factum

118 758 207 816 est,
236 752 379 820 quod
409 753 676 811 Dominus
696 755 932 812 ostendit
961 757 1142 812 nobis.
1171 757 1239 812 Et
1262 769 1531 815 venerunt
1557 759 1703 815 festio

116 855 291 902 nantes
320 865 332 901 :
365 856 423 903 et
456 849 781 907 invenerunt
809 851 1033 908 Mariam
1054 894 1068 918 ,
1097 862 1152 909 et
1181 852 1410 925 Joseph,
1442 864 1499 911 et
1527 856 1705 911 infan-

116 947 211 994 tem
237 942 476 1009 positum
520 943 574 998 in
609 945 896 1015 prtesepio.
924 945 1186 1001 Videntes
1215 956 1397 1003 autem
1427 963 1703 1019 cognove-

109 1042 222 1089 runt
243 1034 311 1090 de
342 1036 535 1106 verbo,
576 1040 721 1109 quod
756 1040 957 1095 dictum
988 1049 1108 1096 erat
1139 1041 1247 1097 illis
1272 1042 1342 1098 de
1371 1056 1542 1113 puero
1574 1044 1698 1100 hoc.

110 1128 173 1184 Et
198 1144 418 1201 omnes,
465 1132 562 1203 qui
606 1132 931 1203 audierunt,
981 1135 1163 1190 mirati
1203 1146 1369 1193 sunt:
1401 1145 1455 1193 et
1482 1136 1553 1193 de
1582 1135 1697 1205 his,

108 1240 215 1296 qua:
247 1225 397 1283 dicta
434 1237 596 1285 erant
628 1243 657 1283 a
688 1230 997 1300 pastoribus
1030 1229 1097 1286 ad
1123 1232 1292 1301 ipsos.
1322 1232 1487 1287 Maria
1517 1240 1701 1287 autem

108 1320 461 1377 conservabat
503 1322 686 1378 omnia
738 1321 902 1378 verba
932 1322 1081 1388 haec,
1115 1324 1409 1380 conferens
1439 1324 1491 1379 in
1535 1324 1702 1380 corde

105 1427 209 1470 suo.
240 1414 315 1471 Et
362 1417 570 1473 reversi
623 1428 750 1472 sunt
779 1426 1028 1488 pastores
1068 1417 1448 1488 glorificantes
1493 1426 1551 1475 et
1580 1418 1703 1473 lau-

104 1509 287 1565 dantes
320 1510 511 1581 Deum,
567 1510 621 1566 in
670 1512 930 1568 omnibus
971 1528 1092 1583 quae
1118 1511 1428 1579 audierant,
1458 1519 1517 1568 et
1544 1510 1702 1567 vide-

101 1612 234 1673 rant,
289 1604 439 1661 sicut
468 1604 671 1662 dictum
711 1616 797 1663 est
842 1607 911 1663 ad
940 1608 1089 1663 illos.
1121 1608 1189 1664 Et
1232 1615 1517 1679 postquam
1562 1621 1701 1663 con-

1808 386 2008 457 pientia
2039 396 2131 443 :et
2154 388 2325 457 gratia
2358 388 2455 444 Dei
2496 397 2615 444 erat
2654 388 2709 444 in
2735 387 2846 443 illo.
2874 389 2941 444 Et
2971 390 3120 444 ibant
3153 399 3407 459 parentes

1807 480 1928 551 ejus
1963 496 2061 553 per
2093 497 2284 538 omnes
2314 497 2487 538 annos
2517 482 2569 538 in
2600 483 2927 548 Jerusalem,
2971 483 3024 539 in
3052 485 3139 540 die
3173 484 3405 539 solemni

1810 571 2050 629 Paschze.
2098 574 2315 630 Etcum
2358 574 2535 631 factus
2587 584 2731 632 esset
2773 591 3040 632 annorum
3092 576 3401 644 duodecim,

1805 665 2229 723 ascendentibus
2260 666 2369 722 illis
2405 667 2801 740 Jerosolymam
2845 669 3144 725 secundum
3174 684 3406 725 consue-

1807 758 2047 815 tudinem
2074 759 2184 815 diei
2210 759 2365 829 festi,
2394 764 2894 832 consummatisque
2918 763 3133 830 diebus,
3163 778 3285 820 cum
3319 780 3403 819 re-

1804 850 2011 920 dirent,
2058 854 2323 909 remansit
2367 870 2503 925 puer
2530 855 2688 911 Jesus
2733 857 2786 911 in
2834 858 3161 921 Jerusalem,
3199 867 3254 914 et
3294 875 3399 914 non

1803 954 2177 1014 cognoverunt
2199 958 2452 1016 parentes
2472 948 2612 1015 ejus.
2641 948 3023 1005 Existimantes
3044 962 3222 1007 autem
3248 951 3400 1007 illum

1803 1052 1926 1094 esse
1962 1038 2017 1094 in
2048 1038 2339 1107 comitatu,
2371 1051 2639 1098 venerunt
2669 1046 2773 1099 iter
2799 1043 2936 1113 diei,
2968 1055 3023 1100 et
3054 1046 3404 1116 requirebant

1803 1145 1929 1186 eum
1971 1130 2116 1188 inter
2158 1140 2417 1205 cognatos
2463 1143 2520 1191 et
2567 1144 2748 1192 notos.
2782 1136 2852 1191 Et
2883 1152 2988 1192 non
3037 1138 3400 1217 invenientes,

1804 1227 2040 1296 regressi
2091 1236 2219 1283 sunt
2264 1228 2318 1283 in
2376 1228 2706 1297 Jerusalem,
2757 1231 3097 1303 requirentes
3145 1248 3291 1289 eum.
3334 1234 3403 1288 Et

1802 1319 2003 1377 factum
2027 1330 2129 1387 est,
2156 1330 2281 1393 post
2305 1323 2544 1379 triduum
2570 1325 2893 1381 invenerunt
2921 1326 3072 1381 illum
3097 1329 3149 1381 in
3174 1326 3396 1399 templo,

1802 1410 2085 1469 sedentem
2134 1414 2187 1469 in
2233 1414 2414 1470 medio
2457 1414 2765 1483 doctorum,
2815 1417 3124 1473 audientem
3173 1419 3317 1484 illos,
3348 1430 3404 1477 et

1803 1504 2228 1576 interrogantem
2256 1521 2374 1563 eos.
2409 1507 2505 1581 [tv,
2537 1506 2621 1578 2.]
2647 1510 2951 1580 Stupebant
2978 1523 3159 1567 autem
3183 1527 3401 1579 omnes,

1803 1598 1897 1668 qui
1925 1614 2051 1657 eum
2101 1600 2420 1667 audiebant,
2464 1617 2631 1673 super
2681 1604 2967 1672 prudentia
3015 1615 3070 1661 et
3119 1608 3403 1677 responsis

97 1696 352 1753 summati
392 1707 520 1754 sunt
553 1698 672 1755 dies
699 1708 824 1757 octo
858 1708 919 1757 ut
948 1699 1434 1757 circumcideretur
1463 1707 1489 1737 ι
1514 1713 1649 1769 puer
1677 1714 1693 1753 :
1727 1688 1776 1749 Β
1801 1692 1942 1764 ejus.
1976 1695 2044 1750 Et
2092 1695 2340 1752 videntes
2385 1696 2636 1753 admirati
2681 1708 2827 1753 sunt.
2876 1698 2967 1770 [v,
3003 1699 3127 1771 10.]
3174 1703 3240 1757 Et
3266 1701 3403 1758 dixit

94 1800 344 1848 vocatum
386 1802 470 1850 est
514 1809 718 1852 nomen
769 1796 888 1866 eius
925 1795 1108 1865 Jesns,
1158 1794 1301 1866 quod
1332 1802 1581 1849 vocatum
1612 1799 1699 1849 est

90 1886 159 1942 ab
183 1889 381 1959 angelo
400 1888 547 1959 prius
574 1902 735 1959 quam
758 1888 813 1944 in
840 1897 999 1945 utero
1020 1887 1424 1959 conciperetur.
1454 1885 1522 1941 Et
1546 1892 1697 1957 post-

92 1995 261 2051 quam
302 1981 509 2053 impleti
542 1993 669 2037 sunt
713 1982 831 2038 dies
860 1982 1201 2054 purgationis
1241 1979 1364 2051 ejus
1394 1978 1695 2036 secundum

91 2071 269 2143 legem
309 2074 503 2147 Moysi,
528 2076 773 2131 tulerunt
798 2076 948 2131 illum
982 2077 1035 2131 in
1065 2075 1405 2143 Jerusalem,
1437 2082 1498 2130 ut
1533 2073 1695 2127 siste-

89 2175 214 2221 rent
236 2181 358 2222 eum
382 2166 638 2235 Domino,
669 2168 811 2225 sicut
833 2170 1096 2240 scriptum
1120 2180 1204 2225 est
1226 2169 1280 2225 in
1304 2168 1423 2239 lege
1449 2165 1693 2225 Domini:

91 2260 230 2329 Quia
260 2277 426 2319 omne
451 2264 812 2320 masculinum
842 2264 1169 2337 adaperiens
1196 2264 1411 2319 vulvam
1443 2268 1695 2318 sanctum

91 2352 319 2410 Domino
348 2356 652 2412 vocabitur.
685 2356 754 2411 Et
790 2364 852 2412 ut
888 2356 1085 2412 darent
1115 2356 1355 2411 hostiam
1393 2352 1693 2410 secundum

90 2446 232 2515 quod
260 2448 467 2503 dictum
496 2458 581 2505 est
608 2450 663 2503 in
708 2449 830 2521 lege
859 2450 1099 2515 Domini,
1146 2463 1244 2520 par
1274 2456 1569 2513 turturum,
1602 2453 1697 2501 aut

88 2537 228 2595 duos
258 2542 436 2610 pullos
473 2542 874 2598 columbarum.
917 2544 984 2598 Et
1012 2558 1143 2600 ecce
1174 2543 1341 2599 homo
1365 2550 1484 2599 erat
1515 2541 1570 2597 in
1600 2538 1694 2596 Je-

97 2632 360 2702 rusalem,
390 2636 480 2691 cui
510 2650 707 2692 nomen
739 2636 983 2704 Simeon,
1016 2646 1072 2693 et
1094 2636 1259 2693 homo
1289 2638 1393 2691 iste
1416 2633 1612 2705 justus,
1641 2639 1698 2689 et

87 2722 396 2797 timoratus,
421 2738 753 2799 exspectans
778 2730 1211 2786 consolationem
1256 2728 1444 2797 Israel,
1483 2737 1539 2783 et
1567 2727 1696 2799 Spi-

87 2817 223 2873 ritus
254 2828 483 2876 sanctus
513 2830 634 2877 erat
656 2821 711 2877 in
741 2836 829 2879 eo.
882 2822 952 2878 Et
979 2837 1301 2895 responsum
1344 2828 1632 2892 acceperat
1661 2834 1693 2876 a

88 2906 295 2979 Spiritu
325 2922 542 2981 sancto,
586 2928 697 2971 non
730 2915 972 2971 visurum
1011 2929 1074 2971 se
1109 2924 1342 2971 mortem
1363 2954 1378 2979 ,
1407 2914 1515 2969 nisi
1542 2914 1693 2984 prius

87 3000 294 3061 videret
322 3005 599 3062 Christum
626 3007 859 3064 Domini.
888 3008 959 3063 Et
983 3008 1133 3065 venit
1155 3010 1209 3063 in
1238 3008 1434 3079 spiritu
1466 3007 1517 3061 in
1550 3015 1691 3062 tem-

1798 1798 1978 1846 mater
2021 1790 2141 1862 ejus
2186 1792 2253 1846 ad
2301 1792 2454 1847 illum
2486 1808 2499 1847 :
2531 1792 2657 1862 Fili,
2702 1794 2831 1863 quid
2876 1794 3056 1850 fecisti
3104 1796 3257 1851 nobis
3286 1795 3401 1852 sic?

1798 1897 1924 1937 ecce
1956 1890 2106 1952 pater
2150 1894 2273 1938 tuus
2297 1894 2355 1940 et
2383 1898 2485 1955 ego
2530 1884 2777 1941 dolentes
2817 1887 3193 1956 quaerebamus
3226 1898 3299 1943 te.
3333 1887 3400 1943 Et

1797 1975 1873 2029 ait
1897 1973 1964 2031 ad
2002 1975 2159 2031 illos:
2194 1974 2334 2043 Quid
2364 1984 2451 2032 est
2493 1977 2638 2047 quod
2675 1993 2761 2033 me
2792 1977 3156 2049 querebatis?
3187 1981 3401 2036 nescie-

1797 2066 1941 2125 batis
1970 2070 2096 2140 quia
2129 2070 2180 2125 in
2224 2069 2342 2139 bis,
2374 2086 2496 2140 quae
2523 2070 2700 2125 Patris
2733 2072 2834 2128 mei
2866 2081 3027 2140 sunt,
3063 2083 3278 2144 oportet
3310 2089 3397 2130 me

1796 2161 1952 2217 esse?
1980 2160 2049 2217 Et
2068 2162 2171 2232 ipsi
2196 2176 2301 2217 non
2330 2163 2728 2219 intellexerunt
2749 2166 2998 2233 verbum,
3022 2167 3163 2236 quod
3187 2168 3401 2225 locutus

1796 2264 1880 2312 est
1909 2256 1977 2311 ad
2007 2271 2125 2313 eos.
2157 2257 2227 2312 Et
2252 2258 2535 2315 descendit
2564 2274 2686 2315 cum
2718 2260 2815 2326 eis,
2841 2270 2896 2316 et
2923 2264 3071 2317 venit
3094 2262 3357 2318 Nazareth
3382 2280 3396 2318 :

1796 2359 1853 2406 et
1888 2360 2009 2408 erat
2058 2350 2309 2407 subditus
2354 2352 2483 2408 illis.
2536 2354 2601 2407 Et
2651 2364 2827 2408 mater
2865 2355 2986 2424 ejus
3042 2357 3400 2411 conservabat

1795 2442 1976 2500 omnia
2003 2444 2166 2500 verba
2196 2445 2313 2500 hare
2358 2446 2409 2499 in
2443 2447 2610 2502 corde
2640 2462 2759 2502 suo.
2797 2448 2864 2501 Et
2893 2447 3050 2503 Jesns
3082 2448 3396 2518 proficiebat

1794 2536 2081 2607 sapientia,
2111 2545 2168 2594 et
2192 2547 2368 2605 astate,
2397 2546 2452 2595 et
2471 2540 2644 2609 gratia
2668 2540 2809 2611 apud
2840 2541 3007 2596 Deum
3039 2550 3095 2596 et
3122 2541 3394 2597 homines.

1869 2629 2023 2703 [ϐαρ.
2054 2631 2142 2686 III.
2166 2646 2241 2700 vr,
2262 2629 2342 2703 5.]
2365 2631 2523 2688 Anno
2545 2642 2726 2688 autem
2754 2632 3157 2703 quintodecimo
3185 2633 3400 2702 imperii

1794 2724 1999 2781 Tiberii
2039 2725 2303 2792 Caesaris,
2333 2737 2666 2798 procurante
2696 2727 2891 2784 Pontio
2923 2728 3100 2783 Pilato
3128 2728 3396 2793 Judteam,

1797 2818 2067 2875 tetrarcha
2098 2829 2280 2877 autem
2331 2821 2575 2878 Galiitezn
2617 2823 2850 2889 Herode,
2905 2821 3159 2894 Philippo
3212 2832 3396 2879 autem

1795 2912 1962 2968 fratre
1988 2914 2109 2984 ejus
2141 2914 2414 2969 tetrarcha
2447 2915 2677 2983 lturzeae,
2702 2926 2757 2972 et
2789 2915 3193 2973 Trachonitidis
3221 2916 3397 2986 regio-

1794 3007 1899 3075 nis,
1930 3014 1987 3063 et
2015 3006 2246 3075 Lysania
2294 3006 2523 3062 Abiiinae
2572 3008 2867 3076 tetrarcha,
2901 3008 3003 3063 sub
3054 3006 3395 3078 principibus

88 3094 254 3161 plum.
290 3097 361 3152 Et
400 3111 524 3155 cum
568 3099 896 3157 indueerent
938 3116 1167 3171 puerum
1211 3100 1396 3157 Jesum
1437 3110 1694 3171 parentes
1719 3084 1765 3148 C
1798 3100 2145 3157 sacerdotum
2190 3102 2344 3156 Anna
2397 3109 2452 3156 et
2495 3100 2700 3171 Caipha
2738 3118 2751 3155 :
2783 3100 2983 3157 factum
3030 3110 3117 3158 est
3168 3100 3395 3156 verbum

88 3187 227 3257 ejus,
260 3199 322 3246 ut
346 3191 591 3249 facerent
616 3194 913 3250 secundum
936 3194 1395 3251 consuetudinem
1428 3194 1567 3266 legis
1592 3208 1693 3265 pro

88 3293 183 3339 eo;
214 3290 270 3337 et
298 3282 415 3353 ipse
450 3285 662 3356 accepit
694 3300 819 3342 eum
858 3287 916 3343 in
947 3287 1105 3344 ulnas
1144 3302 1290 3356 suas,
1330 3294 1385 3343 et
1416 3285 1692 3344 benedixit

89 3373 275 3444 Deum,
309 3388 365 3435 et
393 3378 539 3435 dixit
562 3397 578 3435 :

89 3466 234 3528 Nunc
260 3472 496 3529 dimittis
516 3489 735 3531 servum
765 3484 941 3545 tuum,
969 3477 1218 3547 Domine,
1241 3478 1539 3537 secundum
1563 3493 1691 3536 ver-

150 3563 279 3620 bum
313 3575 495 3633 tuum,
529 3568 583 3623 in
608 3583 744 3639 pace
772 3588 785 3624 :

92 3655 224 3723 Quia
242 3661 506 3719 viderunt
532 3664 679 3719 oculi
711 3665 816 3721 mei
849 3666 1088 3721 salutare
1110 3674 1262 3722 tuum
1292 3684 1307 3723 :

91 3750 242 3817 Quod
274 3755 484 3823 parasti
504 3764 633 3812 ante
653 3756 848 3813 faciem
877 3759 1122 3815 omnium
1149 3760 1507 3831 p0pulorum;

91 3840 294 3904 Lumen
333 3849 401 3903 ad
446 3851 840 3907 revetationem
866 3853 1132 3924 gentium,
1162 3861 1218 3910 et
1246 3853 1479 3924 gloriam
1516 3852 1693 3924 plebis

157 3950 259 3996 tuae
284 3942 475 3999 Israel.

97 4031 156 4087 Et
182 4045 303 4092 erat
340 4047 495 4107 pater
530 4038 649 4109 ejus
670 4049 727 4096 et
754 4049 928 4097 mater
957 4042 1221 4097 mirantes
1244 4055 1410 4113 super
1440 4042 1546 4109 his,
1572 4055 1694 4111 quas

98 4125 407 4187 dicebantur
428 4130 499 4187 de
527 4133 643 4187 illo.
672 4134 737 4189 Et
764 4135 1043 4191 benedixit
1068 4135 1179 4192 illis
1207 4134 1452 4204 Simeon,
1483 4144 1537 4191 et
1559 4135 1695 4191 dixit

103 4218 159 4273 ad
186 4221 407 4279 Mariam
429 4237 661 4281 matrem
690 4226 806 4297 ejus
832 4246 846 4279 :
881 4229 1023 4284 Ecce
1045 4229 1254 4298 positus
1276 4240 1360 4285 est
1396 4230 1485 4286 hic
1507 4231 1558 4284 in
1582 4228 1696 4285 rui—

112 4328 248 4385 nam,
271 4320 401 4375 etin
431 4322 895 4378 resurrectionem
924 4323 1220 4380 multorum
1244 4324 1299 4380 in
1328 4323 1490 4381 Israel
1517 4341 1532 4380 :
1555 4334 1609 4382 et
1638 4324 1694 4380 in

1799 3192 2011 3249 Domini
2034 3206 2199 3263 super
2224 3192 2511 3261 Joannem,
2537 3191 2813 3250 Zachariae
2843 3194 3032 3263 filium,
3064 3194 3117 3249 in
3150 3193 3392 3250 deserto.

1796 3284 1916 3359 [vn,
1944 3285 2023 3357 1.]
2052 3288 2118 3343 Et
2146 3288 2298 3342 venit
2320 3288 2373 3343 in
2406 3302 2629 3344 omnem
2661 3289 2941 3359 regionem
2968 3288 3221 3345 Jordanis
3248 3302 3392 3357 prae-

1796 3383 1983 3439 dicans
2004 3382 2335 3453 baptismum
2361 3384 2698 3453 paenitentiae
2722 3384 2775 3439 in
2803 3383 3181 3441 remissionem
3211 3396 3402 3453 pecca-

1795 3483 1995 3542 torum,
2028 3475 2171 3530 sicut
2218 3474 2481 3545 scriptum
2507 3484 2595 3530 est
2631 3476 2683 3529 in
2716 3475 2859 3531 libro
2888 3489 3202 3532 sermonum
3245 3472 3400 3529 Isaia:

1796 3570 2115 3640 prophetas:
2148 3568 2264 3625 Vox
2304 3569 2590 3626 clamantis
2632 3570 2685 3625 in
2722 3570 2984 3626 deserto:
3019 3570 3213 3625 Parate
3256 3568 3399 3623 viam

1796 3662 2009 3718 Domini
2040 3680 2054 3717 :
2087 3670 2265 3719 rectas
2318 3662 2489 3719 facite
2536 3663 2759 3719 semitas
2805 3663 2923 3734 ejus
2956 3679 2972 3717 :
3008 3662 3190 3719 omnis
3242 3660 3403 3717 vallis

1795 3758 2107 3829 implebitnr
2136 3776 2148 3812 :
2181 3766 2239 3815 et
2266 3759 2444 3812 omnis
2485 3771 2664 3826 mons,
2698 3765 2751 3812 et
2780 3756 2941 3811 collis
2981 3753 3398 3810 humiliabitur:

1795 3860 1850 3907 et
1873 3862 2033 3905 erunt
2072 3866 2239 3921 prava
2272 3859 2328 3906 et
2351 3850 2581 3916 directa,
2608 3857 2664 3904 et
2697 3862 2887 3917 aspera
2934 3849 2986 3902 in
3017 3848 3134 3901 vias
3160 3847 3356 3916 planas
3383 3861 3400 3901 :

1794 3954 1852 4003 et
1878 3945 2083 4001 videbit
2111 3946 2291 4001 omnis
2310 3960 2440 4000 caro
2467 3944 2707 3999 salutare
2730 3942 2847 3998 Dei.
2876 3942 3024 4015 [vni,
3057 3940 3135 4012 5.]
3170 3941 3397 3996 Dicebat

1794 4054 1925 4110 ergo
1966 4038 2032 4093 ad
2090 4038 2275 4094 turbas
2326 4053 2446 4109 quae
2498 4038 2750 4106 exibant,
2785 4046 2840 4093 ut
2890 4038 3299 4109 baptizarentur
3329 4034 3398 4092 ab

1796 4133 1952 4203 ipso:
1982 4131 2273 4189 Genimina
2316 4134 2627 4203 viperarum
2656 4149 2669 4186 :
2698 4132 2823 4202 quis
2852 4132 3091 4189 ostendit
3129 4130 3284 4187 vobis
3313 4128 3400 4185 fu-

1794 4242 1924 4299 gere
1954 4243 1982 4280 a
2003 4234 2232 4282 ventura
2264 4225 2380 4281 ira?
2403 4225 2586 4282 Facite
2610 4240 2740 4295 ergo
2762 4224 2973 4281 fructus
3002 4225 3195 4295 dignos
3227 4222 3402 4291 ι)ωηί-

1796 4322 2006 4387 tentiae,
2050 4329 2104 4375 et
2151 4334 2221 4375 ne
2267 4320 2544 4390 coeperitis
2595 4317 2825 4374 dicere:
2872 4315 3087 4371 Patrem
3137 4314 3402 4369 habemus

112 4408 328 4479 signum,
358 4414 446 4470 eui
476 4415 886 4471 contradicetur
911 4434 925 4471 :
958 4426 1015 4473 et
1058 4428 1204 4473 tuam
1246 4418 1416 4489 ipsius
1454 4419 1692 4474 animam
1721 4483 1765 4489 _
1798 4415 2091 4472 Abraham.
2122 4416 2255 4471 Dico
2284 4415 2429 4470 enim
2460 4413 2639 4480 vobis,
2673 4413 2800 4483 quia
2830 4419 3022 4480 potens
3049 4417 3134 4464 est
3159 4406 3303 4463 Deus
3329 4406 3401 4462 de

116 4509 441 4572 pertransibit
462 4510 699 4581 gladius,
726 4520 788 4565 ut
810 4511 1121 4567 revelcntur
1139 4528 1208 4568 ex
1227 4483 1413 4569 multis
1441 4483 2072 4580 cordibuthtpidibus
2118 4506 2238 4563 istis
2287 4506 2552 4562 suscitare
2599 4504 2739 4559 filios
2786 4500 3045 4557 Abrahae.
3093 4500 3211 4555 Jam
3252 4498 3399 4554 enim

116 4600 467 4667 cogitationes.
492 4601 563 4657 Et
586 4611 703 4657 erat
726 4607 877 4659 Anna
904 4606 1271 4675 prophetissa,
1299 4604 1409 4660 filia
1433 4606 1698 4675 Phanuel,

118 4687 175 4744 de
200 4692 329 4748 tribu
352 4694 533 4752 Aser:
568 4695 685 4751 haec
716 4708 1063 4766 processerat
1092 4699 1146 4753 in
1178 4698 1371 4754 diebus
1402 4698 1615 4767 multis,
1646 4708 1702 4756 et

120 4786 304 4843 vixerat
331 4806 451 4846 cum
477 4793 598 4847 viro
623 4806 724 4847 suo
748 4794 908 4849 annis
934 4802 1144 4864 septem
1176 4808 1205 4847 a
1238 4795 1549 4867 virginitate
1578 4808 1696 4849 sua.

125 4874 175 4931 Et
196 4878 299 4936 haec
318 4882 473 4938 vidua
498 4898 671 4955 usque
696 4884 763 4939 ad
787 4900 961 4942 annos
985 4882 1257 4956 octoginta
1282 4897 1552 4957 quatuor:
1578 4901 1700 4957 quae

126 4984 215 5028 non
240 4974 552 5032 discedebat
582 4976 650 5033 de
680 4979 905 5049 templo,
943 4978 1166 5049 jejuniis
1208 4988 1265 5036 et
1307 4981 1700 5038 obsecrationi-

125 5061 206 5121 bus
231 5070 474 5126 servieus
505 5079 671 5127 nocte
697 5085 762 5127 ac
793 5071 905 5128 die.
934 5071 1003 5126 Et
1032 5072 1166 5139 hac,
1198 5073 1315 5143 ipsa
1340 5075 1472 5127 hora
1503 5088 1699 5145 super-

125 5163 338 5231 veniens,
367 5164 736 5222 confitebatur
766 5166 1000 5221 Domino
1027 5185 1039 5219 :
1073 5176 1129 5222 et
1152 5166 1477 5238 loquebatur
1507 5166 1573 5222 de
1601 5167 1698 5223 illo

126 5257 365 5328 omnibus,
397 5260 493 5329 qui
532 5261 933 5330 exspectabant
975 5259 1408 5331 redemptionem
1448 5260 1475 5299 b
1510 5259 1696 5317 Israel.

128 5346 179 5403 Et
213 5360 265 5407 ut
301 5352 650 5423 perfecerunt
693 5354 874 5408 omnia
906 5353 1208 5409 secundum
1257 5355 1427 5426 legem
1457 5354 1696 5425 Domini,

129 5445 300 5501 reversi
327 5456 451 5502 sunt
474 5447 526 5501 in
550 5444 835 5502 Galilaeam
857 5446 912 5501 in
937 5444 1209 5502 civitatem
1233 5460 1385 5502 suam
1408 5445 1697 5501 Nazareth.

187 5580 365 5657 alIstud
394 5600 523 5657 puer
550 5598 781 5657 nomen,
822 5583 967 5657 quod
1000 5592 1055 5637 ct
1099 5581 1403 5657 in_Graecis
1450 5582 1692 5638 melioris

130 5662 246 5708 nota:
264 5652 540 5711 codicibus
560 5652 926 5722 desideratur,
948 5655 1001 5727 in
1032 5669 1139 5710 uno
1156 5652 1509 5727 Reginaems.
1530 5667 1692 5725 pror-

131 5736 205 5780 sus
230 5739 328 5783 non
356 5736 465 5795 est,
491 5727 546 5784 iu
573 5726 747 5785 altero
775 5723 1034 5785 secundis
1054 5725 1200 5784 curis
1230 5722 1314 5784 e'st
1344 5722 1611 5784 additum.

1802 4602 2012 4659 securis
2041 4600 2109 4656 ad
2142 4600 2381 4656 radicem
2412 4600 2671 4656 arborum
2703 4598 2878 4669 posita
2910 4604 3015 4651 est.
3048 4594 3239 4650 Omnis
3267 4607 3400 4661 ergo

1802 4697 1965 4753 arbor
2009 4709 2118 4751 non
2146 4694 2352 4751 faciens
2398 4694 2633 4750 fructum
2664 4692 2887 4753 bonum,
2921 4688 3227 4751 excidetur,
3257 4697 3313 4742 et
3344 4688 3398 4743 in

1806 4790 1986 4861 ignem
2042 4790 2309 4844 mittetur.
2368 4788 2466 4860 [tx,
2522 4784 2637 4857 I0.]
2692 4784 2761 4839 Et
2815 4781 3226 4853 interrogabant
3274 4796 3399 4836 cum

1804 4884 1998 4955 turbae,
2029 4884 2278 4940 dicentes
2313 4897 2329 4938 :
2369 4880 2507 4949 Quid
2535 4894 2668 4949 ergo
2696 4876 2989 4933 faciemus?
3041 4873 3399 4944 Respondcns

1805 4989 1987 5035 autem
2017 4978 2237 5033 dicebat
2260 4975 2368 5031 illis
2394 4992 2407 5029 :
2437 4974 2539 5043 Qui
2570 4973 2732 5030 habet
2761 4972 2896 5027 duas
2928 4972 3158 5040 tunicas,
3181 4970 3273 5025 dct
3294 4983 3401 5024 non

1804 5071 2025 5127 habenti
2052 5088 2066 5124 :
2096 5080 2151 5126 et
2183 5071 2273 5140 qui
2304 5068 2470 5123 habet
2497 5081 2683 5134 escas,
2715 5064 2971 5121 similiter
3000 5064 3185 5120 faciat.
3223 5062 3401 5117 Vene-

1801 5172 1931 5220 runt
1954 5172 2133 5217 antem
2158 5171 2215 5218 et
2242 5162 2540 5232 publicani,
2569 5169 2629 5216 ut
2671 5159 3098 5231 baptizarentur,
3147 5166 3202 5213 et
3251 5156 3407 5210 dixe-

1804 5266 1931 5315 runt
1956 5258 2025 5312 ad
2053 5256 2200 5311 illum
2225 5275 2236 5310 :
2262 5255 2538 5327 Magister,
2563 5255 2693 5327 quid
2719 5254 3017 5310 faciemus?
3048 5253 3117 5308 At
3146 5254 3237 5308 ille
3266 5250 3405 5308 dixit

1802 5352 1869 5409 ad
1900 5366 2031 5407 eos:
2060 5348 2204 5405 Nihil
2248 5350 2517 5421 amplius,
2567 5365 2729 5421 quam
2762 5348 2903 5421 quod
2936 5348 3291 5403 constitutum
3321 5353 3407 5402 est

1805 5447 1985 5513 vobis,
2016 5444 2246 5503 faciatis.
2277 5443 2699 5517 Interrogabant
2727 5451 2907 5500 autem
2940 5457 3063 5499 cum
3094 5451 3149 5498 et
3179 5440 3403 5507 milites,

1874 5580 1900 5619 δ
1933 5580 2034 5635 Pro
2092 5577 2286 5647 Israel,
2331 5578 2383 5633 in
2431 5580 2633 5635 nostris
2678 5593 2809 5633 mss.
2843 5576 3140 5633 Jerusalem
3189 5576 3407 5648 legitur,

1798 5650 2255 5785 q‘uamadmodum
2281 5658 2340 5709 et
2364 5650 2572 5711 Graecis
2627 5650 2905 5725 plerisque
2960 5649 3117 5707 libris
3141 5657 3409 5731 'Ispsom.

1860 5744 1920 5797 μ.
