3920 6200
545 176 656 233 615

1563 177 1620 233 S.
1663 172 2050 234 HIEBONYUI
2087 172 2320 231 DIVINA
2365 174 2844 236 BlBLiOTﬂECA.

3750 190 3828 245 ﬁlii

541 292 790 348 dicentes
821 309 834 346 :
866 290 1005 362 Quid
1034 293 1299 349 faciemus
1328 303 1384 350 et
1409 295 1546 350 nos?
1577 295 1642 349 Et
1669 297 1744 348 ait
1779 295 1885 350 illis
1911 316 1923 347 :
1951 294 2140 350 Nemi-
2169 295 2216 352 Δ
2247 295 2361 348 fiat.
2408 295 2478 349 Et
2526 297 2807 366 respondit
2844 295 2911 351 ad
2958 297 3107 351 illum
3157 296 3362 354 Iesus:
3409 297 3687 367 Scriptum
3731 314 3828 357 est:

550 402 676 442 nem
701 386 1045 452 concutiatis,
1079 403 1258 457 neque
1286 388 1613 443 calumniam
1653 390 1868 443 faciatis
1894 407 1907 441 :
1936 400 1992 443 et
2017 404 2150 443 con-

550 480 686 534 tenti
730 489 904 536 eswte
953 481 1240 548 Stipendiis
1290 483 1506 536 vestris.
1562 482 1922 536 Existimante
1965 491 2149 535 autem

552 573 776 644 populo,
810 582 868 628 et
895 574 1258 643 cogitantibus
1284 575 1538 630 omnibus
1571 576 1625 630 in
1647 576 1907 630 cordibus
1935 575 2051 630 suis
2083 576 2150 630 de

547 667 778 732 Joanne,
826 683 893 724 ne
951 667 1093 724 forte
1147 669 1264 740 ipse
1313 680 1464 725 esset
1515 671 1768 726 Christus
1807 688 1822 724 :
1867 670 2153 739 reSpondit

546 760 817 827 Ioannes,
862 760 1054 817 dicens
1081 762 1353 817 omnibus.
1385 763 1473 834 ix,
1505 763 1582 832 1.]
1616 763 1729 833 Ego
1765 763 1983 833 quidem
2013 776 2149 830 aqua

554 853 774 923 baptizo
801 857 1159 910 voszveniet
1205 866 1387 913 autem
1440 854 1633 910 fortior
1679 871 1790 921 me,
1838 856 1994 925 cujus
2045 871 2151 908 non

545 962 666 1004 sum
694 949 891 1020 dignus
913 950 1129 1006 solvere
1155 951 1443 1019 corrigiam
1471 950 1967 1005 calceamentorum
1999 950 2147 1016 ejus:

548 1042 666 1111 ipse
695 1056 793 1096 vos
821 1042 1116 1111 baptizabit
1148 1044 1200 1096 in
1238 1042 1447 1112 Spiritu
1475 1053 1667 1097 sancto
1700 1053 1754 1096 et
1783 1042 1912 1111 igni.
1947 1040 2043 1112 in,
2073 1040 2150 1095 5.i

545 1135 713 1207 Cujus
750 1137 1116 1193 ventilabrum
1151 1139 1203 1192 in
1237 1153 1398 1192 manu
1427 1138 1572 1207 ejus,
1605 1147 1660 1192 et
1692 1136 1942 1207 purgabit
1966 1152 2150 1191 aream

547 1245 735 1297 suam,
784 1241 839 1285 et
886 1231 1241 1302 congregabit
1294 1231 1530 1286 triticum
1580 1233 1631 1284 in
1680 1232 1937 1286 horreum
1969 1247 2150 1293 suum,

547 1322 732 1394 paleas
761 1332 939 1378 autem
990 1324 1278 1379 comburet
1330 1325 1440 1393 igni
1490 1325 1942 1395 inexstinguibili.
1989 1325 2154 1379 Multa

547 1414 770 1485 quidem
827 1426 881 1471 et
945 1415 1048 1470 alia
1105 1419 1405 1471 exhortans
1465 1418 1872 1488 evangelizabat
1930 1419 2150 1487 populo.

549 1511 666 1582 lxii,
696 1509 778 1581 2.]
806 1509 1048 1566 Herodes
1074 1520 1256 1567 autem
1286 1512 1589 1579 tetrarcba,
1619 1529 1741 1566 cum
1777 1514 2149 1582 corriperetur

548 1602 620 1657 ab
649 1602 743 1657 illo
769 1603 837 1658 de
859 1603 1169 1659 Herodiade
1195 1619 1367 1660 uxore
1389 1605 1572 1658 fratris
1599 1607 1702 1669 sui,
1730 1614 1784 1660 et
1808 1606 1874 1660 de
1898 1607 2153 1660 omnibus

2253 386 2388 455 Quia
2439 405 2545 442 non
2599 391 2649 441 in
2683 390 2800 443 solo
2843 405 2980 458 pane
3041 389 3175 443 vivit
3223 390 3408 456 homo,
3467 391 3564 446 sed
3611 393 3663 446 in
3708 397 3829 451 omni

2253 481 2429 533 verbo
2462 479 2579 534 Dei.
2609 479 2676 534 Et
2703 480 2860 534 duxit
2888 481 3035 535 illum
3065 480 3314 536 diabolus
3339 491 3368 520 ι
3410 482 3466 535 in
3501 495 3732 539 montem
3758 503 3831 542 ex-

2253 569 2485 635 celsum,
2520 583 2576 625 et
2616 571 2855 625 ostendit
2899 572 2975 625 illi
3025 574 3205 625 omnia
3234 588 3400 642 regna
3435 574 3586 630 orbis
3614 579 3830 633 terrain

2254 675 2530 719 momento
2559 667 2841 734 temporis,
2873 674 2930 720 et
2953 667 3026 719 ait
3057 666 3131 719 illi
3156 684 3170 718 :
3213 666 3330 720 Tibi
3359 665 3507 722 dabo
3537 679 3829 738 potestatem

2256 756 2397 812 hanc
2423 758 2753 824 universam,
2800 768 2856 813 et
2893 759 3122 829 gloriam
3155 759 3371 813 illorum
3397 777 3412 813 :
3441 761 3565 829 quia
3588 763 3715 818 mibi
3744 775 3835 819 tra-

2254 851 2366 906 dita
2398 863 2522 907 sunt
2547 870 2563 918 ;
2591 862 2647 907 et
2672 853 2758 908 cui
2787 852 2934 917 volo,
2966 853 3036 907 do
3059 853 3172 906 illa.
3200 852 3283 908 Tu
3314 869 3448 924 ergo
3475 855 3522 910 si
3542 856 3837 916 adoraveris

2254 958 2440 998 coram
2470 960 2578 1008 me,
2623 953 2786 999 erunt
2831 955 2917 998 tua
2945 946 3148 998 omnia.
3197 944 3264 998 Et
3293 945 3622 1014 respondens
3651 948 3832 1018 Iesus,

2255 1037 2388 1092 dixit
2419 1039 2495 1093 illi
2522 1057 2533 1089 :
2560 1038 2834 1108 Scriptum
2861 1047 2947 1092 est
2973 1058 2982 1089 :
3012 1037 3037 1075 δ
3070 1037 3360 1092 Dominum
3394 1049 3537 1094 tuum
3557 1041 3828 1111 adorabis,

2256 1139 2312 1184 et
2341 1129 2420 1184 illi
2446 1129 2548 1183 soli
2593 1130 2823 1185 servies.
2873 1130 2940 1185 Et
2980 1129 3134 1184 duxit
3182 1130 3337 1184 illum
3369 1132 3424 1185 in
3449 1131 3760 1200 Jerusalem,
3790 1146 3837 1192 et

2256 1222 2442 1275 statuit
2472 1237 2594 1276 eum
2620 1237 2786 1292 super
2817 1224 3038 1289 pinnam
3061 1224 3271 1293 templi,
3299 1234 3356 1280 et
3385 1226 3524 1280 dixit
3553 1227 3623 1281 illi
3643 1244 3658 1281 :
3677 1228 3732 1283 Si
3754 1229 3828 1284 Fi-

2257 1315 2361 1369 lius
2407 1315 2502 1370 Dei
2544 1333 2624 1380 es,
2677 1317 2830 1372 mitte
2869 1328 2922 1372 te
2972 1319 3097 1372 hinc
3143 1316 3423 1374 deorsum.
3469 1319 3727 1391 Scriptum
3762 1334 3833 1380 est

2257 1410 2400 1463 enim
2429 1411 2573 1480 quod
2606 1411 2812 1480 angelis
2857 1413 2969 1466 suis
2999 1412 3276 1467 mandavit
3304 1413 3374 1468 de
3420 1424 3495 1480 te,
3547 1427 3601 1471 nt
3625 1431 3833 1473 conser-

2260 1511 2390 1557 vent
2437 1512 2524 1558 te:
2565 1513 2621 1558 et
2654 1506 2781 1573 quia
2811 1504 2864 1558 in
2895 1506 3148 1559 manibus
3176 1506 3367 1560 tollent
3395 1517 3468 1573 te,
3501 1524 3567 1563 ne
3592 1508 3728 1565 forte
3751 1511 3830 1566 of-

2261 1597 2447 1652 fendas
2468 1598 2534 1650 ad
2559 1597 2790 1666 lapidem
2815 1598 3009 1668 pedem
3026 1610 3198 1654 tuum.
3222 1599 3294 1655 Et
3317 1601 3641 1667 respondens
3658 1604 3831 1674 Iesus,

551 1696 745 1760 malis,
793 1713 916 1767 qua
971 1697 1100 1752 fecit,
1158 1697 1431 1766 Herodes,
1488 1699 1686 1767 adjecit
1736 1711 1791 1755 ει
1847 1701 1949 1755 hoc
1991 1718 2155 1772 super
2183 1686 2232 1747 Β
2261 1693 2335 1746 ait
2363 1693 2440 1746 illi
2469 1711 2481 1745 2
2515 1692 2729 1747 Dictum
2771 1705 2891 1748 e51:
2935 1694 3052 1749 Non
3095 1695 3331 1750 tentabis
3378 1695 3650 1752 Dominum
3674 1699 3835 1755 Deum

552 1789 757 1854 omnia,
809 1801 865 1844 et
919 1790 1138 1845 inclusit
1192 1791 1461 1846 Joannem
1515 1794 1568 1847 in
1624 1809 1870 1849 carcere.
1913 1793 2052 1865 In",
2085 1795 2156 1865 1.]

554 1879 778 1936 Factum
809 1890 895 1936 est
931 1893 1114 1937 autem
1143 1900 1269 1938 cum
1299 1885 1668 1954 baptizaretur
1697 1889 1876 1941 omnis
1905 1889 2157 1958 populus,

558 1981 615 2027 et
645 1971 771 2027 Iesu
815 1971 1092 2042 baptizato
1114 2016 1128 2038 ,
1158 1985 1211 2029 ct
1259 1986 1477 2044 orante,
1523 1988 1769 2048 apertum
1808 1991 1892 2034 est
1921 1980 2156 2036 ccelum:

560 2074 617 2121 et
665 2064 945 2121 descendit
976 2065 1212 2136 Spiritus
1243 2079 1465 2125 sanctus
1514 2073 1781 2140 corporali
1812 2074 1996 2142 specie
2026 2075 2164 2128 sicut

556 2158 810 2214 columba
843 2161 894 2213 in
927 2159 1104 2230 ipsum
1133 2180 1144 2212 :
1176 2170 1232 2215 et
1257 2177 1360 2216 vox
1388 2162 1457 2217 de
1497 2163 1637 2218 cmlo
1663 2163 1803 2218 facta
1833 2174 1919 2219 est
1949 2185 1958 2216 :
1994 2165 2071 2219 Tu
2103 2181 2162 2220 es

559 2251 731 2308 Filius
767 2267 922 2307 meus
947 2252 1201 2319 dilectus,
1237 2255 1290 2309 in
1324 2264 1376 2310 te
1401 2255 1703 2326 complacui
1732 2258 1883 2311 milii.
1920 2257 2051 2329 [xiv,
2083 2258 2161 2329 3).]

559 2344 630 2400 Et
655 2345 770 2416 ipse
803 2343 963 2400 Iesus
984 2355 1102 2400 erat
1131 2346 1401 2416 incipiens
1426 2349 1583 2418 quasi
1618 2364 1885 2404 annorum
1920 2351 2161 2420 triginta,

558 2447 617 2495 ut
661 2439 971 2510 putabatur,
1008 2441 1153 2495 ﬁlius
1199 2441 1428 2512 Ioseph,
1465 2444 1556 2513 qui
1610 2443 1710 2498 fuit
1756 2443 1898 2509 Heli,
1933 2445 2022 2514 qui
2065 2444 2164 2500 fuit

558 2531 786 2598 Mathat,
810 2531 902 2604 qui
926 2532 1027 2587 fuit
1049 2531 1207 2599 Levi,
1232 2535 1322 2604 qui
1348 2534 1450 2589 fuit
1474 2534 1690 2600 Melclii,
1720 2537 1810 2605 qui
1841 2537 1941 2591 fuit
1964 2537 2159 2603 Ianne,

558 2627 650 2698 qui
684 2626 784 2682 fuit
811 2627 1037 2698 Ioseph,
1079 2629 1170 2698 qui
1215 2626 1313 2683 fuit
1345 2629 1641 2697 Matlnatim,
1689 2631 1781 2700 qui
1828 2631 1927 2684 fuit
1973 2633 2160 2699 Amos,

559 2721 651 2792 qui
685 2721 784 2777 fuit
815 2722 1046 2787 Nalium,
1080 2723 1170 2792 qui
1201 2721 1302 2777 fuit
1351 2723 1526 2790 llesli,
1576 2725 1666 2795 qui
1712 2725 1813 2780 fuit
1840 2725 2040 2797 Nagge,
2072 2729 2162 2797 qui

558 2815 663 2871 fuit
693 2814 936 2883 Mahath,
963 2816 1055 2887 qui
1085 2814 1183 2870 fuit
1208 2813 1544 2884 Mathalhiie,
1579 2819 1668 2887 qui
1701 2817 1802 2872 fuit
1833 2819 2038 2885 Semei,
2071 2820 2162 2890 qui

559 2910 661 2965 fuit
686 2909 912 2980 Ioseph,
941 2910 1034 2980 qui
1066 2910 1162 2964 fuit
1189 2910 1358 2975 Iuda,
1383 2913 1474 2982 qui
1507 2911 1608 2966 fuit
1641 2911 1911 2980 Iohanne,
1940 2914 2031 2985 qui
2065 2913 2165 2969 fuit

563 3003 726 3068 Resa,
751 3004 841 3074 qui
874 3004 973 3059 fuit
1004 3004 1333 3073 Zorobabel,
1365 3007 1454 3076 qui
1489 3008 1590 3061 fuit
1623 3008 1915 3074 Salathiel,
1948 3010 2037 3079 qui
2064 3009 2163 3064 fuit

2262 1793 2435 1840 tuum.
2468 1785 2532 1840 Et
2555 1797 2931 1841 consummata
2958 1788 3109 1841 omni
3145 1787 3469 1853 tentatione,
3502 1787 3738 1844 diabolus
3765 1805 3837 1846 re-

2262 1879 2424 1934 cessit
2447 1878 2515 1933 ab
2540 1879 2655 1943 illo,
2691 1895 2864 1949 usque
2890 1879 2958 1933 ad
2990 1891 3225 1949 tempus.
3261 1881 3417 1952 [xvi],
3452 1881 3530 1952 1.]
3558 1879 3626 1935 Et
3651 1897 3837 1953 regres-

2261 1987 2354 2026 sus
2376 1982 2460 2026 est
2483 1971 2639 2026 Iesus
2667 1971 2719 2025 in
2742 1972 2946 2027 virtute
2970 1972 3206 2042 Spiritus
3230 1973 3286 2027 in
3309 1972 3612 2041 Galilaeam,
3644 1983 3696 2030 ct
3717 1977 3835 2029 fama

2263 2065 2393 2118 exiit
2426 2080 2520 2134 per
2549 2065 2857 2118 universam
2886 2064 3167 2135 regionem
3211 2063 3282 2120 de
3309 2065 3425 2119 illo.
3459 2065 3532 2119 Et
3557 2065 3672 2135 ipse
3697 2065 3835 2122 doce-

2265 2157 2356 2210 bat
2387 2158 2438 2210 in
2469 2159 2761 2228 synagogis
2809 2172 3025 2223 corum,
3072 2169 3126 2212 et
3173 2148 3622 2228 magniﬁcabatur
3648 2161 3710 2214 ab
3735 2177 3834 2214 om-

2265 2250 2445 2304 nibus.
2477 2251 2651 2322 'vaui,
2689 2250 2800 2320 10.]
2842 2250 2909 2305 Et
2935 2252 3080 2305 venit
3105 2250 3394 2319 Nazaretb,
3433 2252 3524 2308 ubi
3551 2262 3668 2309 erat
3692 2255 3836 2310 nutri-

2267 2351 2372 2408 tus,
2409 2354 2465 2397 et
2493 2343 2713 2398 intravit
2749 2343 3054 2399 secundum
3095 2345 3546 2401 consuetudinem
3593 2363 3738 2402 suam
3765 2349 3836 2405 die

2265 2436 2476 2490 sabbati
2499 2437 2551 2490 in
2576 2452 2931 2508 synagogam,
2958 2448 3012 2492 et
3038 2440 3282 2495 surrexit
3311 2439 3516 2511 legere.
3549 2440 3614 2495 Et
3635 2441 3839 2497 traditus

2265 2540 2347 2584 est
2377 2530 2446 2583 illi
2492 2530 2631 2585 liber
2660 2529 2813 2584 Isaiae
2847 2531 3145 2601 prophetm.
3179 2533 3250 2588 Et
3289 2543 3346 2588 ut
3371 2538 3600 2592 revolvit
3625 2538 3834 2604 librum,

2265 2622 2476 2678 invenit
2523 2623 2700 2678 locum
2743 2625 2833 2680 ubi
2880 2627 3139 2696 scriptum
3184 2639 3337 2682 erat:
3387 2629 3621 2701 Spiritus
3654 2633 3837 2687 Domini

2266 2733 2429 2786 super
2478 2733 2602 2772 me:
2654 2733 2877 2789 propter
2929 2721 3073 2790 quod
3123 2723 3278 2778 unxit
3319 2739 3430 2790 me,
3485 2729 3839 2798 evangelizare

2266 2811 2596 2882 pauperibus
2624 2812 2771 2867 misit
2800 2829 2911 2878 me,
2945 2825 2968 2852 ο
3000 2830 3197 2872 sanare
3225 2819 3492 2875 contritos
3512 2823 3703 2888 corde,
3726 2838 3840 2893 pra:-

2265 2903 2448 2960 dicare
2475 2906 2705 2974 captivis
2735 2908 3139 2976 remissionem,
3184 2921 3240 2968 et
3269 2913 3429 2969 caecis
3456 2913 3659 2982 visum,
3695 2916 3842 2971 dimit-

2267 3006 2381 3054 tere
2422 2999 2727 3056 confractos
2769 3001 2822 3056 in
2868 3002 3277 3072 remissionem,
3309 3006 3609 3076 praedicare
3660 3025 3836 3064 annum

560 3093 708 3160 Neri,
742 3097 832 3166 qui
876 3095 977 3152 fuit
1017 3097 1234 3168 Melchi,
1269 3099 1360 3168 qui
1401 3099 1498 3155 fuit
1520 3099 1682 3166 Addi,
1713 3103 1802 3172 qui
1829 3102 1930 3157 fuit
1952 3103 2153 3170 Cosa",
2181 3081 2229 3146 C
2263 3090 2479 3146 Domini
2502 3101 2805 3160 acceptum,
2830 3104 2885 3149 et
2911 3094 3055 3150 diem
3086 3097 3482 3154 retributionis.
3515 3099 3728 3156 Etcum
3760 3102 3840 3170 pli-

562 3189 652 3259 qui
705 3188 806 3244 fuit
857 3191 1146 3260 Elmadan,
1195 3196 1288 3265 qui
1327 3195 1427 3251 fuit
1476 3196 1605 3262 Her,
1641 3198 1730 3268 qui
1765 3197 1867 3253 fuit
1888 3198 2038 3266 Iesu,
2069 3200 2160 3270 qui

561 3281 660 3336 fuit
686 3282 920 3350 Eliezer,
950 3285 1040 3356 qui
1072 3287 1172 3342 fuit
1199 3288 1398 3355 Jorim,
1433 3289 1526 3358 qui
1559 3290 1659 3344 fuit
1688 3291 1910 3354 Mathat,
1942 3292 2035 3362 qui
2061 3292 2162 3347 fuit

561 3371 716 3440 Levi,
747 3372 840 3444 qui
871 3373 973 3430 fuit
1003 3376 1247 3446 Simeon,
1273 3378 1366 3450 qui
1388 3378 1487 3434 fuit
1509 3380 1670 3449 Imla,
1693 3383 1784 3452 qui
1812 3383 1912 3438 fuit
1934 3384 2157 3456 Ioseph,

562 3467 654 3539 qui
686 3467 783 3522 iuit
810 3467 970 3537 Iona,
1021 3473 1110 3542 qui
1161 3472 1263 3527 fuit
1304 3471 1560 3540 Eliakim,
1593 3476 1684 3544 qui
1721 3475 1819 3530 fuit
1847 3478 2036 3549 Melea,
2069 3480 2160 3550 qui

560 3559 662 3616 fuit
692 3561 908 3629 Menua,
941 3565 1032 3635 qui
1080 3564 1179 3620 fuit
1207 3563 1508 3631 Mathatha,
1542 3566 1633 3636 qui
1661 3567 1758 3622 fuit
1803 3568 2038 3638 Nathan,
2068 3574 2161 3643 qui

557 3652 665 3710 fuit
713 3654 903 3722 David,
935 3655 1026 3726 qui
1077 3655 1178 3710 fuit
1226 3654 1412 3722 Iesse,
1446 3657 1537 3725 qui
1570 3657 1671 3712 fuit
1716 3658 1890 3725 Obed,
1922 3662 2014 3730 qui
2060 3663 2162 3720 fuit

559 3746 728 3811 Booz,
757 3747 851 3818 qui
885 3747 986 3801 fuit
1015 3747 1262 3814 Salmon,
1318 3745 1413 3817 qui
1458 3747 1558 3802 fuit
1610 3748 1878 3817 Naasson,
1925 3755 2015 3824 qui
2064 3757 2162 3812 fuit

560 3837 889 3907 Aminadab,
921 3838 1013 3908 qui
1045 3837 1146 3892 fuit
1187 3837 1376 3906 Aram,
1426 3841 1515 3910 qui
1568 3841 1668 3897 fuit
1718 3842 1914 3912 Esron,
1941 3847 2031 3916 qui
2060 3847 2161 3903 fuit

561 3929 788 3994 Phares,
818 3930 910 4000 qui
943 3929 1042 3985 fuit
1070 3928 1246 3999 Iuda),
1268 3932 1359 4003 qui
1392 3932 1706 4002 fuitIacob,
1738 3937 1832 4007 qui
1859 3937 1959 3993 fuit
1984 3939 2157 4010 Isaac,

560 4021 653 4094 qui
685 4020 788 4076 fuit
817 4020 1077 4088 Abrahae,
1122 4023 1214 4093 qui
1260 4023 1360 4079 fuit
1405 4025 1606 4093 Thare,
1653 4028 1746 4097 qui
1791 4029 1892 4086 fuit
1921 4025 2154 4101 Nacbor,

562 4114 656 4187 qui
685 4115 784 4171 fuit
810 4113 1008 4187 Sarug,
1041 4117 1131 4188 qui
1165 4115 1266 4173 fuit
1295 4117 1502 4189 Ragau,
1548 4123 1638 4192 qui
1670 4123 1770 4179 fuit
1814 4127 2036 4200 Phaleg,
2065 4132 2158 4202 qui

562 4210 663 4266 fuit
696 4209 899 4278 lleber,
946 4210 1036 4281 qui
1069 4210 1170 4266 fuit
1200 4211 1350 4279 Sale,
1381 4217 1470 4284 qui
1514 4215 1614 4271 fuit
1643 4217 1883 4289 Cainan,
1926 4223 2015 4292 qui
2059 4223 2160 4280 fuit

561 4303 878 4377 Arphaxad,
931 4304 1022 4376 qui
1068 4303 1168 4360 fuit
1217 4305 1369 4372 Sem,
1424 4309 1512 4376 qui
1572 4309 1673 4364 fuit
1727 4310 1875 4378 Noe,
1925 4318 2014 4387 qui
2059 4317 2160 4374 fuit

559 4396 820 4465 Lamech,
846 4397 937 4468 qui
960 4396 1062 4452 fuit
1087 4397 1410 4467 Mathusale,
1435 4401 1525 4472 qui
1553 4401 1654 4456 fuit
1678 4402 1918 4472 Henocb,
1944 4409 2034 4479 qui
2059 4409 2157 4467 fuit

2263 3185 2465 3242 cuisset
2503 3186 2722 3256 librum,
2769 3188 3007 3245 reddidit
3069 3192 3342 3262 ministro,
3368 3203 3423 3249 et
3460 3195 3625 3250 sedit.
3665 3197 3726 3252 Et
3748 3211 3840 3250 0m-

2264 3283 2411 3336 nium
2443 3284 2495 3337 in
2527 3297 2798 3355 synagoga
2841 3286 2985 3341 oculi
3017 3296 3174 3342 erant
3199 3288 3566 3345 intendentes.
3598 3289 3658 3346 in
3696 3306 3836 3347 eum:

2263 3375 2440 3445 Cmpit
2465 3385 2644 3432 autem
2673 3378 2855 3434 dicere
2873 3379 2939 3434 ad
2974 3380 3099 3436 illos
3127 3401 3137 3432 :
3173 3381 3309 3448 Quia
3341 3382 3503 3439 hodie
3533 3384 3751 3455 impleta
3772 3394 3838 3439 est

2264 3467 2382 3523 haec
2409 3470 2681 3540 scriptura
2709 3471 2764 3526 in
2795 3474 3024 3530 auribus
3052 3477 3270 3532 vestris.
3302 3476 3436 3548 [xtx,
3471 3478 3550 3550 1.]
3580 3479 3645 3535 Et
3674 3493 3838 3536 omnes

2264 3561 2633 3618 testimonium
2688 3565 2763 3620 illi
2805 3565 3051 3623 dabant:
3095 3577 3153 3624 et
3199 3569 3541 3626 mirabantur
3580 3570 3635 3627 in
3681 3571 3836 3627 verbis

2261 3655 2470 3725 gratim,
2503 3672 2623 3725 qua:
2653 3659 3022 3728 procedebant
3049 3660 3119 3718 de
3141 3676 3238 3718 ore
3266 3662 3463 3733 ipsius,
3485 3675 3541 3720 et
3567 3664 3832 3722 dicebant:

2262 3747 2451 3804 Nonne
2478 3749 2566 3805 hic
2605 3761 2691 3806 est
2735 3751 2878 3808 illius
2902 3753 3153 3825 Ioseph?
3193 3756 3306 3828 [ιχ.
3342 3757 3456 3831 10.]
3487 3757 3557 3814 Et
3600 3759 3678 3815 ait
3705 3760 3829 3815 illis:

2262 3839 2461 3911 Utique
2503 3841 2697 3899 dicetis
2740 3844 2874 3900 mihi
2920 3844 3061 3902 hanc
3114 3848 3569 3906 similitudinem:
3616 3853 3829 3918 Modice,

2259 3949 2388 3991 cura
2423 3945 2475 3993 te
2505 3938 2714 4007 ipsum:
2745 3951 2946 4010 quanta
2976 3941 3284 3999 audivimus
3324 3943 3465 4000 facta
3515 3945 3569 4001 in
3615 3944 3830 4017 Caphar-

2261 4043 2445 4096 naum,
2470 4028 2556 4086 fac
2585 4041 2640 4087 et
2681 4031 2770 4088 hic
2799 4033 2852 4087 in
2879 4035 3049 4104 patria
3083 4044 3192 4092 tua.
3239 4035 3371 4110 [ηδ
3410 4038 3482 4111 1.]
3513 4040 3604 4095 Ait
3631 4049 3826 4096 autem:

2260 4123 2434 4178 Amen
2461 4124 2585 4180 dico
2615 4125 2788 4194 vobis,
2835 4128 2961 4195 quia
2992 4143 3155 4185 nemo
3186 4131 3450 4200 propheta
3494 4144 3737 4204 acceptus
3762 4139 3831 4186 est

2261 4214 2313 4270 in
2348 4216 2518 4286 patria
2549 4232 2665 4274 sua.
2698 4218 2754 4274 In
2777 4220 3015 4278 veritate
3058 4222 3181 4278 dico
3225 4223 3378 4279 vobis
3399 4268 3416 4292 ,
3465 4227 3648 4283 multa:
3676 4225 3829 4281 viduae

2259 4319 2413 4364 erant
2440 4309 2492 4364 in
2522 4309 2714 4366 diebus
2745 4312 2878 4369 Elia:
2911 4315 2962 4368 in
2996 4315 3157 4371 Israel
3185 4360 3199 4385 ,
3248 4317 3468 4387 quando
3497 4319 3726 4375 clausum
3757 4324 3830 4372 est

2260 4404 2457 4460 caelum
2485 4405 2643 4461 annis
2667 4405 2840 4462 tribus
2866 4417 2923 4464 et
2947 4411 3222 4466 mensibus
3245 4424 3366 4476 sex,
3399 4427 3521 4468 cum
3553 4414 3682 4470 facta
3702 4421 3831 4468 esset

557 4490 851 4563 Iared,qui
875 4491 975 4546 fuit
1000 4489 1761 4568 Malaleel]ng.Maleel|,qui
1786 4496 2149 4571 fuitCainam,
2179 4479 2234 4541 Ῑ)
2261 4497 2430 4554 fames
2459 4514 2650 4572 magna
2703 4501 2759 4556 in
2789 4504 2936 4556 omni
2972 4512 3146 4560 terra:
3197 4514 3252 4561 et
3295 4506 3362 4562 ad
3409 4508 3600 4564 nullam
3628 4507 3828 4562 illarum

557 4587 650 4657 qui
682 4585 784 4641 fuit
826 4584 1030 4656 Henos,
1079 4585 1173 4658 qui
1204 4585 1305 4642 fuit
1349 4587 1502 4655 Setb,
1535 4589 1627 4660 qui
1675 4588 1776 4646 fuit
1825 4591 2020 4661 Adam,
2063 4598 2153 4667 qui

556 4675 659 4735 fuit
686 4677 805 4735 Dei.

631 4773 803 4848 [Cap.
843 4774 932 4831 IV.
983 4790 1085 4843 xv,
1134 4775 1230 4848 3.]
1280 4775 1442 4834 Iesus
1465 4786 1644 4833 autem
1703 4778 1898 4850 plenus
1950 4780 2154 4852 Spiritu

559 4878 750 4928 sancto
791 4883 1079 4941 regressus
1117 4878 1197 4925 est
1227 4883 1257 4924 a
1289 4868 1532 4926 Iordane
1559 4890 1572 4927 :
1595 4879 1652 4928 et
1682 4871 1944 4941 agebatur
1973 4889 2002 4928 a
2027 4874 2152 4944 Spi-

557 4963 668 5021 ritu
698 4963 752 5018 in
781 4961 1082 5029 desertum,
1120 4961 1312 5019 diebus
1352 4963 1727 5035 quadraginta,
1768 4973 1825 5020 et
1847 4967 2153 5024 teutabatur

559 5071 590 5112 a
619 5055 856 5114 diabolo.
907 5056 1042 5129 [xvt,
1084 5053 1166 5128 5.]
1200 5056 1268 5112 Ει
1294 5057 1428 5114 nihil
1481 5058 1830 5115 manducavit
1871 5060 1926 5115 in
1960 5059 2152 5118 diebus

553 5147 692 5207 illis:
736 5158 795 5206 et
814 5150 1210 5207 consummatis
1253 5149 1360 5205 illis
1385 5191 1401 5218 ,
1431 5149 1646 5206 esuriit.
1692 5151 1837 5207 Dixit
1862 5161 2041 5209 autem
2075 5153 2151 5209 illi

455 5251 459 5255 '
555 5241 804 5301 diabolus
839 5243 933 5302 :Si
956 5241 1130 5300 Filius
1159 5242 1251 5299 Dei
1297 5258 1378 5314 es,
1420 5243 1510 5302 dic
1550 5243 1714 5318 lapidi
1755 5245 1879 5303 huic
1907 5258 1963 5303 ut
1995 5246 2151 5318 panis

629 5417 655 5446 ἰ
686 5406 866 5464 Verba
902 5407 956 5461 in
1004 5417 1233 5478 montem
1273 5405 1574 5478 excelsum,
1616 5420 1736 5477 quae
1765 5407 1901 5478 etin
1943 5405 2147 5463 Graecis

552 5479 878 5552 quibusdam
921 5478 1073 5534 libris
1115 5476 1492 5536 desiderantur
1515 5520 1531 5547 ,
1563 5476 1844 5535 in’neutro’
1866 5494 1898 5536 e
1930 5478 2149 5550 Regina:

554 5561 1028 5679 ωῗοιῗιῗὲιεεθηιηῑ
1050 5620 1272 5692 Regina:
1319 5637 1452 5678 mss.
1477 5619 1676 5692 Deum,
1701 5620 1842 5691 quod
1871 5637 2068 5678 nomen
2095 5628 2151 5676 et

553 5692 746 5754 Graeca
786 5693 1025 5751 retinent
1063 5691 1417 5762 exemplaria.
1468 5691 1638 5750 Paulo
1674 5701 1803 5750 ante
1833 5693 1955 5765 plus
1986 5693 2150 5754 habet

2259 4591 2459 4649 missus
2483 4602 2568 4650 est
2593 4594 2763 4663 Elias,
2796 4595 2897 4651 nisi
2920 4595 2973 4650 iu
3007 4597 3232 4669 Sarepta
3267 4599 3526 4669 Sidonia,
3558 4600 3618 4655 ad
3649 4600 3830 4655 mulie-

2257 4699 2372 4741 rem
2420 4685 2658 4742 viduam.
2695 4687 2760 4743 Et
2788 4689 2938 4745 multi
2985 4692 3182 4761 leprosi
3235 4703 3391 4749 erant
3431 4695 3486 4750 in
3538 4693 3695 4750 Israel
3738 4691 3828 4747 sub

2257 4777 2454 4835 Elisaeo
2481 4781 2746 4851 propheta
2777 4800 2790 4838 :
2823 4791 2879 4839 et
2909 4799 3070 4841 nemo
3099 4801 3286 4842 eorum
3319 4789 3611 4844 mundatus
3636 4797 3713 4844 est
3735 4784 3824 4841 nisi

2255 4873 2496 4930 Naaman
2529 4875 2656 4947 [Μδ.
2685 4876 2914 4950 Neman]
2947 4879 3140 4952 Syrus.
3189 4879 3260 4936 Et
3283 4881 3480 4953 repleti
3511 4891 3636 4938 sunt
3660 4893 3824 4937 omnes

2256 4966 2310 5023 in
2336 4983 2606 5040 synagoga
2651 4971 2750 5042 ira,
2799 4970 2916 5028 haec
2957 4972 3260 5029 audientes.
3293 4973 3748 5038 Etsurrexerunt,
3774 4979 3820 5024 et

2257 5061 2537 5131 eiecerunt
2565 5061 2714 5118 illum
2746 5073 2902 5118 extra
2950 5065 3222 5122 civitatem
3249 5081 3269 5122 :
3314 5075 3373 5122 et
3401 5066 3671 5123 duxerunt
3691 5065 3817 5120 illum

2257 5168 2429 5224 usque
2472 5153 2538 5209 ad
2584 5157 2937 5226 supercilium
2985 5159 3205 5228 montis,
3259 5174 3427 5231 super
3468 5175 3625 5229 quem
3654 5157 3817 5214 civitas

2255 5248 2474 5304 illorum
2519 5260 2636 5306 erat
2677 5250 2969 5321 mdiﬁcata,
3012 5262 3072 5309 ut
3119 5253 3688 5324 prmcipitarenteum.
3716 5249 3816 5316 Ipse

2245 5403 2455 5480 Sixtina
2485 5406 2686 5472 Editio,
2719 5409 2761 5463 si
2791 5409 3066 5480 procidens
3092 5408 3392 5464 adoraveria
3421 5427 3522 5464 me.

2322 5489 2345 5518 ο
2388 5479 2489 5535 Hic
2520 5480 2715 5535 iterum
2741 5479 2928 5543 verba,
2963 5496 3149 5536 sanare
3179 5483 3430 5536 contritas
3460 5481 3634 5544 corde,
3663 5488 3764 5543 qua:
3783 5485 3807 5525 a

2247 5549 2456 5607 Grmcis
2487 5552 2764 5606 nonnullis
2804 5553 3082 5608 codicibus
3111 5551 3435 5618 reticentur,
3464 5553 3653 5608 absunt
3683 5545 3807 5603 etab

2247 5629 2482 5694 utroque
2509 5621 2734 5694 Regium
2766 5639 2909 5694 nisa,
2935 5624 2988 5678 in
3017 5623 3188 5680 altero
3235 5633 3419 5682 autem
3463 5624 3713 5682 Vaticano
3736 5629 3807 5672 se-

2245 5693 2439 5752 cundis
2466 5692 2614 5751 curis
2642 5701 2768 5750 sunt
2789 5692 2994 5751 addita.
