3920 6200
123 209 222 267 617

1181 215 1633 275 EVANGELIUM
1670 218 2035 278 SECUNDUM
2075 222 2335 282 LUCAM.

3302 231 3409 288 618

122 330 301 378 autem
324 323 608 380 transiens
635 338 726 394 per
749 324 983 382 medium
1008 325 1243 399 illorum,
1272 330 1400 384 ibat.
1432 331 1606 403 [ιιιιιι⁹
1629 333 1710 404 8.]
1739 335 1792 397 Α
1817 337 1890 390 ait
1919 337 1984 390 ad
2017 335 2295 393 Simonem
2339 336 2540 393 Jesus:
2581 336 2704 392 Noli
2757 336 2947 394 timere
2979 357 2991 394 :
3036 354 3104 396 ex
3153 339 3257 396 hoc
3298 343 3410 412 jam

124 414 191 469 Et
242 416 535 474 descendit
578 421 626 472 in
673 419 1050 489 Capharnaum
1107 425 1381 479 civitatem
1435 424 1707 496 Galilteze,

121 508 306 580 ibique
347 511 574 567 docebat
620 511 740 567 illos
770 514 1030 569 sabbatis.
1069 515 1238 586 [xxtv,
1285 516 1364 588 2.]
1416 518 1484 572 Et
1521 528 1709 588 stupe-

119 602 247 657 bant
277 605 330 658 in
361 605 605 661 doctrina
633 607 749 676 ejus
797 609 919 677 quia
967 610 1018 663 in
1054 619 1319 680 potestate
1366 622 1486 666 erat
1530 629 1712 668 sermo

119 697 309 766 ipsius.
339 700 491 771 μιν,
527 700 606 773 8.]
638 701 706 756 Et
748 702 800 757 in
829 717 1100 776 synagoga
1149 715 1268 761 erat
1313 706 1477 761 homo
1508 708 1713 763 habens

117 789 441 847 demonium
481 794 844 860 immundum,
876 808 932 851 et
977 798 1302 854 exclamavit
1332 815 1467 855 voce
1496 817 1711 871 magna,

117 885 331 941 dicens:
367 887 524 953 Siue,
559 889 685 960 quid
720 891 906 956 nobis,
937 900 991 947 et
1033 893 1129 948 tibi
1155 937 1170 961 ,
1211 894 1339 950 Jesu
1369 895 1665 953 Nazamne
1691 899 1734 952 ?~

118 981 308 1037 venisti
335 982 570 1052 perdere
601 999 698 1039 nos
721 987 746 1039 ?
769 987 882 1041 scio
915 995 965 1041 te
991 995 1017 1024 α
1045 988 1169 1057 quis
1199 989 1296 1055 sis,
1341 1003 1563 1046 sanctus
1592 991 1708 1046 Dei.

120 1075 176 1133 Et
213 1078 515 1148 increpavit
566 1077 716 1133 illum
766 1079 946 1145 Jesus,
997 1080 1226 1136 dicens:
1278 1083 1626 1140 Obmutesce.
1661 1094 1715 1140 et

123 1170 199 1225 exi
225 1169 291 1224 ab
331 1185 420 1225 eo.
469 1170 536 1224 Et
583 1185 707 1226 cum
754 1172 1072 1242 projecisset
1105 1174 1254 1229 illum
1298 1175 1626 1232 daemonium
1659 1177 1712 1232 in

126 1263 372 1329 medium,
397 1264 532 1319 exiit
553 1265 621 1319 ab
647 1265 765 1330 illo,
800 1266 1042 1338 nihilque
1080 1268 1228 1326 illum
1262 1271 1474 1325 nocuit.
1503 1270 1570 1325 Et
1602 1272 1716 1325 fac-

129 1367 200 1410 tus
230 1365 312 1411 est
341 1371 511 1426 pavor
556 1357 613 1411 in
642 1358 915 1423 omnibus,
955 1371 1009 1416 et
1049 1362 1504 1431 colloquebantur
1532 1363 1598 1417 ad
1629 1365 1712 1418 in-

129 1449 311 1512 vicem,
365 1447 650 1505 dicentes:
700 1451 854 1517 Quod
903 1463 986 1509 est
1039 1455 1143 1510 hoc
1189 1456 1443 1524 verbum,
1491 1457 1614 1526 quia
1658 1457 1713 1511 in

131 1550 383 1610 potestate
405 1553 459 1596 et
497 1543 698 1599 virtute
721 1543 954 1616 imperat
993 1547 1288 1604 immundis
1314 1551 1594 1619 spiritibus
1615 1592 1631 1617 ,
1662 1561 1717 1606 et

131 1634 352 1689 exeunt?
382 1633 854 1707 Etdivulgabatur
886 1641 1024 1695 fama
1056 1640 1124 1696 de
1157 1641 1251 1696 illo
1292 1644 1343 1696 in
1387 1658 1604 1699 omnem
1637 1645 1712 1700 los

1817 429 2067 486 homines
2097 433 2205 487 eris
2248 433 2492 502 capiens.
2520 432 2586 487 Et
2624 432 2904 489 subductis
2930 434 2995 490 ad
3025 443 3225 492 terram
3259 440 3412 494 navi-

1816 523 1935 593 bus,
1967 524 2170 579 relictis
2221 526 2476 582 omnibus
2527 527 2699 582 secuti
2750 535 2876 581 sunt
2906 541 3052 582 eum.
3086 527 3298 600 [xxxm,
3329 530 3412 600 2.]

1815 618 1881 672 Et
1909 618 2114 674 factum
2144 628 2250 687 est,
2275 635 2399 675 cum
2423 631 2567 676 esset
2594 621 2646 674 in
2685 637 2840 675 unam
2873 621 3173 688 civitatem,
3202 633 3258 677 et
3281 637 3412 679 ecce

1815 711 1898 765 vir
1927 712 2118 782 plenus
2164 714 2340 784 lepra,
2373 724 2425 769 et
2468 712 2658 770 videns
2696 715 2905 779 Jesum,
2940 723 2994 769 et
3033 715 3324 784 procidens
3354 719 3408 770 in

1815 805 2030 872 faciem,
2063 808 2276 878 rogavit
2303 824 2450 871 eum,
2485 810 2708 864 dicens:
2762 809 3008 874 Domine,
3043 809 3088 864 si
3116 810 3218 876 vis,
3255 819 3413 879 potes

1816 913 1904 954 me
1928 899 2211 956 mundare.
2268 900 2338 956 Et
2390 900 2692 956 extendens
2747 916 2986 972 manum,
3019 901 3197 972 tetigit
3245 918 3409 967 eum,

1815 988 2047 1047 dicens:
2091 991 2254 1048 Volo.
2289 993 2568 1048 Mundare.
2606 993 2669 1047 Et
2701 992 2990 1048 confestim
3021 994 3170 1063 lepra
3207 993 3414 1050 disces-

1815 1084 1886 1138 sit
1915 1085 1984 1140 ab
2011 1085 2126 1141 illo.
2158 1086 2225 1141 Et
2251 1087 2368 1156 ipse
2415 1089 2673 1158 prmcepit
2704 1088 2802 1154 illi,
2836 1097 2894 1142 ut
2921 1087 3124 1142 nemini
3157 1087 3406 1144 diceret:

1816 1178 1933 1244 sed,
1968 1178 2137 1243 Vade,
2185 1181 2412 1236 ostende
2442 1191 2492 1235 te
2521 1181 2814 1246 sacerdoti,
2847 1190 2902 1236 et
2927 1180 3066 1236 oﬂ'er
3097 1196 3195 1251 pro
3221 1197 3415 1237 emun-

1817 1271 2036 1326 datione
2067 1281 2181 1339 tua,
2211 1275 2356 1329 sicut
2388 1275 2646 1344 praecepit
2685 1275 2921 1346 Moyses,
2954 1275 3006 1328 in
3042 1275 3412 1330 testimonium

1819 1366 1945 1421 illis.
1975 1364 2188 1438 [sum
2223 1367 2297 1439 1.]
2321 1367 2739 1423 Perambulabat
2789 1380 2976 1424 autem
3017 1370 3188 1439 magis
3235 1384 3416 1425 sermo

1819 1459 1886 1515 de
1919 1460 2048 1514 illo:
2082 1469 2138 1516 et
2159 1461 2556 1517 conveniebant
2597 1461 2772 1516 turbae
2812 1461 3019 1526 multae,
3054 1471 3114 1516 ut
3139 1462 3414 1528 audirent,

1819 1564 1873 1610 et
1902 1566 2226 1611 curarentur
2245 1557 2313 1611 ab
2349 1556 2753 1611 inﬁrmitatibus
2793 1555 2927 1610 suis.
2971 1555 3157 1625 [xxxv,
3185 1555 3267 1626 2.]
3299 1555 3416 1626 lpse

1819 1657 2000 1703 autem
2032 1649 2256 1704 sedebat
2290 1647 2344 1701 in
2386 1649 2688 1714 desertum,
2721 1659 2775 1704 et
2813 1649 3026 1703 orabat.
3080 1648 3286 1719 [xxxvt,
3330 1647 3413 1717 2.]

134 1741 242 1783 cum
289 1730 545 1799 regionis.
607 1730 784 1801 [xxvt,
832 1731 910 1804 2.]
961 1734 1206 1805 Surgens
1236 1746 1414 1791 autem
1453 1737 1610 1792 Jesus
1647 1737 1715 1793 de
1746 1721 1795 1781 Β
1823 1742 1889 1796 Et
1911 1741 2108 1796 factum
2132 1753 2218 1797 eat
2246 1741 2300 1795 in
2323 1758 2431 1796 una
2451 1741 2662 1798 dierum
2689 1759 2703 1806 ;
2736 1753 2789 1797 et
2813 1743 2926 1812 ipse
2949 1741 3171 1798 sedebat
3195 1744 3416 1799 docens.

135 1834 413 1893 synagoga,
445 1823 694 1878 introivit
735 1824 788 1878 in
836 1825 1058 1881 domum
1099 1827 1357 1884 Simonis.
1388 1829 1591 1884 Socrus
1623 1845 1717 1884 au-

133 1921 236 1968 tem
266 1913 492 1970 Simonis
525 1917 811 1973 tenebatur
843 1920 1053 1988 magnis
1083 1920 1324 1976 febribus
1354 1940 1366 1974 :
1401 1930 1456 1976 et
1488 1938 1719 1994 rogave-

132 2021 256 2064 runt
287 2009 430 2066 illum
466 2027 567 2082 pro
599 2028 683 2068 ea.
734 2013 804 2067 Et
848 2023 998 2068 stans
1028 2029 1193 2085 super
1228 2015 1396 2083 illam,
1432 2015 1721 2086 imperavit

133 2102 264 2158 febri
293 2113 346 2158 et
375 2104 580 2159 dimisit
606 2105 778 2161 illam.
809 2106 876 2161 Et
899 2106 1159 2162 continuo
1185 2124 1416 2177 surgens
1441 2110 1718 2164 ministra-

133 2198 220 2253 bat
247 2199 372 2255 illis.
416 2201 549 2256 Cum
581 2212 763 2258 autem
810 2202 893 2257 sol
926 2203 1239 2270 occidisset,
1276 2218 1471 2259 omnes
1502 2207 1593 2273 qui
1625 2203 1721 2259 ha-

132 2289 322 2346 bebant
371 2293 622 2348 inﬁrmos
670 2295 837 2350 variis
870 2295 1242 2364 languoribus,
1295 2296 1565 2351 ducebant
1599 2296 1724 2351 illos

132 2384 193 2438 ad
221 2400 367 2442 eum.
417 2389 487 2441 At
532 2387 626 2442 ille
671 2387 902 2458 singulis
932 2403 1124 2443 manus
1150 2389 1458 2458 imponens,
1499 2390 1726 2445 curabat

134 2489 243 2531 eos.
293 2477 481 2549 [xxvi],
532 2477 610 2550 8.]
655 2477 886 2534 Exibant
914 2490 1094 2534 autem
1144 2480 1466 2535 d:emoniaa
1500 2481 1722 2547 multis,

133 2570 413 2625 clamantia
470 2579 525 2626 et
573 2571 844 2626 dicentia:
879 2571 1012 2640 Quia
1065 2581 1123 2626 tu
1171 2587 1230 2626 es
1275 2571 1446 2626 Filius
1502 2572 1639 2628 Dei:
1673 2582 1728 2629 et

138 2660 424 2734 increpans
447 2679 553 2720 non
582 2665 796 2720 sinebat
825 2681 886 2720 ea
917 2665 1086 2735 loqui,
1112 2665 1236 2736 quia
1265 2665 1516 2721 sciebant
1549 2666 1726 2735 ipsum

137 2771 256 2813 esse
283 2758 578 2814 Chriswm.
612 2759 824 2832 [XXVII],
857 2759 937 2830 8.]
983 2758 1145 2815 Facta
1176 2769 1356 2816 autem
1379 2760 1490 2825 die,
1541 2773 1725 2829 egres-

137 2863 226 2906 sus
264 2849 371 2906 ibat
414 2853 465 2906 in
511 2851 789 2908 desertum
839 2852 1050 2918 locum,
1084 2860 1140 2907 et
1182 2853 1353 2907 turbae
1375 2852 1732 2923 requirebant

139 2955 280 3007 eum,
312 2951 368 2998 et
391 2942 417 2981 ι’
449 2959 556 2998 non
600 2954 866 3000 venerunt
896 2957 1066 3013 usque
1087 2942 1152 2997 ad
1183 2944 1358 3012 ipsum
1385 2961 1398 2995 :
1431 2951 1488 2997 et
1514 2943 1727 2998 detine—

138 3032 266 3088 bant
317 3035 565 3091 illumne
596 3035 910 3092 discederet
954 3037 1024 3090 ab
1071 3038 1170 3091 eis.
1221 3036 1428 3103 Quibus
1469 3037 1562 3092 ille
1611 3037 1723 3091 ait:

140 3233 358 3290 regnum
386 3222 516 3277 Dei:
551 3222 677 3292 quia
719 3221 840 3276 ideo
869 3223 1067 3278 missus
1105 3238 1250 3277 sum.
1285 3221 1353 3277 Et
1379 3231 1500 3278 erat
1531 3223 1728 3293 praedi-

141 3325 267 3368 cans
295 3315 349 3370 in
379 3317 670 3387 synagogis
709 3315 969 3372 Galilaaae.

211 3407 356 3480 [Cap.
381 3409 443 3464 V.
472 3427 629 3479 xxix,
660 3409 769 3481 10.]
798 3409 1018 3465 Factum
1047 3420 1132 3466 est
1163 3421 1366 3478 autem,
1401 3427 1522 3467 cum
1554 3413 1730 3468 turba:

145 3499 406 3558 irruerent
437 3505 488 3559 in
518 3520 662 3571 eum,
695 3516 756 3558 ut
796 3504 1048 3559 audirent
1094 3504 1319 3560 verbum
1363 3506 1480 3572 Dei,
1531 3517 1586 3562 et
1614 3506 1731 3576 ipse

147 3596 315 3652 stabat
340 3613 492 3653 secus
517 3607 766 3669 stagnum
813 3596 1172 3653 Genesareth.
1208 3597 1280 3651 Et
1320 3597 1450 3653 vidit
1478 3598 1612 3653 duas
1635 3616 1732 3652 na-

150 3702 237 3743 ves
275 3699 472 3747 stantes
513 3706 670 3748 secus
724 3702 1006 3762 stagnum:
1059 3691 1360 3760 piscatores
1408 3701 1589 3746 autem
1622 3691 1722 3746 de-

160 3783 500 3850 scenderant,
530 3793 584 3839 et
630 3782 882 3838 lavabant
923 3782 1082 3837 retia.
1123 3780 1438 3838 Ascendens
1465 3791 1646 3837 autem
1678 3782 1731 3836 in

156 3877 350 3945 navim,
383 3894 502 3947 quae
533 3888 652 3933 erat
699 3877 956 3941 Simonis,
1012 3878 1222 3948 rogavit
1269 3893 1391 3932 eum
1419 3894 1447 3932 a
1481 3888 1623 3932 terra
1656 3893 1734 3932 re-

157 3967 340 4026 ducere
362 3972 635 4042 pusillum.
669 3971 736 4025 Et
765 3970 964 4027 sedens
989 3969 1222 4026 docebat
1243 3969 1312 4025 de
1340 3971 1587 4025 navicula
1622 3980 1735 4025 tur-

159 4057 264 4116 bas.
297 4067 438 4130 pur,
473 4063 555 4135 9.]
589 4063 658 4120 Ut
701 4064 934 4118 cessavit
964 4072 1145 4118 autem
1180 4062 1350 4132 loqui,
1384 4063 1520 4117 dixit
1547 4063 1614 4116 ad
1645 4063 1730 4118 Si-

160 4165 394 4210 monem:
444 4157 558 4211 Duc
615 4157 666 4210 in
717 4157 910 4220 altum,
971 4165 1025 4210 et
1078 4156 1254 4210 laxate
1303 4155 1437 4209 retia
1471 4165 1650 4210 vestra
1681 4155 1732 4209 in

161 4256 441 4314 capturam.
465 4248 537 4302 Et
564 4248 910 4318 respondens
950 4247 1163 4314 Simon,
1200 4246 1335 4300 dixit
1375 4245 1450 4300 illi
1478 4262 1492 4298 :
1525 4244 1736 4300 Praece-

163 4345 290 4406 ptor,
337 4357 428 4411 per
455 4349 627 4398 totam
661 4351 875 4396 noctem
921 4339 1255 4406 laborantes,
1286 4338 1416 4393 nihil
1448 4338 1694 4408 cepimus
1721 4378 1735 4403 ,

165 4429 210 4484 in
232 4432 388 4488 verbo
417 4444 596 4491 autem
645 4446 737 4490 tuo
764 4435 958 4490 laxabo
998 4444 1134 4490 rete.
1178 4433 1395 4490 Etcum
1444 4433 1548 4488 hoc
1579 4433 1737 4487 fecis‘

1821 1835 1887 1890 Et
1934 1841 2096 1890 erant
2139 1833 2400 1890 Pharismi
2453 1835 2732 1897 sedentes,
2764 1845 2818 1888 et
2849 1834 2985 1902 legis
3016 1834 3293 1899 doctores,
3327 1833 3420 1903 qui

1821 1936 2084 1982 venerant
2129 1942 2194 1981 ex
2243 1927 2391 1982 omni
2439 1927 2665 1981 castello
2716 1925 2978 1992 Galiltere,
3029 1935 3084 1980 et
3111 1925 3335 1994 Judaeaz,
3369 1934 3425 1980 et

1820 2019 2153 2076 Jerusalem:
2185 2027 2241 2075 et
2267 2019 2439 2074 virtus
2469 2018 2686 2074 Domini
2719 2028 2838 2073 erat
2864 2018 2931 2072 ad
2963 2019 3267 2074 sanandum
3299 2034 3415 2074 eos.

1822 2114 2056 2184 [xxxvm
2088 2113 2165 2186 1.]
2211 2114 2279 2168 Et
2305 2129 2436 2169 ecce
2486 2113 2590 2168 viri
2644 2121 2922 2184 portantes
2972 2113 3025 2167 in
3054 2113 3198 2168 lecto
3250 2112 3423 2169 homi-

1823 2223 1972 2273 nem,
2007 2208 2100 2277 qui
2131 2216 2250 2261 erat
2299 2207 2669 2279 paralyticus:
2721 2215 2778 2262 et
2827 2206 3142 2275 quaerebant
3185 2222 3307 2261 eum
3346 2207 3427 2260 in-

1827 2301 1988 2363 ferre,
2017 2309 2069 2355 et
2101 2315 2307 2368 ponere
2334 2310 2460 2354 ante
2488 2315 2633 2354 eum.
2683 2297 2750 2351 Et
2797 2312 2905 2352 non
2955 2297 3292 2352 invenientes
3319 2313 3426 2368 qua

1827 2403 1978 2464 parte
2025 2392 2175 2446 illum
2215 2391 2480 2446 inferrent
2510 2406 2622 2459 pra:
2651 2390 2830 2453 turba,
2865 2389 3231 2444 ascenderunt
3260 2404 3425 2456 supra

1828 2493 2052 2549 tectum,
2095 2495 2147 2538 et
2179 2499 2270 2551 per
2303 2482 2511 2551 tegulas
2563 2482 2951 2537 summiserunt
2983 2495 3106 2534 eum
3137 2495 3258 2534 cum
3285 2480 3426 2535 lecto

1830 2577 2156 2631 inmedium
2211 2585 2336 2628 ante
2387 2573 2595 2629 Jesum.
2644 2572 2886 2640 Quorum
2938 2572 3097 2626 fidem
3151 2584 3208 2626 ut
3266 2573 3423 2637 vidit,

1829 2669 2002 2725 dixit:
2039 2668 2221 2731 homo,
2276 2666 2630 2722 remittuntur
2663 2665 2759 2719 tibi
2803 2673 3024 2732 peccata
3072 2673 3179 2719 tua.
3214 2665 3282 2718 Et
3317 2679 3428 2722 ca:-

1833 2772 2032 2834 perunt
2062 2764 2304 2832 cogitare
2336 2761 2551 2825 scribze,
2591 2770 2645 2815 et
2675 2758 2956 2828 pharismi,
2987 2759 3264 2813 dicentes:
3297 2758 3428 2825 Quis

1829 2866 1914 2911 est
1948 2856 2033 2909 hic
2076 2854 2167 2924 qui
2224 2851 2464 2922 loquitur
2495 2849 2912 2919 blasphemias?
2960 2849 3096 2916 Quis
3146 2855 3324 2918 potest
3349 2848 3429 2903 di-

1833 2948 2050 3004 mittere
2079 2955 2320 3016 peccata,
2347 2945 2452 2998 nisi
2480 2943 2629 2998 solus
2663 2942 2839 2998 Deus?
2865 2941 2932 2996 Ut
2959 2941 3214 3011 cognovit
3243 2951 3426 2996 autem

1799 3023 1992 3112 :Jesus
2048 3041 2404 3112 cogitationes
2461 3052 2692 3101 eorum,
2745 3034 3116 3103 respondens,
3170 3033 3307 3087 dixit
3360 3033 3425 3087 ad

139 3125 269 3192 Quia
319 3141 373 3184 et
417 3129 540 3183 aliis
590 3129 910 3183 civitatibus
957 3138 1175 3199 oportet
1221 3143 1309 3185 me
1350 3128 1728 3200 evangelizare
1756 3103 1802 3168 δ

1834 3138 1993 3192 illos:
2039 3133 2179 3202 Quid
2212 3131 2463 3203 cogitatis
2506 3129 2559 3183 in
2592 3127 2850 3184 cordibus
2880 3127 3119 3182 vestris?
3166 3126 3304 3193 Quid
3347 3137 3433 3181 cst

1836 3232 2048 3286 facilius
2074 3230 2258 3284 dicere
2284 3246 2296 3280 :
2325 3225 2674 3282 dimittuntur
2708 3223 2801 3279 tibi
2835 3231 3084 3293 peccata;
3113 3237 3180 3276 an
3206 3221 3389 3276 dicere
3413 3239 3426 3274 :

1833 3327 2029 3394 Surge,
2061 3333 2116 3378 et
2147 3321 2397 3376 ambula?
2426 3318 2496 3375 Ut
2525 3317 2944 3379 autem‘sciatis,
2993 3315 3116 3386 quia
3147 3316 3313 3369 Filius
3342 3315 3433 3369 ho-

1834 3415 1998 3470 minis
2022 3414 2186 3469 habet
2214 3419 2540 3484 potestatem
2579 3410 2633 3464 in
2663 3417 2806 3463 terra
2839 3407 3151 3463 dimittendi
3180 3416 3432 3475 peccata,

1836 3509 1952 3580 (ait
1999 3505 2388 3578 paralytico:)
2439 3503 2560 3558 Tibi
2613 3502 2760 3569 dico,
2813 3516 2994 3571 surge,
3047 3501 3173 3556 tolle
3233 3502 3432 3556 lectum

1837 3612 2010 3668 tuum,
2041 3610 2094 3656 et
2122 3599 2256 3654 vade
2289 3600 2347 3652 in
2392 3598 2614 3652 domum
2670 3607 2837 3651 tuam.
2875 3597 2942 3650 Et
2987 3594 3273 3650 confestim
3304 3611 3436 3649 con-

1837 3710 2063 3767 surgens
2093 3709 2276 3750 coram
2309 3691 2434 3757 illis,
2471 3692 2593 3745 tulit
2621 3692 2842 3753 lectum,
2893 3689 2945 3742 in
2979 3705 3086 3756 quo
3113 3688 3349 3756 jacebat,
3373 3695 3422 3740 et

1833 3791 1965 3846 abiit
1991 3790 2044 3844 in
2071 3789 2290 3843 domum
2315 3801 2492 3850 suam,
2527 3785 2875 3853 magniﬁcans
2922 3781 3116 3836 Deum.
3149 3781 3213 3835 Et
3244 3792 3436 3851 stupor

1839 3881 2198 3952 apprehendit
2227 3893 2418 3934 omnes
2439 3920 2454 3942 ,
2487 3886 2541 3931 et
2582 3875 3000 3946 magnilicabant
3028 3876 3216 3930 Deum.
3255 3877 3318 3929 Et
3347 3892 3432 3929 re-

1839 3976 1970 4045 pleti
1995 3983 2121 4028 sunt
2160 3973 2378 4034 timore,
2425 3969 2667 4023 dicentes
2699 3986 2710 4019 :
2744 3968 2868 4038 quia
2907 3967 3137 4022 vidimus
3166 3967 3434 4022 mirabilia

1842 4068 2001 4123 hodie
2031 4085 2042 4118 :
2077 4067 2332 4136 lxxxviii,
2361 4062 2439 4134 2.]
2473 4063 2536 4116 Et
2568 4073 2687 4129 post
2716 4061 2830 4116 haec
2856 4062 2984 4116 exiit
3014 4074 3065 4117 et
3096 4061 3226 4116 vidit
3262 4063 3438 4132 publi-

1839 4177 2037 4218 canum
2080 4159 2295 4214 nomine
2341 4157 2492 4222 Levi,
2526 4158 2807 4211 sedentem
2853 4155 2918 4208 ad
2971 4155 3250 4221 Ieiunium,
3283 4163 3337 4209 et
3366 4156 3440 4208 ait

1842 4257 1920 4312 illi
1948 4274 1960 4308 :
1987 4256 2228 4322 Sequere
2260 4268 2365 4308 me.
2397 4251 2464 4306 Et
2492 4251 2690 4306 relictis
2724 4250 2996 4313 omnibus,
3026 4263 3252 4318 surgt-ns
3279 4265 3439 4302 secu-

1843 4359 1925 4403 tus
1953 4357 2035 4404 est
2063 4363 2210 4401 eum.
2256 4344 2462 4418 [xx:ttx,
2492 4343 2572 4414 2.]
2616 4345 2678 4398 Et
2733 4343 2862 4397 fecit
2890 4341 2939 4395 ei
2970 4344 3272 4396 convivium
3320 4357 3437 4394 ma-

1842 4458 2001 4513 gnum
2033 4441 2159 4495 Levi
2194 4441 2246 4493 in
2277 4439 2440 4494 domo
2470 4454 2565 4492 sua
2595 4455 2607 4491 :
2655 4447 2708 4491 et
2734 4444 2851 4492 erat
2874 4435 3026 4488 turba
3066 4434 3230 4488 multa
3263 4435 3438 4501 publi-

175 4534 296 4592 sent,
326 4528 708 4583 concluserunl
741 4528 970 4595 DiSCium
1001 4527 1403 4582 ηιυίιίῐυάῖηθῐη
1434 4525 1731 4596 copiosam.
1767 4504 1816 4563 Β
1841 4552 2131 4602 canorum,
2183 4543 2238 4589 et
2261 4535 2490 4589 aliorum
2517 4576 2530 4600 ,
2563 4531 2652 4601 qui
2685 4545 2803 4585 cum
2856 4528 2962 4582 illis
3014 4537 3166 4580 erant
3197 4527 3437 4581 discum-

171 4620 493 4689 rumpebatur
521 4621 708 4676 autem
760 4629 875 4675 rete
920 4635 1131 4675 eorum.
1187 4620 1257 4672 Et
1283 4628 1592 4674 annuerunt
1642 4634 1732 4673 so-

172 4710 272 4780 ciis,
303 4715 387 4786 qui
413 4725 569 4773 erant
598 4716 654 4770 in
682 4714 787 4769 alia
833 4714 987 4781 navi,
1019 4721 1075 4768 ut
1107 4713 1386 4779 venirent,
1429 4722 1483 4767 et
1514 4711 1738 4781 adjuva-

174 4814 400 4864 renteos.
435 4809 501 4864 Et
529 4817 844 4875 tenuerunt,
879 4817 934 4864 et
978 4806 1339 4876 impleverunt
1371 4806 1558 4861 ambas
1589 4806 1738 4859 navi.

173 4897 320 4967 cuias,
357 4901 427 4957 ita
461 4912 519 4958 ttt
561 4914 582 4942 ε
634 4917 774 4973 pene
806 4909 1202 4972 mergerentur.
1239 4899 1409 4972 [xxxt,
1440 4899 1550 4969 10.]
1583 4898 1735 4967 Quod

175 5005 278 5049 cum
304 4997 504 5055 videret
529 4997 718 5056 Simon
750 4999 962 5069 Petrus,
1009 4999 1242 5071 procidit
1283 5000 1346 5054 ad
1378 5014 1552 5071 genua
1580 4998 1731 5062 Jesu,

177 5085 365 5146 dicens:
419 5093 521 5149 Exi
554 5107 586 5148 a
615 5109 726 5159 me,
787 5095 910 5164 quia
945 5096 1107 5148 homo
1166 5103 1418 5164 peccator
1457 5108 1598 5159 sum,
1629 5092 1736 5147 Doc-

177 5180 317 5238 mine.
350 5184 546 5257 Stupor
599 5187 745 5242 enim
801 5186 1236 5243 circumdederat
1286 5203 1431 5255 eum,
1463 5196 1518 5243 et
1547 5200 1737 5241 omnes

175 5275 391 5339 quicum
419 5280 518 5335 illo
569 5291 748 5349 erant,
801 5282 856 5337 in
896 5289 1118 5352 captura
1171 5281 1422 5352 piscium,
1455 5298 1616 5353 quam
1645 5296 1736 5336 ce-

171 5369 374 5427 perant:
409 5372 663 5428 similiter
693 5382 871 5429 autem
902 5376 1162 5431 Jacobum
1190 5384 1243 5431 et
1270 5376 1553 5437 Joannem,
1600 5375 1741 5428 filios

171 5450 414 5534 Zebedzei,
467 5468 557 5539 qui
605 5479 760 5524 erant
789 5470 923 5524 socii
978 5470 1234 5525 Simonis.
1293 5470 1495 5541 [uxr],
1551 5467 1629 5536 2.]
1674 5467 1742 5521 Et

239 5609 262 5678 ξ
296 5603 479 5678 Graece
506 5609 585 5668 τίς
614 5603 688 5672 εἴ,
723 5606 946 5678 Regina:
976 5621 1079 5661 ms.
1110 5607 1200 5676 qui
1229 5606 1320 5661 sis.

175 5734 190 5752 9
237 5669 262 5710 ιι
299 5675 509 5752 Absque
541 5669 770 5752 negandi
804 5669 1102 5752 particula,
1123 5669 1181 5731 ἐι
1213 5683 1459 5752 verterunt
1497 5687 1654 5734 us,ue
1677 5672 1745 5752 nd

163 5749 346 5814 ‘mum,
374 5746 577 5803 habent
621 5746 842 5821 Regina:
887 5765 1018 5804 mss.
1064 5750 1217 5819 juxta
1270 5749 1525 5818 pleraque
1561 5746 1742 5798 omnia

483 5845 758 5906 PATBOL.
805 5842 1058 5904 XXIX.‘

1841 4629 2052 4684 bentes.
2086 4628 2154 4682 Et
2183 4626 2592 4681 murmurabant
2638 4621 2886 4691 pharisaei
2918 4628 2974 4674 et
3002 4619 3192 4674 scribto
3224 4634 3432 4684 eorum,

1843 4721 2089 4778 dicentes
2128 4720 2194 4774 ad
2243 4718 2538 4788 discipulos
2582 4715 2736 4784 ejus:
2779 4716 2956 4782 Quare
2982 4729 3101 4768 cum
3136 4714 3437 4782 publicanis

1843 4825 1895 4872 ct
1945 4814 2322 4886 peccatoribus
2364 4809 2697 4865 manducatis
2746 4817 2800 4861 et
2846 4806 3073 4861 bibitis?
3122 4806 3228 4876 [vL,
3259 4805 3338 4876 2.]
3374 4806 3438 4859 Et

1843 4909 2176 4978 reSpondens
2223 4905 2412 4970 Jesns,
2467 4903 2603 4957 dixit
2647 4900 2712 4953 ad
2763 4900 2920 4954 illos:
2968 4897 3084 4952 Non
3129 4907 3291 4968 egent
3344 4900 3436 4967 qui

1843 5001 1961 5058 sani
2006 5011 2130 5055 sunt
2161 5041 2174 5065 ,
2211 4997 2456 5058 medico,
2493 4995 2586 5049 sed
2617 4992 2707 5063 qui
2739 4991 2879 5046 male
2918 4991 3138 5044 habent.
3171 4990 3285 5044 Non
3315 4991 3436 5043 veni

1846 5111 2039 5152 vocare
2062 5095 2259 5163 justos,
2291 5091 2384 5146 sed
2411 5097 2722 5159 peccatores
2746 5085 2809 5137 ad
2845 5083 3240 5153 paenitentiam.
3265 5081 3333 5136 At
3361 5082 3440 5136 illi

1847 5190 2102 5245 dixerunt
2135 5185 2203 5237 ad
2235 5198 2356 5238 eum
2385 5198 2399 5233 :
2450 5180 2626 5246 Quare
2653 5177 2902 5246 discipuli
2951 5175 3440 5244 Joannisjejunant

1847 5281 2194 5349 frequenter,
2248 5285 2300 5328 et
2359 5269 2764 5326 obsecrationes
2815 5269 3035 5334 faciunt,
3089 5268 3336 5323 similiter
3385 5279 3440 5324 et

1853 5373 2276 5444 pltarismorum:
2337 5365 2410 5418 tui
2457 5370 2634 5416 autem
2671 5362 2835 5415 edunt
2878 5371 2931 5414 et
2971 5361 3204 5416 bibunt?
3233 5360 3440 5428 Quibus

1852 5465 1964 5534 ipse
1993 5462 2104 5515 ait:
2156 5455 2425 5528 Numquid
2457 5451 2679 5522 potestis
2728 5451 2868 5505 filios
2915 5452 3120 5519 sponsi,
3155 5451 3282 5504 dum
3313 5465 3436 5504 cum

1852 5591 2413 5661 Grmcaexemplaria.
2646 5658 2658 5667 _
2888 5658 2899 5667 _
2971 5658 3003 5667 Α
3127 5659 3137 5667 _
3293 5655 3323 5667 η
3395 5657 3405 5667 _

1929 5680 1950 5707 ε
1983 5657 2312 5723 Atlverbiutn
2348 5677 2496 5733 pene,
2519 5658 2660 5729 quod
2694 5673 2865 5733 neque
2888 5658 2938 5711 in
2965 5658 3170 5713 Graecis
3200 5657 3438 5711 melioris

1855 5749 1995 5797 nota:
2019 5739 2171 5794 libris
2201 5729 2448 5803 habetur,
2486 5745 2704 5802 prorsus
2727 5729 2775 5783 in
2811 5729 3030 5800 Regina:
3065 5748 3163 5784 tns.
3199 5745 3303 5784 non
3334 5739 3436 5785 est.

3008 5828 3084 5886 20
