3920 6200
587 249 694 307 619
808 249 817 254 ’
1600 248 1660 307 S.
1701 243 2088 308 BIERONYMI
2124 240 2360 307 DIVINA
2397 238 2875 304 BIBLIOTHECA.
3776 237 3857 302 6‘29

596 365 706 422 illis
750 372 835 421 est
883 375 1135 437 sponsus,
1184 360 1367 422 facere
1412 363 1711 437 ieiunare?
1755 364 1985 424 Venient
2014 376 2193 423 autem
2221 365 2274 427 Α
2300 375 2470 421 strum
2514 370 2599 420 est
2646 374 2873 434 regnum
2911 355 3035 416 Dei.
3084 351 3383 431 [xum,5.]
3429 350 3585 410 Beati
3629 351 3716 426 qui
3742 370 3852 412 nime

594 460 736 530 dies,
765 475 886 517 cum
914 459 1123 516 ablatus
1147 457 1307 517 fuerit
1329 460 1397 516 ab
1420 461 1526 519 illis
1550 476 1803 534 sponsus,
1834 460 2192 534 tuncjejuna-
2297 456 2516 515 esuritis
2548 475 2559 511 :
2607 454 2733 527 quia
2779 450 3179 510 saturabimini.
3229 447 3453 523 [vant,
3476 442 3561 519 5.]
3606 446 3746 504 Beati
3782 450 3851 519 qui

591 556 727 612 bunt
753 555 808 612 in
840 556 951 611 illis
978 554 1189 612 diebus.
1227 556 1453 613 Dicebat
1486 566 1664 614 autem
1693 566 1750 615 et
1777 558 2189 615 similitudinem
2297 566 2441 606 nunc
2470 549 2648 606 ﬂetis:
2675 548 2800 620 quia
2833 545 3095 603 ridebitis.
3118 542 3290 617 [xux,
3316 540 3395 613 5.]
3420 540 3572 596 Beati
3593 539 3735 597 eritis
3755 558 3849 597 cum

590 648 658 706 ad
690 650 842 707 illos:
866 648 1000 716 Quia
1031 665 1192 707 nemo
1211 650 1623 708 commissuram
1654 668 1683 707 a
1710 668 1850 709 novo
1865 652 2191 709 vestimento
2299 660 2398 701 vos
2424 644 2640 701 oderint
2670 642 2918 697 homines
2942 681 2957 708 ,
3005 647 3061 695 et
3100 653 3221 694 cum
3257 633 3633 708 separaret-irit
3665 649 3782 701 vos,
3810 643 3851 689 et

589 742 829 799 immittit
876 742 931 798 in
978 744 1357 802 vestimentum
1390 754 1589 803 vetus:
1633 744 1874 818 alioquin
1906 755 1961 803 et
1986 760 2187 802 novum
2295 736 2790 810 exprobraverint,
2840 742 2897 790 et
2939 730 3204 804 eiecerint
3247 740 3447 786 nomen
3478 736 3713 818 vesnum
3740 735 3849 782 tam-

589 835 813 907 rumpit,
846 844 899 892 et
924 837 1097 893 veteri
1124 852 1232 893 non
1262 839 1521 895 convenit
1567 816 1928 895 commissura
1957 853 1989 893 a
2023 852 2184 894 novo.
2294 846 2458 903 quam
2505 827 2706 886 malum
2734 871 2749 895 ,
2784 834 3008 898 propter
3034 820 3231 880 Filium
3262 820 3525 878 hominis.
3557 816 3782 877 Gaudete
3808 820 3848 874 in

585 924 655 983 Et
670 943 829 985 nemo
843 930 1004 985 mittit
1032 931 1217 987 vinum
1230 946 1431 989 novum
1456 933 1511 988 in
1529 941 1904 990 utresveteres
1920 951 1931 986 :
1948 931 2184 1004 alioquin
2295 924 2388 980 illa
2412 924 2525 988 die,
2548 932 2603 977 et
2620 920 2923 986 exsultate;
2947 932 3075 974 εοοε
3097 915 3243 975 enim
3269 925 3483 972 ωθιτεε
3509 922 3679 970 V851"a
3705 911 3849 969 mum

585 1033 801 1092 rumpet
827 1025 1011 1080 vinum
1045 1041 1243 1083 novum
1271 1036 1422 1084 utres
1442 1070 1457 1097 ,
1490 1036 1547 1085 et
1569 1028 1747 1101 ipsum
1774 1022 2100 1098 effundetur,
2131 1033 2189 1083 et
2293 1017 2461 1075 estin
2490 1016 2629 1073 caalo
2655 1034 2667 1069 :
2711 1011 3010 1071 secundum
3038 1010 3155 1067 hate
3180 1009 3328 1067 enim
3356 1006 3610 1064 faciebant
3637 1005 3849 1101 prophe-

584 1128 735 1176 utres
758 1120 1033 1191 peribunt.
1055 1121 1161 1179 Sed
1185 1123 1370 1179 vinum
1396 1099 1677 1181 novum'in
1706 1130 1853 1178 utres
1876 1136 2047 1178 novos
2070 1120 2186 1177 mit-
2291 1113 2364 1168 tis
2403 1121 2587 1183 patres
2639 1124 2854 1167 eorum.
2901 1106 2977 1181 [L,
3008 1102 3120 1178 10.]
3166 1103 3550 1162 Verumtamen
3586 1114 3663 1157 va:
3704 1099 3848 1155 vobis

582 1211 803 1268 tendum
826 1222 931 1280 est,
960 1216 1685 1287 etutraqueconservantur.
1714 1210 1788 1270 Et
1806 1228 1966 1269 nemo
1993 1211 2186 1268 bibens
2291 1204 2548 1262 divitibus
2568 1248 2582 1273 ,
2636 1202 2761 1275 quia
2793 1201 3011 1297 habetis
3032 1195 3462 1297 consolationem
3474 1203 3732 1297 restrain.
3754 1191 3847 1297 fa:

579 1307 957 1375 vetus,statim
974 1284 1321 1377 vultnovum,
1341 1306 1475 1365 dicit
1496 1309 1641 1364 enim
1659 1305 1849 1363 :Vetus
1863 1305 2055 1362 melius
2076 1313 2179 1361 est.
2290 1299 2449 1357 vobis
2473 1344 2487 1369 ,
2517 1297 2607 1371 qui
2632 1295 2858 1353 saturati
2892 1293 3066 1351 estis:
3105 1293 3231 1364 quia
3273 1286 3547 1347 esurietis.
3579 1286 3666 1342 Va:
3690 1284 3842 1377 vobis,

645 1399 804 1473 [Cap.
832 1400 921 1457 Vl.
948 1418 1061 1458 xu.
1092 1400 1172 1475 2.]
1215 1376 1441 1459 Factum
1487 1411 1574 1459 est
1625 1409 1809 1457 autem
1854 1399 1910 1456 in
1954 1398 2183 1455 sabbato
2290 1393 2382 1466 qui
2410 1391 2600 1448 ridetis
2627 1404 2770 1445 nunc
2800 1406 2814 1443 :
2868 1387 2993 1457 quia
3025 1384 3283 1456 lugebitis
3304 1392 3359 1439 et
3380 1380 3602 1475 flebitis.
3632 1378 3717 1450 [L1,
3744 1376 3843 1475 l0]

574 1469 822 1551 secundo
857 1497 1032 1566 primo
1061 1540 1076 1566 ,
1111 1469 1236 1553 cum
1267 1496 1527 1553 transiret
1562 1511 1661 1566 per
1700 1504 1817 1552 sata
1844 1540 1859 1565 ,
1906 1491 2184 1549 vellebant
2288 1486 2386 1542 Va:
2414 1500 2537 1541 cum
2571 1491 2598 1522 ⁸
2626 1481 3013 1541 benedixerint
3055 1477 3210 1534 vobis
3250 1474 3547 1532 homines:
3582 1469 3842 1528 secundum

577 1588 833 1659 discipuli
859 1591 978 1660 ejus
1007 1592 1221 1661 Spicas,
1288 1598 1344 1646 et
1370 1586 1782 1645 manducabant
1810 1585 2181 1643 confricantes
2287 1579 2409 1635 hmc
2443 1578 2585 1635 enim
2633 1575 2906 1633 faciebant
2934 1568 3430 1668 pseudoprophetis
3466 1576 3841 1668 patres

578 1658 854 1737 manibus.
874 1658 1105 1749 Quidam
1131 1693 1313 1739 autem
1339 1683 1738 1754 pharisaeorum
1758 1682 2013 1738 dicebant
2034 1678 2175 1736 illis:
2286 1674 2417 1749 [1,",
2451 1673 2529 1746 5.]
2578 1671 2686 1730 Sed
2719 1670 2873 1727 vobis
2916 1668 3070 1739 ἀῖεο,
3115 1668 3205 1739 (ιυῖ
3252 1662 3454 1720 amris
3483 1681 3494 1716 ε
3524 1660 3717 1731 υίιῖεῖῖο
3742 1658 3843 1754 Ψ·

571 1772 712 1839 Quid
747 1748 925 1830 facitis
954 1776 1102 1845 quod
1130 1790 1244 1831 non
1274 1748 1417 1831 licet
1446 1777 1499 1831 in
1529 1775 1821 1833 sabbatis?
1862 1774 1929 1830 Et
1957 1788 2183 1844 respon-
2213 1776 2261 1838 Β
2289 1748 2461 1824 mices
2489 1775 2703 1824 vestros
2722 1808 2737 1833 ,
2770 1761 3077 1820 benefacite
3106 1760 3193 1816 his
3224 1759 3314 1830 qui
3345 1757 3578 1813 oderunt
3596 1767 3710 1811 vos.
3743 1748 3840 1806 Be-

572 1863 710 1921 dcns
757 1864 915 1921 Jesus
978 1867 1046 1921 ad
1078 1882 1173 1921 ens
1201 1907 1214 1932 ,
1285 1867 1421 1923 dixit
1447 1885 1460 1921 :
1502 1866 1611 1922 Nec
1640 1864 1749 1923 hoc
1778 1864 1994 1937 legistis
2029 1864 2175 1936 quod
2281 1862 2517 1919 nedicite
2562 1856 3016 1916 maledicentibus
3061 1853 3218 1912 vobis
3246 1897 3260 1923 ,
3290 1861 3346 1909 et
3374 1862 3533 1907 orate
3555 1859 3648 1921 pro
3670 1846 3840 1903 calum-

568 1958 698 2015 fecit
745 1954 918 2015 David
947 2004 961 2029 ,
1008 1975 1130 2015 cum
1176 1961 1444 2017 esurisset
1488 1961 1639 2031 ipse,
1691 1968 1748 2016 et
1784 1960 1877 2031 qui
1921 1974 2045 2015 cum
2081 1958 2175 2015 illo
2278 1957 2557 2014 niantibus
2599 1969 2716 2010 vos.
2750 1953 2906 2026 [1..111,
2937 1948 3018 2023 5.]
3050 1949 3117 2004 Et
3171 1947 3357 2044 quite
3398 1943 3631 2044 percutit
3655 1942 3713 2044 in

564 2064 759 2112 erant:
810 2055 1091 2127 quomodo
1134 2055 1359 2112 intravit
1403 2056 1458 2111 in
1490 2056 1712 2112 domum
1753 2053 1882 2122 Dei,
1919 2063 1974 2111 et
2003 2068 2174 2125 panes
2276 2052 2461 2107 xillam
2491 2096 2505 2121 ,
2538 2049 2722 2121 praebe
2752 2056 2809 2104 et
2848 2047 3098 2102 alteram.
3132 2044 3202 2100 Et
3235 2042 3304 2138 ab
3334 2056 3422 2101 eo.
3450 2040 3545 2138 qui
3579 2035 3838 2138 aufert‘tihi

564 2153 959 2225 propositionis
980 2150 1258 2223 sumpsit,
1307 2160 1364 2207 et
1393 2150 1784 2221 manducavit,
1835 2159 1891 2207 et
1910 2150 2061 2206 dedit
2088 2149 2173 2208 his
2277 2144 2698 2212 vestimentum,
2733 2144 2898 2199 etiam
2930 2138 3165 2195 tunicam
3197 2136 3307 2191 noli
3350 2132 3668 2206 prohibere.
3710 2129 3837 2186 Omni

561 2246 653 2317 qui
683 2262 806 2301 cum
856 2245 976 2317 ipso
1005 2256 1191 2309 erant,
1234 2259 1370 2313 quos
1402 2260 1511 2299 non
1538 2244 1669 2299 Ιὶςπρι
1701 2244 2035 2300 manducare
2067 2242 2171 2299 nisi
2276 2247 2458 2295 autem
2481 2237 2693 2309 petenti
2724 2246 2795 2301 te,
2832 2234 3009 2289 tribue
3036 2250 3047 2286 :
3080 2240 3137 2288 et
3158 2230 3249 2300 qui
3273 2228 3449 2327 aufert
3474 2241 3607 2327 quae.
3617 2232 3697 2281 tua
3716 2231 3831 2327 sunt,

562 2315 770 2397 tantum
797 2315 1211 2396 sacerdotibus?
1232 2338 1388 2413 [χιιιΙ
1413 2336 1495 2409 2.]
1530 2338 1593 2392 Et
1619 2337 1839 2394 dicebat
1859 2338 2003 2393 illis:
2032 2336 2168 2406 Quia
2276 2347 2346 2388 ne
2376 2340 2615 2402 repetas.
2650 2328 2782 2402 μιν,
2813 2326 2890 2398 5.]
2922 2325 2993 2381 Ει
3014 2332 3174 2397 prout
3196 2322 3360 2377 vultis
3379 2364 3395 2391 ,
3419 2330 3476 2377 ut
3494 2319 3691 2413 faciant
3715 2315 3836 2413 vobis

553 2434 819 2493 Dominus
870 2442 955 2491 est
980 2433 1152 2489 Filius
1185 2409 1421 2488 hominis
1464 2433 1632 2489 etiam
1659 2433 1891 2489 sabbati.
1943 2433 2171 2488 Factum
2273 2424 2527 2482 homines
2552 2466 2566 2491 ,
2614 2433 2670 2480 et
2701 2439 2800 2477 vos
2839 2421 3007 2478 facile
3029 2418 3139 2475 illis
3158 2416 3440 2474 similiter.
3482 2414 3555 2470 Et
3580 2415 3625 2470 si
3648 2409 3837 2482 diligitis

562 2541 648 2589 est
672 2539 855 2587 autem
884 2537 940 2586 et
970 2528 1023 2583 in
1047 2528 1159 2583 alio
1188 2527 1419 2583 sabbato
1444 2570 1458 2595 ,
1492 2536 1550 2582 ut
1574 2527 1807 2583 intraret
1846 2528 1899 2583 in
1929 2542 2168 2600 synago.
2272 2537 2366 2578 eos
2392 2561 2410 2588 ,
2452 2518 2546 2591 qui
2592 2534 2690 2574 vos
2720 2516 2950 2588 diligunt
2979 2560 2994 2583 ,
3045 2512 3355 2585 quaevobis
3382 2519 3472 2609 est
3504 2505 3833 2609 graiiaimam

559 2643 681 2700 gam
710 2668 725 2695 ,
759 2634 816 2682 et
843 2625 1089 2681 doceret.
1151 2623 1217 2678 Et
1248 2632 1365 2678 erat
1392 2622 1465 2677 ibi
1499 2622 1665 2678 homo
1690 2665 1704 2689 ,
1738 2632 1793 2678 et
1828 2638 2021 2678 manus
2049 2621 2167 2693 ejus
2272 2626 2325 2674 et
2365 2626 2685 2689 peccatores
2724 2612 3016 2684 diligentes
3056 2624 3117 2666 se
3158 2608 3415 2704 diligunt.
3449 2600 3670 2679 [ημῖν]
3700 2600 3835 2704 iit-si

557 2693 784 2777 dextera
829 2729 945 2775 erat
983 2717 1155 2774 arida.
1200 2716 1582 2772 Observabam
1624 2725 1806 2771 autem
1844 2716 2069 2784 scribae,
2113 2724 2168 2772 et
2271 2709 2653 2767 benefeceritis
2684 2706 2771 2763 his
2797 2753 2811 2777 ,
2845 2707 2938 2778 qui
2965 2704 3122 2762 vobis
3152 2700 3535 2767 benefaciunt,
3568 2712 3686 2770 qua:
3710 2693 3836 2749 vobis

557 2811 813 2885 pharismi
841 2854 855 2879 ,
888 2811 1010 2867 siin
1045 2810 1274 2866 sabbato
1305 2816 1524 2865 curaret
1551 2826 1563 2863 :
1595 2817 1649 2864 et
1682 2810 1995 2864 invenirent
2021 2807 2166 2864 unde
2268 2801 2594 2874 estgratia?
2622 2799 2889 2873 siquidem
2920 2810 2976 2855 et
3018 2806 3336 2870 peccatores
3387 2796 3490 2851 hoc
3522 2791 3739 2848 faciunt.
3780 2787 3835 2843 lit

562 2884 892 2965 accusarent
920 2920 1062 2961 eum.
1120 2904 1245 2976 ipse
1274 2919 1405 2960 vero
1432 2904 1639 2961 sciebat
1674 2903 2032 2974 cogitationes
2065 2917 2164 2959 eo-
2266 2897 2313 2952 si
2341 2904 2591 2952 mutuum
2619 2893 2880 2951 dederitis
2912 2891 2999 2947 bis
3020 2933 3034 2958 ,
3062 2907 3091 2947 a
3117 2889 3313 2962 quibus
3334 2887 3569 2962 speratis
3593 2884 3837 2985 recipere,

557 3015 675 3054 rum
704 3016 715 3051 :
748 3007 804 3053 et
852 2997 929 3051 ait
970 2996 1209 3062 homini,
1260 2996 1353 3065 qui
1395 2995 1634 3051 habebat
1665 3010 1884 3050 manum
1909 2994 2120 3051 aridam
2148 3011 2165 3048 :
2266 3005 2387 3061 qu:e
2416 2988 2590 3062 gratia
2625 2996 2710 3043 est
2738 2983 2941 3042 vobis?
2972 2996 3098 3040 nam
3148 2991 3204 3040 et
3234 2990 3552 3054 peccatores
3578 2983 3838 3051 peccatori-

559 3087 755 3159 Surge,
786 3095 841 3143 et
862 3096 944 3142 sta
974 3086 1027 3142 in
1056 3087 1318 3142 medium.
1363 3087 1431 3141 Et
1460 3102 1690 3158 surgens
1722 3087 1897 3143 stetit.
1942 3087 2033 3143 Ait
2062 3102 2162 3143 au-
2267 3082 2366 3138 bus
2398 3082 2739 3150 fenerantur,
2773 3087 2830 3135 ut
2869 3076 3139 3149 recipiant
3167 3074 3431 3148 aequalia:
3483 3073 3838 3129 Verumtamen

556 3190 666 3235 tem
696 3180 762 3234 ad
794 3178 917 3234 illos
945 3178 1147 3237 Jesus:
1179 3179 1461 3251 Interrogo
1486 3194 1583 3236 vos
1608 3220 1623 3247 ,
1670 3180 1717 3234 si
1745 3180 1873 3236 licet
1918 3179 2165 3237 sabbatis
2189 3171 2235 3237 C
2269 3175 2477 3249 diligite
2527 3174 2779 3231 inimicos
2822 3182 3037 3231 vestros
3074 3191 3085 3227 :
3138 3167 3443 3228 benefacite
3464 3211 3481 3239 ,
3522 3176 3578 3225 et
3619 3174 3836 3222 mutuum

556 3273 883 3331 benefacere
912 3312 927 3340 ,
978 3288 1047 3328 an
1098 3274 1271 3341 male;
1323 3275 1561 3330 animam
1601 3274 1809 3330 salvam
1848 3274 2060 3342 facere,
2090 3290 2159 3331 an
2266 3272 2429 3337 date,
2478 3269 2611 3325 nihil
2656 3267 2784 3325 inde
2827 3276 3151 3339 sperantes:
3196 3274 3251 3321 et
3286 3264 3397 3320 erit
3444 3275 3659 3318 merces
3683 3267 3835 3315 vestra

560 3362 821 3436 perdere?
836 3372 890 3418 et
908 3363 1609 3435 circumspectisomnibus,
1634 3365 1772 3422 dixit
1793 3366 2029 3422 homini:
2054 3367 2162 3423 Ex-
2266 3367 2462 3437 multa,
2487 3374 2543 3422 et
2564 3366 2718 3422 eritis
2749 3364 2842 3419 lilii
2874 3361 3165 3427 Altissimi,
3191 3360 3314 3432 quia
3342 3358 3460 3429 ipse
3486 3355 3748 3427 benignus
3770 3358 3834 3407 est

558 3457 724 3515 tende
771 3471 994 3512 manum
1039 3465 1208 3513 tuam.
1249 3456 1321 3512 Et
1360 3458 1649 3514 extendit:
1700 3468 1755 3516 et
1797 3460 2047 3516 restituta
2075 3471 2159 3519 est
2264 3475 2429 3533 super
2458 3460 2701 3531 ingratos
2730 3466 2786 3515 et
2828 3455 3020 3511 malos.
3065 3453 3256 3509 Estote
3291 3466 3423 3523 ergo
3456 3443 3832 3507 misericordes,

558 3567 755 3610 manus
787 3551 927 3623 ejus.
961 3550 1069 3622 Ipsi
1107 3560 1287 3608 autem
1330 3552 1528 3623 repleti
1564 3561 1693 3609 sunt
1732 3552 2077 3624 insipientia;
2106 3570 2137 3612 e
2264 3555 2405 3609 sicut
2427 3561 2482 3610 et
2507 3561 2664 3625 pater
2692 3560 2875 3610 vester
2910 3547 3225 3605 misericors
3253 3553 3356 3602 est.
3397 3541 3531 3617 [Lvr,
3560 3539 3644 3612 2.]
3682 3536 3836 3594 Nolite

558 3646 1014 3718 culloquebantur
1041 3644 1109 3700 ad
1135 3645 1398 3713 invicem,
1438 3645 1698 3717 quidnam
1728 3645 1973 3703 facerent
2007 3647 2154 3706 Jesu.
2257 3645 2538 3716 judicare,
2571 3655 2627 3702 et
2656 3660 2765 3700 non
2795 3641 3175 3715 judicabimini
3211 3657 3225 3695 :
3272 3636 3442 3693 nolite
3472 3632 3831 3694 condemnare,

561 3739 741 3811 [xum
769 3737 850 3810 2.]
880 3737 1105 3795 Factum
1136 3747 1222 3795 est
1244 3745 1426 3794 autem
1456 3738 1509 3793 in
1542 3737 1651 3794 illis
1676 3738 1898 3804 diebus,
1932 3738 2068 3797 exiit
2103 3741 2158 3798 in
2264 3748 2318 3795 et
2348 3753 2456 3795 non
2506 3736 3031 3795 condemnabimini.
3076 3732 3337 3789 Ditnittitc
3357 3776 3373 3802 ,
3407 3740 3465 3787 et
3489 3724 3830 3786 dimittemini.

562 3842 801 3885 montem
846 3846 1005 3887 orare
1032 3874 1046 3898 ,
1077 3840 1133 3888 et
1171 3840 1289 3888 erat
1319 3840 1653 3904 pernoctans
1682 3832 1735 3887 in
1763 3831 2012 3890 oratione
2038 3833 2154 3891 Dei.
2264 3834 2400 3891 Date
2425 3876 2440 3903 ,
2470 3842 2526 3890 et
2552 3833 2772 3890 dabitur
2810 3832 2963 3889 vobis
2992 3849 3005 3885 :
3041 3843 3349 3886 n‘ensuram
3380 3826 3578 3883 bonam
3602 3869 3617 3895 ,
3650 3831 3703 3879 et
3725 3834 3833 3876 con-

2263 3929 2482 3997 fertam,
2508 3939 2561 3984 et
2586 3928 2911 4000 coagitatam
2939 3969 2954 3994 ,
2983 3933 3037 3982 ct
3064 3921 3542 3995 superefﬂuentem
3569 3919 3763 3976 dabunt
3790 3915 3832 3968 in

2263 4022 2443 4080 sinum
2477 4033 2746 4079 vestrum.
2781 4019 2988 4077 Eadem
3020 4019 3220 4091 quippe
3248 4031 3529 4083 mensura,
3561 4028 3660 4086 qua
3681 4006 3831 4068 mensi

2262 4117 2477 4174 fueritis
2502 4162 2516 4187 ,
2552 4116 2876 4174 remetietur
2902 4114 3075 4171 vobis.
3106 4112 3256 4185 [Lvu,
3289 4110 3371 4183 5.]
3410 4108 3647 4165 ‘Dicebat
3671 4112 3829 4160 autem

2262 4213 2372 4269 illis
2402 4222 2458 4270 et
2484 4211 2927 4270 similitudinem:
2956 4206 3226 4280 Numquid
3250 4213 3436 4277 potest
3455 4216 3629 4260 caecus
3648 4210 3827 4255 crocum

2262 4306 2508 4364 ducere?
2552 4320 2733 4362 nonne
2775 4303 2938 4360 ambo
2972 4302 3028 4359 in
3054 4301 3264 4356 foveam
3292 4296 3532 4355 cadunt?
3575 4295 3732 4369 [ιπιιιν
3757 4284 3829 4358 5.]

565 3925 733 3994 lxmv,
764 3922 846 3994 2.]
878 3926 941 3979 Et
966 3940 1087 3978 cum
1114 3924 1231 3982 dies
1260 3925 1438 3981 factus
1466 3933 1637 3995 esset,
1670 3926 1889 3981 vocavit
1918 3925 2160 3998 discipu-

563 4016 647 4069 lus
678 4031 845 4069 suns:
887 4024 942 4073 et
977 4017 1145 4085 elegit
1170 4017 1458 4073 duodecim
1485 4033 1553 4074 ex
1583 4018 1717 4089 ipsis
1746 4017 1902 4092 (quos
1933 4028 1987 4076 et
2013 4020 2160 4091 Apo-

559 4109 735 4164 stnlos
780 4108 1124 4178 nominavit)
1163 4109 1517 4177 :Simonem,
1548 4126 1710 4182 quem
1758 4112 2161 4183 cognominavit

560 4200 809 4267 Petrum,
843 4208 899 4257 et
931 4199 1201 4255 Andream
1234 4201 1457 4256 fratrem
1486 4203 1624 4271 ejus,
1649 4201 1909 4260 Iacobum
1932 4246 1946 4271 ,
1978 4215 2033 4260 et
2061 4204 2155 4261 Jo-

562 4312 759 4351 annem
781 4338 794 4362 ,
830 4292 1138 4365 Philippum
1161 4335 1176 4361 ,
1202 4301 1258 4351 et
1286 4294 1746 4351 Bartholomaeum
1770 4338 1785 4361 ,
1816 4297 2154 4369 Matthaeum,

559 4397 611 4445 cl
644 4387 936 4452 Thnmam.
965 4384 1226 4441 lambunt
1254 4384 1485 4456 Αιριιωί,
1511 4393 1568 4441 et
1594 4385 1871 4444 Simonem
1901 4430 1915 4454 ,
1948 4390 2037 4461 qui
2058 4405 2157 4447 vo-
2265 4398 2380 4455 Non
2407 4408 2493 4455 est
2513 4396 2812 4469 discipulus
2840 4409 3005 4466 super
3038 4391 3357 4464 magistrum
3385 4406 3399 4444 :
3440 4386 3709 4460 perfectus
3738 4394 3828 4469 aut

559 4491 712 4539 catur
743 4481 961 4537 Zelotes
988 4498 1003 4535 :
1045 4489 1100 4537 et
1126 4479 1322 4536 Judam
1364 4478 1583 4551 Jacobi,
1620 4488 1676 4537 et
1699 4481 1895 4538 Judam
1928 4482 2160 4540 Iseario—
2262 4501 2371 4550 rem
2404 4490 2586 4548 omnis
2611 4489 2718 4546 erit
2740 4530 2757 4557 ,
2787 4488 2833 4544 si
2866 4486 2941 4543 sit
2972 4486 3113 4542 sicut
3149 4483 3410 4555 magister
3438 4482 3572 4553 ejus.
3604 4478 3724 4550 μη,
3755 4468 3828 4539 5.]

563 4582 668 4630 lem
700 4573 831 4649 [Μδο
878 4570 1194 4645 Scarioth].
1226 4573 1317 4645 qui
1359 4573 1463 4629 Ῑυίι
1492 4573 1754 4645 Ιποάὶῑοΐο
1791 4576 1934 4648 μιν,
1966 4576 2044 4649 1.]
2086 4577 2155 4635 Ει
2185 4577 2234 4639 D
2260 4586 2398 4658 Quid
2423 4595 2606 4641 autem
2638 4583 2791 4640 vides
2817 4580 3083 4639 festucam
3112 4580 3167 4635 in
3201 4577 3361 4634 oculo
3387 4575 3561 4632 fratris
3588 4570 3692 4632 tui;
3724 4576 3830 4658 ιη]

559 4668 904 4725 descendens
948 4682 1072 4723 cum
1116 4666 1228 4722 illis
1253 4709 1269 4733 ,
1320 4667 1473 4723 stetit
1515 4668 1568 4722 in
1602 4668 1721 4723 loco
1749 4671 2068 4740 campestri,
2098 4680 2155 4728 et
2263 4654 2385 4737 Hem
2423 4687 2606 4736 autem
2632 4719 2647 4744 ,
2672 4691 2795 4749 qua:
2823 4675 2876 4731 in
2907 4674 3065 4732 oculo
3094 4682 3188 4729 tuo
3212 4678 3326 4739 est,
3361 4685 3469 4727 non
3492 4654 3828 4724 consideras?

561 4762 719 4818 turba
743 4760 1137 4832 discipulorum
1164 4760 1304 4831 ejus,
1334 4766 1390 4816 et
1418 4760 1711 4817 multitudo
1733 4762 1955 4833 copiosa
1980 4764 2154 4834 plebis

558 4859 626 4916 ab
656 4858 804 4917 omni
837 4856 1046 4929 Judma,
1075 4865 1131 4914 et
1154 4856 1484 4926 Jerusalem,
1516 4864 1573 4913 ct
1593 4857 1888 4924 maritima,
1914 4866 1971 4915 et
1997 4857 2149 4932 Tyri,

557 4966 611 5011 et
635 4956 879 5027 Sidonis,
915 4958 1008 5028 qui
1040 4967 1326 5026 venerant,
1362 4967 1422 5013 ut
1448 4956 1704 5014 audirent
1732 4972 1879 5023 eum,
1910 4966 1965 5014 et
1994 4972 2153 5015 sana-

562 5062 751 5110 rentur
776 5069 806 5110 a
834 5054 1185 5127 languoribus
1210 5054 1346 5112 suis.
1389 5055 1455 5112 Et
1482 5055 1574 5128 qui
1603 5055 1942 5113 vexabantur
1968 5071 1999 5111 a
2040 5056 2153 5128 spi-

558 5147 754 5205 ritibus
784 5151 1103 5221 immundis,
1137 5152 1488 5209 curabantur.
1522 5150 1589 5207 Et
1617 5151 1795 5208 omnis
1822 5151 1977 5208 turba
1999 5166 2153 5223 qua:-

558 5244 713 5300 rebat
743 5260 867 5301 eum
897 5254 1119 5318 tangere
1144 5262 1162 5306 :
1192 5246 1319 5318 quia
1341 5246 1518 5303 virtus
1549 5245 1620 5303 de
1650 5245 1748 5303 illo
1773 5247 1977 5315 exibat,
1993 5255 2048 5305 et
2068 5262 2155 5304 sa-

559 5335 721 5392 nabat
761 5352 993 5396 omnes:
1037 5338 1207 5411 [vat,
1238 5336 1318 5411 5.]
1365 5338 1435 5395 Et
1474 5338 1592 5411 ipse
1636 5339 1866 5397 elevatis
1887 5339 2065 5398 oculis
2092 5339 2149 5397 in

554 5427 849 5502 discipulos
877 5445 1006 5488 suos
1031 5473 1047 5500 ,
1079 5432 1334 5489 diccbat:
1377 5431 1529 5489 Beati
1561 5448 1831 5505 pauperes
1858 5452 1871 5490 :
1903 5434 2029 5508 quia
2050 5449 2147 5494 ve-

622 5602 645 5627 "
688 5591 929 5647 Vatican.
974 5607 1035 5645 ac
1081 5591 1303 5661 Regium
1345 5605 1476 5645 mss.
1511 5608 1625 5646 cum
1670 5594 1794 5649 bene
1832 5594 1974 5648 vobis
1998 5595 2150 5649 diae-

551 5662 653 5733 rint
684 5680 857 5717 omnes
884 5663 1115 5733 homines
1142 5707 1156 5729 ,
1187 5663 1329 5733 quod
1364 5663 1577 5725 quidem
1611 5680 1787 5720 omnes
1816 5707 1828 5729 ,
1870 5666 1923 5720 in
1944 5665 2145 5721 'Grmco

553 5730 712 5807 etiam
742 5732 988 5807 origjnali
1015 5742 1157 5787 textu
1170 5730 1395 5807 resonat
1417 5733 1567 5807 juxta
1584 5735 1877 5807 plerosque
1906 5738 2144 5805 codices,

564 5800 745 5861 πάντες
772 5802 817 5855 οἱ
842 5798 1117 5872 ἅνθρωποι.
1168 5802 1303 5857 Tum
1344 5798 1452 5859 dub
1484 5798 1703 5875 Regium
1741 5798 1852 5861 hinc
1891 5798 2147 5876 faciebani

2262 4777 2370 4832 Aut
2409 4773 2682 4847 quomodo
2722 4779 2878 4842 potes
2908 4769 3095 4826 dicere
3135 4765 3287 4823 fr'atri
3319 4772 3415 4821 tuo
3449 4781 3462 4819 '.
3491 4761 3695 4826 Frater,
3721 4752 3824 4809 sine

2262 4869 2477 4940 eiiciam
2523 4864 2790 4921 festucam
2836 4861 2906 4918 de
2954 4859 3112 4918 oculo
3150 4867 3244 4915 tuo
3272 4899 3287 4927 ,
3320 4857 3440 4930 ipse
3476 4856 3529 4911 in
3567 4850 3716 4911 oculo
3741 4855 3822 4899 tuo

2265 4960 2471 5019 trabem
2504 4973 2611 5016 non
2645 4955 2879 5014 videns?
2920 4952 3214 5026 Hypocrita
3238 4992 3255 5020 ,
3306 4948 3446 5023 ejice
3474 4946 3704 5020 primum
3729 4949 3823 4995 tra-

2261 5057 2387 5114 bem
2409 5055 2476 5112 de
2505 5053 2664 5111 oculo
2695 5061 2821 5107 tuo:
2869 5057 2925 5106 et
2952 5055 3082 5105 tunc
3108 5045 3411 5120 perspicies
3456 5053 3518 5101 ut
3546 5040 3731 5099 educas
3752 5030 3817 5088 fe-

2255 5161 2464 5208 stucam
2506 5147 2576 5204 de
2614 5145 2776 5203 oculo
2814 5142 2997 5199 fratris
3040 5140 3137 5197 tui.
3180 5139 3290 5213 [ιη
3318 5137 3399 5210 5.]
3428 5137 3549 5194 Non
3588 5145 3669 5193 est
3695 5127 3813 5188 enim

2256 5249 2420 5307 arbor
2446 5250 2591 5307 bona
2612 5292 2631 5320 ,
2678 5264 2802 5322 qua:
2831 5248 2960 5305 facit
2987 5247 3194 5304 fructus
3223 5242 3399 5303 malos
3435 5260 3448 5296 :
3483 5251 3656 5313 neque
3681 5230 3814 5334 arbor

2254 5343 2394 5399 mala
2422 5385 2439 5415 ,
2493 5341 2699 5400 faciens
2746 5342 2979 5400 fructum
3027 5339 3252 5397 bonum.
3312 5336 3663 5407 Unaquaeque
3696 5334 3810 5385 enim

2254 5436 2420 5494 arbor
2451 5436 2520 5494 de
2549 5436 2726 5493 fructu
2775 5449 2875 5494 suo
2903 5432 3271 5507 cognoscitur.
3326 5428 3458 5504 [Lu,
3493 5426 3574 5499 5.]
3617 5423 3804 5493 Neque.

2267 5593 2541 5667 Prophetis
2570 5602 2741 5667 patres
2763 5611 2938 5651 eorum
2967 5637 2980 5661 ,
3025 5592 3167 5663 quod
3199 5608 3263 5649 ex
3296 5590 3597 5667 superioris
3616 5588 3683 5644 95
3705 5593 3804 5667 ver

2257 5655 2412 5722 siculi
2449 5655 2652 5743 ἰξοιᾴρο
2683 5655 3080 5743 repetitum'es't
3109 5683 3121 5720 :
3159 5679 3280 5718 nam
3302 5655 3802 5743 ct'Pseudoprophf

2258 5747 2339 5791 tas
2366 5737 2664 5794 reetissime
2697 5732 2785 5793 hic
2806 5739 2906 5794 loci
2941 5747 3093 5794 vocat
3128 5745 3327 5799 textus,
3350 5742 3407 5790 et
3424 5732 3669 5790 secundis
3697 5736 3805 5797 quo:

2258 5820 2364 5879 quc
2387 5809 2533 5866 curis
2560 5809 2612 5863 in
2642 5809 2816 5865 altero
2842 5809 3059 5882 Regina:
3100 5819 3200 5865 ms.
3235 5806 3531 5876 repositum
3560 5805 3631 5864 ita
3655 5803 3746 5859 est.
