3920 6200
173 290 248 349 bii
1202 290 1653 354 EVANGELIUM
1688 288 2060 353 SECUNDUM
2098 290 2351 353 LUCAM.
3316 300 3420 361 022

175 410 288 465 enim
309 408 368 465 de
396 408 570 481 spinis
603 409 860 479 colligunt
894 410 1023 467 ﬁcus
1050 426 1063 466 :
1097 427 1276 484 neque
1314 415 1383 472 de
1424 418 1561 473 rubo
1604 418 1721 473 vin-
1746 412 1801 476 Α
1824 414 2067 470 Judaeum
2099 413 2166 469 de
2194 427 2281 483 eo,
2316 418 2373 469 et
2402 411 2457 467 in
2479 424 2697 468 omnem
2727 407 2871 469 circa
2907 412 3205 484 regionem.
3229 412 3414 487 μω,

174 502 371 559 dentiant
402 520 581 559 uvam.
614 505 762 576 [in1,
795 504 868 576 5.]
899 505 1081 561 Bonus
1121 507 1285 565 homo
1324 509 1393 567 de
1418 511 1561 567 bono
1595 512 1714 567 thc-
1824 511 1915 583 5.]
1944 511 2014 566 Et
2037 511 2425 567 nuntiaverunt
2445 508 2639 565 Joanni
2665 507 2915 580 discipuli
2940 510 3058 578 ejus
3076 510 3144 566 de
3167 511 3419 568 omnibus

177 611 303 650 sauro
326 597 501 651 cordis
529 596 615 651 sui
655 596 853 666 profert
888 598 1083 654 bonum
1112 619 1123 653 :
1163 612 1215 655 ct
1248 603 1427 659 malus
1463 604 1626 660 homo
1651 604 1718 661 de
1824 605 1928 661 his.
1972 606 2039 662 Et
2068 604 2389 661 convocavit
2421 604 2558 660 duos
2589 603 2657 659 de
2695 602 2975 676 discipulis
3005 604 3117 660 suis
3156 602 3415 673 Joannes,

177 689 285 741 malo
311 688 558 743 thesauro
595 690 803 759 profert
836 692 1050 745 malum.
1102 694 1173 747 lix
1209 694 1537 751 abundantia
1575 698 1718 752 enim
1825 707 1879 755 et
1912 698 2060 754 misit
2096 698 2159 753 ad
2193 700 2403 763 Jesum,
2436 697 2667 753 dicens:
2693 695 2774 751 Tu
2810 710 2869 752 es
2900 695 2993 767 qui
3020 704 3286 751 venturus
3316 711 3414 765 es,

179 780 387 835 conlisos
412 781 680 851 loquitur.
718 781 983 853 [Lmi,5.j
1011 784 1144 852 Quid
1175 798 1359 843 autem
1382 789 1585 845 vocatis
1611 808 1718 860 me,
1826 807 1891 847 an
1934 794 2099 849 alium
2147 793 2570 863 exspectamus?
2610 792 2746 847 Cum
2794 800 2976 849 autem
3020 792 3305 849 venissent
3349 790 3417 847 ad

181 872 391 938 Domine,
426 872 698 930 Domine:
744 886 797 931 et
836 892 939 931 nou
982 876 1160 933 facitis
1201 895 1321 949 qua)
1353 880 1476 937 dico
1500 881 1523 934 ?
1551 883 1717 955 lum,
1825 904 1948 945 eum
1994 888 2121 956 viri,
2166 888 2464 945 dixerunt:
2493 888 2729 944 Joannes
2760 887 3007 959 Baptista
3050 888 3201 945 misit
3227 902 3329 944 nos
3353 887 3422 944 ad

183 968 240 1039 5.]
263 968 421 1024 Omnis
452 972 544 1040 qui
578 970 729 1026 venit
754 971 819 1027 ad
849 988 957 1041 mc,
994 984 1044 1028 et
1069 974 1212 1029 audit
1238 990 1523 1033 sermones
1547 993 1717 1046 meos,
1829 990 1902 1049 tc,
1935 982 2125 1039 dicens
2153 1001 2167 1039 :
2202 984 2284 1038 Tu
2309 997 2369 1038 es
2398 981 2494 1053 qui
2526 989 2786 1041 venturus
2813 995 2894 1047 es,
2928 996 2997 1035 an
3032 982 3195 1041 alium
3224 996 3427 1053 ex5peo

186 1074 223 1118 ct
248 1062 503 1119 iaciteos:
539 1066 820 1121 ostendam
864 1068 1016 1123 vobis
1047 1070 1136 1125 cui
1172 1071 1369 1129 similis
1394 1073 1497 1129 sit:
1527 1074 1724 1134 similis
1828 1078 2070 1133 ciamus?
2112 1077 2208 1147 (in
2242 1077 2362 1147 ipsa
2396 1085 2576 1132 autem
2612 1074 2746 1131 hora
2772 1074 2975 1131 multos
3007 1075 3219 1132 curavit
3248 1090 3276 1131 a
3308 1075 3426 1130 lan-

188 1170 247 1214 cst
264 1158 444 1215 homini
480 1158 771 1215 azdiﬁcanti
800 1162 1040 1230 domum,
1070 1164 1162 1234 qui
1194 1165 1331 1221 fodit
1355 1167 1407 1223 in
1439 1168 1637 1237 altum,
1671 1178 1722 1226 et
1830 1169 2113 1239 guoribus,
2163 1176 2218 1224 et
2261 1168 2457 1240 plagis,
2507 1177 2562 1225 et
2608 1168 2891 1238 spiritibus
2938 1167 3122 1232 malis;
3171 1177 3225 1222 ct
3270 1167 3428 1222 caecis

182 1252 316 1322 posuit
342 1251 748 1310 fundamentum
772 1270 940 1329 super
966 1266 1212 1329 petram;
1242 1260 1597 1320 inundatione
1627 1279 1727 1321 au-
1828 1260 2016 1315 multis
2044 1260 2270 1315 donavit
2308 1259 2542 1331 visum.)
2583 1260 2647 1314 Et
2691 1258 3053 1329 respondens,
3098 1258 3233 1313 dixit
3278 1257 3383 1313 illis
3414 1278 3424 1313 :

184 1354 258 1401 tem
282 1345 429 1413 facta,
465 1347 667 1403 illisum
694 1359 776 1405 est
816 1351 1018 1407 ﬂumen
1050 1352 1237 1410 domui
1261 1354 1338 1410 illi
1364 1399 1377 1425 ,
1411 1366 1470 1413 et
1497 1373 1603 1415 non
1630 1375 1725 1429 po-
1832 1356 2085 1412 Euntesb
2117 1356 2428 1412 renuntiate
2450 1356 2651 1412 Joanui
2678 1371 2797 1425 quae
2818 1355 3081 1423 audistis,
3112 1365 3165 1411 et
3193 1355 3432 1412 vidistis:

183 1438 254 1494 tuit
275 1454 382 1493 eam
422 1455 645 1498 movere
672 1460 685 1497 :
713 1441 938 1500 fundata
972 1446 1116 1502 enim
1151 1455 1271 1503 erat
1306 1464 1472 1519 super
1492 1461 1723 1521 petram.
1830 1451 1967 1519 Quia
1997 1452 2129 1507 caeci
2160 1451 2372 1516 vident,
2397 1450 2576 1506 claudi
2598 1450 2899 1516 ambulant,
2931 1451 3132 1521 leprosi
3165 1453 3433 1507 mundan—

181 1533 251 1603 Qui
291 1544 458 1591 autem
502 1537 693 1607 audit,
744 1549 800 1594 et
847 1555 959 1595 non
992 1542 1149 1612 facit,
1182 1544 1377 1603 similis
1412 1556 1497 1602 est
1518 1546 1728 1603 homini
1832 1551 1939 1610 tur,
1960 1541 2109 1598 surdi
2137 1542 2384 1610 audiunt,
2412 1542 2612 1598 mortui
2636 1552 2951 1615 resurgunt,
2983 1557 3253 1615 pauperes
3272 1560 3436 1601 evan-

179 1628 413 1685 editicanti
461 1629 679 1687 domum
725 1649 880 1689 suam
932 1652 1099 1707 super
1142 1646 1342 1694 terram
1376 1642 1492 1695 sine
1534 1640 1729 1697 funda-
1831 1638 2254 1709 gelizantur:et
2275 1638 2467 1693 beatus
2488 1646 2579 1693 est
2601 1638 2927 1708 quicumque
2954 1653 3062 1694 non
3086 1639 3255 1694 fuerit
3276 1654 3433 1695 scan-

176 1735 355 1787 mento;
387 1724 439 1780 in
464 1741 625 1796 quam
651 1727 824 1785 illisus
849 1740 933 1785 est
957 1730 1176 1800 ﬂuvius,
1212 1742 1267 1789 et
1296 1734 1554 1792 continuo
1584 1734 1727 1792 ceci-
1831 1733 2100 1789 dalizatus
2131 1734 2184 1788 in
2226 1749 2335 1789 me.
2374 1733 2445 1788 Et
2486 1748 2611 1788 cum
2641 1732 3026 1789 discessissent
3055 1734 3232 1789 nuntii
3272 1734 3412 1790 Joan

174 1816 265 1873 dit:
290 1827 336 1871 et
362 1818 497 1873 facta
530 1831 615 1876 est
645 1822 799 1878 ruina
834 1824 1029 1880 domus
1056 1825 1202 1883 illius
1232 1842 1449 1899 magna.
1764 1823 1813 1884 B
1839 1829 1947 1895 nis,
1976 1828 2143 1898 ctepit
2173 1828 2242 1883 de
2270 1827 2481 1883 Joanne
2510 1826 2696 1882 dicere
2726 1826 2793 1881 ad
2826 1827 3016 1882 turbas
3039 1826 3209 1895 :Quid
3247 1826 3437 1883 existis

228 1909 1548 1988 [Cap.Vli.va,5.]Cumautemimplessetomnia
1565 1921 1733 1979 verba
1835 1924 1893 1980 in
1934 1923 2211 1980 desertum
2258 1922 2481 1978 videre?
2516 1920 2841 1977 arundinem
2888 1929 3056 1978 vento
3087 1932 3108 1959 ο
3139 1919 3440 1991 agitatam?

166 2014 243 2058 sua
265 2006 310 2059 in
331 2020 482 2061 aures
506 2008 703 2076 plebis,
727 2009 1731 2081 intravitCapliarnaum.Centurionis
1834 2017 1941 2074 Sed
1969 2018 2099 2089 quid
2142 2016 2336 2073 existis
2365 2015 2591 2071 videre?
2633 2014 2913 2070 hominem
2961 2013 3224 2069 mollibus
3272 2011 3441 2069 vesti-

165 2106 311 2152 autem
333 2098 609 2169 cujusdam
634 2116 823 2157 servus
845 2103 987 2158 male
1005 2103 1237 2171 habens,
1257 2115 1374 2161 erat
1394 2110 1718 2165 moriturus:
1835 2112 2033 2169 mentis
2064 2112 2351 2167 indutum?
2386 2111 2527 2166 Ecce
2560 2108 2651 2179 qui
2689 2110 2741 2165 in
2769 2117 2923 2166 veste
2956 2109 3197 2178 pretiosa
3233 2117 3359 2164 sunt
3389 2117 3442 2163 et

163 2192 236 2261 qui
262 2192 326 2246 illi
348 2204 459 2249 erat
472 2195 768 2265 pretiosus.
804 2196 1014 2254 Etcum
1043 2198 1288 2257 audisset
1305 2200 1374 2257 de
1389 2201 1514 2259 Jesu
1539 2245 1553 2269 ,
1583 2203 1731 2258 misit
1832 2206 2070 2271 deliciis,
2096 2206 2152 2260 in
2180 2205 2433 2260 domibus
2458 2219 2644 2273 regum
2668 2211 2817 2258 sunt.
2849 2202 2954 2258 Sed
2991 2203 3119 2272 quid
3147 2202 3340 2257 existis
3363 2203 3445 2257 vi-

163 2285 215 2340 ad
241 2303 348 2341 eum
369 2288 611 2345 seniores
633 2289 943 2347 Judazorum
961 2308 1157 2364 rogans
1173 2308 1319 2364 eum,
1348 2305 1405 2351 ut
1427 2296 1730 2361 veniret,et
1835 2301 2002 2356 dere?
2032 2300 2400 2369 Prophetam?
2438 2298 2632 2368 Utique
2674 2296 2799 2352 dico
2839 2297 3014 2361 vobis,
3060 2307 3115 2351 et
3152 2298 3439 2367 plusquam

159 2381 591 2439 salvaretservum
620 2384 760 2455 ejus.
790 2386 861 2440 At
888 2386 966 2443 illi
992 2402 1114 2443 cum
1132 2389 1488 2446 venissentad
1518 2390 1724 2461 Jesum,
1834 2392 2158 2464 prophetam
2190 2407 2202 2443 :
2232 2390 2394 2461 [Lxx,
2423 2388 2521 2461 2.]
2554 2388 2641 2443 hic
2667 2395 2774 2455 est,
2808 2387 2878 2443 de
2906 2402 3017 2457 quo
3045 2389 3309 2456 scripturn
3334 2398 3438 2443 est:

160 2478 392 2547 rogabant
421 2494 545 2535 eum
576 2480 1097 2551 sollicite,dicentes
1116 2485 1166 2540 ei
1194 2503 1207 2538 :
1239 2485 1374 2554 Quia
1398 2485 1593 2555 dignus
1622 2493 1725 2553 cst,
1834 2486 1977 2541 Ecce
2004 2484 2161 2540 mitto
2200 2482 2453 2553 angelum
2489 2496 2670 2537 meum
2719 2488 2848 2536 ante
2896 2479 3089 2535 faciem
3129 2488 3303 2547 tuam,
3346 2482 3439 2551 qui

159 2582 206 2626 ut
230 2572 319 2627 hoc
342 2573 416 2629 illi
447 2584 694 2645 praestes.
738 2577 927 2649 Diligit
948 2580 1092 2635 enim
1124 2589 1339 2652 gentem
1369 2590 1646 2637 nostram:
1674 2593 1730 2639 et
1834 2578 2166 2650 praeparabit
2189 2580 2329 2633 viam
2366 2585 2512 2632 tuam
2537 2586 2663 2629 ante
2689 2584 2761 2630 te.
2798 2574 2975 2645 lext,
3089 2573 3105 2644 ]
3134 2572 3267 2628 Dico
3294 2576 3439 2630 enim

155 2678 451 2739 synagogam
470 2671 587 2741 ipse
608 2672 893 2727 aediﬁcavit
911 2673 1087 2732 nobis.
1109 2676 1272 2732 Jesus
1288 2686 1465 2733 autem
1482 2678 1727 2733 ibatcum
1834 2672 1991 2729 vobis
2021 2689 2034 2726 :
2058 2671 2233 2742 Major
2261 2672 2403 2726 inter
2429 2679 2586 2725 natos
2612 2668 2902 2724 mulierum
2934 2668 3201 2737 propheta
3228 2669 3440 2725 Joanne

151 2756 272 2813 illis.
316 2762 528 2819 Etcum
550 2765 664 2834 jam
696 2780 805 2821 non
832 2766 997 2838 longe
1022 2778 1169 2824 esset
1194 2784 1235 2823 λ
1256 2770 1419 2825 domo
1444 2812 1457 2835 ,
1488 2770 1637 2827 misit
1660 2770 1727 2825 ad
1833 2765 2082 2836 Baptista
2134 2779 2296 2820 nemo
2326 2771 2429 2819 est.
2458 2762 2565 2830 Qui
2593 2769 2774 2817 autem
2820 2760 3003 2816 minor
3049 2768 3133 2817 est
3170 2761 3225 2816 in
3270 2775 3441 2833 regno

146 2866 258 2908 eum
286 2854 544 2913 Centurio
573 2859 802 2928 amicos,
832 2860 1062 2918 dicens:
1098 2862 1345 2929 Domine,
1371 2862 1481 2918 noli
1509 2863 1725 2918 vexari:
1832 2860 1953 2927 Dei,
1993 2861 2167 2930 major
2194 2868 2280 2916 est
2313 2859 2427 2914 illo.

140 2940 255 2999 Non
288 2950 425 3003 enim
456 2964 577 3004 sum
608 2950 837 3022 dignus,
867 2962 929 3007 ut
967 2953 1069 3009 sub
1102 2962 1300 3009 tectum
1324 2970 1503 3010 meum
1533 2955 1723 3011 intres.
1906 2958 2091 3028 luxu,
2115 2955 2314 3027 10.]Et
2334 2952 2509 3009 omnis
2525 2951 2753 3023 populus
2768 2951 2991 3007 audiens
3008 2950 3441 3023 etpublicaniju—

138 3034 366 3109 Propter
392 3044 535 3114 quod
563 3054 620 3101 et
650 3060 737 3102 me
766 3047 943 3116 ipsum
977 3063 1083 3103 non
1116 3064 1234 3104 sum
1256 3048 1474 3118 dignum
1497 3049 1728 3104 arbitra-
1831 3049 2203 3106 stiﬂcaverunt
2234 3040 2423 3114 Deum,
2450 3047 2704 3117 baptizati
2726 3047 2993 3116 baptismo
3023 3046 3267 3105 Joannis.
3302 3047 3444 3103 Pha'

135 3138 244 3199 lus,
274 3145 329 3191 ut
356 3138 596 3193 venirem
637 3140 705 3195 ad
734 3148 822 3197 te:
856 3142 950 3197 sed
985 3142 1073 3198 die
1104 3143 1272 3199 verbo
1297 3185 1311 3209 ,
1357 3151 1412 3198 et
1448 3143 1728 3199 sanabitur
1831 3144 1978 3199 risaei
2006 3152 2285 3210 autem,et
2314 3141 2449 3213 legis
2482 3141 2639 3212 periti
2674 3140 2961 3197 consilium
2988 3142 3085 3198 Dei
3112 3151 3440 3213 spreverunt

128 3237 266 3294 puer
297 3246 465 3287 meus.
490 3232 625 3288 Nam
647 3243 702 3290 et
724 3250 823 3306 ego
839 3235 1005 3290 homo
1037 3252 1156 3292 sum
1186 3238 1286 3293 sub
1302 3244 1569 3308 potestate
1598 3252 1729 3292 con~
1760 3217 1805 3281 (ἶ
1835 3238 1891 3293 in
1910 3237 2255 3308 semetipsos,
2290 3252 2398 3292 non
2427 3236 2686 3307 baptizati
2717 3236 2786 3291 ab
2817 3251 2903 3291 eo.
2938 3234 2965 3272 ἀ
2994 3237 3084 3291 Ait
3114 3247 3293 3291 autem
3323 3237 3436 3293 Do-

120 3322 378 3394 stitutus,
419 3328 629 3384 habens
659 3330 758 3385 sub
786 3345 872 3386 me
913 3331 1154 3388 milites:
1188 3341 1244 3387 et
1280 3332 1404 3387 dico
1434 3330 1593 3397 huic,
1624 3331 1731 3386 Va-
1837 3333 2059 3387 minus:
2095 3332 2303 3403 luxui,
2340 3329 2421 3397 5.]
2444 3328 2539 3383 Cui
2570 3343 2700 3399 ergo
2717 3328 2922 3383 similes
2963 3328 3142 3383 dicam
3189 3328 3437 3385 homines

122 3415 229 3483 de,
273 3429 331 3474 et
372 3421 555 3487 vadit;
597 3433 652 3478 et
692 3424 804 3489 alii,
845 3423 1011 3490 Veni,
1052 3434 1105 3481 et
1142 3427 1331 3491 venit;
1365 3433 1421 3481 et
1460 3440 1582 3480 meo
1620 3439 1733 3480 ser-
1835 3426 2203 3497 generationis
2227 3424 2427 3495 hujus?
2459 3433 2513 3479 et
2533 3424 2621 3478 cui
2645 3423 2852 3479 similes
2877 3432 3001 3478 sunt
3026 3426 3046 3477 ?
3075 3424 3292 3481 Similes
3314 3433 3445 3481 sunt

114 3520 190 3564 To
217 3552 231 3577 ,
284 3512 393 3570 Fac
434 3514 577 3584 hoc,
630 3526 686 3573 et
736 3517 884 3573 facit.
935 3517 1055 3584 Quo
1092 3518 1278 3574 audito
1305 3563 1319 3588 ,
1370 3519 1530 3575 Jesus
1569 3519 1732 3573 mira-
1837 3520 2023 3589 pueris
2062 3518 2386 3575 sedentibus
2426 3516 2484 3573 in
2531 3517 2668 3585 foro,
2711 3526 2767 3572 et
2804 3517 3154 3586 loquentibus
3185 3518 3252 3572 ad
3300 3518 3439 3574 invi-

116 3609 211 3657 lus
247 3616 333 3661 est
362 3625 376 3661 :
418 3617 471 3664 et
500 3623 801 3665 conversus
829 3612 1189 3681 sequentibus
1218 3627 1279 3667 se
1302 3612 1471 3667 turbis
1494 3652 1509 3677 ,
1542 3611 1686 3666 dixit
1715 3628 1727 3663 :
1835 3628 1981 3681 cem,
2012 3621 2067 3669 et
2094 3613 2404 3669 dicentibus
2435 3628 2448 3666 :
2479 3610 2832 3667 Cantavimus
2863 3611 3019 3666 vobis
3051 3611 3223 3679 tibiis,
3247 3621 3302 3666 et
3329 3627 3437 3670 non

97 3694 295 3755 Amen
323 3712 349 3739 δι
380 3702 506 3759 dico
534 3704 723 3770 vobis,
775 3720 877 3760 nec
911 3704 963 3759 in
1009 3705 1177 3760 Israel
1220 3715 1423 3760 tantam
1453 3704 1615 3761 iidem
1650 3704 1731 3760 in-
1835 3707 2080 3763 saltastis
2115 3725 2128 3762 :
2163 3696 2609 3770 lamentavimus,
2662 3712 2717 3759 et
2748 3718 2855 3759 non
2904 3713 2925 3741 θ
2958 3702 3240 3774 plorastis.
3274 3703 3438 3760 Venit

114 3792 263 3846 Veni.
302 3794 477 3866 [Liv],
520 3797 577 3852 5.
609 3796 618 3867 |
652 3798 715 3852 Et
753 3800 993 3867 reversi,
1027 3801 1115 3869 qui
1158 3800 1310 3856 missi
1340 3800 1580 3873 fuerant,
1620 3803 1723 3858 do-
1834 3802 1976 3857 enim
2005 3800 2244 3856 Joannes
2282 3800 2551 3869 Baptista,
2604 3812 2781 3868 neque
2832 3798 3169 3854 manducans
3203 3814 3432 3870 panem,

138 3892 291 3954 mum,
346 3891 675 3946 invenerunt
722 3906 963 3961 servum,
1010 3896 1102 3961 qui
1154 3897 1468 3964 languerat,
1512 3909 1725 3951 sanum.
1833 3908 2009 3963 neque
2041 3892 2233 3947 bibens
2268 3891 2481 3961 vinum,
2514 3898 2570 3945 et
2600 3888 2828 3945 dicitis:
2870 3889 3205 3945 Dtemonium
3248 3892 3431 3948 habet.

142 3972 313 4047 luvu,
352 3985 461 4056 10.]
495 3985 562 4040 Et
607 3985 807 4041 factum
843 3996 928 4043 est
959 4005 973 4042 :
1008 3987 1266 4058 deinceps
1311 3988 1422 4043 ibat
1450 3990 1501 4043 in
1533 3990 1726 4045 civita-
1833 3987 1998 4043 Venit
2026 3987 2198 4041 Filius
2223 3986 2462 4042 hominis
2495 3984 2851 4054 manducans,
2877 3993 2931 4041 et
2953 3980 3168 4055 bibens,
3203 3987 3431 4059 ctjdici-

136 4076 248 4143 16m,
280 4096 404 4149 quae
440 4089 667 4137 vocatur
712 4081 866 4137 Naim
900 4100 914 4136 :
952 4092 1007 4137 et
1043 4082 1191 4137 ibant
1219 4098 1339 4138 cum
1379 4098 1446 4137 eo
1474 4083 1723 4153 discipuli
1834 4081 1902 4136 tis
1930 4098 1941 4135 :
1974 4081 2112 4137 Ecce
2147 4080 2308 4137 homo
2327 4081 2651 4150 devorator,
2683 4091 2739 4137 et
2763 4081 2956 4137 bibens
2987 4083 3196 4150 vinum,
3222 4085 3434 4142 amicus

132 4163 264 4238 eius,
300 4184 356 4229 et
384 4176 539 4231 turba
572 4176 817 4244 copiosa.
861 4175 999 4231 Cum
1039 4186 1220 4231 autem
1263 4176 1727 4247 appropinquaret
1830 4174 2272 4245 publicanorum,
2318 4184 2372 4232 et
2399 4184 2772 4246 peccatorum.
2808 4174 2877 4230 Et
2903 4176 3197 4246 justiticata
3230 4187 3313 4233 est
3342 4192 3431 4233 sa-

130 4274 285 4328 PONLB
319 4272 586 4340 civitatis,
613 4285 743 4327 ecce
768 4271 1051 4327 defunctus
1078 4270 1408 4327 eﬂ‘erchatur
1436 4272 1577 4328 filius
1606 4272 1727 4328 uni—
1831 4268 2031 4339 pientia
2059 4269 2128 4325 ab
2151 4268 2402 4325 omnibus
2438 4269 2562 4325 (iliis
2588 4269 2721 4325 suis.
2760 4271 2969 4341 luxw,
3006 4266 3099 4340 1,]
3142 4270 3383 4337 Rogabat
3402 4268 3424 4307 ί

126 4369 209 4413 cus
248 4370 443 4422 matris
474 4382 591 4423 sua:
626 4384 640 4421 :
673 4376 731 4423 et
758 4367 873 4423 haec
914 4368 1074 4423 vidua
1120 4374 1237 4423 erat
1274 4385 1284 4421 :
1316 4375 1372 4423 et
1400 4367 1556 4423 turba
1588 4369 1725 4423 civi-
1822 4373 2009 4418 autem
2058 4362 2209 4417 illum
2254 4360 2473 4434 quidam
2507 4362 2577 4417 de
2607 4361 2933 4426 Pharismis,
2980 4369 3039 4415 ut
3074 4360 3429 4415 manducaret

127 4454 239 4511 latis
272 4462 445 4517 multa
478 4477 606 4518 cum
650 4462 762 4517 illa.
797 4462 969 4527 Quam
998 4476 1121 4517 cum
1152 4460 1378 4517 vidisset
1420 4462 1682 4517 Dominus
1707 4502 1721 4527 ,
1827 4472 1953 4513 cum
1998 4456 2112 4511 illo.
2156 4457 2224 4511 Et
2261 4457 2545 4528 ingressus
2590 4454 2813 4510 domum
2841 4452 3092 4523 pharisaei
3122 4451 3422 4507 discubuit.

116 4544 489 4611 Misericordia
520 4564 706 4612 motus
734 4570 900 4626 super
923 4571 1065 4623 eam,
1098 4556 1232 4611 dixit
1270 4555 1345 4610 illi
1374 4574 1384 4608 :
1415 4555 1533 4609 Noli
1566 4555 1717 4611 ﬂere.
1829 4548 1899 4604 EI.
1929 4564 2057 4606 ecce
2084 4549 2312 4618 mulier,
2352 4565 2477 4620 qua:
2522 4558 2641 4605 erat
2681 4548 2736 4603 in
2782 4546 3002 4603 civitate
3040 4546 3336 4615 peccatrix,
3371 4555 3430 4602 ut

112 4632 181 4688 Ει
210 4650 463 4716 accessit,
492 4659 547 4706 ct
596 4650 776 4721 tetigit
804 4650 1037 4706 loculum
1073 4650 1093 4721 (
1114 4650 1165 4704 hi
1189 4658 1391 4717 autem,
1425 4649 1514 4719 qui
1540 4657 1722 4718 porta—
1749 4630 1802 4692 D
1829 4646 2087 4714 cognovit
2111 4643 2257 4714 quod
2285 4643 2634 4699 accubuisset
2664 4642 2719 4696 in
2744 4641 2910 4696 domo
2937 4637 3211 4709 pharisaei.
3248 4638 3430 4695 attulit

104 4725 262 4801 bant,
293 4743 625 4813 steterunt).
654 4743 721 4797 Et
742 4743 839 4809 ait,
872 4742 1224 4807 Adolescens,
1256 4743 1349 4798 tibi
1372 4742 1515 4809 dico,
1536 4756 1715 4813 surge.
1830 4741 2155 4797 alabastrum
2182 4740 2447 4812 unguenti
2470 4758 2483 4794 :
2504 4748 2557 4795 et
2577 4748 2731 4793 stans
2752 4745 2901 4792 retro
2919 4750 3079 4791 secus
3103 4733 3269 4804 pedes
3287 4734 3427 4804 ejus,

101 4819 171 4875 Ει
202 4835 415 4891 resedit
442 4837 537 4907 qui
565 4844 685 4892 erat
715 4846 987 4903 mortuus,
1023 4845 1075 4891 et
1105 4835 1276 4905 coepit
1317 4835 1484 4905 loqui.
1517 4836 1583 4890 Et
1619 4834 1717 4891 de-
1829 4838 2081 4910 lacrymis
2106 4838 2273 4909 carpit
2302 4836 2486 4907 rigare
2516 4834 2681 4905 pedes
2714 4832 2855 4902 ejus,
2900 4838 2954 4886 ct
2978 4828 3198 4900 capillis
3229 4828 3425 4897 capitis

96 4914 179 4973 dit
214 4926 372 4985 illum
400 4931 562 4986 matri
594 4946 730 4987 suae.
766 4933 991 5003 Accepit
1020 4941 1198 4987 autem
1224 4946 1413 4987 omnes
1440 4932 1601 4985 timor
1625 4948 1636 4983 :
1666 4938 1721 4986 et
1824 4934 1908 4991 sui
1942 4934 2209 5005 tergebat,
2238 4940 2295 4988 et
2323 4928 2675 4987 osculabatur
2703 4926 2871 4998 pedes
2894 4925 3031 4995 ejus,
3065 4932 3119 4980 et
3148 4931 3428 4992 unguento

87 5022 542 5089 magniﬁcabant
573 5024 781 5094 Deum,
815 5024 1260 5091 dicentes:Quia
1306 5024 1565 5094 propheta
1606 5039 1719 5079 ma-
1824 5027 2077 5098 ungebat.
2128 5024 2329 5080 Videas
2378 5033 2561 5079 autem
2607 5019 2936 5092 pharismus,
2986 5016 3076 5087 qui
3130 5021 3423 5071 vocaverat

76 5114 245 5171 Emis
265 5117 520 5173 surrexit
544 5118 598 5172 in
623 5117 779 5173 nobis
806 5135 818 5171 :
841 5126 895 5173 et
920 5118 1041 5188 quia
1066 5118 1211 5173 Deus
1240 5116 1477 5173 visitavit
1504 5116 1717 5187 plebem
1822 5135 1971 5188 eum,
2019 5118 2095 5173 ait
2131 5118 2270 5173 intra
2305 5131 2366 5172 se
2418 5115 2608 5170 dicens
2642 5130 2657 5166 :
2691 5111 2789 5167 Hic
2838 5110 2885 5166 si
2928 5116 3075 5164 esset
3114 5108 3418 5179 propheta,

66 5208 171 5251 ⁵⁸³³
208 5224 287 5264 m.
321 5212 549 5285 [vam,
582 5209 715 5282 10.]
745 5212 813 5268 Et
837 5212 1074 5269 exiithic
1108 5228 1290 5269 sermo
1314 5213 1367 5267 in
1402 5211 1715 5269 universam
1824 5215 1991 5271 sciret
2022 5211 2231 5283 utique,
2262 5224 2382 5279 qua:
2413 5217 2467 5264 et
2490 5206 2669 5279 qualis
2700 5214 2783 5262 est
2816 5214 2840 5253 ε
2874 5203 3095 5273 mulier,
3143 5219 3267 5275 qum
3301 5210 3423 5258 tan-

182 5374 217 5401 τι
262 5370 348 5430 Bis
376 5375 538 5430 Amen
571 5376 768 5445 repetit
808 5392 943 5433 unus
973 5375 1192 5447 Reginae
1229 5392 1331 5431 ms.
1365 5375 1716 5446 quemadmo-
1825 5372 2103 5432 nonnullis
2133 5368 2537 5439 exemplaribus
2581 5367 2984 5429 desiderantur,
3033 5364 3208 5421 nostri
3252 5363 3419 5421 etiam

119 5434 247 5517 filim
276 5456 327 5501 et
356 5447 408 5501 in
440 5434 649 5503 Graecis
675 5434 1082 5520 exemplaribus
1099 5434 1705 5520 plerisque-retinetur:
1820 5448 2259 5520 mss.__ignora_nt.

116 5506 307 5583 in‘uno
333 5522 578 5575 alterove
609 5521 781 5577 semel
808 5506 1022 5576 dicitur.
1101 5506 1115 5520 ’
1284 5506 1300 5519 ’
1889 5530 1911 5556 ο
1954 5506 2104 5574 Unus
2141 5514 2432 5569 Vaticanus
2466 5528 2566 5566 ms.
2613 5520 2806 5577 etnon
2842 5512 3117 5583 pluuxistis
3143 5526 3161 5567 :
3187 5509 3413 5579 Graece,

190 5578 218 5668 ξ
256 5585 430 5668 {Vestri
460 5606 594 5646 mss.
635 5593 748 5668 pari
780 5609 969 5668 omnes
999 5608 1287 5663 consensu,
1322 5592 1633 5668 renuntiate.

1817 5592 2020 5668 animi):
2049 5589 2347 5668 ἐκλαύσαει.
2369 5656 2380 5667 ο
2746 5657 2782 5668 “
2864 5656 2874 5668 ⁸
3174 5656 3208 5668 ἡ
3351 5656 3363 5668 ⁸

194 5662 216 5686 ⁰
260 5656 569 5739 V_a_ti_can_us,
605 5656 659 5718 et
688 5665 793 5719 duo
823 5664 1043 5739 Regium
1074 5681 1204 5720 mss.
1234 5656 1543 5739 arundinem
1564 5671 1710 5739 vento
1896 5662 1916 5701 ί
1960 5663 2057 5717 Hic
2090 5675 2223 5739 lcum
2263 5656 2526 5739 Vaticano
2564 5672 2703 5711 unus
2744 5656 2967 5728 Regina:
3014 5672 3116 5712 ms.
3162 5656 3422 5739 Rogavit,

112 5731 335 5787 moveri?
367 5735 428 5788 In
460 5734 661 5791 Graeco
691 5746 797 5804 est,
827 5730 1047 5810 κάῖαμον
1076 5740 1177 5793 ὑπὸ
1206 5740 1392 5811 ἀνέμου
1428 5735 1657 5808 σαλενὸμ

112 5810 218 5847 νον.

1866 5752 1918 5792 ro
1955 5732 2169 5857 rogugat
2196 5747 2212 5785 :
2240 5744 2366 5785 mox
2403 5730 2522 5797 pari
2562 5745 2752 5786 omnes
2798 5743 3097 5799 consensu,
3143 5730 3414 5794 accubuit,

1866 5823 1919 5857 ro
1956 5823 2075 5857 accu
2116 5806 2288 5857 uisset.

112 5810 196 5847 νῦν
207 5838 218 5847 .
1296 5810 1300 5811 ν

186 5862 208 5879 Δ
258 5869 293 5879 ι-
364 5876 376 5879 -

1296 5810 1300 5811 ⁷
1670 5877 1677 5879 Α
1820 5823 1919 5879 pro
1956 5810 2287 5879 accubuisset.

182 5862 211 5902 δ
258 5869 455 5947 Verba,
499 5879 572 5934 ait
616 5890 785 5937 autem
816 5878 1096 5952 Dominus,
1145 5897 1266 5955 qua:
1307 5890 1361 5940 et
1407 5881 1457 5937 in
1503 5877 1713 5937 Graecis
1820 5862 1920 5928 ris
1963 5877 2107 5935 idem
2138 5890 2243 5931 ms.
2274 5890 2387 5946 quis
2418 5882 2462 5931 et
2490 5873 2658 5946 qualis
2690 5873 2879 5930 mulier
2912 5884 3063 5943 esset,
3099 5882 3205 5932 etc.
