3920 6200
560 231 666 289 ti-25

1570 227 1629 282 S.
1671 224 2053 283 HIERONYSII
2093 221 2325 282 DIVINA
2367 220 2840 282 BIBLIOTHECA.

3738 230 3820 288 61$

557 350 635 418 git
672 361 795 402 eum
830 363 843 400 :
874 346 995 417 quia
1039 342 1313 414 peccatrix
1356 351 1461 397 eSt.
1497 341 1563 398 Et
1603 343 1949 414 respondens
1992 344 2157 399 Jesus
2185 345 2240 406 Α
2265 343 2547 413 etoptimo
2574 343 2858 398 audientes
2885 340 3112 396 verbum
3142 340 3413 407 retinent,
3446 349 3502 397 et
3532 341 3746 399 fructum
3765 349 3823 403 at.

560 443 699 496 dixit
727 440 794 496 ad
826 441 978 496 illum
1011 454 1026 496 :
1053 438 1268 502 Simon,
1292 435 1470 490 habeo
1496 436 1587 492 tibi
1621 437 1824 507 aliquid
1851 435 2057 492 dicere.
2091 438 2161 490 At

563 536 656 591 ille
682 535 756 589 ait
789 551 802 589 :
833 532 1108 602 Magister,
1142 531 1248 586 dic.
1294 531 1408 585 Duo
1448 528 1728 585 debitores
1755 540 1919 586 erant
1943 528 2158 584 cuidam

563 626 864 684 feneratori
897 640 1075 680 :unus
1115 623 1351 680 debebat
1395 623 1651 678 denarios
1702 622 2065 693 quingentos,
2108 629 2164 676 et

560 721 697 777 alius
731 719 1144 792 quinquaginta.
1180 718 1296 773 Non
1341 716 1667 773 habentibus
1707 716 1817 771 illis
1856 715 2001 770 unde
2031 713 2160 770 red-

562 816 776 881 derent,
800 813 1027 870 donavit
1070 812 1342 882 utrisque.
1388 811 1522 878 Quis
1561 825 1696 881 ergo
1725 824 1848 864 eum
1884 809 2006 878 plus
2035 807 2161 862 dili-

559 907 672 980 git?
711 905 1075 976 Respondens
1108 905 1296 962 Simon
1355 903 1534 958 dixit:
1560 901 1796 956 zEstimo
1845 901 1972 971 quia
2000 900 2045 954 is
2073 898 2161 954 cui

559 1001 683 1072 plus
725 1000 964 1057 donavit.
1005 1001 1076 1054 At
1123 999 1214 1054 ille
1251 997 1387 1053 dixit
1424 999 1476 1053 ei
1506 1013 1520 1054 :
1546 997 1717 1052 Recte
1762 993 2044 1064 judicasti.
2093 992 2164 1048 Et

558 1107 859 1150 conversus
889 1093 957 1148 ad
993 1091 1284 1148 mulierem
1319 1091 1501 1145 :dixit
1544 1089 1794 1145 Simoni:
1828 1087 1997 1141 Vides
2024 1085 2164 1140 hanc

557 1187 879 1243 mulierem?
906 1184 1105 1242 Intravi
1155 1185 1208 1239 in
1241 1183 1462 1238 domum
1498 1192 1669 1249 tuam,
1705 1196 1900 1251 aquam
1936 1178 2164 1248 pedibus

558 1283 699 1339 meis
725 1297 832 1338 non
859 1271 1059 1336 dedisti
1089 1299 1099 1333 :
1131 1281 1249 1334 haec
1279 1288 1462 1332 autem
1487 1275 1746 1346 lacrymis
1768 1274 1968 1344 rigavit
1999 1271 2164 1342 pedes

557 1391 737 1443 meos,
774 1384 831 1432 et
856 1373 1068 1444 capillis
1096 1372 1212 1426 suis
1246 1372 1424 1426 tersit.
1459 1371 1717 1424 Osculum
1750 1367 1883 1421 mihi
1931 1380 2039 1420 non
2070 1364 2167 1418 de-

556 1468 687 1524 disti
722 1484 738 1523 :
773 1467 890 1522 ha-c
938 1474 1120 1519 autem
1174 1480 1239 1518 ex
1291 1481 1398 1533 quo
1448 1462 1708 1525 intravit,
1770 1474 1876 1514 non
1928 1455 2167 1512 cessavit

560 1561 801 1617 osculari
836 1559 1003 1628 pedes
1026 1573 1197 1613 meos.
1229 1559 1362 1611 (lleo
1391 1567 1552 1626 caput
1585 1569 1764 1609 meum
1797 1569 1905 1608 non
1936 1550 2160 1606 unxisti:

558 1653 679 1708 haec
725 1661 906 1706 autem
960 1656 1235 1717 unguento
1285 1648 1440 1701 unxit
1484 1647 1651 1718 pedes
1699 1661 1872 1700 meos.
1925 1644 2160 1712 Propter

2262 440 2442 495 ferunt
2467 440 2520 494 in
2565 439 2844 508 patientia.
2878 431 3112 511 [Lxxtx‘,
3141 437 3234 509 2.]
3266 437 3438 493 Nemo
3466 446 3642 493 autem
3682 440 3823 496 lucer-

2265 548 2388 587 nam
2412 532 2739 600 accendens,
2772 533 2951 602 opcrit
2984 546 3103 587 eam
3136 545 3288 599 vase,
3320 541 3416 585 aut
3438 532 3627 588 subtus
3656 532 3821 590 lectum

2265 629 2415 697 ponit
2439 645 2451 680 :
2481 625 2577 682 sed
2607 641 2770 696 supra
2791 625 3183 682 candelabrum
3206 624 3381 695 ponit,
3409 633 3468 679 ut
3495 625 3741 682 intrantes
3762 628 3826 682 vi-

2263 722 2427 778 deant
2476 722 2680 778 lumen.
2717 723 2926 794 [Lxxx,
2957 721 3049 792 2.]
3081 720 3199 776 Non
3241 730 3326 776 est
3371 721 3514 776 enim
3559 724 3817 793 occultum,

2262 815 2406 886 quod
2434 829 2541 870 non
2572 814 2952 871 manifestetur
2981 831 2994 868 :
3022 829 3121 870 nec
3152 813 3549 879 absconditum,
3572 818 3704 887 quod
3731 834 3821 874 non

2263 919 2648 980 cognoscatur,
2681 919 2737 966 et
2764 910 2816 964 in
2856 908 3035 980 palam
3070 909 3272 964 veniat.
3306 909 3490 982 [ιω.
3534 907 3623 978 5.]
3661 911 3826 968 Videte

2264 1017 2396 1070 ergo
2422 1001 2700 1070 quomodo
2729 1001 2986 1055 audiatis.
3011 999 3114 1068 Qui
3141 1000 3288 1055 enim
3320 991 3496 1066 habet,
3517 1000 3716 1056 dabitur
3737 1003 3827 1058 illi:

2267 1105 2322 1150 et
2346 1096 2677 1165 quicumque
2701 1110 2806 1148 non
2833 1093 3018 1160 habet,
3044 1093 3210 1149 etiam
3237 1093 3380 1164 quod
3404 1093 3827 1164 putatsehabere,

2266 1186 2544 1241 auferetur
2576 1188 2644 1241 ab
2689 1187 2807 1241 illo.
2840 1186 3081 1257 [Lxxxtt,
3113 1184 3207 1258 2.]
3249 1184 3522 1241 Venerunt
3567 1197 3731 1242 autem
3771 1188 3826 1242 ad

2267 1279 2417 1333 illum
2465 1289 2640 1334 mater
2669 1289 2722 1333 et
2753 1278 2950 1334 fratres
2989 1278 3129 1348 ejus,
3187 1289 3238 1334 et
3276 1295 3384 1334 non
3429 1291 3668 1350 poterant
3701 1280 3827 1339 adire

2264 1387 2386 1427 eum
2416 1387 2532 1442 pra-
2563 1373 2745 1426 turba.
2783 1373 2847 1426 Et
2875 1374 3177 1427 nuntiatum
3201 1385 3285 1427 eSt
3318 1373 3398 1428 illi
3433 1391 3446 1427 ε
3477 1374 3636 1431 Mater
3660 1388 3754 1441 tua,
3779 1386 3824 1434 et

2267 1466 2464 1520 fratres
2505 1466 2579 1519 tui
2629 1473 2777 1521 stant
2819 1464 2978 1532 foris,
3023 1467 3273 1522 volentes
3307 1478 3359 1523 te
3393 1468 3598 1524 videre.
3625 1470 3716 1536 Qui
3751 1486 3824 1526 re-

2265 1556 2562 1626 spondens,
2595 1557 2732 1612 dixit
2766 1557 2835 1612 ad
2867 1573 2963 1613 eos
2994 1575 3008 1612 :
3044 1559 3218 1614 Mater
3252 1575 3396 1624 mea,
3437 1569 3492 1615 et
3529 1561 3707 1617 fratres
3733 1565 3824 1618 mei

2268 1649 2322 1704 hi
2343 1658 2489 1717 sunt,
2512 1651 2602 1721 qui
2629 1651 2855 1706 verbum
2881 1651 2976 1706 Dei
3001 1651 3251 1717 audiunt,
3282 1661 3340 1708 et
3367 1652 3578 1708 faciunt.
3602 1653 3825 1726 [ιιηιιι.

557 1727 700 1814 quod
724 1743 848 1796 dico
874 1741 970 1794 tibi
999 1758 1011 1793 :
1038 1749 1062 1776 λ
1086 1739 1458 1793 Remittuntur
1483 1740 1530 1792 ei
1561 1746 1783 1807 peccata
1810 1737 2003 1800 multa,
2027 1748 2151 1804 quo-

2267 1743 2348 1812 2.]
2382 1743 2607 1798 Factum
2640 1754 2723 1798 est
2747 1754 2929 1799 autem
2957 1745 3009 1798 in
3033 1759 3136 1798 una
3165 1743 3377 1800 dierum
3403 1763 3416 1798 :
3441 1757 3498 1801 et
3526 1746 3631 1815 ipse
3659 1763 3830 1802 ascen-

557 1836 705 1890 niam
739 1835 930 1889 dilexit
961 1833 1208 1886 multum.
1241 1831 1343 1885 Cui
1382 1841 1562 1886 autem
1610 1833 1793 1885 minus
1837 1829 2156 1892 dimittitur,

557 1930 740 1984 minus
785 1926 979 1998 diligit.
1027 1927 1170 1980 Dixit
1213 1935 1392 1978 autem
1439 1925 1504 1978 ad
1549 1922 1693 1978 illam
1731 1939 1747 1976 :
1788 1921 2160 1977 Remittuntur

560 2021 659 2076 tibi
690 2029 932 2092 peccata.
971 2019 1040 2072 Et
1068 2025 1354 2086 coeperunt
1388 2016 1480 2087 qui
1520 2016 1685 2070 simul
1727 2013 2157 2079 accumbebant,

559 2117 750 2174 dicere
774 2115 916 2170 intra
949 2130 1008 2169 se
1040 2113 1210 2180 :Quis
1241 2121 1327 2168 est
1352 2111 1463 2178 hic,
1499 2111 1590 2181 qui
1621 2110 1786 2165 etiam
1820 2117 2042 2180 peccata
2077 2106 2160 2162 di-

560 2212 759 2268 mittit?
796 2211 938 2265 Dixit
969 2217 1149 2262 autem
1181 2206 1248 2261 ad
1280 2206 1568 2262 mulierem
1601 2221 1614 2257 :
1648 2203 1811 2259 Fides
1848 2212 1935 2258 tua
1967 2211 2022 2258 te
2048 2201 2159 2257 sal-

561 2321 685 2360 vam
713 2305 841 2359 fecit
873 2320 883 2354 :
917 2300 1055 2356 vade
1079 2302 1130 2353 in
1164 2314 1324 2368 pace.

622 2400 634 2469 |
664 2396 794 2468 Cap.
830 2394 962 2450 VIII.
992 2408 1153 2461 Lxxv,
1189 2389 1314 2463 10.]
1347 2390 1412 2445 Et
1439 2389 1640 2445 factum
1672 2397 1756 2444 est
1784 2388 2072 2459 deinceps,
2101 2398 2156 2443 et

557 2493 672 2562 ipse
702 2493 806 2546 iter
836 2488 1066 2543 faciebat
1102 2501 1200 2558 per
1229 2486 1258 2524 δ
1284 2484 1540 2540 civitates
1571 2493 1626 2539 et
1656 2482 1881 2538 castella
1901 2523 1916 2546 ,
1955 2481 2155 2552 prwdi-

553 2598 686 2640 cans
712 2592 768 2638 et
792 2582 1172 2652 evangelizans
1197 2594 1426 2650 regnum
1467 2578 1599 2633 Dei:
1623 2586 1681 2633 et
1715 2575 2005 2631 duodecim
2032 2589 2152 2629 cum

549 2679 668 2746 illo,
692 2688 748 2734 et
786 2679 1044 2733 mulieres
1069 2677 1286 2745 aliquae,
1320 2689 1440 2745 qua:
1466 2680 1624 2728 erant
1643 2680 1846 2727 curata:
1881 2686 1912 2724 a
1940 2668 2152 2739 spiriti-

549 2773 652 2828 bus
687 2771 963 2842 malignis,
992 2779 1049 2826 et
1078 2768 1490 2823 inﬁrmitatibus
1517 2785 1528 2819 :
1554 2767 1744 2831 Maria,
1773 2778 1897 2834 qua:
1928 2775 2154 2818 vocatur

551 2862 894 2935 Magdalene,
935 2862 1006 2917 de
1045 2877 1151 2932 qua
1199 2869 1412 2929 septem
1462 2857 1735 2913 daemonia
1785 2855 2052 2922 exierant,
2099 2861 2154 2908 et

549 2956 758 3013 Joanna
805 2971 947 3010 uxor
982 2954 1178 3009 Cbusa:
1223 2950 1601 3022 procuratoris
1642 2948 1914 3016 llerodis,
1958 2955 2012 3002 et
2051 2946 2153 3001 Stt-

549 3065 752 3116 sanna,
785 3059 840 3102 et
861 3048 982 3102 alia:
1015 3046 1228 3111 multa),
1261 3059 1383 3115 quae
1411 3041 1864 3097 ministrabantei
1892 3039 1960 3098 de
1984 3038 2149 3093 facul-

2263 1834 2344 1889 dit
2377 1835 2429 1889 in
2461 1835 2797 1903 naviculam,
2829 1845 2885 1890 et
2915 1835 3168 1904 discipuli
3211 1835 3351 1906 ejus,
3396 1846 3454 1892 et
3493 1837 3566 1891 ait
3592 1837 3652 1893 ad
3680 1838 3822 1894 illos:

2263 1928 2705 1985 Transfretemus
2743 1939 2894 1985 trans
2939 1942 3217 2000 stagnum.
3263 1931 3332 1986 Et
3361 1932 3732 1990 ascenderunt.
3775 1935 3828 1990 Et

2264 2021 2642 2092 navigantibus
2670 2023 2798 2090 illis,
2833 2023 3192 2090 obdormivit,
3223 2032 3280 2080 et
3305 2024 3590 2082 descendit
3627 2029 3825 2096 procella

2261 2115 2405 2168 venti
2441 2114 2496 2167 in
2524 2124 2801 2183 stagnum,
2835 2124 2887 2170 et
2917 2115 3360 2184 complebantur,
3392 2128 3450 2172 et
3483 2117 3825 2187 periclitaban-

2261 2215 2372 2260 tur.
2391 2206 2730 2262 Accedentes
2757 2216 2940 2263 autem
2972 2207 3375 2264 suseitaverunt
3411 2225 3564 2276 eum,
3593 2211 3824 2268 dicentes:

2260 2297 2598 2370 Prteceptor,
2628 2299 2892 2369 perimus.
2917 2300 3103 2357 Atille
3124 2317 3376 2373 surgens,
3405 2303 3699 2374 increpavit
3716 2321 3821 2361 ven-

2262 2402 2398 2458 tum,
2428 2401 2483 2447 et
2516 2401 2900 2463 tempestatem
2927 2409 3102 2464 aquae,
3134 2406 3190 2450 et
3216 2397 3457 2452 cessavit
3493 2415 3506 2451 :
3539 2408 3587 2453 et
3619 2397 3739 2454 facta
3759 2409 3825 2454 est

2261 2482 2642 2554 tranquillitas.
2679 2484 2823 2539 Dixit
2849 2495 3032 2540 autem
3058 2485 3165 2542 illis
3196 2505 3210 2542 :
3241 2485 3344 2542 Ubi
3372 2497 3465 2543 est
3490 2488 3618 2545 ﬁdes
3645 2490 3827 2545 vestra?

2257 2575 2360 2644 Qui
2410 2577 2689 2642 timentes,
2740 2577 2922 2632 mirati
2973 2588 3101 2633 sunt
3147 2578 3212 2634 ad
3261 2579 3528 2652 invicem,
3576 2581 3819 2637 dicentes:

2256 2669 2412 2738 Quis,
2434 2679 2613 2740 putas,
2641 2671 2731 2727 bic
2761 2683 2866 2738 est,
2897 2674 3022 2742 quia
3053 2682 3109 2729 et
3136 2674 3311 2730 ventis
3332 2686 3388 2730 et
3425 2678 3570 2733 mari
3599 2679 3825 2748 imperat,

2261 2773 2315 2817 et
2344 2762 2610 2818 obediunt
2636 2765 2721 2820 ei?
2746 2764 2814 2820 Et
2841 2766 3236 2836 navigaverunt
3271 2768 3340 2824 ad
3385 2771 3664 2841 regionem
3687 2771 3828 2828 Gera-

2254 2869 2534 2924 senorum,
2559 2872 2681 2928 quae
2711 2867 2797 2914 est
2819 2870 3008 2914 contra
3032 2860 3336 2917 Galilaeam.
3362 2862 3432 2918 Et
3457 2880 3584 2921 cum
3610 2878 3828 2936 egressus

2254 2956 2401 3003 esset
2425 2947 2492 3002 ad
2525 2958 2748 3017 terram,
2776 2953 3016 3008 occurrit
3039 2952 3114 3007 illi
3139 2953 3224 3009 vir
3245 2953 3490 3025 quidam,
3517 2959 3608 3029 qui
3632 2958 3829 3014 habebat

2253 3037 2578 3094 daemonium
2597 3039 2708 3110 jam
2734 3045 3070 3113 temporibus
3091 3045 3301 3114 multis,
3326 3057 3382 3104 et
3403 3053 3724 3108 vestimento
3741 3065 3829 3105 non

554 3141 758 3196 tatibus
785 3139 920 3195 suis.
955 3141 1176 3211 [_uxvr,
1204 3136 1296 3207 2.]
1330 3136 1464 3193 Cum
1498 3145 1681 3191 autem
1715 3133 1872 3190 turba
1922 3133 2149 3202 plurima
2179 3120 2226 3185 C
2258 3130 2608 3198 induebatur,
2643 3150 2821 3205 neque
2851 3136 2906 3191 in
2936 3137 3100 3193 domo
3146 3140 3422 3209 manebat,
3461 3143 3560 3199 sed
3589 3145 3639 3199 in
3665 3159 3831 3198 monu-

553 3233 934 3298 convenirent,
965 3243 1021 3288 et
1050 3232 1120 3288 de
1149 3231 1463 3286 civitatibus
1493 3238 1862 3300 properarent
1894 3228 1960 3282 ad
1994 3243 2149 3294 eum,

549 3327 687 3382 dixit
711 3341 808 3396 per
833 3324 1248 3380 similitudinem
1276 3342 1287 3376 :
1315 3324 1464 3379 Exiit
1485 3323 1575 3393 qui
1599 3323 1854 3386 seminat,
1879 3322 2151 3376 seminare

549 3434 741 3477 semen
771 3435 926 3474 suum
953 3437 966 3471 :
992 3430 1045 3474 et
1074 3419 1201 3474 dum
1241 3417 1499 3480 seminat,
1546 3415 1694 3470 aliud
1740 3413 1938 3470 cecidit
1990 3428 2152 3468 secus

551 3513 720 3585 viam,
753 3521 808 3567 et
833 3513 1211 3567 conenlcatum
1245 3519 1350 3573 est,
1385 3517 1439 3562 et
1465 3507 1720 3562 volucres
1743 3507 1874 3562 coeli
1904 3505 2153 3562 comede-

549 3613 677 3661 runt
708 3604 860 3660 illud.
897 3605 963 3659 Et
983 3604 1130 3659 aliud
1159 3601 1356 3658 cecidit
1385 3613 1552 3668 super
1579 3609 1792 3668 petram
1832 3615 1843 3651 :
1876 3607 1932 3652 et
1963 3607 2148 3654 natum

548 3697 711 3762 aruit,
743 3697 872 3768 quia
901 3713 1010 3751 non
1055 3693 1293 3748 habebat
1321 3690 1632 3745 humorem.
1681 3689 1746 3744 Et
1776 3689 1920 3744 aliud
1952 3689 2152 3744 cecidit

548 3789 695 3845 inter
736 3790 944 3859 spinas,
972 3796 1030 3843 et
1060 3783 1223 3840 simul
1269 3793 1478 3838 exortae
1525 3782 1698 3852 spinae
1742 3779 2151 3836 sull‘ocaverunt

550 3880 709 3937 illud.
745 3881 815 3936 Et
840 3881 984 3936 aliud
1015 3878 1213 3935 cecidit
1254 3879 1307 3932 in
1350 3886 1550 3933 terram
1599 3877 1798 3932 bonam
1831 3885 1925 3931 :et
1968 3885 2146 3931 ortum

548 3975 676 4032 fecit
703 3974 943 4030 fructum
973 3973 1312 4042 centuplum.
1351 3972 1479 4028 Ilaec
1500 3971 1687 4027 dicens
1711 3971 1987 4026 clamabat
2012 3989 2024 4024 :
2046 3971 2147 4040 Qui

551 4069 717 4123 habet
754 4081 919 4122 aures
958 4064 1236 4130 audiendi,
1275 4064 1477 4120 audiat.
1527 4064 1939 4134 Interrogabant
1965 4074 2146 4121 autem

547 4178 674 4220 eum
704 4160 959 4231 discipuli
990 4159 1130 4229 ejus,
1163 4174 1285 4228 qua:
1307 4167 1455 4214 esset
1482 4158 1598 4214 haec
1626 4159 1907 4229 parabola.
1939 4161 2148 4230 Quibus

544 4256 662 4327 ipse
689 4254 826 4308 dixit
858 4269 872 4310 :
900 4251 1072 4308 Vobis
1111 4250 1295 4306 datum
1327 4260 1410 4307 est
1440 4266 1605 4307 nosse
1643 4253 1961 4324 mysterium
1993 4254 2146 4324 regni

543 4347 664 4416 Dei.
701 4349 933 4419 [Lxxvtt,
973 4343 1060 4416 1.]
1091 4344 1308 4400 caeteris
1337 4353 1514 4401 autem
1546 4344 1602 4399 in
1634 4345 1908 4414 parabolis
1939 4362 1952 4398 :
1980 4357 2040 4400 ut
2069 4345 2149 4400 vi-

549 4440 742 4496 dentes
775 4453 881 4494 non
914 4437 1160 4506 videant,
1193 4447 1250 4492 et
1277 4437 1564 4493 audientes
1604 4452 1712 4493 non
1745 4438 2071 4510 intelligant.

2257 3227 2478 3281 mentis.
2508 3225 2581 3295 Is,
2615 3237 2672 3282 ut
2698 3228 2833 3284 vidit
2875 3230 3087 3299 Jesum,
3130 3235 3363 3302 procidit
3390 3248 3531 3294 ante
3568 3239 3754 3294 illum:
3789 3247 3832 3295 et

2256 3319 2576 3376 exclamans
2597 3338 2732 3378 voce
2759 3338 2953 3395 magna
2973 3367 2987 3392 ,
3012 3325 3153 3381 dixit
3176 3343 3190 3381 :
3215 3327 3357 3396 Quid
3385 3330 3529 3387 mihi
3553 3343 3608 3389 et
3629 3333 3715 3388 tibi
3737 3342 3830 3398 est,

2254 3413 2410 3481 Jesu,
2451 3414 2552 3470 Fili
2573 3415 2668 3472 Dei
2698 3418 2990 3474 altissimi?
3019 3420 3252 3477 obsecro
3275 3433 3348 3487 te,
3369 3438 3442 3480 ne
3467 3441 3559 3483 me
3589 3436 3830 3499 torqueas.

2257 3508 2616 3581 Praecipiebat
2653 3513 2798 3569 enim
2841 3515 3059 3585 spiritui
3105 3518 3430 3588 immundo,
3463 3532 3526 3578 ut
3573 3525 3740 3579 exiret
3781 3523 3834 3577 ab

2252 3601 2499 3659 homine.
2533 3605 2718 3661 Multis
2757 3608 2903 3663 enim
2945 3611 3286 3681 temporibus
3329 3615 3640 3684 arripiebat
3675 3615 3832 3680 illum;

2249 3705 2306 3753 et
2335 3696 2682 3757 vinciebatur
2709 3704 2916 3759 catenis
2943 3716 2998 3760 et
3027 3707 3384 3778 compedibus
3422 3712 3752 3767 custoditus.
3781 3710 3834 3764 Et

2251 3792 2427 3862 ruptis
2458 3794 2696 3850 vinculis
2735 3797 3003 3868 agebatur
3037 3813 3066 3852 a
3105 3798 3380 3856 daemonio
3421 3802 3478 3858 in
3509 3803 3738 3860 deserta.
3767 3802 3834 3857 In-

2253 3889 2550 3958 terrogavit
2591 3899 2774 3945 autem
2833 3892 2988 3947 illum
3035 3892 3224 3957 Jesus,
3272 3895 3468 3953 dicens
3509 3914 3524 3954 :
3560 3898 3709 3968 Quod
3757 3896 3833 3950 tibi

2251 3993 2448 4036 nomen
2494 3982 2612 4037 est?
2639 3986 2709 4038 At
2749 3984 2841 4039 ille
2882 3985 3019 4040 dixit
3048 4005 3060 4040 :
3085 3985 3253 4058 Legio
3291 4006 3305 4042 :
3348 3990 3476 4060 quia
3526 3992 3836 4047 intraverant

2248 4073 2518 4131 daemonia
2550 4077 2717 4132 multa
2747 4078 2800 4133 in
2830 4094 2974 4134 eum.
3011 4080 3077 4134 Et
3112 4081 3375 4153 rogabant
3422 4084 3608 4152 illum,
3653 4100 3715 4140 ne
3751 4084 3836 4136 im-

2251 4179 2466 4235 peraret
2491 4168 2622 4236 illis,
2653 4180 2712 4224 ut
2761 4170 2816 4224 in
2864 4171 3118 4244 abyssum
3153 4175 3313 4229 irent.
3359 4175 3497 4232 Erat
3547 4187 3722 4232 autem
3773 4173 3832 4228 ibi

2248 4276 2380 4331 grex
2414 4276 2707 4332 porcorum
2740 4265 3036 4321 multorum
3064 4266 3399 4337 pascentium
3429 4270 3484 4324 in
3537 4281 3714 4326 monte
3741 4286 3754 4321 :
3790 4274 3836 4321 et

2249 4353 2510 4423 rogabant
2541 4370 2687 4422 eum,
2721 4364 2779 4410 ut
2802 4358 3138 4425 permitteret
3166 4359 3246 4416 eis
3269 4361 3322 4416 in
3345 4361 3472 4417 illos
3499 4361 3728 4433 ingredi.
3775 4361 3831 4412 Et

2251 4449 2499 4519 permisit
2522 4449 2649 4505 illis.
2685 4451 2955 4508 Exierunt
2979 4468 3109 4524 ergo
3131 4455 3400 4511 dmmonia
3431 4457 3503 4511 ab
3534 4457 3768 4519 homine,
3790 4462 3836 4508 et

618 4534 876 4606 [Lxxvnt,
909 4529 997 4601 2.]
1031 4529 1125 4584 Est
1153 4537 1335 4586 autem
1365 4528 1482 4584 haec
1513 4529 1768 4599 parabola
1798 4529 2030 4586 :Semen
2063 4539 2147 4586 est

2256 4545 2598 4599 intraverunt
2630 4545 2682 4599 in
2713 4560 2910 4617 porcos
2941 4566 2952 4602 :
2978 4558 3032 4604 et
3053 4549 3257 4618 impetu
3286 4549 3562 4621 abiitgrex
3590 4564 3686 4618 per
3704 4563 3835 4618 prae-

545 4625 772 4682 verbum
796 4624 920 4680 Dei.
949 4622 1050 4691 Qui
1079 4633 1262 4679 autem
1305 4638 1464 4678 secus
1495 4623 1660 4689 viam,
1689 4623 1744 4678 hi
1773 4632 1900 4678 sunt
1928 4625 2020 4695 qui
2052 4640 2148 4681 au-

547 4715 744 4782 diunt;
786 4713 986 4771 deinde
1030 4716 1179 4770 venit
1223 4713 1496 4780 diabolus,
1541 4725 1595 4770 et
1638 4715 1777 4769 tollit
1815 4716 2038 4771 verbum
2077 4717 2147 4774 de

545 4809 712 4865 corde
733 4822 947 4874 eorum,
973 4822 1042 4863 ne
1061 4805 1350 4863 credentes
1374 4805 1506 4861 salvi
1538 4806 1686 4862 fiant.
1711 4805 1845 4861 Nam
1867 4809 1955 4878 qui
1983 4823 2145 4879 supra

547 4910 784 4972 petram,
815 4901 1060 4972 quicum
1100 4900 1394 4968 audierint,
1443 4915 1564 4954 cum
1602 4899 1800 4970 gaudio
1843 4902 2148 4970 suscipiunt

543 4993 792 5058 verbum,
828 5003 883 5048 et
919 4993 972 5048 bi
1005 4991 1217 5048 radices
1253 5007 1360 5047 non
1406 4992 1612 5048 habent
1638 5011 1651 5047 :
1682 4993 1774 5063 qui
1820 4994 1884 5050 ad
1929 5003 2143 5068 tempus

543 5085 774 5142 credunt
799 5094 855 5140 et
888 5085 940 5139 in
985 5093 1231 5155 tempore
1283 5085 1606 5140 tentationis
1652 5085 1932 5142 recedunt.
1984 5089 2142 5157 Quod

546 5187 726 5234 autem
772 5178 825 5233 in
861 5179 1047 5248 spinas
1073 5177 1308 5234 cecidit:
1335 5177 1389 5234 hi
1429 5187 1575 5248 sunt,
1609 5179 1702 5250 qui
1753 5181 2066 5247 audierunt,
2090 5191 2145 5240 et

546 5283 575 5322 a
605 5269 1090 5336 sollicitudinibus,
1136 5279 1192 5324 et
1233 5269 1460 5337 divitiis,
1493 5281 1546 5326 et
1577 5273 1942 5343 voluptatibus
1987 5277 2139 5344 vitae,

546 5372 740 5420 euntes
771 5362 1137 5430 suffocantur,
1173 5375 1365 5420 etnon
1398 5365 1644 5421 referunt
1685 5368 1940 5424 fructum.
1987 5371 2142 5438 Quod

545 5469 727 5516 autem
756 5459 810 5514 in
843 5458 1040 5514 bonam
1065 5466 1262 5514 terram
1289 5474 1303 5513 :
1327 5459 1380 5514 bi
1417 5469 1566 5529 sunt,
1596 5461 1686 5531 qui
1716 5462 1770 5516 in
1804 5463 1970 5520 corde
1999 5465 2142 5523 bono

617 5604 644 5633 ι
683 5594 743 5650 In
768 5592 954 5672 futulo
986 5591 1335 5672 Remittenmr
1366 5594 1589 5664 prtefert
1631 5609 1771 5651 unus
1805 5597 2098 5657 Vaticanus
2119 5643 2135 5672 ,

551 5671 710 5730 atque
734 5665 873 5721 alter
893 5664 1115 5731 Regina:
1137 5680 1239 5720 ms.

617 5732 646 5772 δ
684 5734 886 5790 Minori
913 5749 1140 5790 numero
1168 5751 1258 5804 per
1287 5736 1545 5790 civitatem
1576 5743 1621 5790 ct
1657 5739 1948 5806 castellum,
1983 5744 2135 5813 jttxla

2250 4650 2377 4706 ceps
2409 4636 2460 4691 in
2493 4647 2767 4708 stagnum,
2801 4652 2857 4695 et
2903 4640 3198 4698 suffocatus
3228 4651 3335 4698 est.
3391 4643 3541 4712 Quod
3587 4652 3645 4698 ut
3695 4643 3836 4697 vide

2250 4738 2373 4782 runt
2399 4728 2597 4785 factum
2629 4731 2722 4801 qui
2774 4733 3094 4802 pascebant,
3157 4733 3440 4806 fugerunt,
3472 4743 3530 4790 et
3567 4735 3834 4791 nuntiave-

2250 4827 2376 4874 runt
2435 4819 2486 4873 in
2533 4821 2832 4888 civitatem,
2881 4832 2935 4878 ct
2995 4825 3051 4879 in
3110 4824 3288 4880 villas.
3352 4825 3622 4881 Exierunt
3673 4838 3834 4879 autem

2252 4911 2442 4968 videre
2471 4915 2614 4984 quod
2645 4915 2847 4972 factum
2875 4929 2979 4986 est,
3029 4928 3086 4976 et
3119 4931 3383 4977 venerunt
3408 4920 3475 4977 ad
3513 4921 3701 4978 Jesum
3733 4939 3745 4973 :
3787 4929 3834 4973 et

2251 5008 2573 5066 invenerunt
2597 5011 2872 5069 hominem
2899 5015 3204 5082 sedentem,
3223 5031 3254 5072 a
3282 5033 3390 5088 quo
3408 5017 3684 5074 daemonia
3705 5017 3836 5074 exie«

2249 5112 2394 5168 rant,
2452 5105 2730 5174 vestitum,
2789 5123 2853 5163 ac
2900 5123 3030 5164 sana
3079 5121 3282 5179 mente,
3312 5111 3380 5165 ad
3424 5111 3598 5180 pedes
3626 5113 3760 5181 ejus,
3789 5116 3832 5162 et

2252 5193 2574 5252 timuerunt.
2603 5199 2997 5256 Nnntiaverunt
3028 5211 3206 5258 autem
3239 5202 3348 5259 illis
3378 5217 3431 5262 et
3459 5204 3560 5274 qui
3581 5204 3827 5265 viderant,

2245 5291 2521 5358 quomodo
2553 5308 2721 5350 sanus
2750 5295 2924 5351 factus
2977 5306 3124 5352 esset
3171 5312 3199 5349 a
3249 5281 3490 5366 legione;
3522 5308 3581 5353 et
3631 5309 3829 5367 rogave-

2251 5383 2546 5439 runtillum
2578 5390 2756 5443 omnis
2797 5388 3085 5444 multitudo
3138 5390 3376 5460 regionis
3417 5389 3826 5448 Gerasenorum.

2252 5482 2312 5527 ut
2335 5473 2640 5533 discederet
2667 5479 2735 5534 ab
2764 5480 2896 5551 ipsis
2931 5497 2944 5535 :
2975 5480 3101 5551 quia
3142 5496 3337 5552 magno
3361 5482 3565 5538 timore
3596 5481 3828 5539 teneban-

2247 5605 2517 5676 Graecum,
2548 5615 2676 5668 κατὰ
2705 5615 2850 5688 πόλιν
2881 5619 2967 5671 καὶ
2989 5619 3187 5686 κώμην,
3220 5615 3516 5674 Vaticanus
3542 5630 3597 5675 ct
3633 5616 3826 5688 Regio-le

2245 5694 2462 5749 quoque
2491 5699 2590 5738 ms.
2617 5684 2930 5755 prinferunt.
