3920 6200
146 238 245 295 6'23

1202 235 1648 293 EVANGELIUM
1689 234 2062 293 SECUNDUM
2104 236 2357 293 LUCAM.

3330 242 3434 298 626

149 364 250 409 tur.
287 355 547 428 [Lxxxtv,
593 354 668 426 8.]
723 355 841 425 lpse
867 362 1047 409 autem
1080 353 1383 409 ascendens
1414 353 1616 418 navim,
1643 368 1732 407 re-
1763 358 1817 417 Α
1841 362 1895 407 et
1928 352 2231 416 lnesitabat,
2265 366 2331 406 eo
2368 352 2508 422 quod
2544 352 2819 407 diceretur
2851 369 2876 405 a
2908 352 3227 423 quibusdam
3258 372 3269 405 :
3303 354 3440 420 Quia

144 460 343 502 versus
374 458 480 504 est.
533 450 597 504 Et
634 448 859 518 rogabat
888 447 1038 501 illum
1087 448 1191 512 vir,
1243 462 1271 500 a
1321 462 1428 517 quo
1472 446 1739 501 dzemonia

142 541 422 607 exierant,
448 550 502 595 ιιι
531 555 649 595 cum
674 554 741 595 eo
766 548 929 595 esset.
960 538 1174 593 Dimisit
1196 549 1377 594 autem
1409 554 1532 595 eum
1559 540 1738 604 Jesus,

138 630 333 688 dicens
368 651 381 687 :
412 632 544 687 Redi
573 633 625 686 in
663 633 884 687 domum
918 640 1086 695 tuam,
1128 640 1183 686 et
1212 649 1367 686 narra
1416 645 1613 703 quanta
1644 633 1737 687 tibi

137 725 265 779 fecit
290 725 455 779 Deus.
488 726 553 779 lit
580 724 719 779 abiit
750 742 845 795 per
868 727 1176 780 universam
1210 726 1508 793 civitatem,
1550 727 1739 795 pratdi-

134 832 265 872 cans
292 828 497 889 quanta
530 819 608 873 illi
638 818 961 874 fecitJesus.
999 818 1228 890 [Lxxxv,
1261 818 1339 889 2.]
1381 819 1602 873 Factum
1656 829 1740 873 est

134 921 315 966 autem
368 926 491 966 eum
544 912 799 967 rediisset
855 911 1035 978 Jesus,
1086 911 1300 981 excepit
1360 913 1509 966 illum
1559 915 1734 967 turba.

132 1002 299 1058 Erant
326 1004 471 1058 enim
522 1019 713 1059 omnes
743 1014 1133 1074 exspectantes
1158 1021 1305 1059 eum.
1332 1004 1399 1059 Et
1436 1022 1563 1061 ecce
1593 1009 1739 1060 venit

132 1097 237 1160 vir,
272 1097 361 1151 cui
406 1112 606 1153 nomen
647 1097 849 1162 Jairus,
896 1109 951 1153 et
1000 1098 1118 1169 ipse
1156 1099 1403 1168 princeps
1448 1114 1737 1169 synagogas

135 1198 253 1243 erat
283 1210 294 1241 :
323 1200 378 1245 et
402 1190 603 1245 cecidit
650 1190 718 1245 ad
760 1190 924 1260 pedes
950 1192 1102 1257 Jesu,
1139 1206 1338 1261 rogans
1367 1207 1514 1253 eum,
1556 1201 1611 1245 ut
1652 1192 1738 1245 in-

134 1289 306 1337 traret
360 1284 411 1336 itt
445 1282 666 1338 domum
720 1284 857 1353 ejus,
884 1287 1008 1355 quia
1058 1285 1215 1339 unica
1264 1286 1369 1339 lilia
1402 1296 1519 1340 erat
1549 1288 1597 1341 ei
1623 1287 1737 1341 fere

138 1390 403 1430 annorum
430 1375 743 1444 duodecim,
772 1387 825 1431 et
854 1377 969 1432 haec
1001 1378 1356 1434 moriebatur.
1395 1381 1459 1434 Et
1483 1381 1732 1451 contigit,

140 1468 261 1524 dum
286 1470 467 1535 iret,a
496 1470 669 1525 turbis
688 1472 1174 1540 compritnebatur.
1220 1473 1287 1527 Et
1336 1474 1530 1527 mulier
1579 1490 1734 1543 qua:-

143 1561 261 1617 dam
286 1573 406 1618 erat
433 1562 486 1617 in
509 1562 661 1617 fluxu
686 1564 969 1633 sanguinis
996 1565 1063 1618 ab
1094 1564 1253 1618 annis
1278 1564 1587 1631 duodecim,
1613 1581 1735 1636 qua:

145 1654 196 1710 in
228 1655 465 1710 medicos
518 1665 839 1725 erogat-erat
878 1671 1094 1711 omnem
1150 1656 1507 1711 substantiam
1556 1673 1730 1721 suam,

1842 446 2081 501 Joannes
2125 446 2363 500 surrexit
2393 460 2421 499 a
2474 446 2753 500 mortuis:
2798 462 2827 499 a
2881 448 3199 515 quibusdam
3252 463 3386 502 vero
3422 468 3436 503 :

1842 540 1977 608 Quia
2012 540 2159 595 Elias
2193 540 2445 610 apparuit
2480 558 2491 594 :
2525 540 2592 595 ab
2618 540 2740 595 aliis
2760 551 2939 595 autem
2972 542 3143 607 :Quia
3171 543 3437 610 propheta

1841 649 1980 690 unus
2008 635 2075 690 de
2100 634 2337 704 antiquis
2365 633 2620 689 surrexit.
2657 634 2721 688 Et
2750 633 2822 687 ait
2852 633 3092 688 llerodes
3129 652 3139 686 :
3169 632 3435 689 Joutttem

1840 742 1942 797 ego
1963 727 2229 782 decollavi
2260 742 2274 779 :
2321 725 2452 794 Quis
2482 735 2564 780 est
2584 736 2763 780 autern
2790 727 2910 791 iste,
2938 727 3007 781 de
3045 743 3150 797 quo
3180 743 3279 797 ego
3309 728 3437 781 talia

1839 820 2042 873 audio?
2074 819 2138 873 Et
2162 819 2439 890 qua:rebat
2470 820 2655 873 videre
2685 836 2830 874 cum.
2858 820 2988 891 μοι,
3024 818 3101 889 8.]
3138 820 3203 874 lit
3230 822 3439 875 reversi

1839 912 2113 981 Apostoli,
2172 923 2528 967 narraverttnt
2592 914 2667 968 illi
2722 929 3070 984 qumcumque
3144 914 3435 970 fecerunt:

1840 1003 1988 1075 [ηιμ
2016 1004 2093 1073 5.Ι
2127 1013 2181 1060 et
2206 1005 2499 1074 assumptis
2523 1004 2628 1059 illis
2656 1006 2879 1060 seceSsit
2900 1021 3143 1060 seorsum
3176 1008 3228 1061 in
3261 1007 3439 1061 locum

1841 1097 2139 1163 desertum,
2191 1099 2282 1169 qui
2317 1106 2401 1152 est
2455 1098 2777 1152 Betltsaidte.
2813 1098 2965 1166 Quod
2995 1113 3117 1153 cum
3147 1101 3437 1171 cognovis-

1838 1198 1961 1244 sent
1986 1189 2179 1256 turba},
2209 1201 2409 1245 secuta:
2455 1201 2581 1243 sunt
2636 1190 2788 1243 illum
2823 1206 2837 1246 :
2870 1200 2923 1244 et
2954 1191 3174 1260 excepit
3218 1206 3335 1257 eos,
3385 1200 3443 1247 et

1840 1283 2173 1353 loquebatur
2204 1284 2315 1339 illis
2344 1285 2413 1339 de
2444 1300 2611 1354 regno
2641 1284 2757 1350 Dei,
2794 1294 2846 1339 et
2891 1300 3009 1350 eos,
3061 1284 3153 1354 qui
3182 1301 3309 1340 cura
3358 1286 3440 1340 in-

1838 1376 2116 1446 digebant,
2170 1378 2415 1431 sanabat.
2456 1376 2633 1447 [XCII],
2670 1376 2743 1447 l.]
2804 1377 2926 1432 Dies
2980 1387 3156 1431 autem
3204 1388 3445 1447 coeperat

1837 1469 2135 1525 declinare.
2186 1470 2249 1523 Et
2300 1470 2623 1525 accedentes
2678 1469 2964 1524 duodecim
3026 1470 3383 1524 dixeruntilli
3418 1487 3437 1523 .-

1838 1564 2057 1617 Dimitte
2086 1562 2292 1627 turbas,
2324 1574 2382 1616 ut
2413 1572 2607 1617 euntes
2638 1564 2689 1616 in
2735 1564 2963 1617 castella
3017 1564 3276 1633 villasque
3319 1578 3439 1633 qua:

1838 1656 1981 1711 circa
2030 1666 2175 1720 sunt,
2209 1656 2502 1719 divertant,
2546 1664 2599 1710 et
2640 1655 2916 1709 inveniant
2956 1670 3110 1710 escas
3145 1673 3155 1707 :
3192 1657 3316 1724 quia
3352 1655 3440 1709 hic

146 1761 245 1802 nec
269 1747 334 1801 ab
355 1747 466 1801 ullo
496 1746 671 1817 potuit
714 1748 893 1803 curari
922 1765 933 1800 :
992 1747 1222 1802 accessit
1266 1760 1430 1814 retro,
1467 1759 1522 1803 et
1554 1750 1729 1819 tetigit
1758 1757 1807 1816 B
1837 1749 1889 1804 in
1914 1749 2034 1804 loco
2057 1750 2275 1803 deserto
2304 1764 2512 1803 sumus.
2559 1750 2645 1803 Ait
2677 1757 2854 1802 autem
2885 1748 2948 1800 ad
2975 1747 3099 1801 illos
3132 1767 3141 1800 :
3180 1750 3285 1801 Vos
3312 1748 3439 1802 date

152 1839 410 1895 ﬁmbriam
460 1840 767 1897 vestimenti
808 1841 947 1910 ejus,
977 1852 1031 1896 et
1056 1841 1341 1897 confestim
1374 1844 1525 1897 stetit
1554 1843 1733 1898 lluxus

156 1932 423 2003 sanguinis
462 1933 606 2002 ejus.
636 1934 701 1987 Et
727 1932 1009 1989 aitJesus:
1036 1934 1167 2001 Quis
1181 1943 1284 2001 est,
1310 1935 1401 2004 qui
1425 1950 1509 1988 me
1538 1936 1733 2005 tetigit?

151 2024 471 2095 Negautibus
498 2037 681 2081 autem
708 2027 963 2081 omnibus
984 2026 1119 2082 dixit
1151 2027 1368 2096 Petrus,
1398 2036 1451 2082 et
1480 2030 1568 2098 qui
1610 2042 1733 2083 cum

156 2120 248 2175 illo
274 2132 419 2175 erant
449 2137 461 2174 :
494 2120 828 2191 Praeceptor,
862 2120 1033 2175 turba:
1062 2130 1115 2176 te
1158 2122 1544 2190 comprimunt,
1573 2129 1626 2174 et
1657 2118 1737 2174 af-

160 2212 355 2282 ﬂigunt,
384 2222 438 2268 et
466 2213 598 2268 dicis
632 2232 643 2266 :
699 2212 833 2282 Quis
879 2228 967 2269 tne
998 2214 1206 2284 tetigit?
1255 2213 1325 2268 Et
1354 2214 1489 2268 dixit
1527 2212 1687 2268 Jesus
1720 2232 1733 2268 :

156 2304 346 2376 Tetigit
396 2322 480 2361 me
519 2305 751 2377 aliquis:
787 2322 911 2360 nam
960 2322 1061 2377 ego
1097 2308 1221 2361 novi
1261 2309 1514 2363 virtutem
1544 2307 1610 2360 de
1650 2322 1737 2362 me

161 2399 369 2454 exiisse.
403 2398 604 2453 Videns
633 2408 814 2453 autem
865 2400 1084 2465 mulier,
1123 2401 1244 2469 quia
1281 2416 1386 2455 non
1417 2399 1597 2466 latuit,
1626 2408 1737 2454 tre-

163 2505 305 2545 mens
332 2490 494 2555 venit,
519 2501 571 2546 et
604 2490 836 2561 procidit
861 2501 988 2547 ante
1016 2493 1183 2561 pedes
1214 2493 1333 2562 ejus
1360 2511 1370 2545 :
1406 2501 1461 2547 et
1492 2494 1736 2561 obquam

166 2598 365 2639 causam
393 2583 631 2655 tetigerit
656 2599 803 2650 eum,
831 2583 1091 2639 indicavit
1117 2600 1299 2639 coram
1319 2585 1463 2639 omni
1499 2584 1700 2654 populo
1722 2602 1737 2642 :

166 2688 217 2733 et
242 2678 681 2749 quemadmodum
715 2678 1001 2732 confestim
1030 2687 1217 2733 sanata
1244 2678 1333 2733 sit.
1360 2680 1429 2733 At
1455 2680 1568 2748 ipse
1601 2678 1741 2732 dixit

163 2772 209 2827 ei
234 2791 244 2827 :
271 2773 416 2838 Filia,
452 2773 584 2827 fides
622 2782 709 2828 tua
738 2773 943 2827 salvam
999 2784 1050 2829 te
1095 2773 1266 2829 fecit:
1313 2774 1450 2828 vade
1491 2774 1544 2828 in
1583 2788 1737 2842 pace.

164 2866 340 2922 Adhuc
361 2868 449 2923 illo
469 2868 746 2938 loquente,
764 2868 911 2922 venit
934 2868 1150 2937 quidam
1180 2869 1245 2922 ad
1278 2869 1578 2939 principem
1608 2884 1738 2939 syn-

162 2974 355 3029 agogze,
406 2962 589 3017 dicens
621 2962 671 3016 ei
709 2978 723 3016 :
758 2960 893 3029 Quia
928 2974 1144 3015 mortua
1192 2971 1283 3015 est
1313 2960 1417 3015 filia
1461 2970 1573 3027 tua,
1632 2960 1741 3014 noli

164 3066 353 3108 vexare
381 3054 552 3109 illum.
574 3053 735 3109 Jesus
754 3062 933 3108 autem
958 3054 1142 3108 audito
1168 3053 1270 3107 hoc
1301 3053 1486 3115 verbo,
1518 3067 1746 3121 respon-

1838 1844 1945 1898 illis
1990 1842 2338 1896 manducare.
2370 1841 2439 1895 At
2488 1839 2568 1895 illi
2624 1841 2877 1896 dixerunt
2912 1859 2925 1894 :
2959 1841 3075 1894 Non
3130 1851 3255 1894 sunt
3286 1841 3441 1895 nobis

1839 1938 1960 2009 plus
1982 1953 2141 2008 quam
2174 1938 2411 2007 quinque
2441 1950 2627 2005 panes,
2681 1946 2734 1990 et
2763 1936 2869 1991 duo
2901 1937 3081 2006 pisces
3113 1953 3126 1990 :
3170 1935 3272 1989 nisi
3302 1935 3441 1989 forte

1839 2046 1940 2086 nos
1986 2045 2213 2099 eamus,
2271 2041 2325 2085 et
2371 2045 2618 2085 emamns
2670 2030 2721 2084 in
2776 2044 2991 2084 omnem
3049 2027 3188 2081 banc
3229 2030 3443 2083 turbam

1839 2140 2011 2181 escas.
2038 2125 2208 2179 Erant
2238 2135 2418 2178 autem
2451 2124 2564 2179 fere
2609 2124 2705 2178 viri
2735 2126 2972 2194 quinque
3014 2124 3201 2177 millia.
3231 2124 3318 2177 Ait
3345 2138 3438 2177 au-

1843 2226 1949 2271 tem
1982 2216 2048 2269 ad
2084 2215 2379 2285 discipulos
2400 2230 2528 2271 suos
2561 2233 2575 2270 :
2611 2215 2792 2270 Facite
2818 2217 2943 2270 illos
2967 2217 3313 2271 discumbere
3344 2230 3439 2285 per

1840 2306 2087 2362 convivia
2138 2307 2567 2377 quinquagenos.
2606 2307 2671 2360 Et
2694 2307 2764 2359 ita
2798 2307 3057 2361 fecerunt.
3101 2306 3167 2360 Et
3194 2307 3436 2360 discum-

1842 2402 1971 2456 bere
1994 2398 2717 2467 feceruntomnes.Acceptis
2740 2408 2915 2453 autem
2936 2399 3173 2467 quinque
3194 2398 3437 2465 panibus,

1841 2504 1898 2550 et
1921 2494 2131 2547 duobus
2174 2492 2433 2561 piscibus,
2477 2491 2716 2560 respexit
2750 2491 2801 2543 in
2834 2491 3048 2552 caelum,
3075 2498 3128 2542 et
3160 2488 3439 2542 benedixit

1842 2588 1971 2651 illis,
2006 2594 2063 2640 et
2100 2584 2277 2655 fregit,
2324 2594 2380 2638 et
2404 2583 2677 2637 distribuit
2700 2580 2979 2649 discipulis
3022 2580 3152 2638 suis.
3188 2591 3243 2633 ttt
3274 2595 3443 2649 pone-

1844 2688 1969 2735 rent
1994 2690 2118 2733 ante
2162 2678 2365 2733 turbas.
2420 2677 2488 2731 Et
2525 2676 2987 2730 manducaverunt
3012 2690 3222 2737 omnes,
3252 2683 3305 2726 et
3335 2688 3440 2726 sa-

1848 2776 2009 2830 turali
2062 2784 2208 2828 suul.
2270 2772 2339 2826 Et
2378 2771 2645 2826 sublatum
2702 2778 2786 2824 est
2831 2767 2975 2837 quod
3006 2766 3266 2837 superfuit
3307 2765 3438 2829 illis,

1845 2867 2268 2937 fragmentorunt
2293 2862 2829 2934 c0phiniduodecitn.
2854 2862 3019 2933 [mn],
3050 2858 3124 2929 1.]
3152 2860 3214 2912 Et
3240 2859 3437 2912 factum

1846 2970 1929 3017 est
1948 2977 2069 3016 cum
2095 2961 2244 3015 Solus
2270 2970 2611 3019 essetorans,
2634 2966 2788 3010 erant
2815 2971 2936 3010 eum
2964 2955 3055 3007 illo
3079 2964 3132 3007 et
3155 2953 3439 3021 discipuli:

1846 3065 1901 3110 et
1940 3054 2293 3124 interrogavit
2322 3052 2445 3106 illos
2499 3050 2686 3105 dicens
2718 3067 2730 3103 :
2790 3050 2959 3114 Quem
2991 3061 3075 3100 tne
3105 3045 3291 3100 dicttnt
3319 3058 3441 3098 esse

164 3142 237 3197 dit
268 3148 395 3214 patri
438 3146 635 3216 puellae
665 3162 681 3201 :
732 3145 855 3200 Noli
902 3146 1119 3211 timere,
1173 3143 1336 3200 crede
1386 3153 1590 3198 tantum
1615 3186 1629 3209 ,
1689 3148 1813 3209 etC
1849 3147 2057 3202 turbm?
2090 3149 2155 3200 At
2188 3146 2260 3199 illi
2290 3143 2708 3214 responderunt,
2738 3141 3077 3196 etdixerunt
3103 3154 3118 3189 :
3152 3138 3241 3190 alii
3274 3135 3438 3189 Joan-

164 3238 306 3291 salva
333 3240 447 3294 erit.
494 3239 707 3294 Etcum
754 3240 994 3294 venisset
1030 3239 1283 3308 domum,
1334 3254 1443 3293 non
1498 3238 1744 3307 permisit

166 3332 357 3390 intrare
382 3350 560 3391 secum
586 3350 935 3405 quemquam,
968 3337 1071 3390 nisi
1102 3335 1341 3403 Petrum,
1369 3342 1425 3389 et
1453 3333 1737 3401 Jacobum,

162 3436 212 3480 et
240 3426 511 3495 Joannem,
547 3439 600 3483 ct
630 3437 860 3498 patrem,
912 3438 967 3482 et
1011 3438 1235 3481 matrem
1269 3426 1479 3496 puellae.
1514 3426 1742 3480 Flebant

162 3529 335 3575 autem
362 3537 566 3589 omnes,
620 3532 675 3577 et
719 3522 1051 3593 plangebant
1097 3522 1243 3576 illam
1283 3540 1293 3574 ε
1334 3532 1390 3577 at
1445 3522 1536 3576 ille
1565 3522 1737 3575 dixit:

162 3611 328 3671 Nolite
378 3616 529 3681 flere,
563 3632 670 3671 non
701 3627 783 3672 est
829 3625 1041 3671 mortua
1075 3626 1099 3652 υ
1130 3616 1327 3684 puella,
1374 3614 1470 3670 sed
1516 3615 1737 3668 dormit.

165 3705 232 3760 Et
266 3710 579 3765 dcridebant
616 3727 765 3777 eum,
811 3711 1052 3766 scientes
1104 3711 1251 3781 quod
1310 3720 1517 3763 mortua
1571 3717 1735 3763 esset.

162 3793 274 3865 Ipse
299 3811 471 3856 autem
520 3811 712 3856 tenens
752 3818 968 3856 manum
1026 3802 1143 3870 ejus
1176 3802 1456 3869 clamavit,
1512 3801 1738 3855 dicens:

163 3886 356 3958 Puella,
395 3908 574 3964 surge.
610 3894 678 3948 Et
718 3909 970 3949 reversus
999 3902 1082 3949 est
1108 3894 1330 3963 spiritus
1370 3893 1508 3961 ejus,
1541 3903 1595 3947 et
1620 3908 1742 3946 sur—

162 3986 299 4039 rexit
345 3989 618 4043 eontinuo.
679 3987 746 4042 Et
771 3988 940 4059 jussit
984 3986 1060 4041 illi
1108 3987 1224 4041 dari
1274 3986 1620 4040 tnandueare.
1676 3985 1743 4040 Et

163 4083 472 4147 stupuerunt
499 4088 756 4150 parentes
785 4084 923 4148 ejus,
959 4078 1155 4149 quibus
1181 4078 1457 4149 praecepit,
1491 4094 1557 4133 ne
1585 4078 1741 4132 alicui

162 4168 393 4227 dicerent
420 4174 563 4243 quod
605 4172 807 4227 factum
851 4182 989 4228 erat.

230 4260 373 4335 [ϐαρ.
402 4263 489 4318 IX.
525 4280 752 4331 LXXXVI,
783 4263 863 4335 2.]
891 4264 1214 4318 Convocatis
1245 4273 1422 4316 autem
1454 4262 1742 4317 duodecim

165 4352 444 4423 Apostolis,
476 4356 626 4411 dedit
654 4357 758 4410 illis
801 4358 1059 4410 virtutem
1111 4365 1164 4409 et
1205 4364 1531 4425 potestatem
1580 4370 1744 4423 super

164 4454 334 4503 omnia
371 4457 659 4516 dtemonia,
694 4459 750 4504 et
778 4457 836 4503 ut
883 4449 1169 4519 languorcs
1192 4458 1467 4503 curarent.
1503 4449 1569 4501 Et
1598 4449 1745 4503 misit

1847 3257 1968 3296 nem
2002 3240 2315 3309 Baptistatn,
2344 3238 2430 3290 alii
2454 3245 2634 3290 autem
2662 3235 2858 3298 Eliatn,
2890 3232 2981 3286 alii
3002 3247 3131 3286 vero
3155 3230 3278 3298 quia
3303 3243 3441 3282 unus

1846 3339 2107 3406 prOpheta
2138 3336 2205 3387 de
2252 3331 2524 3401 prioribus
2569 3328 2821 3383 surrexit.
2879 3327 3026 3380 Dixit
3072 3336 3253 3379 autem
3286 3323 3438 3377 illis:

1846 3429 1954 3483 Vos
1979 3437 2159 3482 autem
2191 3442 2349 3495 quem
2379 3440 2465 3479 me
2492 3439 2612 3478 esse
2636 3422 2849 3475 dicitis?
2872 3418 3227 3489 Respondeas
3252 3417 3440 3472 Simon

1844 3524 2038 3579 Petrus
2084 3522 2222 3577 dixit
2254 3538 2267 3573 :
2300 3519 2576 3574 Christum
2608 3516 2723 3571 Dei.
2758 3516 2900 3587 hev,
2935 3512 3016 3583 2.]
3052 3514 3122 3567 At
3154 3513 3241 3565 ille
3270 3512 3445 3564 inerec

1844 3632 1979 3688 pans
2021 3616 2167 3679 illos,
2202 3613 2479 3683 praecepit,
2534 3627 2602 3666 ne
2652 3610 2737 3663 cui
2768 3608 3017 3663 dicerent
3045 3605 3170 3669 hoc,
3206 3604 3392 3657 dicens
3424 3622 3437 3659 :

1843 3710 1979 3779 Quia
2018 3718 2231 3778 oportet
2262 3704 2458 3760 Filium
2518 3703 2755 3756 hominis
2810 3700 2974 3754 multa
3003 3696 3133 3767 pati,
3165 3706 3216 3749 et
3247 3710 3439 3765 repro-

1844 3803 1962 3858 bari
2016 3820 2042 3853 a
2088 3800 2413 3863 senioribus,
2466 3806 2520 3851 et
2578 3794 2912 3863 principibus
2970 3790 3338 3853 sacerdotum,
3390 3796 3446 3841 ct

1844 3893 2064 3958 scribis,
2113 3901 2169 3945 et
2216 3889 2412 3954 occidi,
2438 3898 2493 3943 et
2520 3888 2672 3941 tertia
2701 3887 2789 3939 die
2812 3899 3115 3951 resurgere.
3147 3882 3313 3954 μανι,
3359 3880 3441 3951 2.]

1847 3986 2075 4041 Dicebat
2105 3993 2286 4038 autem
2316 3981 2383 4035 ad
2416 3994 2605 4035 omnes
2638 3998 2647 4030 :
2682 3979 2739 4035 Si
2771 3979 2888 4049 quis
2920 3977 3036 4031 vult
3067 3986 3188 4046 post
3230 3990 3316 4029 me
3353 3989 3444 4028 ve-

1846 4079 1985 4142 nire,
2046 4077 2282 4145 abneget
2327 4074 2701 4143 semetipsum,
2744 4081 2799 4126 et
2849 4072 3004 4126 tollat
3046 4084 3261 4125 crucem
3291 4082 3441 4121 suam

1845 4168 2109 4243 quotidie,
2134 4180 2189 4223 et
2218 4176 2472 4238 sequatur
2507 4182 2612 4223 me.
2648 4166 2747 4234 Qui
2780 4166 2924 4220 enim
2949 4165 3178 4220 voluerit
3202 4163 3439 4215 animam

1847 4280 1999 4319 suam
2031 4264 2238 4317 salvam
2270 4264 2467 4329 facere,
2522 4260 2708 4330 perdet
2761 4259 2907 4313 illam
2943 4276 2955 4311 :
2990 4274 3109 4311 nam
3141 4258 3228 4324 qui
3262 4255 3441 4323 perdi-

1846 4357 1988 4412 derit
2016 4356 2248 4410 animam
2283 4369 2434 4408 suam
2466 4360 2689 4421 propter
2716 4367 2820 4413 tne,
2854 4350 3055 4402 salvam
3081 4347 3236 4400 faciet
3270 4344 3437 4396 illam.

1846 4450 1985 4517 Quid
2015 4451 2157 4505 enim
2188 4448 2405 4519 proficit
2435 4448 2594 4501 homo
2616 4446 2659 4499 si
2684 4447 2922 4498 lucretur
2943 4444 3253 4495 universum
3288 4454 3445 4491 mun-

165 4536 281 4595 illos
333 4543 629 4611 praedicare
678 4558 902 4614 regnum
955 4542 1071 4607 Dei,
1126 4550 1179 4595 ct
1230 4556 1424 4596 sanare
1479 4541 1740 4595 inlirtnos.
1774 4544 2002 4616 Ddum,
2035 4560 2093 4598 se
2146 4552 2329 4596 autem
2380 4542 2554 4609 ipsum
2610 4538 2819 4608 perdat,
2854 4546 2903 4590 et
2935 4536 3316 4588 detrimentum
3360 4532 3443 4585 sui

165 4627 425 4703 (unm,
449 4634 529 4707 2.]
562 4636 634 4692 Et
669 4637 745 4691 ait
794 4636 861 4691 ad
894 4635 1015 4690 illos
1046 4652 1059 4689 :
1106 4634 1249 4689 Nihil
1279 4635 1505 4690 tuleritis
1532 4636 1585 4690 in
1635 4636 1743 4699 via,

170 4740 333 4799 neque
355 4730 586 4801 virgam,
632 4744 808 4799 neque
840 4744 1045 4797 peram,
1098 4744 1273 4797 neque
1321 4743 1534 4798 panem,
1567 4744 1745 4799 neque

167 4824 460 4892 pecuniam,
495 4838 672 4895 neque
695 4823 830 4878 duas
858 4823 1067 4877 tunicas
1094 4820 1360 4875 habeatis.
1390 4823 1452 4875 Et
1477 4821 1529 4875 in
1560 4838 1747 4891 quam-

168 4927 385 4987 cumque
411 4919 633 4974 domum
667 4916 1025 4983 intraveritis,
1070 4915 1140 4969 ibi
1172 4928 1404 4981 manete,
1440 4925 1495 4970 et
1528 4916 1654 4969 inde
1680 4931 1747 4969 ne

167 5011 384 5065 exeatis.
412 5011 692 5082 luxum,
724 5008 804 5079 2.]
840 5009 903 5062 Et
929 5008 1258 5078 quicumque
1290 5023 1395 5061 non
1441 5008 1747 5076 receperint

167 5111 265 5158 vos
291 5122 303 5157 :
350 5118 609 5161 exeuntes
647 5105 715 5159 de
742 5104 958 5157 civitate
988 5103 1099 5169 illa,
1130 5101 1295 5157 etiam
1338 5100 1615 5170 pulverem
1646 5118 1743 5170 pe-

168 5192 287 5249 dum
317 5207 619 5253 vestrorum
650 5195 896 5251 excutite
926 5195 977 5248 in
1007 5194 1376 5248 testimonium
1406 5207 1572 5263 supra
1600 5192 1739 5247 illos.

168 5279 439 5355 [Lxxxx1x,
466 5287 547 5357 8.]
574 5287 1010 5357 Egressigautem
1041 5285 1471 5353 circuibantfper
1498 5284 1742 5351 castella,

172 5381 593 5449 evangelizantes
621 5388 677 5435 et
720 5386 975 5432 curantes
1010 5376 1227 5447 ubique.
1261 5376 1370 5447 με,
1402 5374 1482 5447 2.]
1528 5375 1751 5429 Audivit

187 5481 347 5529 autem
378 5474 620 5531 llerodes
657 5472 925 5529 tetrarclta
964 5470 1147 5528 omnia
1182 5486 1307 5542 quae
1333 5469 1535 5527 ﬁebant
1569 5469 1638 5524 ab
1663 5484 1751 5534 eo,

1846 4640 2048 4695 faciat?
2104 4638 2295 4709 [xcvtt,
2326 4633 2406 4705 2.]
2435 4634 2565 4687 Nam
2597 4633 2686 4701 qui
2734 4644 2820 4684 me
2864 4624 3158 4690 erubuerit,
3210 4632 3263 4679 et
3294 4638 3446 4677 meos

1848 4746 2147 4795 sermones,
2194 4730 2335 4784 hunc
2362 4727 2503 4781 filius
2528 4724 2758 4779 hominis
2800 4723 3101 4783 erubescet,
3125 4733 3246 4772 cum
3278 4732 3448 4771 vene--

1848 4827 1917 4879 rit
1940 4825 1991 4877 in
2026 4822 2309 4891 majestate
2337 4834 2453 4881 sua,
2479 4825 2533 4871 et
2564 4816 2755 4885 patris,
2782 4824 2835 4867 et
2884 4819 3194 4866 sanctorum
3224 4808 3449 4877 angelo-

1850 4931 1993 4970 rum.
2020 4915 2227 4985 [xcvnn
2256 4909 2337 4981 2.]
2370 4909 2502 4963 Dico
2532 4915 2714 4960 autem
2754 4904 2926 4966 vobis,
2960 4916 3088 4956 vere
3114 4910 3238 4955 sunt
3282 4899 3445 4968 aliqui

1852 5008 1941 5062 hic
1970 5017 2196 5071 stantes,
2248 5003 2338 5072 qui
2372 5016 2479 5056 non
2530 4997 2823 5069 gustabunt
2879 5004 3126 5057 mortem,
3170 4992 3343 5047 donec
3368 4993 3448 5044 vi-

1851 5103 2015 5156 deant
2044 5113 2268 5169 regnum
2295 5096 2410 5150 Dei.
2438 5094 2661 5148 Factutn
2694 5097 2974 5147 estautetn
2999 5096 3121 5157 post
3153 5088 3265 5140 haec
3284 5084 3448 5140 verba

1853 5193 1968 5249 fere
1997 5192 2111 5244 dies
2146 5197 2289 5253 octo,
2322 5197 2376 5241 et
2397 5182 2691 5253 assumpsit
2724 5183 2962 5245 Petrum,
2991 5190 3045 5235 et
3084 5176 3367 5238 Jacobum,
3394 5186 3451 5229 et

1853 5287 2137 5345 Joannem,
2163 5290 2216 5335 et
2243 5278 2488 5334 ascendit
2519 5278 2569 5330 in
2606 5286 2869 5343 montem,
2902 5282 2965 5329 ut
2988 5281 3192 5329 oraret.
3221 5269 3450 5325 Etfacta

1856 5387 1959 5444 est,
1984 5376 2109 5431 dum
2134 5380 2337 5437 oraret,
2365 5369 2578 5440 species
2610 5370 2789 5424 vultus
2839 5367 2957 5438 ejus
2983 5366 3174 5429 altera,
3207 5373 3262 5418 et
3281 5360 3450 5416 vesti-

1859 5483 1945 5528 tus
1965 5469 2085 5539 ejus
2114 5465 2267 5522 albus
2296 5476 2351 5521 et
2376 5462 2673 5535 refulgens.
2725 5462 2794 5519 Et
2822 5476 2950 5518 ecce
2997 5456 3230 5529 duo_viri
3260 5455 3452 5526 loque-

247 5689 270 5755 ιτ
294 5680 405 5738 Non
429 5682 644 5739 additur
670 5681 847 5753 puella
886 5680 942 5736 in
972 5680 1075 5755 bis,
1106 5677 1303 5749 quibus
1330 5677 1561 5746 utimur,
1590 5687 1747 5743 mss.,
1776 5672 1920 5747 quod
1940 5685 2136 5729 nomen
2167 5677 2222 5727 et
2255 5668 2311 5726 in
2340 5665 2544 5726 Graecis
2581 5678 2845 5737 perquam
2886 5662 3023 5721 raris
3052 5658 3331 5719 codicibus
3369 5656 3459 5714 hic

190 5747 275 5811 loci
300 5755 550 5814 occurrit.
