3920 6200
475 133 579 194 627
1491 114 1547 170 S.
1591 106 1977 169 BIERONYMI
2018 103 2247 162 DIVINA
2289 95 2766 159 BIBLIOTBECA.
3675 92 3767 150 023

479 250 677 304 bantur
704 256 826 298 cum
860 240 974 294 illo.
1031 235 1201 290 Erant
1241 239 1421 287 autem
1453 228 1665 301 Moyses
1686 234 1740 282 et
1768 224 1935 289 Elias,
1978 221 2081 278 visi
2107 224 2161 284 Α
2186 218 2358 275 Filius
2383 216 2622 273 hominis
2666 228 2776 269 non
2804 214 2949 268 venit
2977 212 3190 266 animas
3235 210 3490 281 perdere,
3537 210 3635 268 sed
3674 214 3769 268 sat.

566 336 868 407 majesme,
895 336 947 384 et
968 325 1221 383 dicebant
1246 336 1532 379 excessum
1563 318 1702 389 ejus,
1734 330 1896 388 quem
1929 328 2080 370 com-
2181 326 2330 367 vare.
2365 310 2431 365 Et
2457 309 2707 364 abierunt
2737 305 2791 361 in
2818 304 2967 359 aliud
2983 301 3288 359 castellum.
3314 301 3429 375 [cv,
3458 302 3543 377 5.]
3565 303 3770 364 Factum

483 395 728 505 pletiirus
753 395 869 482 erat
901 422 951 476 in
973 418 1300 476 Jerusalem.
1330 415 1526 471 Petrus
1552 426 1705 479 vero,
1752 420 1809 466 et
1836 408 1927 480 qui
1957 422 2077 463 cum
2183 415 2267 462 est
2292 412 2472 460 autem
2501 421 2515 457 :
2549 399 2951 456 ambulantibus
2979 397 3091 453 illis
3119 396 3172 451 in
3223 397 3336 466 via,
3395 395 3535 452 dixit
3570 399 3771 468 quidam

484 486 579 579 illo
606 526 781 583 erant,
807 511 1015 586 gravati
1063 516 1221 566 erant
1248 521 1462 563 somno.
1498 506 1564 561 Et
1588 502 1906 574 evigilantes
1931 496 2083 555 vide-
2184 498 2253 554 ad
2285 499 2436 553 illum
2468 515 2481 549 :
2516 495 2726 566 Sequar
2767 500 2820 549 te
2849 504 3196 563 quocumque
3224 489 3377 545 ieris.
3412 486 3558 546 Dixit
3591 492 3662 547 illi
3691 493 3770 550 Je-

483 627 609 677 runt
635 612 971 683 maiestatem
1003 607 1141 677 ejus,
1160 615 1215 661 et
1240 604 1377 660 duos
1398 602 1572 670 viros,
1595 602 1686 671 qui
1714 597 1932 653 stabant
1957 608 2082 651 cum
2185 613 2279 656 sus
2304 616 2322 655 :
2352 596 2550 667 Vulpes
2605 593 2789 650 foveas
2823 591 3045 657 habent,
3074 598 3130 645 et
3154 587 3410 644 volucres
3439 587 3563 645 cmli
3588 590 3733 646 nidos
3759 610 3770 646 :

487 713 597 768 illo.
628 708 696 764 Et
724 682 921 759 iactum
951 708 1037 755 εει
1084 715 1205 754 cum
1238 696 1583 753 discederem
1626 691 1694 747 ab
1724 690 1840 757 ἱῐῖο,
1882 688 1958 743 ail
1982 685 2086 743 ΡΘ·
2186 693 2358 750 Filius
2376 702 2554 747 autem
2571 687 2805 743 hominis
2828 702 2935 739 non
2955 683 3116 739 habet
3140 683 3231 738 ubi
3250 689 3416 751 caput
3432 682 3672 738 reclinet.
3690 682 3771 741 Ait

488 811 604 860 trus
623 798 690 855 ad
712 797 895 853 Jesum
929 809 943 847 :
973 790 1306 860 Prmceptor,
1335 788 1536 843 bonum
1559 792 1643 840 est
1667 797 1769 838 nos
1798 780 1887 836 hic
1910 793 2034 835 esse

2222 797 2369 845 utem
2397 786 2464 841 ad
2514 786 2745 840 alterum
2775 800 2790 837 :
2820 781 3065 852 Sequere
3111 792 3223 834 me.
3254 775 3353 832 Ille
3380 786 3554 833 autem
3597 778 3725 835 dixit
3756 799 3769 836 :

488 904 544 953 et
584 892 847 949 faciamus
890 886 993 941 tria
1026 881 1399 951 tabernacula,
1449 893 1615 933 unum
1656 876 1775 943 tibi,
1821 880 1878 929 et
1918 886 2086 929 unum
2189 882 2439 947 nomine,
2471 879 2725 951 permitte
2757 874 2891 931 mihi
2937 872 3173 945 primum
3216 871 3323 937 ire,
3349 879 3403 926 et
3426 871 3649 941 sepelire
3677 887 3770 944 ρει-

486 990 683 1063 Moysi,
714 995 771 1044 et
817 997 985 1041 unum
1034 981 1187 1048 Elim,
1239 978 1490 1034 nesciens
1529 974 1660 1046 quid
1681 973 1909 1028 diceret.
1958 969 2034 1024 lla

2219 992 2329 1033 rem
2358 990 2561 1031 meum.
2588 972 2848 1041 Dixitque
2872 968 2922 1024 ei
2951 966 3110 1023 Iesus
3142 983 3157 1019 :
3192 964 3347 1031 Sine,
3382 973 3437 1019 ut
3465 966 3655 1020 mortui
3682 981 3767 1022 se-

488 1056 673 1142 autem
694 1082 788 1139 illo
832 1078 1110 1150 loquente,
1164 1073 1301 1129 facta
1337 1081 1420 1127 est
1446 1069 1643 1135 nubes,
1666 1075 1723 1124 et
1749 1062 2091 1122 obumbravit
2190 1070 2397 1142 peliant
2426 1076 2673 1123 mortuus
2718 1076 2850 1119 suos
2881 1078 2896 1116 :
2949 1069 3007 1116 tu
3052 1068 3233 1113 autem
3265 1056 3422 1122 vade,
3452 1066 3503 1112 et
3521 1059 3767 1115 animum

488 1196 581 1237 eos
613 1198 628 1234 :
671 1186 726 1234 et
774 1173 1094 1238 timuerunt,
1126 1167 1455 1223 intrantibus
1512 1164 1619 1219 illis
1663 1162 1718 1218 in
1766 1160 1985 1216 nubem.
2022 1157 2092 1212 Et
2192 1180 2419 1236 regnum
2442 1151 3412 1233 Dei,[arma]Etaiialtensequar
3436 1161 3506 1219 re,
3533 1151 3767 1224 nomine,

494 1289 595 1330 vox
617 1270 757 1327 facta
784 1277 868 1325 est
920 1266 988 1322 de
1018 1264 1163 1320 nube
1192 1262 1383 1317 dicens
1423 1276 1438 1316 :
1474 1258 1572 1313 llic
1602 1266 1686 1312 est
1717 1255 1888 1311 Filius
1936 1266 2092 1308 meus
2195 1259 2288 1315 sed
2322 1255 2575 1330 permitte
2603 1253 2733 1309 mihi
2762 1252 2996 1323 primum
3043 1249 3360 1305 renuntiare
3398 1249 3479 1303 bis
3496 1264 3611 1320 qua:
3636 1248 3767 1306 domi

488 1368 743 1434 dilectus,
787 1362 963 1434 ipsum
991 1358 1195 1414 audite.
1235 1355 1305 1411 Et
1335 1353 1463 1410 dum
1487 1352 1643 1410 ﬁeret
1672 1366 1799 1417 vox,
1842 1351 2036 1406 inventi

2226 1361 2341 1412 unt.
2367 1350 2458 1406 Ait
2475 1348 2541 1404 ad
2564 1348 2715 1403 illum
2737 1344 2897 1401 Iesus
2922 1362 2936 1398 :
2966 1356 3129 1398 nemo
3150 1341 3375 1398 mittens
3396 1357 3604 1396 manum
3630 1356 3769 1397 suam

490 1472 575 1518 est
596 1460 755 1515 Jesus
783 1454 953 1511 solus.
984 1452 1050 1508 Et
1102 1451 1204 1522 ipsi
1253 1457 1558 1517 tacuerunt,
1602 1453 1658 1501 et
1684 1443 1893 1500 nemini
1942 1441 2094 1498 dixe-
2196 1449 2264 1507 ad
2288 1458 2544 1514 aratrum,
2571 1454 2625 1501 et
2653 1442 2954 1513 respiciens
2975 1447 3149 1506 retro,
3178 1447 3339 1509 aptus
3368 1446 3451 1493 est
3470 1451 3624 1507 regno
3660 1435 3766 1494 Dei.

486 1563 612 1610 runt
636 1553 688 1607 in
718 1550 825 1604 illis
853 1546 1049 1603 diebus
1074 1542 1371 1614 quidquam
1419 1555 1487 1597 ex
1516 1538 1624 1606 bis,
1655 1553 1774 1609 qua:
1817 1536 2088 1592 viderant.
2276 1550 2429 1625 [ευρ.
2483 1546 2552 1602 Χ,
2594 1560 2728 1615 cm,
2762 1540 2878 1612 40.]
2906 1542 3039 1597 p05;
3090 1540 3205 1595 ιιωε
3254 1545 3436 1594 autem
3483 1536 3772 1608 designavi]

488 1647 655 1721 [καῖ’
684 1642 766 1713 2ο]
796 1642 1019 1698 Factum
1048 1648 1131 1695 εει
1156 1646 1338 1692 autem
1366 1634 1420 1689 ίη
1451 1633 1699 1705 εείιυθηιῖ
1727 1631 1839 1699 δῖε,
1861 1631 2096 1688 άθεοθῐιο
2122 1638 2172 1700 Β
2201 1642 2462 1699 Dominus
2504 1645 2558 1694 et
2610 1636 2747 1691 alios
2790 1631 3139 1704 septuaginta
3189 1629 3333 1685 duos
3365 1638 3458 1685 :et
3496 1628 3635 1683 misit
3654 1627 3769 1682 illos

494 1718 751 1795 dentibus
795 1734 901 1789 illis
934 1732 1003 1787 de
1056 1739 1265 1799 monte,
1292 1726 1532 1783 occurrit
1562 1726 1669 1781 illis
1704 1724 1859 1780 turba
1904 1723 2092 1779 multa.
2200 1737 2360 1792 binos
2383 1742 2511 1789 ante
2546 1730 2745 1786 faciem
2777 1742 2951 1794 suam,
2990 1726 3044 1780 in
3072 1738 3293 1781 omnem
3334 1721 3602 1779 είςίωιεω
3625 1718 3773 1775 eno.

494 1835 564 1890 Et
592 1846 720 1887 ecce
747 1828 830 1883 vir
869 1826 937 1882 de
962 1824 1115 1880 turba
1158 1821 1503 1889 exclamavit,
1533 1817 1724 1875 dicens
1753 1837 1767 1872 :
1816 1816 2094 1889 Magister,
2200 1842 2478 1899 cumquo
2528 1832 2649 1882 em
2674 1824 2795 1895 ipse
2841 1829 3130 1877 venturus,
3167 1815 3342 1891 [om],
3377 1812 3462 1887 5,]
3487 1813 3558 1869 Ει
3580 1811 3771 1869 dicebar

497 1926 729 1983 Obsecro
758 1930 833 1989 ιθ,
866 1919 1077 1990 respice
1105 1916 1160 1972 ίη
1192 1915 1365 1971 mium
1393 1929 1595 1983 meum:
1629 1913 1754 1986 «ιηία
1776 1912 1969 1968 unicus
2016 1918 2098 1967 εει
2204 1924 2311 1981 illis
2341 1939 2354 1976 :
2381 1920 2574 1977 Messis
2616 1915 2837 1988 quidem
2869 1914 3043 1970 multa
3082 1930 3095 1967 :
3128 1910 3366 1984 Operarii
3393 1918 3580 1964 autem
3612 1906 3767 1978 pauci.

499 2019 632 2076 mihi
669 2037 683 2073 :
735 2026 790 2073 et
838 2029 966 2071 ecce
986 2011 1212 2083 Spiritus
1244 2006 1604 2081 apprehendit
1633 2020 1756 2062 eum
1792 2046 1807 2073 ,
1840 2013 1894 2061 et
1919 2002 2099 2061 subito
2208 2020 2417 2092 Roga“,
2437 2030 2570 2088 ergo
2596 2011 2884 2068 Dominum
2920 2009 3140 2075 messis,
3184 2015 3245 2062 ιιι
3291 2005 3475 2061 mm“
3522 2002 3770 2075 ορεηι-ίοε

500 2113 723 2178 clamat,
773 2115 830 2164 et
880 2104 1077 2171 elidit,
1120 2110 1176 2160 et
1224 2101 1453 2172 dissipat
1508 2115 1632 2157 eum
1690 2113 1812 2155 cum
1882 2112 2048 2169 spum:

2226 2129 2261 2168 n
2283 2125 2519 2168 messem
2558 2122 2737 2164 suam.
2770 2106 2904 2179 [etx,
2937 2102 3015 2174 5.]
3038 2101 3154 2157 ite:
3189 2114 3322 2156 ecce
3365 2112 3467 2171 ego
3509 2096 3659 2151 mitto
3685 2109 3768 2152 vos

500 2213 555 2262 et
580 2204 670 2260 vix
697 2199 925 2258 discedit
972 2197 1241 2253 dilanians
1270 2210 1395 2252 eum
1428 2212 1439 2247 :
1471 2204 1528 2250 et
1572 2192 1757 2264 rogavi
1803 2188 2048 2262 discipuli

2222 2209 2347 2263 iiClll
2388 2217 2559 2276 agnos
2597 2202 2743 2257 inter
2764 2200 2941 2271 inpos.
2973 2198 3091 2269 lex,
3116 2195 3201 2268 2.]
3230 2194 3415 2251 Nolite
3439 2201 3653 2264 portare
3671 2204 3770 2247 sae-

502 2308 645 2365 tuos,
679 2306 737 2350 ut
767 2295 1031 2365 ejicerent
1078 2289 1252 2358 illum,
1283 2299 1337 2346 et
1360 2304 1469 2345 non
1497 2294 1813 2359 potuerunt.
1856 2284 2050 2357 Respo:

2223 2300 2387 2357 :ulum
2410 2310 2587 2368 neque
2609 2309 2815 2365 peram,
2834 2308 3012 2364 neque
3034 2292 3432 2354 calceamenta,
3455 2297 3518 2343 et
3530 2285 3771 2342 neminem

500 2392 636 2449 dens
679 2397 861 2444 autem
913 2387 1093 2450 Jesus,
1129 2383 1263 2439 dixit
1291 2401 1302 2436 :
1335 2381 1380 2438 0
1427 2381 1710 2454 generatio
1741 2378 1997 2447 inﬁdelis,
2050 2387 2104 2434 et
2208 2409 2305 2464 ροι-
2331 2390 2474 2445 viam
2501 2385 2893 2444 salumverilis,
2924 2384 3055 2456 [cm
3076 2383 3157 2456 5,]
3185 2382 3246 2439 ιη
3273 2395 3657 2454 quamcumque
3680 2378 3769 2435 do-

500 2497 778 2557 perversa,
813 2493 1097 2550 usquequo
1145 2492 1241 2531 cro
1283 2474 1428 2547 apud
1477 2489 1595 2541 vos,
1661 2483 1713 2528 et
1767 2472 1941 2544 patiar
1971 2486 2048 2527 vo:

2219 2500 2355 2540 mum
2382 2478 2743 2545 intraveritis,
2773 2479 3010 2549 primum
3043 2476 3212 2531 dicite
3246 2495 3259 2530 :
3289 2475 3400 2529 Pax
3428 2474 3555 2529 huic
3581 2471 3767 2528 domui:

502 2578 693 2634 Addl'c
741 2574 848 2629 huc
888 2571 1058 2626 mium
1097 2578 1268 2625 mum-
1322 2566 1393 2623 Εί
1435 2581 1557 2622 cum
1610 2564 1916 2628 accedere"
1965 2558 2108 2618 ειίείι
2208 2587 2264 2636 et
2303 2577 2348 2632 si
2403 2575 2474 2631 ibi
2514 2573 2680 2629 fuerit
2712 2571 2854 2625 ﬁlius
2885 2570 3055 2641 pacis,
3090 2567 3402 2639 requiescet
3452 2582 3613 2637 super
3643 2564 3772 2619 illum

504 2672 655 2727 illum
704 2667 1057 2731 daemonium,
1090 2672 1146 2720 et
1175 2660 1480 2732 dissipavit.
1513 2658 1583 2713 Et
1610 2654 1912 2728 increpavit
1948 2655 2052 2712 ἔθει

2223 2686 2315 2742 pax
2344 2677 2562 2733 vestra;
2599 2666 2684 2722 sin
2713 2675 2921 2731 autem,
2946 2662 3011 2717 ad
3042 2677 3139 2717 vos
3174 2669 3499 2737 revertetur.
3541 2657 3677 2732 [cxn,
3708 2653 3771 2727 5.]

503 2758 750 2837 spiritum
780 2759 1145 2824 immundum,
1178 2766 1232 2813 et
1263 2753 1474 2811 sanavit
1506 2767 1749 2824 puerum,
1785 2759 1842 2807 ct
1871 2749 2051 2807 redditi

2226 2762 2270 2817 In
2298 2759 2489 2819 eadem
2520 2765 2699 2813 autem
2732 2755 2894 2811 domo
2921 2761 3163 2822 manete,
3188 2751 3440 2819 edentes,
3470 2759 3534 2807 et
3559 2750 3774 2805 bibentes

504 2857 653 2913 illum
680 2855 817 2928 patri
851 2854 989 2924 ejus.
1039 2850 1112 2925 [c,
1147 2849 1228 2923 8.]
1286 2847 1591 2918 Stupebant
1624 2856 1804 2901 autent
1834 2859 2028 2901 omnes
2054 2844 2105 2899 in
2209 2869 2331 2927 qua;
2376 2850 2519 2922 apud
2564 2848 2686 2904 illos
2734 2855 2860 2903 sunt
2892 2864 2908 2903 :
2942 2846 3139 2917 dignus
3196 2852 3282 2900 est
3325 2844 3473 2899 enim
3522 2841 3774 2914 operarius

502 2946 871 3021 magnitudine
922 2945 1014 2999 Dei
1050 2961 1062 2996 :
1097 2942 1191 3016 [01,
1229 2940 1309 3014 2.]
1358 2941 1718 3011 omnibusque
1776 2935 2110 2994 mirantibus
2213 2944 2466 3002 mercede
2495 2957 2613 2999 sua.
2646 2940 2820 3013 [cm],
2847 2936 2959 3010 10.]
2991 2937 3169 2994 Nolite
3196 2935 3436 2993 transire
3458 2934 3535 2992 de
3566 2932 3772 2990 domoin

508 3043 563 3097 in
590 3039 839 3095 omnibus
868 3053 988 3107 qua:
1021 3035 1275 3099 iaciebat,
1331 3034 1467 3089 dixit
1496 3033 1562 3088 ad
1616 3033 1911 3103 discipulos
1941 3046 2056 3087 suns

2223 3037 2456 3093 domum.
2490 3033 2558 3088 Et
2596 3032 2650 3087 in
2680 3044 3079 3102 quamcumque
3118 3027 3401 3083 civitatem
3448 3024 3771 3089 intraveritis,

510 3131 703 3187 Ponite
725 3143 821 3185 vos
853 3128 906 3183 in
933 3127 1189 3182 cordibus
1222 3128 1415 3180 vestris
1443 3140 1725 3180 sermones
1756 3126 1889 3179 istos
1920 3141 1932 3178 :
1970 3122 2109 3179 ﬁlius
2214 3139 2271 3186 et
2295 3124 2642 3197 susceperint
2670 3138 2788 3192 vos,
2816 3121 3141 3179 manducate
3171 3136 3296 3192 quae
3322 3129 3665 3192 apponuntur
3701 3133 3775 3171 vo.

510 3224 653 3281 enim
688 3220 925 3277 hominis
955 3221 1193 3274 futurum
1218 3228 1322 3285 est,
1352 3225 1403 3271 ul
1434 3217 1680 3272 tradatur
1712 3217 1762 3271 iu
1788 3232 1978 3271 manus
2008 3215 2105 3269 ho-
2215 3223 2298 3278 bis
2334 3239 2346 3275 :
2376 3228 2431 3276 et
2480 3225 2670 3274 curate
2717 3214 2986 3284 inﬁrmos,
3021 3215 3115 3287 qui
3174 3214 3227 3270 in
3257 3214 3348 3269 illa
3378 3222 3531 3282 sunt,
3558 3222 3611 3269 et
3637 3210 3775 3266 dicite

512 3316 742 3372 minum.
774 3309 847 3367 At
876 3310 952 3365 illi
984 3304 1307 3381 ignorabant
1338 3310 1561 3363 verbum
1592 3308 1756 3372 istud,
1791 3316 1845 3363 et
1877 3316 1995 3363 erat
2021 3321 2112 3362 ve—
2216 3316 2325 3371 illis
2358 3310 2868 3385 :Appropinquavit
2897 3311 2951 3366 in
2978 3325 3074 3367 vos
3108 3324 3340 3383 regnum
3370 3309 3488 3365 Dei.
3526 3309 3683 3384 [cxtv,
3708 3303 3771 3375 ἓν]

511 3409 681 3464 latttm
713 3412 839 3459 ante
864 3416 985 3467 eos,
1014 3410 1072 3455 ut
1113 3415 1220 3455 non
1250 3398 1515 3455 sentirent
1559 3400 1687 3453 illud
1722 3418 1734 3451 :
1771 3408 1823 3454 et
1853 3399 2113 3453 timebant
2214 3408 2270 3465 ιη
2297 3422 2696 3481 quamcumque
2721 3415 2904 3463 autem
2929 3405 3206 3462 civitatem
3237 3404 3599 3470 ἱππ-πενίης,
3622 3412 3775 3460 eum

516 3516 639 3557 eum
663 3499 993 3566 interrogare
1016 3491 1086 3548 de
1117 3490 1220 3548 ltoc
1244 3492 1428 3546 verbo.
1459 3488 1669 3562 [cn,2.]
1692 3492 1913 3544 intravit
1934 3494 2110 3545 autem
2216 3502 2559 3574 susceperim
2595 3517 2717 3572 vos,
2759 3510 3026 3560 exeuntes
3072 3502 3127 3557 in
3175 3501 3351 3574 platea
3400 3501 3553 3573 eius,
3582 3498 3732 3556 dicite
3761 3511 3774 3549 ε

517 3593 773 3667 cogitatio
826 3590 883 3646 in
926 3603 1042 3658 eos,
1075 3586 1197 3660 quis
1227 3601 1416 3641 eorum
1448 3584 1620 3655 major
1662 3593 1829 3640 esset.
1856 3585 1923 3640 At
1952 3581 2065 3640 ἔδει

2225 3598 2395 3655 Etiam
2426 3599 2712 3672 pulverem
2749 3599 2839 3669 qui
2876 3597 3106 3653 adhaesit
3144 3598 3300 3652 nobis
3340 3596 3409 3652 de
3438 3596 3652 3653 civitate
3677 3606 3773 3648 ves-

517 3689 715 3743 vidcns
765 3681 1125 3757 cogitationes
1198 3677 1380 3736 cordis
1431 3676 1687 3748 illorum,
1753 3676 2065 3749 apprehcnd

2228 3703 2325 3761 ira,
2376 3693 2714 3765 extergimus
2774 3692 2829 3747 in
2868 3701 3218 3750 vosztamen
3267 3690 3373 3747 hoc
3428 3691 3649 3754 scitote,
3679 3685 3776 3757 quia

514 3795 765 3854 Ρυοτυωο
796 3786 850 3835 ει
877 3776 1070 3834 sum"
1100 3775 1253 3833 illum
1281 3787 1440 3830 secus
1482 3788 1563 3843 εθ,
1609 3780 1665 3830 et
1701 3771 1780 3828 δῖε
1808 3772 1953 3829 illis:
1986 3772 2116 3841 Ουί·
2218 3785 2674 3857 appropinquavit
2700 3798 2929 3856 regnum
2961 3784 3077 3840 Dei.
3106 3781 3234 3839 Dico
3265 3782 3456 3851 vobis,
3485 3782 3609 3855 quia
3636 3778 3777 3835 Sodo~

518 3888 749 3945 ευωιιυθ
770 3871 1075 3943 susceperit
1104 3883 1330 3941 Puerum
1357 3867 1518 3923 ίείυω
1548 3866 1603 3923 in
1625 3865 1845 3923 nomine
1868 3881 2009 3933 πιθο»
2028 3882 2116 3925 me
2218 3880 2326 3936 mis
2354 3880 2409 3935 in
2438 3879 2527 3935 die
2552 3879 2645 3935 illa
2670 3877 2953 3935 remissius
2978 3877 3281 3949 erit,quam
3307 3875 3388 3932 illi
3410 3875 3637 3932 civitati.
3654 3874 3772 3947 [cm

520 3965 722 4065 τεοίρίξ
746 3962 1303 4065 ςλειιειυίοιιπιξιυεβηε
1324 3960 1616 4065 τεεθιξθὴίι,
1647 3959 2117 4065 νεαίρῑιθιιηινξιξιὶ
2221 3971 2313 4045 5.]
2343 3972 2434 4030 Vae
2462 3974 2581 4043 tibi,
2628 3972 2928 4041 Corozain;
2956 3970 3206 4041 va:_tibi,
3239 3970 3533 4028 Betbsaida
3558 3989 3568 4025 :
3597 3969 3703 4041 quia
3738 3964 3774 4019 si

522 4072 612 4114 me
638 4055 808 4112 misit.
836 4052 969 4109 Nam
1000 4052 1093 4124 qui
1138 4052 1317 4107 minor
1366 4063 1449 4107 est
1478 4052 1616 4109 inter
1660 4066 1757 4109 vos
1785 4068 1999 4122 omnes,
2028 4053 2070 4110 bi

2224 4067 2277 4122 in
2304 4067 2451 4139 Tyro
2478 4075 2533 4123 et
2560 4064 2763 4123 Sidone
2789 4066 2947 4123 facta:
2974 4065 3206 4122 inissent
3224 4066 3481 4133 virtutes,
3515 4079 3628 4136 qua:
3645 4064 3772 4116 l'actze

522 4150 698 4221 major
745 4154 851 4204 es"
902 4144 1037 4218 [amt
1089 4141 1167 4216 δ’]
1217 4142 1576 4215 Responde“
1622 4154 1801 4202 autem
1854 4145 2115 4220 1039065.
2222 4161 2429 4218 suntin
2460 4160 2638 4227 vobis,
2669 4160 2803 4216 olim
2833 4159 2890 4215 in
2911 4158 3093 4216 cilicio
3122 4167 3177 4217 et
3202 4158 3391 4216 cinere
3421 4157 3661 4215 sedentes
3684 4166 3773 4223 pte-

525 4252 700 4310 dixit:
733 4250 1069 4321 Praeceptor,
1100 4245 1334 4304 vidimus
1367 4246 1658 4320 quemdam
1686 4248 1741 4305 in
1771 4250 1995 4309 nomine
2026 4261 2119 4310 tuo
2223 4255 2483 4311 niterent.
2511 4253 2900 4311 Verumtamen
2930 4253 3076 4328 Tyro
3106 4262 3161 4310 et
3197 4251 3392 4310 Sidoni
3418 4245 3774 4311 remissiuserit

521 4346 832 4419 εἱίείθηιθω
869 4342 1161 4410 ἀωωοηίει,
1189 4350 1245 4399 ει
1268 4339 1644 4413 prohibuimus
1674 4359 1835 4401 eum:
1865 4346 1989 4418 quia
2009 4362 2118 4405 non
2225 4346 2279 4402 in
2318 4347 2545 4418 judicio,
2577 4362 2742 4419 quam
2768 4346 2948 4404 vobis.
2979 4348 3046 4402 Et
3068 4354 3147 4414 tu,
3190 4344 3591 4417 Capharnaum,
3623 4351 3766 4411 usque

524 4437 773 4510 sequitur
828 4434 1135 4491 nobiscum.
1169 4432 1238 4489 Et
1265 4433 1339 4491 ait
1376 4434 1442 4490 ad
1496 4434 1650 4491 illum
1700 4434 1888 4495 Iesus:
1939 4438 2120 4497 Nolite
2145 4433 2198 4495 D
2223 4441 2292 4497 ad
2321 4441 2521 4499 cmium
2562 4442 2821 4510 exaltata,
2851 4455 3023 4512 usque
3044 4439 3112 4496 ad
3151 4438 3428 4496 internum
3456 4432 3770 4505 demergeris.

520 4531 814 4605 prohibere
842 4547 854 4585 :
888 4528 979 4601 qui
1000 4527 1144 4587 enim
1170 4542 1278 4584 non
1320 4535 1405 4584 est
1432 4526 1719 4585 adversum
1743 4544 1861 4601 vos,
1886 4546 1989 4603 pro
2024 4548 2121 4591 vo—
2227 4536 2397 4609 [cxvt,
2432 4535 2511 4609 1.]
2532 4536 2633 4604 Qui
2663 4551 2761 4591 vos
2799 4534 2971 4603 audit,
3003 4549 3092 4590 me
3112 4532 3304 4599 audit:
3328 4543 3386 4601 et
3414 4533 3501 4606 qui
3528 4544 3614 4586 vos
3631 4538 3768 4598 spor-

522 4625 605 4684 bis
626 4632 733 4682 est.
763 4621 891 4697 [crv,
920 4619 1035 4696 10.]
1064 4619 1287 4677 Factum
1317 4628 1603 4678 estautem
1632 4620 1760 4678 dum
1786 4625 2121 4695 compleren-
2225 4633 2325 4699 nit,
2349 4644 2436 4687 me
2462 4629 2696 4701 spernit.
2725 4628 2828 4697 Qui
2849 4637 3033 4686 autem
3066 4644 3153 4685 me
3168 4629 3400 4700 spernit,
3431 4625 3623 4701 spernit
3648 4633 3770 4683 eum.

520 4727 608 4776 tur
633 4718 752 4775 dies
779 4714 1171 4787 assumptionis
1198 4716 1340 4786 ejus,
1386 4724 1443 4771 et
1469 4714 1588 4786 ipse
1616 4715 1813 4773 faciem
1843 4731 1997 4773 suam
2025 4718 2068 4774 ﬁl

2226 4724 2316 4795 qui
2362 4722 2510 4779 misit
2559 4737 2669 4779 me.
2706 4721 2895 4795 [cxvn,
2920 4721 3035 4795 10.]
3059 4721 3290 4779 Reversi
3314 4729 3443 4777 sunt
3468 4728 3631 4776 autem
3658 4727 3764 4781 sep-

517 4812 708 4880 mavit,
740 4818 801 4867 ut
824 4809 930 4867 iret
957 4809 1011 4865 in
1042 4807 1371 4865 Jerusalem.
1415 4808 1482 4863 Et
1534 4809 1687 4865 misit
1727 4810 1947 4867 nuntios
1993 4821 2124 4871 ante
2224 4818 2460 4889 tuagiuta
2488 4816 2597 4873 duo
2622 4832 2743 4873 cum
2783 4817 3006 4889 gaudio,
3036 4814 3281 4875 dicentes
3315 4814 3606 4878 :Domine,
3635 4809 3770 4866 etiam

519 4913 870 4977 conspectum
898 4918 1055 4958 suum
1091 4921 1104 4957 :
1148 4910 1204 4960 et
1229 4910 1423 4959 euntes
1455 4901 1796 4959 intraverunt
1834 4904 1890 4962 in
1929 4905 2120 4964 civita-
2226 4911 2494 4967 daemonia
2535 4911 2900 4981 subjiciuntur
2944 4911 3104 4967 nobis
3131 4910 3185 4966 in
3234 4910 3457 4966 nomine
3488 4921 3589 4965 tuo.
3619 4903 3679 4959 Et
3709 4896 3766 4952 ait

521 5010 627 5058 tem
657 4998 1150 5064 Samaritanorum,
1212 5004 1271 5054 ut
1303 5005 1562 5069 pararent
1600 4996 1700 5055 illi.
1726 4999 1793 5055 Et
1820 5015 1927 5055 non
1967 5015 2119 5058 rece-
2230 5004 2336 5059 illis
2370 5020 2385 5059 :
2424 5003 2681 5060 Videbam
2703 5003 2967 5061 Satanam
2991 5003 3129 5060 sicut
3156 5001 3341 5074 fulgur
3361 5002 3430 5058 de
3453 5000 3587 5058 cmlo
3607 4992 3752 5051 cadet.

519 5101 718 5165 perunt
744 5106 892 5160 eum,
916 5092 1040 5164 quia
1055 5089 1224 5147 facies
1241 5091 1358 5162 ejus
1385 5093 1692 5150 erateuntis
1714 5094 1765 5148 in
1791 5092 2113 5151 Jerusalem.
2224 5107 2353 5155 tem.
2385 5098 2528 5155 Ecce
2547 5098 2672 5156 dedi
2695 5100 2851 5156 vobis
2876 5106 3207 5171 potestatem
3237 5096 3487 5153 calcandi
3513 5105 3658 5164 supra
3676 5097 3747 5140 ser

518 5185 655 5244 Cum
681 5183 946 5243 vidissent
968 5192 1148 5241 autem
1180 5183 1431 5257 discipuli
1455 5185 1575 5258 ejus
1601 5184 1839 5244 Jacobtts
1869 5194 1925 5243 et
1953 5186 2123 5244 Joan-
2223 5202 2437 5265 peutes,
2481 5201 2536 5250 et
2571 5195 2913 5264 scorpiones,
2968 5200 3025 5250 et
3071 5206 3237 5264 super
3283 5206 3501 5249 omnem
3546 5188 3759 5243 virtutem

520 5298 641 5350 nes,
668 5282 970 5349 dixerunt;
1002 5280 1250 5354 Domine,
1273 5282 1374 5351 vis,
1398 5280 1627 5348 dicimus
1656 5282 1872 5357 utiguis
1895 5286 2124 5342 descen—
2227 5285 2431 5343 inimici
2457 5304 2471 5341 :
2500 5293 2557 5343 et
2583 5286 2717 5343 nihil
2749 5286 2908 5344 vobis
2946 5286 3183 5343 nocebit.
3211 5284 3588 5342 Verumtamen
3615 5279 3664 5336 in
3688 5274 3767 5328 hoc

524 5375 616 5434 ἀεὶ
664 5375 733 5434 (ιθ
774 5376 935 5445 οοειοο
966 5382 1025 5432 ει
1069 5384 1354 5433 consumat
1406 5375 1529 5434 illos
1560 5375 1640 5432 αἳ
1715 5377 1784 5434 Et
1826 5391 2124 5435 conversus
2226 5382 2396 5440 nolite
2460 5381 2701 5454 gaudere
2752 5382 2879 5454 quia
2936 5382 3158 5453 spiritus
3205 5379 3365 5436 vobis
3407 5377 3763 5449 subjiciuntur:

517 5460 825 5544 increpavit
849 5468 997 5539 illos,
1027 5467 1214 5528 dicens
1245 5487 1261 5527 :
1288 5468 1521 5528 Nescitis
1544 5470 1699 5543 cujus
1724 5471 1949 5543 spiritus
1968 5472 2123 5529 estis.
2226 5474 2457 5546 gaudete
2484 5480 2688 5543 autem,
2720 5472 2865 5545 quod
2896 5472 3114 5530 nomina
3142 5478 3323 5528 vestra
3353 5468 3551 5544 scripta
3582 5466 3693 5522 sunt
3725 5454 3767 5517 in

628 5674 655 5704 ι
683 5663 876 5725 Graeca
921 5662 1256 5745 egetnplaria
1312 5663 1543 5735 addunt,
1594 5663 2039 5747 Quemadmodum
2061 5673 2111 5727 et
2137 5644 2290 5727 Ειεαε
2316 5665 2456 5738 fecit,
2477 5664 3098 5742 araei’uiiagjmiws.
