  <div class='ocr_page' id='page_1' title='image "/cluster/home/n/w/nwhite01/storage/ocr_20150623/29/uva.x000826564/338.png"; bbox 0 0 3920 6200; ppageno 0'>
   <div class='ocr_carea' id='block_1_1' title="bbox 132 167 3402 246">
    <p class='ocr_par' dir='ltr' id='par_1_1' title="bbox 132 167 3402 246">
     <span class='ocr_line' id='line_1_1' title="bbox 132 167 3402 246; baseline -0.008 -2"><span class='ocrx_word' id='word_1_1' title='bbox 132 185 228 245; x_wconf 71' lang='grc' dir='ltr'><strong>σεε)</strong></span> <span class='ocrx_word' id='word_1_2' title='bbox 1163 168 1608 232; x_wconf 67' lang='lat' dir='ltr'><strong>svanosuun</strong></span> <span class='ocrx_word' id='word_1_3' title='bbox 1647 167 2022 232; x_wconf 76' lang='lat' dir='ltr'><strong>SECUNDUM</strong></span> <span class='ocrx_word' id='word_1_4' title='bbox 2063 169 2323 236; x_wconf 76' lang='lat' dir='ltr'><strong>LUCAM.</strong></span> <span class='ocrx_word' id='word_1_5' title='bbox 3296 185 3402 246; x_wconf 54' lang='lat'><strong>950</strong></span> 
     </span>
    </p>
   </div>
   <div class='ocr_carea' id='block_1_2' title="bbox 131 287 3401 376">
    <p class='ocr_par' dir='ltr' id='par_1_2' title="bbox 131 287 3401 376">
     <span class='ocr_line' id='line_1_2' title="bbox 131 287 3401 376; baseline -0.002 -16"><span class='ocrx_word' id='word_1_6' title='bbox 131 303 299 360; x_wconf 81' lang='lat' dir='ltr'><strong>crelis.</strong></span> <span class='ocrx_word' id='word_1_7' title='bbox 320 295 614 376; x_wconf 76' lang='lat' dir='ltr'><strong>[cvvm,5.]</strong></span> <span class='ocrx_word' id='word_1_8' title='bbox 634 294 690 350; x_wconf 93' lang='lat' dir='ltr'><strong>ln</strong></span> <span class='ocrx_word' id='word_1_9' title='bbox 717 293 824 364; x_wconf 83' lang='lat' dir='ltr'><strong>ipsa</strong></span> <span class='ocrx_word' id='word_1_10' title='bbox 853 290 980 346; x_wconf 81' lang='lat' dir='ltr'><strong>liora</strong></span> <span class='ocrx_word' id='word_1_11' title='bbox 1012 288 1306 346; x_wconf 75' lang='lat' dir='ltr'><strong>exsultavit</strong></span> <span class='ocrx_word' id='word_1_12' title='bbox 1333 287 1536 362; x_wconf 78' lang='lat' dir='ltr'><strong>Spiritu</strong></span> <span class='ocrx_word' id='word_1_13' title='bbox 1566 303 1691 345; x_wconf 87' lang='lat' dir='ltr'><strong>san-</strong></span> <span class='ocrx_word' id='word_1_14' title='bbox 1716 287 1768 352; x_wconf 80' lang='grc' dir='ltr'>Α</span> <span class='ocrx_word' id='word_1_15' title='bbox 1796 288 1940 360; x_wconf 93' lang='lat' dir='ltr'><strong>pulis</strong></span> <span class='ocrx_word' id='word_1_16' title='bbox 1982 288 2100 360; x_wconf 86' lang='lat' dir='ltr'><strong>ejus</strong></span> <span class='ocrx_word' id='word_1_17' title='bbox 2137 288 2206 346; x_wconf 90' lang='lat' dir='ltr'><strong>ad</strong></span> <span class='ocrx_word' id='word_1_18' title='bbox 2251 303 2375 346; x_wconf 90' lang='lat' dir='ltr'><strong>eum</strong></span> <span class='ocrx_word' id='word_1_19' title='bbox 2408 307 2421 347; x_wconf 87' lang='lat'><strong>:</strong></span> <span class='ocrx_word' id='word_1_20' title='bbox 2447 288 2702 359; x_wconf 77' lang='lat' dir='ltr'><strong>Domine,</strong></span> <span class='ocrx_word' id='word_1_21' title='bbox 2734 289 2870 350; x_wconf 90' lang='lat' dir='ltr'><strong>doce</strong></span> <span class='ocrx_word' id='word_1_22' title='bbox 2910 307 3011 354; x_wconf 87' lang='lat' dir='ltr'><strong>nos</strong></span> <span class='ocrx_word' id='word_1_23' title='bbox 3043 308 3228 363; x_wconf 84' lang='lat' dir='ltr'><strong>orare,</strong></span> <span class='ocrx_word' id='word_1_24' title='bbox 3260 299 3401 358; x_wconf 90' lang='lat' dir='ltr'><strong>sicut</strong></span> 
     </span>
    </p>
   </div>
   <div class='ocr_carea' id='block_1_3' title="bbox 130 382 3389 468">
    <p class='ocr_par' dir='ltr' id='par_1_3' title="bbox 130 382 3389 468">
     <span class='ocr_line' id='line_1_3' title="bbox 130 382 3389 468; baseline -0.004 -11"><span class='ocrx_word' id='word_1_25' title='bbox 130 410 240 468; x_wconf 90' lang='lat' dir='ltr'><strong>cto,</strong></span> <span class='ocrx_word' id='word_1_26' title='bbox 269 408 326 456; x_wconf 91' lang='lat' dir='ltr'><strong>et</strong></span> <span class='ocrx_word' id='word_1_27' title='bbox 365 395 533 452; x_wconf 90' lang='lat' dir='ltr'><strong>dixit:</strong></span> <span class='ocrx_word' id='word_1_28' title='bbox 561 388 828 446; x_wconf 83' lang='lat' dir='ltr'><strong>Confiteor</strong></span> <span class='ocrx_word' id='word_1_29' title='bbox 857 385 975 455; x_wconf 92' lang='lat' dir='ltr'><strong>tibi,</strong></span> <span class='ocrx_word' id='word_1_30' title='bbox 1001 384 1185 452; x_wconf 87' lang='lat' dir='ltr'><strong>Pater,</strong></span> <span class='ocrx_word' id='word_1_31' title='bbox 1218 383 1448 442; x_wconf 88' lang='lat' dir='ltr'><strong>Domine</strong></span> <span class='ocrx_word' id='word_1_32' title='bbox 1474 383 1596 441; x_wconf 67' lang='lat' dir='ltr'><strong>coeli</strong></span> <span class='ocrx_word' id='word_1_33' title='bbox 1625 392 1680 440; x_wconf 89' lang='lat' dir='ltr'><strong>et</strong></span> <span class='ocrx_word' id='word_1_34' title='bbox 1795 382 1987 440; x_wconf 88' lang='lat' dir='ltr'><strong>docuit</strong></span> <span class='ocrx_word' id='word_1_35' title='bbox 2016 393 2070 439; x_wconf 91' lang='lat' dir='ltr'><strong>et</strong></span> <span class='ocrx_word' id='word_1_36' title='bbox 2098 383 2339 441; x_wconf 86' lang='lat' dir='ltr'><strong>Joannes</strong></span> <span class='ocrx_word' id='word_1_37' title='bbox 2366 383 2670 456; x_wconf 85' lang='lat' dir='ltr'><strong>discipulos</strong></span> <span class='ocrx_word' id='word_1_38' title='bbox 2706 398 2857 442; x_wconf 91' lang='lat' dir='ltr'><strong>suos.</strong></span> <span class='ocrx_word' id='word_1_39' title='bbox 2889 387 2953 446; x_wconf 87' lang='lat' dir='ltr'><strong>Et</strong></span> <span class='ocrx_word' id='word_1_40' title='bbox 2985 389 3060 446; x_wconf 87' lang='lat' dir='ltr'><strong>ait</strong></span> <span class='ocrx_word' id='word_1_41' title='bbox 3082 386 3189 444; x_wconf 83' lang='lat' dir='ltr'><strong>illis</strong></span> <span class='ocrx_word' id='word_1_42' title='bbox 3218 409 3226 440; x_wconf 89' lang='lat'>:</span> <span class='ocrx_word' id='word_1_43' title='bbox 3253 388 3389 448; x_wconf 89' lang='lat' dir='ltr'><strong>Cum</strong></span> 
     </span>
    </p>
   </div>
   <div class='ocr_carea' id='block_1_4' title="bbox 131 476 3392 562">
    <p class='ocr_par' dir='ltr' id='par_1_4' title="bbox 131 476 3392 562">
     <span class='ocr_line' id='line_1_4' title="bbox 131 476 3392 562; baseline -0.003 -11"><span class='ocrx_word' id='word_1_44' title='bbox 131 503 311 559; x_wconf 76' lang='lat' dir='ltr'><strong>terrae,</strong></span> <span class='ocrx_word' id='word_1_45' title='bbox 337 489 473 562; x_wconf 89' lang='lat' dir='ltr'><strong>quod</strong></span> <span class='ocrx_word' id='word_1_46' title='bbox 517 482 837 540; x_wconf 81' lang='lat' dir='ltr'><strong>abscondisti</strong></span> <span class='ocrx_word' id='word_1_47' title='bbox 883 480 999 537; x_wconf 60' lang='lat' dir='ltr'><strong>haec</strong></span> <span class='ocrx_word' id='word_1_48' title='bbox 1043 494 1072 536; x_wconf 88' lang='lat' dir='ltr'><strong>a</strong></span> <span class='ocrx_word' id='word_1_49' title='bbox 1103 479 1462 552; x_wconf 87' lang='lat' dir='ltr'><strong>sapientibus,</strong></span> <span class='ocrx_word' id='word_1_50' title='bbox 1485 487 1539 536; x_wconf 90' lang='lat' dir='ltr'><strong>et</strong></span> <span class='ocrx_word' id='word_1_51' title='bbox 1564 494 1692 550; x_wconf 87' lang='lat' dir='ltr'><strong>pru-</strong></span> <span class='ocrx_word' id='word_1_52' title='bbox 1794 479 1988 545; x_wconf 91' lang='lat' dir='ltr'><strong>oratis,</strong></span> <span class='ocrx_word' id='word_1_53' title='bbox 2014 477 2199 546; x_wconf 91' lang='lat' dir='ltr'><strong>dicite,</strong></span> <span class='ocrx_word' id='word_1_54' title='bbox 2233 480 2415 547; x_wconf 83' lang='lat' dir='ltr'><strong>Pater,</strong></span> <span class='ocrx_word' id='word_1_55' title='bbox 2447 476 2822 534; x_wconf 85' lang='lat' dir='ltr'><strong>sanctificetur</strong></span> <span class='ocrx_word' id='word_1_56' title='bbox 2850 493 3047 538; x_wconf 90' lang='lat' dir='ltr'><strong>nomen</strong></span> <span class='ocrx_word' id='word_1_57' title='bbox 3079 490 3249 537; x_wconf 89' lang='lat' dir='ltr'><strong>tuum.</strong></span> <span class='ocrx_word' id='word_1_58' title='bbox 3285 484 3392 540; x_wconf 85' lang='lat' dir='ltr'><strong>Ad-</strong></span> 
     </span>
    </p>
   </div>
   <div class='ocr_carea' id='block_1_5' title="bbox 117 569 3386 650">
    <p class='ocr_par' dir='ltr' id='par_1_5' title="bbox 117 569 3386 650">
     <span class='ocr_line' id='line_1_5' title="bbox 117 569 3386 650; baseline -0.004 -7"><span class='ocrx_word' id='word_1_59' title='bbox 117 585 384 650; x_wconf 82' lang='lat' dir='ltr'><strong>dentibus,</strong></span> <span class='ocrx_word' id='word_1_60' title='bbox 417 590 470 638; x_wconf 84' lang='lat' dir='ltr'><strong>et</strong></span> <span class='ocrx_word' id='word_1_61' title='bbox 514 576 772 635; x_wconf 83' lang='lat' dir='ltr'><strong>revelasti</strong></span> <span class='ocrx_word' id='word_1_62' title='bbox 827 590 890 632; x_wconf 88' lang='lat' dir='ltr'><strong>ea</strong></span> <span class='ocrx_word' id='word_1_63' title='bbox 949 573 1212 648; x_wconf 79' lang='lat' dir='ltr'><strong>parvulis.</strong></span> <span class='ocrx_word' id='word_1_64' title='bbox 1255 573 1453 640; x_wconf 83' lang='lat' dir='ltr'><strong>Etiam,</strong></span> <span class='ocrx_word' id='word_1_65' title='bbox 1479 571 1642 629; x_wconf 89' lang='lat' dir='ltr'><strong>Pater</strong></span> <span class='ocrx_word' id='word_1_66' title='bbox 1675 591 1686 625; x_wconf 91' lang='lat'>:</span> <span class='ocrx_word' id='word_1_67' title='bbox 1794 569 1974 626; x_wconf 86' lang='lat' dir='ltr'><strong>veniat</strong></span> <span class='ocrx_word' id='word_1_68' title='bbox 2007 584 2231 642; x_wconf 81' lang='lat' dir='ltr'><strong>regnum</strong></span> <span class='ocrx_word' id='word_1_69' title='bbox 2260 579 2408 626; x_wconf 93' lang='lat' dir='ltr'><strong>tuum</strong></span> <span class='ocrx_word' id='word_1_70' title='bbox 2431 579 2479 624; x_wconf 71' lang='grc' dir='ltr'><strong>ιι.</strong></span> <span class='ocrx_word' id='word_1_71' title='bbox 2505 570 2708 625; x_wconf 87' lang='lat' dir='ltr'><strong>Panem</strong></span> <span class='ocrx_word' id='word_1_72' title='bbox 2733 581 2980 628; x_wconf 90' lang='lat' dir='ltr'><strong>nostrum</strong></span> <span class='ocrx_word' id='word_1_73' title='bbox 3009 574 3386 644; x_wconf 83' lang='lat' dir='ltr'><strong>quotidianum</strong></span> 
     </span>
    </p>
   </div>
   <div class='ocr_carea' id='block_1_6' title="bbox 109 653 3391 751">
    <p class='ocr_par' dir='ltr' id='par_1_6' title="bbox 109 653 3391 751">
     <span class='ocr_line' id='line_1_6' title="bbox 109 653 3391 751; baseline -0.003 -16"><span class='ocrx_word' id='word_1_74' title='bbox 109 653 349 751; x_wconf 87' lang='lat' dir='ltr'><strong>quoniam</strong></span> <span class='ocrx_word' id='word_1_75' title='bbox 379 675 459 731; x_wconf 85' lang='lat' dir='ltr'><strong>sic</strong></span> <span class='ocrx_word' id='word_1_76' title='bbox 494 671 719 746; x_wconf 80' lang='lat' dir='ltr'><strong>placuit</strong></span> <span class='ocrx_word' id='word_1_77' title='bbox 763 677 886 726; x_wconf 87' lang='lat' dir='ltr'><strong>ante</strong></span> <span class='ocrx_word' id='word_1_78' title='bbox 927 678 998 725; x_wconf 91' lang='lat' dir='ltr'><strong>te.</strong></span> <span class='ocrx_word' id='word_1_79' title='bbox 1030 667 1198 740; x_wconf 84' lang='lat' dir='ltr'><strong>[cxtx,</strong></span> <span class='ocrx_word' id='word_1_80' title='bbox 1226 666 1307 739; x_wconf 79' lang='grc'><strong>5.]</strong></span> <span class='ocrx_word' id='word_1_81' title='bbox 1331 667 1525 724; x_wconf 87' lang='lat' dir='ltr'><strong>Omnia</strong></span> <span class='ocrx_word' id='word_1_82' title='bbox 1557 665 1692 724; x_wconf 89' lang='lat' dir='ltr'><strong>mihi</strong></span> <span class='ocrx_word' id='word_1_83' title='bbox 1793 663 1860 718; x_wconf 88' lang='lat' dir='ltr'><strong>da</strong></span> <span class='ocrx_word' id='word_1_84' title='bbox 1889 664 2049 718; x_wconf 89' lang='lat' dir='ltr'><strong>nobis</strong></span> <span class='ocrx_word' id='word_1_85' title='bbox 2080 665 2265 722; x_wconf 87' lang='lat' dir='ltr'><strong>hodie.</strong></span> <span class='ocrx_word' id='word_1_86' title='bbox 2299 667 2364 721; x_wconf 89' lang='lat' dir='ltr'><strong>Et</strong></span> <span class='ocrx_word' id='word_1_87' title='bbox 2390 665 2604 721; x_wconf 87' lang='lat' dir='ltr'><strong>dimitte</strong></span> <span class='ocrx_word' id='word_1_88' title='bbox 2630 667 2790 724; x_wconf 89' lang='lat' dir='ltr'><strong>nobis</strong></span> <span class='ocrx_word' id='word_1_89' title='bbox 2817 679 3036 739; x_wconf 83' lang='lat' dir='ltr'><strong>peccata</strong></span> <span class='ocrx_word' id='word_1_90' title='bbox 3081 680 3286 735; x_wconf 85' lang='lat' dir='ltr'><strong>nostra,</strong></span> <span class='ocrx_word' id='word_1_91' title='bbox 3319 673 3391 727; x_wconf 84' lang='lat' dir='ltr'><strong>si-</strong></span> 
     </span>
    </p>
   </div>
   <div class='ocr_carea' id='block_1_7' title="bbox 106 757 3384 834">
    <p class='ocr_par' dir='ltr' id='par_1_7' title="bbox 106 757 3384 834">
     <span class='ocr_line' id='line_1_7' title="bbox 106 757 3384 834; baseline -0.002 -5"><span class='ocrx_word' id='word_1_92' title='bbox 106 773 284 831; x_wconf 82' lang='lat' dir='ltr'><strong>tradita</strong></span> <span class='ocrx_word' id='word_1_93' title='bbox 345 779 472 826; x_wconf 88' lang='lat' dir='ltr'><strong>sunt</strong></span> <span class='ocrx_word' id='word_1_94' title='bbox 517 783 547 825; x_wconf 89' lang='lat' dir='ltr'><strong>a</strong></span> <span class='ocrx_word' id='word_1_95' title='bbox 621 765 785 821; x_wconf 84' lang='lat' dir='ltr'><strong>Patre</strong></span> <span class='ocrx_word' id='word_1_96' title='bbox 841 778 985 820; x_wconf 91' lang='lat' dir='ltr'><strong>meo.</strong></span> <span class='ocrx_word' id='word_1_97' title='bbox 1018 761 1087 820; x_wconf 87' lang='lat' dir='ltr'><strong>Et</strong></span> <span class='ocrx_word' id='word_1_98' title='bbox 1142 777 1305 819; x_wconf 89' lang='lat' dir='ltr'><strong>nemo</strong></span> <span class='ocrx_word' id='word_1_99' title='bbox 1331 764 1435 819; x_wconf 90' lang='lat' dir='ltr'><strong>scit</strong></span> <span class='ocrx_word' id='word_1_100' title='bbox 1464 762 1584 834; x_wconf 90' lang='lat' dir='ltr'><strong>quis</strong></span> <span class='ocrx_word' id='word_1_101' title='bbox 1623 762 1694 819; x_wconf 89' lang='lat' dir='ltr'><strong>sit</strong></span> <span class='ocrx_word' id='word_1_102' title='bbox 1792 757 2014 829; x_wconf 90' lang='lat' dir='ltr'><strong>quidem</strong></span> <span class='ocrx_word' id='word_1_103' title='bbox 2038 768 2090 814; x_wconf 92' lang='lat' dir='ltr'><strong>et</strong></span> <span class='ocrx_word' id='word_1_104' title='bbox 2113 757 2216 828; x_wconf 89' lang='lat' dir='ltr'><strong>ipsi</strong></span> <span class='ocrx_word' id='word_1_105' title='bbox 2244 758 2570 816; x_wconf 87' lang='lat' dir='ltr'><strong>dimittimus</strong></span> <span class='ocrx_word' id='word_1_106' title='bbox 2591 762 2740 819; x_wconf 91' lang='lat' dir='ltr'><strong>omni</strong></span> <span class='ocrx_word' id='word_1_107' title='bbox 2771 765 2990 821; x_wconf 88' lang='lat' dir='ltr'><strong>debenti</strong></span> <span class='ocrx_word' id='word_1_108' title='bbox 3019 766 3198 822; x_wconf 82' lang='lat' dir='ltr'><strong>nobis.</strong></span> <span class='ocrx_word' id='word_1_109' title='bbox 3228 767 3293 826; x_wconf 82' lang='lat' dir='ltr'><strong>Et</strong></span> <span class='ocrx_word' id='word_1_110' title='bbox 3320 785 3384 824; x_wconf 85' lang='lat' dir='ltr'><strong>ne</strong></span> 
     </span>
    </p>
   </div>
   <div class='ocr_carea' id='block_1_8' title="bbox 102 852 3388 938">
    <p class='ocr_par' dir='ltr' id='par_1_8' title="bbox 102 852 3388 938">
     <span class='ocr_line' id='line_1_8' title="bbox 102 852 3388 938; baseline -0.002 -10"><span class='ocrx_word' id='word_1_111' title='bbox 102 873 278 938; x_wconf 84' lang='lat' dir='ltr'><strong>Filius,</strong></span> <span class='ocrx_word' id='word_1_112' title='bbox 305 869 406 926; x_wconf 87' lang='lat' dir='ltr'><strong>nisi</strong></span> <span class='ocrx_word' id='word_1_113' title='bbox 461 867 594 924; x_wconf 88' lang='lat' dir='ltr'><strong>Pate</strong></span> <span class='ocrx_word' id='word_1_114' title='bbox 623 881 682 930; x_wconf 90' lang='lat' dir='ltr'><strong>r;</strong></span> <span class='ocrx_word' id='word_1_115' title='bbox 720 872 775 920; x_wconf 91' lang='lat' dir='ltr'><strong>et</strong></span> <span class='ocrx_word' id='word_1_116' title='bbox 814 862 934 934; x_wconf 87' lang='lat' dir='ltr'><strong>quis</strong></span> <span class='ocrx_word' id='word_1_117' title='bbox 984 861 1058 918; x_wconf 91' lang='lat' dir='ltr'><strong>sit</strong></span> <span class='ocrx_word' id='word_1_118' title='bbox 1113 859 1296 931; x_wconf 87' lang='lat' dir='ltr'><strong>Pater,</strong></span> <span class='ocrx_word' id='word_1_119' title='bbox 1333 860 1432 915; x_wconf 89' lang='lat' dir='ltr'><strong>nisi</strong></span> <span class='ocrx_word' id='word_1_120' title='bbox 1495 859 1686 925; x_wconf 85' lang='lat' dir='ltr'><strong>Filius,</strong></span> <span class='ocrx_word' id='word_1_121' title='bbox 1793 867 1894 908; x_wconf 89' lang='lat' dir='ltr'><strong>nos</strong></span> <span class='ocrx_word' id='word_1_122' title='bbox 1927 852 2152 910; x_wconf 88' lang='lat' dir='ltr'><strong>inducas</strong></span> <span class='ocrx_word' id='word_1_123' title='bbox 2179 855 2231 910; x_wconf 90' lang='lat' dir='ltr'><strong>in</strong></span> <span class='ocrx_word' id='word_1_124' title='bbox 2264 855 2641 914; x_wconf 86' lang='lat' dir='ltr'><strong>tentationem.</strong></span> <span class='ocrx_word' id='word_1_125' title='bbox 2675 858 2878 930; x_wconf 85' lang='lat' dir='ltr'><strong>[cxxtv,</strong></span> <span class='ocrx_word' id='word_1_126' title='bbox 2905 860 3015 932; x_wconf 72' lang='lat'><strong>10.]</strong></span> <span class='ocrx_word' id='word_1_127' title='bbox 3042 861 3107 918; x_wconf 88' lang='lat' dir='ltr'><strong>Et</strong></span> <span class='ocrx_word' id='word_1_128' title='bbox 3134 863 3208 916; x_wconf 89' lang='lat' dir='ltr'><strong>ait</strong></span> <span class='ocrx_word' id='word_1_129' title='bbox 3233 862 3298 920; x_wconf 83' lang='lat' dir='ltr'><strong>ad</strong></span> <span class='ocrx_word' id='word_1_130' title='bbox 3322 862 3388 920; x_wconf 84' lang='lat' dir='ltr'><strong>il-</strong></span> 
     </span>
    </p>
   </div>
   <div class='ocr_carea' id='block_1_9' title="bbox 110 945 3388 1026">
    <p class='ocr_par' dir='ltr' id='par_1_9' title="bbox 110 945 3388 1026">
     <span class='ocr_line' id='line_1_9' title="bbox 110 945 3388 1026; baseline -0.004 -3"><span class='ocrx_word' id='word_1_131' title='bbox 110 977 156 1024; x_wconf 81' lang='lat' dir='ltr'><strong>et</strong></span> <span class='ocrx_word' id='word_1_132' title='bbox 187 965 266 1020; x_wconf 84' lang='lat' dir='ltr'><strong>cui</strong></span> <span class='ocrx_word' id='word_1_133' title='bbox 300 959 535 1018; x_wconf 81' lang='lat' dir='ltr'><strong>voluerit</strong></span> <span class='ocrx_word' id='word_1_134' title='bbox 573 955 763 1015; x_wconf 78' lang='lat' dir='ltr'><strong>Filius</strong></span> <span class='ocrx_word' id='word_1_135' title='bbox 810 955 1073 1012; x_wconf 80' lang='lat' dir='ltr'><strong>revelare.</strong></span> <span class='ocrx_word' id='word_1_136' title='bbox 1120 955 1283 1026; x_wconf 23' lang='lat' dir='ltr'><strong>[.cxx,</strong></span> <span class='ocrx_word' id='word_1_137' title='bbox 1311 953 1404 1023; x_wconf 80' lang='lat'><strong>5.]</strong></span> <span class='ocrx_word' id='word_1_138' title='bbox 1450 952 1518 1008; x_wconf 83' lang='lat' dir='ltr'><strong>Et</strong></span> <span class='ocrx_word' id='word_1_139' title='bbox 1559 968 1688 1010; x_wconf 79' lang='lat' dir='ltr'><strong>con-</strong></span> <span class='ocrx_word' id='word_1_140' title='bbox 1793 945 1875 1002; x_wconf 94' lang='lat' dir='ltr'><strong>los</strong></span> <span class='ocrx_word' id='word_1_141' title='bbox 1907 964 1918 998; x_wconf 89' lang='lat'>:</span> <span class='ocrx_word' id='word_1_142' title='bbox 1945 946 2076 1014; x_wconf 83' lang='lat' dir='ltr'><strong>Quis</strong></span> <span class='ocrx_word' id='word_1_143' title='bbox 2106 955 2349 1003; x_wconf 89' lang='lat' dir='ltr'><strong>vestrum</strong></span> <span class='ocrx_word' id='word_1_144' title='bbox 2381 947 2602 1006; x_wconf 88' lang='lat' dir='ltr'><strong>habebit</strong></span> <span class='ocrx_word' id='word_1_145' title='bbox 2633 952 2887 1018; x_wconf 86' lang='lat' dir='ltr'><strong>amicum,</strong></span> <span class='ocrx_word' id='word_1_146' title='bbox 2919 962 2972 1008; x_wconf 88' lang='lat' dir='ltr'><strong>et</strong></span> <span class='ocrx_word' id='word_1_147' title='bbox 3016 952 3114 1010; x_wconf 85' lang='lat' dir='ltr'><strong>ibit</strong></span> <span class='ocrx_word' id='word_1_148' title='bbox 3144 953 3208 1008; x_wconf 91' lang='lat' dir='ltr'><strong>ad</strong></span> <span class='ocrx_word' id='word_1_149' title='bbox 3240 955 3388 1011; x_wconf 84' lang='lat' dir='ltr'><strong>illum</strong></span> 
     </span>
    </p>
   </div>
   <div class='ocr_carea' id='block_1_10' title="bbox 117 1039 3392 1122">
    <p class='ocr_par' dir='ltr' id='par_1_10' title="bbox 117 1039 3392 1122">
     <span class='ocr_line' id='line_1_10' title="bbox 117 1039 3392 1122; baseline 0.002 -22"><span class='ocrx_word' id='word_1_150' title='bbox 117 1069 287 1113; x_wconf 61' lang='lat' dir='ltr'><strong>versus</strong></span> <span class='ocrx_word' id='word_1_151' title='bbox 314 1052 378 1108; x_wconf 73' lang='lat' dir='ltr'><strong>ad</strong></span> <span class='ocrx_word' id='word_1_152' title='bbox 406 1048 703 1119; x_wconf 76' lang='lat' dir='ltr'><strong>discipulos</strong></span> <span class='ocrx_word' id='word_1_153' title='bbox 731 1062 861 1108; x_wconf 89' lang='lat' dir='ltr'><strong>suos</strong></span> <span class='ocrx_word' id='word_1_154' title='bbox 891 1046 1027 1102; x_wconf 82' lang='lat' dir='ltr'><strong>dixit</strong></span> <span class='ocrx_word' id='word_1_155' title='bbox 1059 1062 1073 1102; x_wconf 91' lang='lat'><strong>:</strong></span> <span class='ocrx_word' id='word_1_156' title='bbox 1103 1045 1253 1102; x_wconf 86' lang='lat' dir='ltr'><strong>Beati</strong></span> <span class='ocrx_word' id='word_1_157' title='bbox 1283 1044 1449 1112; x_wconf 92' lang='lat' dir='ltr'><strong>oculi,</strong></span> <span class='ocrx_word' id='word_1_158' title='bbox 1482 1044 1573 1116; x_wconf 90' lang='lat' dir='ltr'><strong>qui</strong></span> <span class='ocrx_word' id='word_1_159' title='bbox 1604 1045 1685 1099; x_wconf 90' lang='lat' dir='ltr'><strong>vi-</strong></span> <span class='ocrx_word' id='word_1_160' title='bbox 1793 1039 1974 1096; x_wconf 88' lang='lat' dir='ltr'><strong>media</strong></span> <span class='ocrx_word' id='word_1_161' title='bbox 2007 1049 2200 1108; x_wconf 89' lang='lat' dir='ltr'><strong>nocte,</strong></span> <span class='ocrx_word' id='word_1_162' title='bbox 2227 1049 2283 1096; x_wconf 91' lang='lat' dir='ltr'><strong>et</strong></span> <span class='ocrx_word' id='word_1_163' title='bbox 2333 1041 2480 1099; x_wconf 86' lang='lat' dir='ltr'><strong>dicat</strong></span> <span class='ocrx_word' id='word_1_164' title='bbox 2525 1044 2603 1100; x_wconf 91' lang='lat' dir='ltr'><strong>illi</strong></span> <span class='ocrx_word' id='word_1_165' title='bbox 2639 1046 2886 1114; x_wconf 80' lang='lat' dir='ltr'><strong>:Amice,</strong></span> <span class='ocrx_word' id='word_1_166' title='bbox 2928 1049 3209 1104; x_wconf 84' lang='lat' dir='ltr'><strong>commoda</strong></span> <span class='ocrx_word' id='word_1_167' title='bbox 3256 1051 3392 1122; x_wconf 71' lang='lat' dir='ltr'><strong>mihi</strong></span> 
     </span>
    </p>
   </div>
   <div class='ocr_carea' id='block_1_11' title="bbox 117 1134 3384 1216">
    <p class='ocr_par' dir='ltr' id='par_1_11' title="bbox 117 1134 3384 1216">
     <span class='ocr_line' id='line_1_11' title="bbox 117 1134 3384 1216; baseline -0.002 -13"><span class='ocrx_word' id='word_1_168' title='bbox 117 1149 231 1204; x_wconf 88' lang='lat' dir='ltr'><strong>dent</strong></span> <span class='ocrx_word' id='word_1_169' title='bbox 258 1158 368 1216; x_wconf 72' lang='lat' dir='ltr'><strong>qua:</strong></span> <span class='ocrx_word' id='word_1_170' title='bbox 401 1157 498 1199; x_wconf 86' lang='lat' dir='ltr'><strong>vos</strong></span> <span class='ocrx_word' id='word_1_171' title='bbox 532 1140 749 1196; x_wconf 83' lang='lat' dir='ltr'><strong>videtis.</strong></span> <span class='ocrx_word' id='word_1_172' title='bbox 785 1139 914 1194; x_wconf 90' lang='lat' dir='ltr'><strong>Dico</strong></span> <span class='ocrx_word' id='word_1_173' title='bbox 962 1138 1108 1196; x_wconf 90' lang='lat' dir='ltr'><strong>enim</strong></span> <span class='ocrx_word' id='word_1_174' title='bbox 1140 1136 1321 1204; x_wconf 87' lang='lat' dir='ltr'><strong>vobis,</strong></span> <span class='ocrx_word' id='word_1_175' title='bbox 1354 1137 1499 1208; x_wconf 92' lang='lat' dir='ltr'><strong>quod</strong></span> <span class='ocrx_word' id='word_1_176' title='bbox 1531 1137 1686 1192; x_wconf 89' lang='lat' dir='ltr'><strong>multi</strong></span> <span class='ocrx_word' id='word_1_177' title='bbox 1792 1138 1901 1187; x_wconf 76' lang='lat' dir='ltr'><strong>tres</strong></span> <span class='ocrx_word' id='word_1_178' title='bbox 1952 1147 2140 1202; x_wconf 76' lang='lat' dir='ltr'><strong>panes,</strong></span> <span class='ocrx_word' id='word_1_179' title='bbox 2171 1134 2428 1206; x_wconf 89' lang='lat' dir='ltr'><strong>quoniam</strong></span> <span class='ocrx_word' id='word_1_180' title='bbox 2468 1137 2677 1193; x_wconf 88' lang='lat' dir='ltr'><strong>amicus</strong></span> <span class='ocrx_word' id='word_1_181' title='bbox 2708 1154 2861 1196; x_wconf 88' lang='lat' dir='ltr'><strong>meus</strong></span> <span class='ocrx_word' id='word_1_182' title='bbox 2891 1141 3042 1196; x_wconf 92' lang='lat' dir='ltr'><strong>venit</strong></span> <span class='ocrx_word' id='word_1_183' title='bbox 3089 1141 3157 1200; x_wconf 89' lang='lat' dir='ltr'><strong>de</strong></span> <span class='ocrx_word' id='word_1_184' title='bbox 3206 1143 3284 1196; x_wconf 87' lang='lat' dir='ltr'><strong>via</strong></span> <span class='ocrx_word' id='word_1_185' title='bbox 3318 1145 3384 1198; x_wconf 88' lang='lat' dir='ltr'><strong>ad</strong></span> 
     </span>
    </p>
   </div>
   <div class='ocr_carea' id='block_1_12' title="bbox 115 1227 3385 1312">
    <p class='ocr_par' dir='ltr' id='par_1_12' title="bbox 115 1227 3385 1312">
     <span class='ocr_line' id='line_1_12' title="bbox 115 1227 3385 1312; baseline 0.001 -17"><span class='ocrx_word' id='word_1_186' title='bbox 115 1239 371 1312; x_wconf 70' lang='lat' dir='ltr'><strong>prephetze</strong></span> <span class='ocrx_word' id='word_1_187' title='bbox 401 1247 455 1292; x_wconf 91' lang='lat' dir='ltr'><strong>et</strong></span> <span class='ocrx_word' id='word_1_188' title='bbox 487 1251 647 1307; x_wconf 84' lang='lat' dir='ltr'><strong>reges</strong></span> <span class='ocrx_word' id='word_1_189' title='bbox 670 1234 961 1296; x_wconf 87' lang='lat' dir='ltr'><strong>voluerunt</strong></span> <span class='ocrx_word' id='word_1_190' title='bbox 979 1233 1167 1290; x_wconf 89' lang='lat' dir='ltr'><strong>videre</strong></span> <span class='ocrx_word' id='word_1_191' title='bbox 1195 1247 1316 1304; x_wconf 73' lang='lat' dir='ltr'><strong>qum</strong></span> <span class='ocrx_word' id='word_1_192' title='bbox 1335 1248 1434 1289; x_wconf 91' lang='lat' dir='ltr'><strong>vos</strong></span> <span class='ocrx_word' id='word_1_193' title='bbox 1465 1232 1683 1300; x_wconf 80' lang='lat' dir='ltr'><strong>videtis,</strong></span> <span class='ocrx_word' id='word_1_194' title='bbox 1794 1241 1900 1292; x_wconf 81' lang='lat' dir='ltr'><strong>me.</strong></span> <span class='ocrx_word' id='word_1_195' title='bbox 1928 1235 1980 1281; x_wconf 75' lang='lat' dir='ltr'><strong>et</strong></span> <span class='ocrx_word' id='word_1_196' title='bbox 2024 1242 2130 1281; x_wconf 87' lang='lat' dir='ltr'><strong>non</strong></span> <span class='ocrx_word' id='word_1_197' title='bbox 2181 1227 2356 1284; x_wconf 84' lang='lat' dir='ltr'><strong>habeo</strong></span> <span class='ocrx_word' id='word_1_198' title='bbox 2404 1231 2549 1301; x_wconf 86' lang='lat' dir='ltr'><strong>quod</strong></span> <span class='ocrx_word' id='word_1_199' title='bbox 2597 1249 2791 1303; x_wconf 86' lang='lat' dir='ltr'><strong>ponam</strong></span> <span class='ocrx_word' id='word_1_200' title='bbox 2825 1246 2951 1292; x_wconf 88' lang='lat' dir='ltr'><strong>ante</strong></span> <span class='ocrx_word' id='word_1_201' title='bbox 2983 1237 3159 1294; x_wconf 89' lang='lat' dir='ltr'><strong>illum.</strong></span> <span class='ocrx_word' id='word_1_202' title='bbox 3195 1237 3260 1294; x_wconf 86' lang='lat' dir='ltr'><strong>Et</strong></span> <span class='ocrx_word' id='word_1_203' title='bbox 3292 1239 3385 1296; x_wconf 85' lang='lat' dir='ltr'><strong>ille</strong></span> 
     </span>
    </p>
   </div>
   <div class='ocr_carea' id='block_1_13' title="bbox 114 1319 3377 1398">
    <p class='ocr_par' dir='ltr' id='par_1_13' title="bbox 114 1319 3377 1398">
     <span class='ocr_line' id='line_1_13' title="bbox 114 1319 3377 1398; baseline -0.002 -9"><span class='ocrx_word' id='word_1_204' title='bbox 114 1344 282 1390; x_wconf 89' lang='lat' dir='ltr'><strong>etnon</strong></span> <span class='ocrx_word' id='word_1_205' title='bbox 323 1330 598 1397; x_wconf 90' lang='lat' dir='ltr'><strong>viderunt,</strong></span> <span class='ocrx_word' id='word_1_206' title='bbox 637 1337 686 1382; x_wconf 89' lang='lat' dir='ltr'><strong>et</strong></span> <span class='ocrx_word' id='word_1_207' title='bbox 730 1326 916 1382; x_wconf 77' lang='lat' dir='ltr'><strong>audire</strong></span> <span class='ocrx_word' id='word_1_208' title='bbox 963 1341 1084 1398; x_wconf 88' lang='lat' dir='ltr'><strong>quae</strong></span> <span class='ocrx_word' id='word_1_209' title='bbox 1122 1325 1345 1392; x_wconf 86' lang='lat' dir='ltr'><strong>auditis,</strong></span> <span class='ocrx_word' id='word_1_210' title='bbox 1370 1335 1423 1380; x_wconf 91' lang='lat' dir='ltr'><strong>et</strong></span> <span class='ocrx_word' id='word_1_211' title='bbox 1454 1342 1560 1380; x_wconf 90' lang='lat' dir='ltr'><strong>non</strong></span> <span class='ocrx_word' id='word_1_212' title='bbox 1593 1341 1687 1381; x_wconf 86' lang='lat' dir='ltr'><strong>au-</strong></span> <span class='ocrx_word' id='word_1_213' title='bbox 1789 1319 2005 1375; x_wconf 90' lang='lat' dir='ltr'><strong>deintus</strong></span> <span class='ocrx_word' id='word_1_214' title='bbox 2037 1321 2377 1392; x_wconf 82' lang='lat' dir='ltr'><strong>respondens</strong></span> <span class='ocrx_word' id='word_1_215' title='bbox 2406 1323 2584 1382; x_wconf 82' lang='lat' dir='ltr'><strong>dicat:</strong></span> <span class='ocrx_word' id='word_1_216' title='bbox 2621 1326 2738 1382; x_wconf 86' lang='lat' dir='ltr'><strong>Noli</strong></span> <span class='ocrx_word' id='word_1_217' title='bbox 2780 1330 2909 1384; x_wconf 83' lang='lat' dir='ltr'><strong>milii</strong></span> <span class='ocrx_word' id='word_1_218' title='bbox 2942 1331 3202 1390; x_wconf 72' lang='lat' dir='ltr'><strong>molestus</strong></span> <span class='ocrx_word' id='word_1_219' title='bbox 3234 1348 3377 1394; x_wconf 79' lang='lat' dir='ltr'><strong>esse,</strong></span> 
     </span>
    </p>
   </div>
   <div class='ocr_carea' id='block_1_14' title="bbox 113 1412 3384 1497">
    <p class='ocr_par' dir='ltr' id='par_1_14' title="bbox 113 1412 3384 1497">
     <span class='ocr_line' id='line_1_14' title="bbox 113 1412 3384 1497; baseline -0 -14"><span class='ocrx_word' id='word_1_220' title='bbox 113 1428 321 1483; x_wconf 85' lang='lat' dir='ltr'><strong>dierunt.</strong></span> <span class='ocrx_word' id='word_1_221' title='bbox 351 1425 521 1497; x_wconf 82' lang='lat' dir='ltr'><strong>[cxxr,</strong></span> <span class='ocrx_word' id='word_1_222' title='bbox 551 1421 636 1491; x_wconf 73' lang='lat'><strong>2.]</strong></span> <span class='ocrx_word' id='word_1_223' title='bbox 661 1421 725 1478; x_wconf 84' lang='lat' dir='ltr'><strong>Et</strong></span> <span class='ocrx_word' id='word_1_224' title='bbox 756 1435 884 1478; x_wconf 91' lang='lat' dir='ltr'><strong>ecce</strong></span> <span class='ocrx_word' id='word_1_225' title='bbox 930 1421 1151 1493; x_wconf 88' lang='lat' dir='ltr'><strong>quidam</strong></span> <span class='ocrx_word' id='word_1_226' title='bbox 1195 1420 1543 1492; x_wconf 86' lang='lat' dir='ltr'><strong>legisperitus</strong></span> <span class='ocrx_word' id='word_1_227' title='bbox 1575 1435 1686 1475; x_wconf 88' lang='lat' dir='ltr'><strong>sur-</strong></span> <span class='ocrx_word' id='word_1_228' title='bbox 1784 1412 1897 1482; x_wconf 81' lang='lat' dir='ltr'><strong>jam</strong></span> <span class='ocrx_word' id='word_1_229' title='bbox 1926 1412 2126 1468; x_wconf 83' lang='lat' dir='ltr'><strong>ostium</strong></span> <span class='ocrx_word' id='word_1_230' title='bbox 2159 1415 2399 1471; x_wconf 89' lang='lat' dir='ltr'><strong>clausum</strong></span> <span class='ocrx_word' id='word_1_231' title='bbox 2427 1427 2530 1486; x_wconf 89' lang='lat' dir='ltr'><strong>est,</strong></span> <span class='ocrx_word' id='word_1_232' title='bbox 2565 1429 2620 1474; x_wconf 89' lang='lat' dir='ltr'><strong>et</strong></span> <span class='ocrx_word' id='word_1_233' title='bbox 2659 1421 2811 1490; x_wconf 86' lang='lat' dir='ltr'><strong>pueri</strong></span> <span class='ocrx_word' id='word_1_234' title='bbox 2863 1425 2966 1480; x_wconf 87' lang='lat' dir='ltr'><strong>mei</strong></span> <span class='ocrx_word' id='word_1_235' title='bbox 3015 1441 3224 1482; x_wconf 86' lang='lat' dir='ltr'><strong>mecum</strong></span> <span class='ocrx_word' id='word_1_236' title='bbox 3257 1435 3384 1496; x_wconf 83' lang='lat' dir='ltr'><strong>sunt</strong></span> 
     </span>
    </p>
   </div>
   <div class='ocr_carea' id='block_1_15' title="bbox 114 1505 3382 1586">
    <p class='ocr_par' dir='ltr' id='par_1_15' title="bbox 114 1505 3382 1586">
     <span class='ocr_line' id='line_1_15' title="bbox 114 1505 3382 1586; baseline -0.004 -10"><span class='ocrx_word' id='word_1_237' title='bbox 114 1521 237 1576; x_wconf 85' lang='lat' dir='ltr'><strong>rexit</strong></span> <span class='ocrx_word' id='word_1_238' title='bbox 257 1525 469 1575; x_wconf 89' lang='lat' dir='ltr'><strong>tentans</strong></span> <span class='ocrx_word' id='word_1_239' title='bbox 492 1515 668 1582; x_wconf 90' lang='lat' dir='ltr'><strong>illum,</strong></span> <span class='ocrx_word' id='word_1_240' title='bbox 692 1525 746 1570; x_wconf 91' lang='lat' dir='ltr'><strong>et</strong></span> <span class='ocrx_word' id='word_1_241' title='bbox 774 1514 962 1570; x_wconf 89' lang='lat' dir='ltr'><strong>dicens</strong></span> <span class='ocrx_word' id='word_1_242' title='bbox 988 1512 1297 1586; x_wconf 82' lang='lat' dir='ltr'><strong>:Magister,</strong></span> <span class='ocrx_word' id='word_1_243' title='bbox 1327 1513 1452 1583; x_wconf 89' lang='lat' dir='ltr'><strong>quid</strong></span> <span class='ocrx_word' id='word_1_244' title='bbox 1482 1511 1687 1568; x_wconf 86' lang='lat' dir='ltr'><strong>facien-</strong></span> <span class='ocrx_word' id='word_1_245' title='bbox 1791 1505 1843 1559; x_wconf 91' lang='lat' dir='ltr'><strong>in</strong></span> <span class='ocrx_word' id='word_1_246' title='bbox 1872 1505 2063 1571; x_wconf 83' lang='lat' dir='ltr'><strong>cubili,</strong></span> <span class='ocrx_word' id='word_1_247' title='bbox 2106 1522 2214 1562; x_wconf 92' lang='lat' dir='ltr'><strong>non</strong></span> <span class='ocrx_word' id='word_1_248' title='bbox 2259 1522 2478 1578; x_wconf 90' lang='lat' dir='ltr'><strong>possum</strong></span> <span class='ocrx_word' id='word_1_249' title='bbox 2523 1526 2768 1581; x_wconf 81' lang='lat' dir='ltr'><strong>surgere,</strong></span> <span class='ocrx_word' id='word_1_250' title='bbox 2802 1525 2856 1568; x_wconf 86' lang='lat' dir='ltr'><strong>et</strong></span> <span class='ocrx_word' id='word_1_251' title='bbox 2907 1516 3036 1572; x_wconf 85' lang='lat' dir='ltr'><strong>dare</strong></span> <span class='ocrx_word' id='word_1_252' title='bbox 3088 1516 3207 1571; x_wconf 81' lang='lat' dir='ltr'><strong>tibi.</strong></span> <span class='ocrx_word' id='word_1_253' title='bbox 3243 1518 3308 1574; x_wconf 73' lang='lat' dir='ltr'><strong>Et</strong></span> <span class='ocrx_word' id='word_1_254' title='bbox 3338 1521 3382 1572; x_wconf 72' lang='lat' dir='ltr'><strong>si</strong></span> 
     </span>
    </p>
   </div>
   <div class='ocr_carea' id='block_1_16' title="bbox 110 1595 3382 1678">
    <p class='ocr_par' dir='ltr' id='par_1_16' title="bbox 110 1595 3382 1678">
     <span class='ocr_line' id='line_1_16' title="bbox 110 1595 3382 1678; baseline -0.001 -9"><span class='ocrx_word' id='word_1_255' title='bbox 110 1612 334 1669; x_wconf 87' lang='lat' dir='ltr'><strong>dovitam</strong></span> <span class='ocrx_word' id='word_1_256' title='bbox 363 1619 632 1665; x_wconf 76' lang='lat' dir='ltr'><strong>aeternam</strong></span> <span class='ocrx_word' id='word_1_257' title='bbox 666 1605 989 1676; x_wconf 84' lang='lat' dir='ltr'><strong>possidebo?</strong></span> <span class='ocrx_word' id='word_1_258' title='bbox 1019 1606 1088 1660; x_wconf 87' lang='lat' dir='ltr'><strong>At</strong></span> <span class='ocrx_word' id='word_1_259' title='bbox 1117 1605 1205 1660; x_wconf 92' lang='lat' dir='ltr'><strong>ille</strong></span> <span class='ocrx_word' id='word_1_260' title='bbox 1233 1604 1374 1660; x_wconf 81' lang='lat' dir='ltr'><strong>dixit</strong></span> <span class='ocrx_word' id='word_1_261' title='bbox 1399 1605 1465 1659; x_wconf 84' lang='lat' dir='ltr'><strong>ad</strong></span> <span class='ocrx_word' id='word_1_262' title='bbox 1507 1620 1630 1660; x_wconf 81' lang='lat' dir='ltr'><strong>eum</strong></span> <span class='ocrx_word' id='word_1_263' title='bbox 1661 1622 1676 1660; x_wconf 74' lang='grc' dir='ltr'>ς</span> <span class='ocrx_word' id='word_1_264' title='bbox 1793 1595 1881 1651; x_wconf 90' lang='lat' dir='ltr'><strong>ille</strong></span> <span class='ocrx_word' id='word_1_265' title='bbox 1913 1599 2349 1667; x_wconf 84' lang='lat' dir='ltr'><strong>perseveraverit</strong></span> <span class='ocrx_word' id='word_1_266' title='bbox 2394 1601 2618 1670; x_wconf 87' lang='lat' dir='ltr'><strong>pulsans</strong></span> <span class='ocrx_word' id='word_1_267' title='bbox 2649 1621 2662 1658; x_wconf 88' lang='lat'>:</span> <span class='ocrx_word' id='word_1_268' title='bbox 2694 1604 2814 1660; x_wconf 88' lang='lat' dir='ltr'><strong>dico</strong></span> <span class='ocrx_word' id='word_1_269' title='bbox 2861 1608 3039 1678; x_wconf 86' lang='lat' dir='ltr'><strong>vobis,</strong></span> <span class='ocrx_word' id='word_1_270' title='bbox 3075 1620 3128 1664; x_wconf 93' lang='lat' dir='ltr'><strong>et</strong></span> <span class='ocrx_word' id='word_1_271' title='bbox 3175 1609 3218 1665; x_wconf 85' lang='lat' dir='ltr'><strong>si</strong></span> <span class='ocrx_word' id='word_1_272' title='bbox 3277 1627 3382 1667; x_wconf 88' lang='lat' dir='ltr'><strong>non</strong></span> 
     </span>
    </p>
   </div>
   <div class='ocr_carea' id='block_1_17' title="bbox 117 1687 3385 1776">
    <p class='ocr_par' dir='ltr' id='par_1_17' title="bbox 117 1687 3385 1776">
     <span class='ocr_line' id='line_1_17' title="bbox 117 1687 3385 1776; baseline -0.004 -16"><span class='ocrx_word' id='word_1_273' title='bbox 117 1708 165 1761; x_wconf 84' lang='lat' dir='ltr'><strong>lu</strong></span> <span class='ocrx_word' id='word_1_274' title='bbox 206 1707 311 1776; x_wconf 87' lang='lat' dir='ltr'><strong>lege</strong></span> <span class='ocrx_word' id='word_1_275' title='bbox 360 1701 490 1774; x_wconf 88' lang='lat' dir='ltr'><strong>quid</strong></span> <span class='ocrx_word' id='word_1_276' title='bbox 534 1702 798 1772; x_wconf 79' lang='lat' dir='ltr'><strong>scriptum</strong></span> <span class='ocrx_word' id='word_1_277' title='bbox 844 1700 962 1755; x_wconf 87' lang='lat' dir='ltr'><strong>est?</strong></span> <span class='ocrx_word' id='word_1_278' title='bbox 987 1697 1259 1771; x_wconf 89' lang='lat' dir='ltr'><strong>quomodo</strong></span> <span class='ocrx_word' id='word_1_279' title='bbox 1289 1697 1458 1769; x_wconf 84' lang='lat' dir='ltr'><strong>legis?</strong></span> <span class='ocrx_word' id='word_1_280' title='bbox 1485 1697 1582 1753; x_wconf 90' lang='lat' dir='ltr'><strong>Ille</strong></span> <span class='ocrx_word' id='word_1_281' title='bbox 1604 1712 1686 1752; x_wconf 83' lang='lat' dir='ltr'><strong>re-</strong></span> <span class='ocrx_word' id='word_1_282' title='bbox 1720 1698 1765 1758; x_wconf 90' lang='lat' dir='ltr'><strong>B</strong></span> <span class='ocrx_word' id='word_1_283' title='bbox 1794 1687 1944 1742; x_wconf 74' lang='lat' dir='ltr'><strong>dabit</strong></span> <span class='ocrx_word' id='word_1_284' title='bbox 1985 1688 2064 1743; x_wconf 85' lang='lat' dir='ltr'><strong>illi</strong></span> <span class='ocrx_word' id='word_1_285' title='bbox 2113 1703 2343 1760; x_wconf 80' lang='lat' dir='ltr'><strong>surgens</strong></span> <span class='ocrx_word' id='word_1_286' title='bbox 2373 1705 2438 1745; x_wconf 90' lang='lat' dir='ltr'><strong>eo</strong></span> <span class='ocrx_word' id='word_1_287' title='bbox 2469 1694 2611 1762; x_wconf 90' lang='lat' dir='ltr'><strong>quod</strong></span> <span class='ocrx_word' id='word_1_288' title='bbox 2643 1695 2853 1752; x_wconf 89' lang='lat' dir='ltr'><strong>amicus</strong></span> <span class='ocrx_word' id='word_1_289' title='bbox 2883 1699 3001 1768; x_wconf 88' lang='lat' dir='ltr'><strong>ejus</strong></span> <span class='ocrx_word' id='word_1_290' title='bbox 3031 1701 3123 1767; x_wconf 83' lang='lat' dir='ltr'><strong>sit,</strong></span> <span class='ocrx_word' id='word_1_291' title='bbox 3163 1714 3385 1772; x_wconf 68' lang='grc' dir='ltr'><strong>ιηιοριαιν</strong></span> 
     </span>
    </p>
   </div>
   <div class='ocr_carea' id='block_1_18' title="bbox 106 1781 3384 1870">
    <p class='ocr_par' dir='ltr' id='par_1_18' title="bbox 106 1781 3384 1870">
     <span class='ocr_line' id='line_1_18' title="bbox 106 1781 3384 1870; baseline -0.001 -16"><span class='ocrx_word' id='word_1_292' title='bbox 106 1797 352 1870; x_wconf 75' lang='lat' dir='ltr'><strong>Spondens</strong></span> <span class='ocrx_word' id='word_1_293' title='bbox 373 1795 536 1850; x_wconf 88' lang='lat' dir='ltr'><strong>dixit:</strong></span> <span class='ocrx_word' id='word_1_294' title='bbox 556 1794 768 1864; x_wconf 77' lang='lat' dir='ltr'><strong>Diliges</strong></span> <span class='ocrx_word' id='word_1_295' title='bbox 792 1791 1077 1848; x_wconf 88' lang='lat' dir='ltr'><strong>Dominum</strong></span> <span class='ocrx_word' id='word_1_296' title='bbox 1105 1792 1270 1848; x_wconf 92' lang='lat' dir='ltr'><strong>Deum</strong></span> <span class='ocrx_word' id='word_1_297' title='bbox 1297 1799 1449 1846; x_wconf 90' lang='lat' dir='ltr'><strong>tuum</strong></span> <span class='ocrx_word' id='word_1_298' title='bbox 1481 1807 1547 1846; x_wconf 87' lang='lat' dir='ltr'><strong>ex</strong></span> <span class='ocrx_word' id='word_1_299' title='bbox 1573 1799 1686 1847; x_wconf 89' lang='lat' dir='ltr'><strong>toto</strong></span> <span class='ocrx_word' id='word_1_300' title='bbox 1788 1781 2194 1852; x_wconf 74' lang='lat' dir='ltr'><strong>improbitatem</strong></span> <span class='ocrx_word' id='word_1_301' title='bbox 2227 1795 2406 1842; x_wconf 90' lang='lat' dir='ltr'><strong>tamen</strong></span> <span class='ocrx_word' id='word_1_302' title='bbox 2452 1788 2570 1860; x_wconf 89' lang='lat' dir='ltr'><strong>ejus</strong></span> <span class='ocrx_word' id='word_1_303' title='bbox 2601 1803 2812 1863; x_wconf 80' lang='lat' dir='ltr'><strong>surget,</strong></span> <span class='ocrx_word' id='word_1_304' title='bbox 2843 1801 2898 1849; x_wconf 90' lang='lat' dir='ltr'><strong>et</strong></span> <span class='ocrx_word' id='word_1_305' title='bbox 2929 1793 3082 1849; x_wconf 88' lang='lat' dir='ltr'><strong>dabit</strong></span> <span class='ocrx_word' id='word_1_306' title='bbox 3111 1795 3186 1850; x_wconf 88' lang='lat' dir='ltr'><strong>illi</strong></span> <span class='ocrx_word' id='word_1_307' title='bbox 3225 1809 3384 1866; x_wconf 88' lang='lat' dir='ltr'><strong>quot-</strong></span> 
     </span>
    </p>
   </div>
   <div class='ocr_carea' id='block_1_19' title="bbox 105 1877 1653 1960">
    <p class='ocr_par' dir='ltr' id='par_1_19' title="bbox 105 1883 1653 1958">
     <span class='ocr_line' id='line_1_19' title="bbox 105 1883 1653 1958; baseline -0.007 -9"><span class='ocrx_word' id='word_1_308' title='bbox 105 1892 254 1949; x_wconf 90' lang='lat' dir='ltr'><strong>corde</strong></span> <span class='ocrx_word' id='word_1_309' title='bbox 282 1899 381 1958; x_wconf 90' lang='lat' dir='ltr'><strong>tuo,</strong></span> <span class='ocrx_word' id='word_1_310' title='bbox 410 1897 466 1944; x_wconf 91' lang='lat' dir='ltr'><strong>et</strong></span> <span class='ocrx_word' id='word_1_311' title='bbox 487 1904 560 1944; x_wconf 87' lang='lat' dir='ltr'><strong>ex</strong></span> <span class='ocrx_word' id='word_1_312' title='bbox 586 1897 698 1942; x_wconf 88' lang='lat' dir='ltr'><strong>tota</strong></span> <span class='ocrx_word' id='word_1_313' title='bbox 725 1887 908 1942; x_wconf 89' lang='lat' dir='ltr'><strong>anima</strong></span> <span class='ocrx_word' id='word_1_314' title='bbox 939 1894 1053 1954; x_wconf 89' lang='lat' dir='ltr'><strong>tua,</strong></span> <span class='ocrx_word' id='word_1_315' title='bbox 1084 1893 1139 1942; x_wconf 86' lang='lat' dir='ltr'><strong>et</strong></span> <span class='ocrx_word' id='word_1_316' title='bbox 1167 1900 1231 1940; x_wconf 85' lang='lat' dir='ltr'><strong>ex</strong></span> <span class='ocrx_word' id='word_1_317' title='bbox 1265 1885 1518 1940; x_wconf 90' lang='lat' dir='ltr'><strong>omnibus</strong></span> <span class='ocrx_word' id='word_1_318' title='bbox 1547 1883 1653 1938; x_wconf 91' lang='lat' dir='ltr'><strong>viri</strong></span> 
     </span>
    </p>
   </div>
   <div class='ocr_carea' id='block_1_20' title="bbox 1829 1877 3377 1960">
    <p class='ocr_par' dir='ltr' id='par_1_20' title="bbox 1829 1877 3377 1960">
     <span class='ocr_line' id='line_1_20' title="bbox 1829 1877 3377 1960; baseline 0.01 -30"><span class='ocrx_word' id='word_1_319' title='bbox 1829 1887 1914 1933; x_wconf 91' lang='lat' dir='ltr'><strong>uot</strong></span> <span class='ocrx_word' id='word_1_320' title='bbox 1960 1877 2126 1936; x_wconf 86' lang='lat' dir='ltr'><strong>habet</strong></span> <span class='ocrx_word' id='word_1_321' title='bbox 2173 1883 2535 1939; x_wconf 88' lang='lat' dir='ltr'><strong>necessarios.</strong></span> <span class='ocrx_word' id='word_1_322' title='bbox 2569 1886 2749 1958; x_wconf 88' lang='lat' dir='ltr'><strong>[cxxv,</strong></span> <span class='ocrx_word' id='word_1_323' title='bbox 2784 1886 2862 1957; x_wconf 79' lang='grc'><strong>5.]</strong></span> <span class='ocrx_word' id='word_1_324' title='bbox 2895 1888 2960 1942; x_wconf 90' lang='grc' dir='ltr'><strong>Ει</strong></span> <span class='ocrx_word' id='word_1_325' title='bbox 2991 1904 3092 1960; x_wconf 92' lang='lat' dir='ltr'><strong>ego</strong></span> <span class='ocrx_word' id='word_1_326' title='bbox 3123 1889 3248 1944; x_wconf 89' lang='lat' dir='ltr'><strong>dico</strong></span> <span class='ocrx_word' id='word_1_327' title='bbox 3283 1906 3377 1946; x_wconf 78' lang='lat' dir='ltr'><strong>vo-</strong></span> 
     </span>
    </p>
   </div>
   <div class='ocr_carea' id='block_1_21' title="bbox 107 1971 1655 2050">
    <p class='ocr_par' dir='ltr' id='par_1_21' title="bbox 107 1978 1655 2050">
     <span class='ocr_line' id='line_1_21' title="bbox 107 1978 1655 2050; baseline -0.005 -9"><span class='ocrx_word' id='word_1_328' title='bbox 107 1986 194 2041; x_wconf 91' lang='lat' dir='ltr'><strong>bus</strong></span> <span class='ocrx_word' id='word_1_329' title='bbox 222 1984 335 2050; x_wconf 86' lang='lat' dir='ltr'><strong>tuis,</strong></span> <span class='ocrx_word' id='word_1_330' title='bbox 367 1990 422 2038; x_wconf 90' lang='lat' dir='ltr'><strong>et</strong></span> <span class='ocrx_word' id='word_1_331' title='bbox 440 1995 511 2038; x_wconf 88' lang='lat' dir='ltr'><strong>ex</strong></span> <span class='ocrx_word' id='word_1_332' title='bbox 544 1981 696 2036; x_wconf 92' lang='lat' dir='ltr'><strong>omni</strong></span> <span class='ocrx_word' id='word_1_333' title='bbox 731 1989 913 2036; x_wconf 87' lang='lat' dir='ltr'><strong>mente</strong></span> <span class='ocrx_word' id='word_1_334' title='bbox 944 1989 1033 2035; x_wconf 88' lang='lat' dir='ltr'><strong>tua</strong></span> <span class='ocrx_word' id='word_1_335' title='bbox 1069 1996 1081 2032; x_wconf 93' lang='lat'><strong>:</strong></span> <span class='ocrx_word' id='word_1_336' title='bbox 1111 1988 1163 2034; x_wconf 91' lang='lat' dir='ltr'><strong>ct</strong></span> <span class='ocrx_word' id='word_1_337' title='bbox 1191 1978 1501 2050; x_wconf 86' lang='lat' dir='ltr'><strong>proximum</strong></span> <span class='ocrx_word' id='word_1_338' title='bbox 1531 1988 1655 2033; x_wconf 88' lang='lat' dir='ltr'><strong>tuun</strong></span> 
     </span>
    </p>
   </div>
   <div class='ocr_carea' id='block_1_22' title="bbox 1835 1971 3383 2050">
    <p class='ocr_par' dir='ltr' id='par_1_22' title="bbox 1835 1971 3383 2050">
     <span class='ocr_line' id='line_1_22' title="bbox 1835 1971 3383 2050; baseline 0.011 -27"><span class='ocrx_word' id='word_1_339' title='bbox 1835 1985 1868 2026; x_wconf 40' lang='lat' dir='ltr'><strong>.s</strong></span> <span class='ocrx_word' id='word_1_340' title='bbox 1901 1988 1914 2026; x_wconf 92' lang='lat'>:</span> <span class='ocrx_word' id='word_1_341' title='bbox 1947 1971 2147 2040; x_wconf 89' lang='lat' dir='ltr'><strong>Petite,</strong></span> <span class='ocrx_word' id='word_1_342' title='bbox 2181 1982 2236 2029; x_wconf 90' lang='lat' dir='ltr'><strong>et</strong></span> <span class='ocrx_word' id='word_1_343' title='bbox 2267 1974 2486 2030; x_wconf 89' lang='lat' dir='ltr'><strong>dabitur</strong></span> <span class='ocrx_word' id='word_1_344' title='bbox 2528 1979 2688 2035; x_wconf 85' lang='lat' dir='ltr'><strong>vobis</strong></span> <span class='ocrx_word' id='word_1_345' title='bbox 2724 1996 2735 2032; x_wconf 94' lang='lat'>:</span> <span class='ocrx_word' id='word_1_346' title='bbox 2769 1981 3020 2050; x_wconf 67' lang='lat' dir='ltr'><strong>quwrite,</strong></span> <span class='ocrx_word' id='word_1_347' title='bbox 3057 1991 3110 2040; x_wconf 88' lang='lat' dir='ltr'><strong>et</strong></span> <span class='ocrx_word' id='word_1_348' title='bbox 3143 1983 3383 2042; x_wconf 85' lang='lat' dir='ltr'><strong>invenie-</strong></span> 
     </span>
    </p>
   </div>
   <div class='ocr_carea' id='block_1_23' title="bbox 107 2063 3387 2149">
    <p class='ocr_par' dir='ltr' id='par_1_23' title="bbox 107 2063 3387 2149">
     <span class='ocr_line' id='line_1_23' title="bbox 107 2063 3387 2149; baseline -0.001 -15"><span class='ocrx_word' id='word_1_349' title='bbox 107 2080 224 2134; x_wconf 84' lang='lat' dir='ltr'><strong>sicut</strong></span> <span class='ocrx_word' id='word_1_350' title='bbox 258 2077 502 2148; x_wconf 82' lang='lat' dir='ltr'><strong>teipsum.</strong></span> <span class='ocrx_word' id='word_1_351' title='bbox 531 2075 792 2144; x_wconf 85' lang='lat' dir='ltr'><strong>Dixitque</strong></span> <span class='ocrx_word' id='word_1_352' title='bbox 820 2073 898 2130; x_wconf 93' lang='lat' dir='ltr'><strong>illi</strong></span> <span class='ocrx_word' id='word_1_353' title='bbox 929 2091 940 2126; x_wconf 95' lang='lat'><strong>:</strong></span> <span class='ocrx_word' id='word_1_354' title='bbox 974 2073 1143 2128; x_wconf 82' lang='lat' dir='ltr'><strong>Recte</strong></span> <span class='ocrx_word' id='word_1_355' title='bbox 1169 2072 1502 2143; x_wconf 90' lang='lat' dir='ltr'><strong>respondisti</strong></span> <span class='ocrx_word' id='word_1_356' title='bbox 1535 2090 1548 2125; x_wconf 80' lang='lat' dir='ltr'>z</span> <span class='ocrx_word' id='word_1_357' title='bbox 1577 2071 1682 2128; x_wconf 89' lang='lat' dir='ltr'><strong>hoc</strong></span> <span class='ocrx_word' id='word_1_358' title='bbox 1786 2063 1850 2117; x_wconf 85' lang='lat' dir='ltr'><strong>lis</strong></span> <span class='ocrx_word' id='word_1_359' title='bbox 1886 2079 1899 2118; x_wconf 89' lang='lat'>:</span> <span class='ocrx_word' id='word_1_360' title='bbox 1935 2064 2164 2133; x_wconf 88' lang='lat' dir='ltr'><strong>pulsate,</strong></span> <span class='ocrx_word' id='word_1_361' title='bbox 2192 2073 2246 2121; x_wconf 92' lang='lat' dir='ltr'><strong>et</strong></span> <span class='ocrx_word' id='word_1_362' title='bbox 2273 2069 2549 2138; x_wconf 89' lang='lat' dir='ltr'><strong>aperietur</strong></span> <span class='ocrx_word' id='word_1_363' title='bbox 2580 2071 2757 2127; x_wconf 89' lang='lat' dir='ltr'><strong>vobis.</strong></span> <span class='ocrx_word' id='word_1_364' title='bbox 2778 2072 2968 2129; x_wconf 85' lang='lat' dir='ltr'><strong>Omnis</strong></span> <span class='ocrx_word' id='word_1_365' title='bbox 2997 2074 3143 2130; x_wconf 88' lang='lat' dir='ltr'><strong>enim</strong></span> <span class='ocrx_word' id='word_1_366' title='bbox 3173 2079 3264 2148; x_wconf 90' lang='lat' dir='ltr'><strong>qui</strong></span> <span class='ocrx_word' id='word_1_367' title='bbox 3292 2093 3387 2149; x_wconf 85' lang='lat' dir='ltr'><strong>pc-</strong></span> 
     </span>
    </p>
   </div>
   <div class='ocr_carea' id='block_1_24' title="bbox 106 2155 1654 2246">
    <p class='ocr_par' dir='ltr' id='par_1_24' title="bbox 106 2164 1652 2240">
     <span class='ocr_line' id='line_1_24' title="bbox 106 2164 1652 2240; baseline -0.005 -14"><span class='ocrx_word' id='word_1_368' title='bbox 106 2173 196 2240; x_wconf 81' lang='lat' dir='ltr'><strong>fac,</strong></span> <span class='ocrx_word' id='word_1_369' title='bbox 222 2182 268 2227; x_wconf 92' lang='lat' dir='ltr'><strong>et</strong></span> <span class='ocrx_word' id='word_1_370' title='bbox 294 2170 462 2226; x_wconf 89' lang='lat' dir='ltr'><strong>vives.</strong></span> <span class='ocrx_word' id='word_1_371' title='bbox 499 2166 695 2240; x_wconf 64' lang='lat' dir='ltr'><strong>[cum</strong></span> <span class='ocrx_word' id='word_1_372' title='bbox 728 2164 841 2237; x_wconf 69' lang='lat'><strong>10.]</strong></span> <span class='ocrx_word' id='word_1_373' title='bbox 871 2166 968 2222; x_wconf 90' lang='lat' dir='ltr'><strong>Ille</strong></span> <span class='ocrx_word' id='word_1_374' title='bbox 1013 2174 1192 2222; x_wconf 89' lang='lat' dir='ltr'><strong>autem</strong></span> <span class='ocrx_word' id='word_1_375' title='bbox 1247 2165 1436 2222; x_wconf 88' lang='lat' dir='ltr'><strong>volens</strong></span> <span class='ocrx_word' id='word_1_376' title='bbox 1478 2164 1652 2236; x_wconf 80' lang='lat' dir='ltr'><strong>justiti</strong></span> 
     </span>
    </p>
   </div>
   <div class='ocr_carea' id='block_1_25' title="bbox 1835 2155 3383 2246">
    <p class='ocr_par' dir='ltr' id='par_1_25' title="bbox 1835 2157 3383 2246">
     <span class='ocr_line' id='line_1_25' title="bbox 1835 2157 3383 2246; baseline 0.012 -36"><span class='ocrx_word' id='word_1_377' title='bbox 1835 2166 1869 2224; x_wconf 89' lang='lat' dir='ltr'><strong>t,</strong></span> <span class='ocrx_word' id='word_1_378' title='bbox 1922 2157 2117 2227; x_wconf 88' lang='lat' dir='ltr'><strong>accipit</strong></span> <span class='ocrx_word' id='word_1_379' title='bbox 2167 2174 2181 2210; x_wconf 94' lang='lat'>:</span> <span class='ocrx_word' id='word_1_380' title='bbox 2229 2167 2283 2214; x_wconf 93' lang='lat' dir='ltr'><strong>et</strong></span> <span class='ocrx_word' id='word_1_381' title='bbox 2338 2162 2429 2231; x_wconf 90' lang='lat' dir='ltr'><strong>qui</strong></span> <span class='ocrx_word' id='word_1_382' title='bbox 2474 2163 2690 2234; x_wconf 75' lang='lat' dir='ltr'><strong>qtttcrit,</strong></span> <span class='ocrx_word' id='word_1_383' title='bbox 2753 2166 2960 2223; x_wconf 84' lang='lat' dir='ltr'><strong>invenit</strong></span> <span class='ocrx_word' id='word_1_384' title='bbox 2995 2185 3009 2223; x_wconf 87' lang='lat'><strong>:</strong></span> <span class='ocrx_word' id='word_1_385' title='bbox 3041 2179 3096 2224; x_wconf 90' lang='lat' dir='ltr'><strong>et</strong></span> <span class='ocrx_word' id='word_1_386' title='bbox 3145 2171 3383 2246; x_wconf 85' lang='lat' dir='ltr'><strong>pulsanti</strong></span> 
     </span>
    </p>
   </div>
   <div class='ocr_carea' id='block_1_26' title="bbox 107 2247 1655 2336">
    <p class='ocr_par' dir='ltr' id='par_1_26' title="bbox 107 2258 1655 2334">
     <span class='ocr_line' id='line_1_26' title="bbox 107 2258 1655 2334; baseline -0.007 -12"><span class='ocrx_word' id='word_1_387' title='bbox 107 2281 209 2322; x_wconf 84' lang='lat' dir='ltr'><strong>care</strong></span> <span class='ocrx_word' id='word_1_388' title='bbox 247 2264 505 2334; x_wconf 86' lang='lat' dir='ltr'><strong>seipsum,</strong></span> <span class='ocrx_word' id='word_1_389' title='bbox 539 2261 682 2316; x_wconf 90' lang='lat' dir='ltr'><strong>dixit</strong></span> <span class='ocrx_word' id='word_1_390' title='bbox 727 2260 795 2316; x_wconf 92' lang='lat' dir='ltr'><strong>ad</strong></span> <span class='ocrx_word' id='word_1_391' title='bbox 849 2261 1036 2316; x_wconf 87' lang='lat' dir='ltr'><strong>Jesum</strong></span> <span class='ocrx_word' id='word_1_392' title='bbox 1063 2275 1076 2313; x_wconf 94' lang='lat'>:</span> <span class='ocrx_word' id='word_1_393' title='bbox 1108 2259 1174 2314; x_wconf 86' lang='lat' dir='ltr'><strong>Et</strong></span> <span class='ocrx_word' id='word_1_394' title='bbox 1224 2258 1347 2332; x_wconf 90' lang='lat' dir='ltr'><strong>quis</strong></span> <span class='ocrx_word' id='word_1_395' title='bbox 1399 2265 1484 2313; x_wconf 88' lang='lat' dir='ltr'><strong>est</strong></span> <span class='ocrx_word' id='word_1_396' title='bbox 1519 2271 1655 2312; x_wconf 90' lang='lat' dir='ltr'><strong>meu:</strong></span> 
     </span>
    </p>
   </div>
   <div class='ocr_carea' id='block_1_27' title="bbox 1821 2247 3369 2336">
    <p class='ocr_par' dir='ltr' id='par_1_27' title="bbox 1821 2247 3369 2336">
     <span class='ocr_line' id='line_1_27' title="bbox 1821 2247 3369 2336; baseline 0.012 -35"><span class='ocrx_word' id='word_1_397' title='bbox 1821 2247 2074 2318; x_wconf 87' lang='lat' dir='ltr'><strong>perietur.</strong></span> <span class='ocrx_word' id='word_1_398' title='bbox 2107 2248 2237 2316; x_wconf 88' lang='lat' dir='ltr'><strong>Quis</strong></span> <span class='ocrx_word' id='word_1_399' title='bbox 2260 2261 2444 2308; x_wconf 91' lang='lat' dir='ltr'><strong>autem</strong></span> <span class='ocrx_word' id='word_1_400' title='bbox 2471 2271 2538 2308; x_wconf 74' lang='lat' dir='ltr'><strong>ex</strong></span> <span class='ocrx_word' id='word_1_401' title='bbox 2569 2256 2723 2312; x_wconf 89' lang='lat' dir='ltr'><strong>vobis</strong></span> <span class='ocrx_word' id='word_1_402' title='bbox 2748 2268 2957 2328; x_wconf 87' lang='lat' dir='ltr'><strong>patrem</strong></span> <span class='ocrx_word' id='word_1_403' title='bbox 2982 2263 3116 2330; x_wconf 83' lang='lat' dir='ltr'><strong>petit</strong></span> <span class='ocrx_word' id='word_1_404' title='bbox 3147 2279 3369 2336; x_wconf 77' lang='lat' dir='ltr'><strong>panem,</strong></span> 
     </span>
    </p>
   </div>
   <div class='ocr_carea' id='block_1_28' title="bbox 111 2341 3373 2430">
    <p class='ocr_par' dir='ltr' id='par_1_28' title="bbox 111 2341 3373 2430">
     <span class='ocr_line' id='line_1_28' title="bbox 111 2341 3373 2430; baseline 0.005 -18"><span class='ocrx_word' id='word_1_405' title='bbox 111 2356 389 2430; x_wconf 87' lang='lat' dir='ltr'><strong>proximus?</strong></span> <span class='ocrx_word' id='word_1_406' title='bbox 428 2354 753 2425; x_wconf 90' lang='lat' dir='ltr'><strong>Suscipiens</strong></span> <span class='ocrx_word' id='word_1_407' title='bbox 799 2361 981 2408; x_wconf 90' lang='lat' dir='ltr'><strong>autem</strong></span> <span class='ocrx_word' id='word_1_408' title='bbox 1038 2351 1220 2419; x_wconf 85' lang='lat' dir='ltr'><strong>Jesus,</strong></span> <span class='ocrx_word' id='word_1_409' title='bbox 1268 2351 1404 2407; x_wconf 91' lang='lat' dir='ltr'><strong>dixit</strong></span> <span class='ocrx_word' id='word_1_410' title='bbox 1446 2368 1460 2405; x_wconf 91' lang='lat'><strong>:</strong></span> <span class='ocrx_word' id='word_1_411' title='bbox 1502 2349 1680 2406; x_wconf 89' lang='lat' dir='ltr'><strong>Homo</strong></span> <span class='ocrx_word' id='word_1_412' title='bbox 1783 2341 2042 2411; x_wconf 74' lang='grc' dir='ltr'><strong>ηυίηίιυίά</strong></span> <span class='ocrx_word' id='word_1_413' title='bbox 2093 2343 2328 2414; x_wconf 64' lang='lat' dir='ltr'><strong>lapidem</strong></span> <span class='ocrx_word' id='word_1_414' title='bbox 2360 2345 2510 2402; x_wconf 54' lang='lat' dir='ltr'><strong>dabit</strong></span> <span class='ocrx_word' id='word_1_415' title='bbox 2542 2347 2659 2402; x_wconf 64' lang='lat' dir='ltr'><strong>illi?</strong></span> <span class='ocrx_word' id='word_1_416' title='bbox 2691 2351 2800 2406; x_wconf 74' lang='grc' dir='ltr'><strong>Αυῑ</strong></span> <span class='ocrx_word' id='word_1_417' title='bbox 2849 2353 3077 2422; x_wconf 63' lang='lat' dir='ltr'><strong>Pisce“):</strong></span> <span class='ocrx_word' id='word_1_418' title='bbox 3108 2359 3373 2428; x_wconf 77' lang='grc' dir='ltr'><strong>ιιυιηίιιιὶιι</strong></span> 
     </span>
    </p>
   </div>
   <div class='ocr_carea' id='block_1_29' title="bbox 107 2437 3373 2521">
    <p class='ocr_par' dir='ltr' id='par_1_29' title="bbox 107 2437 3373 2521">
     <span class='ocr_line' id='line_1_29' title="bbox 107 2437 3373 2521; baseline 0.002 -18"><span class='ocrx_word' id='word_1_419' title='bbox 107 2452 289 2521; x_wconf 87' lang='lat' dir='ltr'><strong>quidam</strong></span> <span class='ocrx_word' id='word_1_420' title='bbox 319 2447 700 2505; x_wconf 85' lang='lat' dir='ltr'><strong>descendebat</strong></span> <span class='ocrx_word' id='word_1_421' title='bbox 730 2447 798 2500; x_wconf 90' lang='lat' dir='ltr'><strong>ab</strong></span> <span class='ocrx_word' id='word_1_422' title='bbox 826 2443 1134 2502; x_wconf 85' lang='lat' dir='ltr'><strong>Jerusalem</strong></span> <span class='ocrx_word' id='word_1_423' title='bbox 1163 2444 1216 2500; x_wconf 93' lang='lat' dir='ltr'><strong>in</strong></span> <span class='ocrx_word' id='word_1_424' title='bbox 1259 2442 1499 2510; x_wconf 83' lang='lat' dir='ltr'><strong>Jericbo,</strong></span> <span class='ocrx_word' id='word_1_425' title='bbox 1522 2450 1576 2498; x_wconf 89' lang='lat' dir='ltr'><strong>et</strong></span> <span class='ocrx_word' id='word_1_426' title='bbox 1598 2442 1679 2497; x_wconf 84' lang='lat' dir='ltr'><strong>in-</strong></span> <span class='ocrx_word' id='word_1_427' title='bbox 1782 2451 1879 2506; x_wconf 91' lang='lat' dir='ltr'><strong>pro</strong></span> <span class='ocrx_word' id='word_1_428' title='bbox 1904 2437 2052 2506; x_wconf 84' lang='lat' dir='ltr'><strong>pisce</strong></span> <span class='ocrx_word' id='word_1_429' title='bbox 2075 2449 2384 2510; x_wconf 85' lang='lat' dir='ltr'><strong>serpentem</strong></span> <span class='ocrx_word' id='word_1_430' title='bbox 2409 2440 2559 2498; x_wconf 89' lang='lat' dir='ltr'><strong>dabit</strong></span> <span class='ocrx_word' id='word_1_431' title='bbox 2583 2444 2826 2502; x_wconf 85' lang='lat' dir='ltr'><strong>illi?Aut</strong></span> <span class='ocrx_word' id='word_1_432' title='bbox 2854 2449 2901 2502; x_wconf 92' lang='lat' dir='ltr'><strong>si</strong></span> <span class='ocrx_word' id='word_1_433' title='bbox 2932 2450 3153 2520; x_wconf 88' lang='lat' dir='ltr'><strong>petierit</strong></span> <span class='ocrx_word' id='word_1_434' title='bbox 3183 2468 3373 2511; x_wconf 88' lang='lat' dir='ltr'><strong>ovum:</strong></span> 
     </span>
    </p>
   </div>
   <div class='ocr_carea' id='block_1_30' title="bbox 109 2530 3376 2614">
    <p class='ocr_par' dir='ltr' id='par_1_30' title="bbox 109 2530 3376 2614">
     <span class='ocr_line' id='line_1_30' title="bbox 109 2530 3376 2614; baseline 0.014 -57"><span class='ocrx_word' id='word_1_435' title='bbox 109 2545 282 2600; x_wconf 55' lang='lat' dir='ltr'><strong>omni“</strong></span> <span class='ocrx_word' id='word_1_436' title='bbox 321 2545 590 2611; x_wconf 50' lang='lat' dir='ltr'><strong>latrones,</strong></span> <span class='ocrx_word' id='word_1_437' title='bbox 620 2541 717 2613; x_wconf 60' lang='lat' dir='ltr'><strong>qui</strong></span> <span class='ocrx_word' id='word_1_438' title='bbox 743 2539 907 2597; x_wconf 59' lang='lat' dir='ltr'><strong>eum,</strong></span> <span class='ocrx_word' id='word_1_439' title='bbox 950 2539 1402 2611; x_wconf 51' lang='lat' dir='ltr'><strong>“spoliaverunt</strong></span> <span class='ocrx_word' id='word_1_440' title='bbox 1426 2554 1548 2594; x_wconf 74' lang='lat' dir='ltr'><strong>eum</strong></span> <span class='ocrx_word' id='word_1_441' title='bbox 1579 2556 1590 2591; x_wconf 73' lang='grc' dir='ltr'>ε</span> <span class='ocrx_word' id='word_1_442' title='bbox 1623 2547 1677 2594; x_wconf 71' lang='grc' dir='ltr'><strong>ει</strong></span> <span class='ocrx_word' id='word_1_443' title='bbox 1781 2530 2043 2600; x_wconf 90' lang='lat' dir='ltr'><strong>numquid</strong></span> <span class='ocrx_word' id='word_1_444' title='bbox 2070 2533 2317 2604; x_wconf 81' lang='lat' dir='ltr'><strong>porriget</strong></span> <span class='ocrx_word' id='word_1_445' title='bbox 2349 2534 2429 2589; x_wconf 91' lang='lat' dir='ltr'><strong>illi</strong></span> <span class='ocrx_word' id='word_1_446' title='bbox 2457 2537 2842 2606; x_wconf 80' lang='lat' dir='ltr'><strong>scorpionem?</strong></span> <span class='ocrx_word' id='word_1_447' title='bbox 2876 2540 2934 2596; x_wconf 91' lang='lat' dir='ltr'><strong>Si</strong></span> <span class='ocrx_word' id='word_1_448' title='bbox 2960 2556 3090 2614; x_wconf 86' lang='lat' dir='ltr'><strong>ergo</strong></span> <span class='ocrx_word' id='word_1_449' title='bbox 3124 2559 3223 2600; x_wconf 93' lang='lat' dir='ltr'><strong>vos</strong></span> <span class='ocrx_word' id='word_1_450' title='bbox 3247 2561 3376 2604; x_wconf 89' lang='lat' dir='ltr'><strong>cum</strong></span> 
     </span>
    </p>
   </div>
   <div class='ocr_carea' id='block_1_31' title="bbox 106 2620 3380 2709">
    <p class='ocr_par' dir='ltr' id='par_1_31' title="bbox 106 2620 3380 2709">
     <span class='ocr_line' id='line_1_31' title="bbox 106 2620 3380 2709; baseline 0.002 -21"><span class='ocrx_word' id='word_1_451' title='bbox 106 2638 250 2709; x_wconf 78' lang='lat' dir='ltr'><strong>plagis</strong></span> <span class='ocrx_word' id='word_1_452' title='bbox 276 2637 564 2709; x_wconf 86' lang='lat' dir='ltr'><strong>impositis,</strong></span> <span class='ocrx_word' id='word_1_453' title='bbox 592 2635 879 2699; x_wconf 89' lang='lat' dir='ltr'><strong>abierunt,</strong></span> <span class='ocrx_word' id='word_1_454' title='bbox 908 2632 1172 2689; x_wconf 83' lang='lat' dir='ltr'><strong>semivivo</strong></span> <span class='ocrx_word' id='word_1_455' title='bbox 1209 2632 1431 2687; x_wconf 83' lang='lat' dir='ltr'><strong>relicto.</strong></span> <span class='ocrx_word' id='word_1_456' title='bbox 1462 2631 1675 2687; x_wconf 66' lang='lat' dir='ltr'><strong>Accidit</strong></span> <span class='ocrx_word' id='word_1_457' title='bbox 1778 2620 1901 2675; x_wconf 90' lang='lat' dir='ltr'><strong>sitis</strong></span> <span class='ocrx_word' id='word_1_458' title='bbox 1927 2621 2269 2690; x_wconf 90' lang='lat' dir='ltr'><strong>mali,nostis</strong></span> <span class='ocrx_word' id='word_1_459' title='bbox 2299 2625 2440 2681; x_wconf 88' lang='lat' dir='ltr'><strong>bona</strong></span> <span class='ocrx_word' id='word_1_460' title='bbox 2465 2625 2591 2682; x_wconf 89' lang='lat' dir='ltr'><strong>data</strong></span> <span class='ocrx_word' id='word_1_461' title='bbox 2621 2628 2755 2684; x_wconf 87' lang='lat' dir='ltr'><strong>dare</strong></span> <span class='ocrx_word' id='word_1_462' title='bbox 2779 2629 2902 2686; x_wconf 84' lang='lat' dir='ltr'><strong>filiis</strong></span> <span class='ocrx_word' id='word_1_463' title='bbox 2931 2632 3380 2707; x_wconf 85' lang='lat' dir='ltr'><strong>vestris:quanto</strong></span> 
     </span>
    </p>
   </div>
   <div class='ocr_carea' id='block_1_32' title="bbox 105 2714 1653 2802">
    <p class='ocr_par' dir='ltr' id='par_1_32' title="bbox 105 2724 1630 2800">
     <span class='ocr_line' id='line_1_32' title="bbox 105 2724 1630 2800; baseline -0.004 -14"><span class='ocrx_word' id='word_1_464' title='bbox 105 2740 275 2797; x_wconf 84' lang='lat' dir='ltr'><strong>autem,</strong></span> <span class='ocrx_word' id='word_1_465' title='bbox 296 2740 350 2787; x_wconf 87' lang='lat' dir='ltr'><strong>ut</strong></span> <span class='ocrx_word' id='word_1_466' title='bbox 377 2727 647 2794; x_wconf 87' lang='lat' dir='ltr'><strong>sacerdos</strong></span> <span class='ocrx_word' id='word_1_467' title='bbox 671 2727 889 2800; x_wconf 88' lang='lat' dir='ltr'><strong>quidam</strong></span> <span class='ocrx_word' id='word_1_468' title='bbox 921 2724 1283 2783; x_wconf 89' lang='lat' dir='ltr'><strong>descenderet</strong></span> <span class='ocrx_word' id='word_1_469' title='bbox 1313 2724 1506 2780; x_wconf 90' lang='lat' dir='ltr'><strong>eadem</strong></span> <span class='ocrx_word' id='word_1_470' title='bbox 1540 2724 1630 2780; x_wconf 88' lang='lat' dir='ltr'><strong>via</strong></span> 
     </span>
    </p>
   </div>
   <div class='ocr_carea' id='block_1_33' title="bbox 1829 2714 3377 2802">
    <p class='ocr_par' dir='ltr' id='par_1_33' title="bbox 1829 2714 3377 2802">
     <span class='ocr_line' id='line_1_33' title="bbox 1829 2714 3377 2802; baseline 0.013 -35"><span class='ocrx_word' id='word_1_471' title='bbox 1829 2714 1950 2784; x_wconf 86' lang='lat' dir='ltr'><strong>agis</strong></span> <span class='ocrx_word' id='word_1_472' title='bbox 1993 2715 2154 2770; x_wconf 86' lang='lat' dir='ltr'><strong>Pater</strong></span> <span class='ocrx_word' id='word_1_473' title='bbox 2206 2727 2388 2773; x_wconf 87' lang='lat' dir='ltr'><strong>vester</strong></span> <span class='ocrx_word' id='word_1_474' title='bbox 2418 2717 2483 2774; x_wconf 92' lang='lat' dir='ltr'><strong>de</strong></span> <span class='ocrx_word' id='word_1_475' title='bbox 2512 2721 2650 2776; x_wconf 85' lang='lat' dir='ltr'><strong>coelo</strong></span> <span class='ocrx_word' id='word_1_476' title='bbox 2698 2721 2848 2778; x_wconf 88' lang='lat' dir='ltr'><strong>dabit</strong></span> <span class='ocrx_word' id='word_1_477' title='bbox 2878 2724 3132 2794; x_wconf 87' lang='lat' dir='ltr'><strong>spiritum</strong></span> <span class='ocrx_word' id='word_1_478' title='bbox 3174 2727 3377 2802; x_wconf 84' lang='lat' dir='ltr'><strong>bonum</strong></span> 
     </span>
    </p>
   </div>
   <div class='ocr_carea' id='block_1_34' title="bbox 104 2810 1652 2896">
    <p class='ocr_par' dir='ltr' id='par_1_34' title="bbox 104 2818 1652 2896">
     <span class='ocr_line' id='line_1_34' title="bbox 104 2818 1652 2896; baseline -0.005 -16"><span class='ocrx_word' id='word_1_479' title='bbox 104 2835 147 2880; x_wconf 90' lang='lat' dir='ltr'><strong>et</strong></span> <span class='ocrx_word' id='word_1_480' title='bbox 167 2825 269 2881; x_wconf 83' lang='lat' dir='ltr'><strong>viso</strong></span> <span class='ocrx_word' id='word_1_481' title='bbox 305 2825 422 2894; x_wconf 85' lang='lat' dir='ltr'><strong>illo,</strong></span> <span class='ocrx_word' id='word_1_482' title='bbox 456 2822 792 2896; x_wconf 66' lang='lat' dir='ltr'><strong>prmterivit.</strong></span> <span class='ocrx_word' id='word_1_483' title='bbox 818 2821 1173 2896; x_wconf 78' lang='lat' dir='ltr'><strong>Similiteret</strong></span> <span class='ocrx_word' id='word_1_484' title='bbox 1197 2818 1411 2885; x_wconf 84' lang='lat' dir='ltr'><strong>Levita,</strong></span> <span class='ocrx_word' id='word_1_485' title='bbox 1435 2833 1558 2875; x_wconf 89' lang='lat' dir='ltr'><strong>cum</strong></span> <span class='ocrx_word' id='word_1_486' title='bbox 1585 2830 1652 2873; x_wconf 80' lang='lat' dir='ltr'><strong>es</strong></span> 
     </span>
    </p>
   </div>
   <div class='ocr_carea' id='block_1_35' title="bbox 1829 2810 3377 2896">
    <p class='ocr_par' dir='ltr' id='par_1_35' title="bbox 1829 2810 3377 2895">
     <span class='ocr_line' id='line_1_35' title="bbox 1829 2810 3377 2895; baseline 0.011 -31"><span class='ocrx_word' id='word_1_487' title='bbox 1829 2810 2090 2866; x_wconf 64' lang='lat' dir='ltr'><strong>atentibus</strong></span> <span class='ocrx_word' id='word_1_488' title='bbox 2114 2813 2203 2867; x_wconf 85' lang='lat' dir='ltr'><strong>se!</strong></span> <span class='ocrx_word' id='word_1_489' title='bbox 2234 2812 2442 2884; x_wconf 82' lang='lat' dir='ltr'><strong>[cxxvr,</strong></span> <span class='ocrx_word' id='word_1_490' title='bbox 2466 2812 2546 2883; x_wconf 80' lang='grc'><strong>5.]</strong></span> <span class='ocrx_word' id='word_1_491' title='bbox 2564 2816 2626 2870; x_wconf 83' lang='grc' dir='ltr'><strong>Εῑ</strong></span> <span class='ocrx_word' id='word_1_492' title='bbox 2647 2817 3000 2888; x_wconf 88' lang='lat' dir='ltr'><strong>eratejiciens</strong></span> <span class='ocrx_word' id='word_1_493' title='bbox 3021 2820 3377 2895; x_wconf 66' lang='lat' dir='ltr'><strong>daemonium,</strong></span> 
     </span>
    </p>
   </div>
   <div class='ocr_carea' id='block_1_36' title="bbox 103 2903 3374 2990">
    <p class='ocr_par' dir='ltr' id='par_1_36' title="bbox 103 2903 3374 2990">
     <span class='ocr_line' id='line_1_36' title="bbox 103 2903 3374 2990; baseline 0.002 -22"><span class='ocrx_word' id='word_1_494' title='bbox 103 2930 169 2972; x_wconf 80' lang='lat' dir='ltr'><strong>set</strong></span> <span class='ocrx_word' id='word_1_495' title='bbox 198 2931 339 2973; x_wconf 87' lang='lat' dir='ltr'><strong>secus</strong></span> <span class='ocrx_word' id='word_1_496' title='bbox 390 2917 604 2982; x_wconf 86' lang='lat' dir='ltr'><strong>locum,</strong></span> <span class='ocrx_word' id='word_1_497' title='bbox 651 2922 707 2969; x_wconf 92' lang='lat' dir='ltr'><strong>et</strong></span> <span class='ocrx_word' id='word_1_498' title='bbox 737 2911 945 2974; x_wconf 87' lang='lat' dir='ltr'><strong>videret</strong></span> <span class='ocrx_word' id='word_1_499' title='bbox 998 2927 1146 2978; x_wconf 88' lang='lat' dir='ltr'><strong>eum,</strong></span> <span class='ocrx_word' id='word_1_500' title='bbox 1180 2910 1495 2981; x_wconf 88' lang='lat' dir='ltr'><strong>pertransiit</strong></span> <span class='ocrx_word' id='word_1_501' title='bbox 1530 2928 1541 2962; x_wconf 89' lang='lat'>:</span> <span class='ocrx_word' id='word_1_502' title='bbox 1572 2908 1671 2966; x_wconf 86' lang='lat' dir='ltr'><strong>Sa-</strong></span> <span class='ocrx_word' id='word_1_503' title='bbox 1775 2913 1828 2960; x_wconf 89' lang='lat' dir='ltr'><strong>et</strong></span> <span class='ocrx_word' id='word_1_504' title='bbox 1871 2903 2006 2959; x_wconf 91' lang='lat' dir='ltr'><strong>illud</strong></span> <span class='ocrx_word' id='word_1_505' title='bbox 2033 2914 2154 2962; x_wconf 88' lang='lat' dir='ltr'><strong>erat</strong></span> <span class='ocrx_word' id='word_1_506' title='bbox 2184 2916 2412 2962; x_wconf 91' lang='lat' dir='ltr'><strong>mutum.</strong></span> <span class='ocrx_word' id='word_1_507' title='bbox 2450 2909 2666 2965; x_wconf 79' lang='lat' dir='ltr'><strong>Etcum</strong></span> <span class='ocrx_word' id='word_1_508' title='bbox 2713 2912 2970 2982; x_wconf 90' lang='lat' dir='ltr'><strong>ejeeisset</strong></span> <span class='ocrx_word' id='word_1_509' title='bbox 3016 2913 3374 2990; x_wconf 63' lang='lat' dir='ltr'><strong>daemonium,</strong></span> 
     </span>
    </p>
   </div>
   <div class='ocr_carea' id='block_1_37' title="bbox 103 2997 3375 3083">
    <p class='ocr_par' dir='ltr' id='par_1_37' title="bbox 103 2997 3375 3083">
     <span class='ocr_line' id='line_1_37' title="bbox 103 2997 3375 3083; baseline 0.005 -32"><span class='ocrx_word' id='word_1_510' title='bbox 103 3009 364 3066; x_wconf 66' lang='lat' dir='ltr'><strong>marimus</strong></span> <span class='ocrx_word' id='word_1_511' title='bbox 392 3017 576 3064; x_wconf 80' lang='lat' dir='ltr'><strong>autem</strong></span> <span class='ocrx_word' id='word_1_512' title='bbox 623 3004 848 3078; x_wconf 89' lang='lat' dir='ltr'><strong>quidam</strong></span> <span class='ocrx_word' id='word_1_513' title='bbox 898 3004 1003 3060; x_wconf 89' lang='lat' dir='ltr'><strong>iter</strong></span> <span class='ocrx_word' id='word_1_514' title='bbox 1049 3003 1276 3067; x_wconf 89' lang='lat' dir='ltr'><strong>faciens,</strong></span> <span class='ocrx_word' id='word_1_515' title='bbox 1312 3004 1461 3058; x_wconf 88' lang='lat' dir='ltr'><strong>venit</strong></span> <span class='ocrx_word' id='word_1_516' title='bbox 1506 3016 1668 3058; x_wconf 90' lang='lat' dir='ltr'><strong>secus</strong></span> <span class='ocrx_word' id='word_1_517' title='bbox 1776 2997 1987 3054; x_wconf 89' lang='lat' dir='ltr'><strong>loculus</strong></span> <span class='ocrx_word' id='word_1_518' title='bbox 2015 3005 2102 3055; x_wconf 88' lang='lat' dir='ltr'><strong>est</strong></span> <span class='ocrx_word' id='word_1_519' title='bbox 2128 3007 2331 3070; x_wconf 86' lang='lat' dir='ltr'><strong>mutus,</strong></span> <span class='ocrx_word' id='word_1_520' title='bbox 2357 3011 2412 3057; x_wconf 91' lang='lat' dir='ltr'><strong>et</strong></span> <span class='ocrx_word' id='word_1_521' title='bbox 2450 3002 2737 3059; x_wconf 74' lang='lat' dir='ltr'><strong>admirata:</strong></span> <span class='ocrx_word' id='word_1_522' title='bbox 2774 3014 2900 3062; x_wconf 88' lang='lat' dir='ltr'><strong>sunt</strong></span> <span class='ocrx_word' id='word_1_523' title='bbox 2928 3007 3119 3064; x_wconf 68' lang='lat' dir='ltr'><strong>turbae.</strong></span> <span class='ocrx_word' id='word_1_524' title='bbox 3150 3011 3375 3083; x_wconf 83' lang='lat' dir='ltr'><strong>[cxxvu,</strong></span> 
     </span>
    </p>
   </div>
   <div class='ocr_carea' id='block_1_38' title="bbox 104 3092 3382 3184">
    <p class='ocr_par' dir='ltr' id='par_1_38' title="bbox 104 3092 3382 3184">
     <span class='ocr_line' id='line_1_38' title="bbox 104 3092 3382 3184; baseline 0.002 -26"><span class='ocrx_word' id='word_1_525' title='bbox 104 3119 239 3159; x_wconf 87' lang='lat' dir='ltr'><strong>eum:</strong></span> <span class='ocrx_word' id='word_1_526' title='bbox 285 3114 334 3160; x_wconf 91' lang='lat' dir='ltr'><strong>et</strong></span> <span class='ocrx_word' id='word_1_527' title='bbox 361 3103 555 3160; x_wconf 88' lang='lat' dir='ltr'><strong>videns</strong></span> <span class='ocrx_word' id='word_1_528' title='bbox 598 3117 753 3167; x_wconf 86' lang='lat' dir='ltr'><strong>eum,</strong></span> <span class='ocrx_word' id='word_1_529' title='bbox 805 3096 1177 3154; x_wconf 85' lang='lat' dir='ltr'><strong>misericordia</strong></span> <span class='ocrx_word' id='word_1_530' title='bbox 1233 3105 1412 3152; x_wconf 90' lang='lat' dir='ltr'><strong>motus</strong></span> <span class='ocrx_word' id='word_1_531' title='bbox 1457 3106 1564 3152; x_wconf 91' lang='lat' dir='ltr'><strong>est.</strong></span> <span class='ocrx_word' id='word_1_532' title='bbox 1601 3095 1672 3152; x_wconf 86' lang='lat' dir='ltr'><strong>Et</strong></span> <span class='ocrx_word' id='word_1_533' title='bbox 1699 3115 1745 3184; x_wconf 66' lang='grc' dir='ltr'>α</span> <span class='ocrx_word' id='word_1_534' title='bbox 1774 3092 1858 3164; x_wconf 70' lang='lat'><strong>2.]</strong></span> <span class='ocrx_word' id='word_1_535' title='bbox 1885 3093 2117 3163; x_wconf 86' lang='lat' dir='ltr'><strong>Quidam</strong></span> <span class='ocrx_word' id='word_1_536' title='bbox 2164 3104 2350 3152; x_wconf 88' lang='lat' dir='ltr'><strong>autem</strong></span> <span class='ocrx_word' id='word_1_537' title='bbox 2397 3113 2464 3153; x_wconf 88' lang='lat' dir='ltr'><strong>ex</strong></span> <span class='ocrx_word' id='word_1_538' title='bbox 2515 3100 2595 3154; x_wconf 91' lang='lat' dir='ltr'><strong>eis</strong></span> <span class='ocrx_word' id='word_1_539' title='bbox 2637 3100 2938 3157; x_wconf 86' lang='lat' dir='ltr'><strong>dixerunt:</strong></span> <span class='ocrx_word' id='word_1_540' title='bbox 2974 3102 3031 3158; x_wconf 86' lang='lat' dir='ltr'><strong>In</strong></span> <span class='ocrx_word' id='word_1_541' title='bbox 3075 3104 3382 3164; x_wconf 86' lang='lat' dir='ltr'><strong>Beelzebub</strong></span> 
     </span>
    </p>
   </div>
   <div class='ocr_carea' id='block_1_39' title="bbox 105 3187 3376 3273">
    <p class='ocr_par' dir='ltr' id='par_1_39' title="bbox 105 3187 3376 3273">
     <span class='ocr_line' id='line_1_39' title="bbox 105 3187 3376 3273; baseline 0.002 -22"><span class='ocrx_word' id='word_1_542' title='bbox 105 3203 393 3270; x_wconf 87' lang='lat' dir='ltr'><strong>appropians</strong></span> <span class='ocrx_word' id='word_1_543' title='bbox 417 3196 680 3269; x_wconf 83' lang='lat' dir='ltr'><strong>alligavit</strong></span> <span class='ocrx_word' id='word_1_544' title='bbox 707 3194 932 3250; x_wconf 89' lang='lat' dir='ltr'><strong>vulnera</strong></span> <span class='ocrx_word' id='word_1_545' title='bbox 974 3193 1112 3263; x_wconf 85' lang='lat' dir='ltr'><strong>ejus,</strong></span> <span class='ocrx_word' id='word_1_546' title='bbox 1142 3189 1432 3246; x_wconf 85' lang='lat' dir='ltr'><strong>infundens</strong></span> <span class='ocrx_word' id='word_1_547' title='bbox 1459 3190 1666 3259; x_wconf 90' lang='lat' dir='ltr'><strong>oleum,</strong></span> <span class='ocrx_word' id='word_1_548' title='bbox 1774 3187 2022 3260; x_wconf 88' lang='lat' dir='ltr'><strong>principe</strong></span> <span class='ocrx_word' id='word_1_549' title='bbox 2048 3188 2447 3248; x_wconf 67' lang='lat' dir='ltr'><strong>daemoniorum</strong></span> <span class='ocrx_word' id='word_1_550' title='bbox 2481 3193 2627 3264; x_wconf 89' lang='lat' dir='ltr'><strong>cjicit</strong></span> <span class='ocrx_word' id='word_1_551' title='bbox 2669 3195 2963 3256; x_wconf 75' lang='lat' dir='ltr'><strong>daemonia.</strong></span> <span class='ocrx_word' id='word_1_552' title='bbox 3007 3200 3261 3273; x_wconf 81' lang='lat' dir='ltr'><strong>]cxxvru,</strong></span> <span class='ocrx_word' id='word_1_553' title='bbox 3292 3202 3376 3273; x_wconf 85' lang='lat'><strong>5.]</strong></span> 
     </span>
    </p>
   </div>
   <div class='ocr_carea' id='block_1_40' title="bbox 107 3281 3370 3362">
    <p class='ocr_par' dir='ltr' id='par_1_40' title="bbox 107 3281 3370 3362">
     <span class='ocr_line' id='line_1_40' title="bbox 107 3281 3370 3362; baseline 0.001 -14"><span class='ocrx_word' id='word_1_554' title='bbox 107 3302 150 3348; x_wconf 90' lang='lat' dir='ltr'><strong>et</strong></span> <span class='ocrx_word' id='word_1_555' title='bbox 176 3293 339 3348; x_wconf 91' lang='lat' dir='ltr'><strong>vinum</strong></span> <span class='ocrx_word' id='word_1_556' title='bbox 373 3313 386 3348; x_wconf 89' lang='lat'><strong>:</strong></span> <span class='ocrx_word' id='word_1_557' title='bbox 419 3302 472 3350; x_wconf 86' lang='lat' dir='ltr'><strong>et</strong></span> <span class='ocrx_word' id='word_1_558' title='bbox 504 3292 802 3362; x_wconf 88' lang='lat' dir='ltr'><strong>imponens</strong></span> <span class='ocrx_word' id='word_1_559' title='bbox 843 3287 997 3343; x_wconf 92' lang='lat' dir='ltr'><strong>illum</strong></span> <span class='ocrx_word' id='word_1_560' title='bbox 1038 3285 1091 3341; x_wconf 94' lang='lat' dir='ltr'><strong>in</strong></span> <span class='ocrx_word' id='word_1_561' title='bbox 1138 3284 1447 3355; x_wconf 89' lang='lat' dir='ltr'><strong>jumentum</strong></span> <span class='ocrx_word' id='word_1_562' title='bbox 1487 3298 1666 3354; x_wconf 91' lang='lat' dir='ltr'><strong>suum,</strong></span> <span class='ocrx_word' id='word_1_563' title='bbox 1773 3281 1842 3338; x_wconf 90' lang='lat' dir='ltr'><strong>Et</strong></span> <span class='ocrx_word' id='word_1_564' title='bbox 1867 3281 1958 3338; x_wconf 87' lang='lat' dir='ltr'><strong>alii</strong></span> <span class='ocrx_word' id='word_1_565' title='bbox 1991 3289 2288 3351; x_wconf 89' lang='lat' dir='ltr'><strong>tentantes,</strong></span> <span class='ocrx_word' id='word_1_566' title='bbox 2321 3283 2537 3354; x_wconf 89' lang='lat' dir='ltr'><strong>signum</strong></span> <span class='ocrx_word' id='word_1_567' title='bbox 2571 3284 2638 3342; x_wconf 89' lang='lat' dir='ltr'><strong>de</strong></span> <span class='ocrx_word' id='word_1_568' title='bbox 2670 3288 2813 3344; x_wconf 80' lang='lat' dir='ltr'><strong>coelo</strong></span> <span class='ocrx_word' id='word_1_569' title='bbox 2844 3292 3160 3360; x_wconf 86' lang='lat' dir='ltr'><strong>quaerebant</strong></span> <span class='ocrx_word' id='word_1_570' title='bbox 3190 3294 3260 3349; x_wconf 90' lang='lat' dir='ltr'><strong>ab</strong></span> <span class='ocrx_word' id='word_1_571' title='bbox 3284 3309 3370 3351; x_wconf 91' lang='lat' dir='ltr'><strong>eo.</strong></span> 
     </span>
    </p>
   </div>
   <div class='ocr_carea' id='block_1_41' title="bbox 106 3374 3372 3456">
    <p class='ocr_par' dir='ltr' id='par_1_41' title="bbox 106 3374 3372 3456">
     <span class='ocr_line' id='line_1_41' title="bbox 106 3374 3372 3456; baseline 0.001 -17"><span class='ocrx_word' id='word_1_572' title='bbox 106 3383 228 3441; x_wconf 84' lang='lat' dir='ltr'><strong>duxit</strong></span> <span class='ocrx_word' id='word_1_573' title='bbox 255 3387 304 3442; x_wconf 90' lang='lat' dir='ltr'><strong>in</strong></span> <span class='ocrx_word' id='word_1_574' title='bbox 331 3385 639 3451; x_wconf 87' lang='lat' dir='ltr'><strong>stabulum,</strong></span> <span class='ocrx_word' id='word_1_575' title='bbox 667 3391 721 3439; x_wconf 88' lang='lat' dir='ltr'><strong>et</strong></span> <span class='ocrx_word' id='word_1_576' title='bbox 756 3396 946 3436; x_wconf 87' lang='lat' dir='ltr'><strong>curam</strong></span> <span class='ocrx_word' id='word_1_577' title='bbox 977 3379 1094 3450; x_wconf 89' lang='lat' dir='ltr'><strong>ejus</strong></span> <span class='ocrx_word' id='word_1_578' title='bbox 1123 3378 1254 3449; x_wconf 85' lang='lat' dir='ltr'><strong>egit.</strong></span> <span class='ocrx_word' id='word_1_579' title='bbox 1285 3379 1352 3432; x_wconf 87' lang='lat' dir='ltr'><strong>Et</strong></span> <span class='ocrx_word' id='word_1_580' title='bbox 1375 3377 1544 3432; x_wconf 86' lang='lat' dir='ltr'><strong>altera</strong></span> <span class='ocrx_word' id='word_1_581' title='bbox 1581 3376 1670 3433; x_wconf 85' lang='lat' dir='ltr'><strong>die</strong></span> <span class='ocrx_word' id='word_1_582' title='bbox 1774 3374 1982 3447; x_wconf 84' lang='lat' dir='ltr'><strong>[cxxtx,</strong></span> <span class='ocrx_word' id='word_1_583' title='bbox 2015 3374 2096 3446; x_wconf 81' lang='grc'><strong>2.]</strong></span> <span class='ocrx_word' id='word_1_584' title='bbox 2126 3375 2252 3446; x_wconf 84' lang='lat' dir='ltr'><strong>ipse</strong></span> <span class='ocrx_word' id='word_1_585' title='bbox 2281 3383 2485 3444; x_wconf 88' lang='lat' dir='ltr'><strong>autem,</strong></span> <span class='ocrx_word' id='word_1_586' title='bbox 2516 3387 2572 3433; x_wconf 90' lang='lat' dir='ltr'><strong>ut</strong></span> <span class='ocrx_word' id='word_1_587' title='bbox 2600 3379 2740 3435; x_wconf 85' lang='lat' dir='ltr'><strong>vidit</strong></span> <span class='ocrx_word' id='word_1_588' title='bbox 2773 3381 3133 3452; x_wconf 84' lang='lat' dir='ltr'><strong>cegitationes</strong></span> <span class='ocrx_word' id='word_1_589' title='bbox 3161 3400 3372 3456; x_wconf 88' lang='lat' dir='ltr'><strong>eorum,</strong></span> 
     </span>
    </p>
   </div>
   <div class='ocr_carea' id='block_1_42' title="bbox 107 3466 3378 3545">
    <p class='ocr_par' dir='ltr' id='par_1_42' title="bbox 107 3466 3378 3545">
     <span class='ocr_line' id='line_1_42' title="bbox 107 3466 3378 3545; baseline 0.001 -15"><span class='ocrx_word' id='word_1_590' title='bbox 107 3479 293 3545; x_wconf 88' lang='lat' dir='ltr'><strong>protulit</strong></span> <span class='ocrx_word' id='word_1_591' title='bbox 337 3479 472 3535; x_wconf 88' lang='lat' dir='ltr'><strong>duos</strong></span> <span class='ocrx_word' id='word_1_592' title='bbox 507 3474 803 3543; x_wconf 83' lang='lat' dir='ltr'><strong>denarios,</strong></span> <span class='ocrx_word' id='word_1_593' title='bbox 830 3481 886 3531; x_wconf 78' lang='lat' dir='ltr'><strong>et</strong></span> <span class='ocrx_word' id='word_1_594' title='bbox 927 3473 1080 3530; x_wconf 89' lang='lat' dir='ltr'><strong>dedit</strong></span> <span class='ocrx_word' id='word_1_595' title='bbox 1107 3472 1429 3541; x_wconf 82' lang='lat' dir='ltr'><strong>Stabulario,</strong></span> <span class='ocrx_word' id='word_1_596' title='bbox 1457 3481 1512 3528; x_wconf 90' lang='lat' dir='ltr'><strong>et</strong></span> <span class='ocrx_word' id='word_1_597' title='bbox 1544 3471 1618 3527; x_wconf 88' lang='lat' dir='ltr'><strong>ait</strong></span> <span class='ocrx_word' id='word_1_598' title='bbox 1648 3487 1666 3530; x_wconf 84' lang='lat'><strong>;</strong></span> <span class='ocrx_word' id='word_1_599' title='bbox 1770 3467 1906 3523; x_wconf 84' lang='lat' dir='ltr'><strong>dixit</strong></span> <span class='ocrx_word' id='word_1_600' title='bbox 1947 3469 2028 3524; x_wconf 90' lang='lat' dir='ltr'><strong>eis</strong></span> <span class='ocrx_word' id='word_1_601' title='bbox 2060 3484 2075 3526; x_wconf 84' lang='lat'><strong>:</strong></span> <span class='ocrx_word' id='word_1_602' title='bbox 2109 3466 2283 3523; x_wconf 89' lang='lat' dir='ltr'><strong>Omne</strong></span> <span class='ocrx_word' id='word_1_603' title='bbox 2333 3484 2567 3540; x_wconf 84' lang='lat' dir='ltr'><strong>regnum</strong></span> <span class='ocrx_word' id='word_1_604' title='bbox 2594 3469 2650 3526; x_wconf 88' lang='lat' dir='ltr'><strong>in</strong></span> <span class='ocrx_word' id='word_1_605' title='bbox 2679 3472 2921 3543; x_wconf 89' lang='lat' dir='ltr'><strong>seipsum</strong></span> <span class='ocrx_word' id='word_1_606' title='bbox 2953 3475 3186 3531; x_wconf 86' lang='lat' dir='ltr'><strong>divisum</strong></span> <span class='ocrx_word' id='word_1_607' title='bbox 3220 3475 3246 3514; x_wconf 68' lang='grc' dir='ltr'>δ</span> <span class='ocrx_word' id='word_1_608' title='bbox 3278 3477 3378 3534; x_wconf 85' lang='lat' dir='ltr'><strong>de-</strong></span> 
     </span>
    </p>
   </div>
   <div class='ocr_carea' id='block_1_43' title="bbox 105 3562 3373 3648">
    <p class='ocr_par' dir='ltr' id='par_1_43' title="bbox 105 3562 3373 3648">
     <span class='ocr_line' id='line_1_43' title="bbox 105 3562 3373 3648; baseline 0.001 -25"><span class='ocrx_word' id='word_1_609' title='bbox 105 3566 265 3627; x_wconf 76' lang='lat' dir='ltr'><strong>Curam</strong></span> <span class='ocrx_word' id='word_1_610' title='bbox 287 3572 426 3628; x_wconf 89' lang='lat' dir='ltr'><strong>illius</strong></span> <span class='ocrx_word' id='word_1_611' title='bbox 455 3572 633 3642; x_wconf 84' lang='lat' dir='ltr'><strong>habe,</strong></span> <span class='ocrx_word' id='word_1_612' title='bbox 668 3579 724 3626; x_wconf 94' lang='lat' dir='ltr'><strong>et</strong></span> <span class='ocrx_word' id='word_1_613' title='bbox 749 3567 1134 3648; x_wconf 85' lang='lat' dir='ltr'><strong>quodcumque</strong></span> <span class='ocrx_word' id='word_1_614' title='bbox 1161 3565 1664 3640; x_wconf 87' lang='lat' dir='ltr'><strong>supererogaveris,</strong></span> <span class='ocrx_word' id='word_1_615' title='bbox 1771 3562 2062 3631; x_wconf 75' lang='lat' dir='ltr'><strong>solabitur,</strong></span> <span class='ocrx_word' id='word_1_616' title='bbox 2097 3572 2153 3619; x_wconf 90' lang='lat' dir='ltr'><strong>et</strong></span> <span class='ocrx_word' id='word_1_617' title='bbox 2184 3563 2388 3619; x_wconf 90' lang='lat' dir='ltr'><strong>domus</strong></span> <span class='ocrx_word' id='word_1_618' title='bbox 2419 3579 2586 3636; x_wconf 86' lang='lat' dir='ltr'><strong>supra</strong></span> <span class='ocrx_word' id='word_1_619' title='bbox 2626 3565 2850 3622; x_wconf 89' lang='lat' dir='ltr'><strong>domum</strong></span> <span class='ocrx_word' id='word_1_620' title='bbox 2882 3568 3062 3624; x_wconf 89' lang='lat' dir='ltr'><strong>cadet.</strong></span> <span class='ocrx_word' id='word_1_621' title='bbox 3099 3569 3157 3625; x_wconf 87' lang='lat' dir='ltr'><strong>Si</strong></span> <span class='ocrx_word' id='word_1_622' title='bbox 3187 3580 3373 3638; x_wconf 88' lang='lat' dir='ltr'><strong>autem</strong></span> 
     </span>
    </p>
   </div>
   <div class='ocr_carea' id='block_1_44' title="bbox 105 3655 3377 3736">
    <p class='ocr_par' dir='ltr' id='par_1_44' title="bbox 105 3655 3377 3736">
     <span class='ocr_line' id='line_1_44' title="bbox 105 3655 3377 3736; baseline -0 -19"><span class='ocrx_word' id='word_1_623' title='bbox 105 3676 185 3731; x_wconf 83' lang='lat' dir='ltr'><strong>ego</strong></span> <span class='ocrx_word' id='word_1_624' title='bbox 209 3679 317 3721; x_wconf 88' lang='lat' dir='ltr'><strong>cum</strong></span> <span class='ocrx_word' id='word_1_625' title='bbox 347 3667 590 3736; x_wconf 89' lang='lat' dir='ltr'><strong>rediero,</strong></span> <span class='ocrx_word' id='word_1_626' title='bbox 617 3663 845 3720; x_wconf 87' lang='lat' dir='ltr'><strong>reddam</strong></span> <span class='ocrx_word' id='word_1_627' title='bbox 871 3663 988 3718; x_wconf 91' lang='lat' dir='ltr'><strong>tibi.</strong></span> <span class='ocrx_word' id='word_1_628' title='bbox 1017 3663 1155 3732; x_wconf 85' lang='lat' dir='ltr'><strong>Quis</strong></span> <span class='ocrx_word' id='word_1_629' title='bbox 1180 3662 1375 3718; x_wconf 90' lang='lat' dir='ltr'><strong>borum</strong></span> <span class='ocrx_word' id='word_1_630' title='bbox 1401 3663 1565 3718; x_wconf 89' lang='lat' dir='ltr'><strong>trium</strong></span> <span class='ocrx_word' id='word_1_631' title='bbox 1591 3661 1671 3717; x_wconf 91' lang='lat' dir='ltr'><strong>vi-</strong></span> <span class='ocrx_word' id='word_1_632' title='bbox 1773 3663 1829 3711; x_wconf 93' lang='lat' dir='ltr'><strong>et</strong></span> <span class='ocrx_word' id='word_1_633' title='bbox 1857 3655 2085 3712; x_wconf 88' lang='lat' dir='ltr'><strong>Satanas</strong></span> <span class='ocrx_word' id='word_1_634' title='bbox 2128 3657 2180 3710; x_wconf 92' lang='lat' dir='ltr'><strong>in</strong></span> <span class='ocrx_word' id='word_1_635' title='bbox 2228 3658 2473 3726; x_wconf 90' lang='lat' dir='ltr'><strong>seipsum</strong></span> <span class='ocrx_word' id='word_1_636' title='bbox 2521 3657 2731 3714; x_wconf 89' lang='lat' dir='ltr'><strong>divisus</strong></span> <span class='ocrx_word' id='word_1_637' title='bbox 2763 3666 2866 3724; x_wconf 89' lang='lat' dir='ltr'><strong>est,</strong></span> <span class='ocrx_word' id='word_1_638' title='bbox 2897 3660 3172 3732; x_wconf 87' lang='lat' dir='ltr'><strong>quomodo</strong></span> <span class='ocrx_word' id='word_1_639' title='bbox 3205 3662 3377 3724; x_wconf 81' lang='lat' dir='ltr'><strong>stabit</strong></span> 
     </span>
    </p>
   </div>
   <div class='ocr_carea' id='block_1_45' title="bbox 107 3749 3373 3832">
    <p class='ocr_par' dir='ltr' id='par_1_45' title="bbox 107 3749 3373 3832">
     <span class='ocr_line' id='line_1_45' title="bbox 107 3749 3373 3832; baseline 0.001 -22"><span class='ocrx_word' id='word_1_640' title='bbox 107 3753 236 3813; x_wconf 88' lang='lat' dir='ltr'><strong>detur</strong></span> <span class='ocrx_word' id='word_1_641' title='bbox 275 3759 364 3816; x_wconf 81' lang='lat' dir='ltr'><strong>tibi</strong></span> <span class='ocrx_word' id='word_1_642' title='bbox 392 3762 688 3832; x_wconf 87' lang='lat' dir='ltr'><strong>proximus</strong></span> <span class='ocrx_word' id='word_1_643' title='bbox 715 3757 885 3814; x_wconf 87' lang='lat' dir='ltr'><strong>fuisse</strong></span> <span class='ocrx_word' id='word_1_644' title='bbox 915 3757 1018 3825; x_wconf 90' lang='lat' dir='ltr'><strong>illi,</strong></span> <span class='ocrx_word' id='word_1_645' title='bbox 1057 3757 1149 3830; x_wconf 92' lang='lat' dir='ltr'><strong>qui</strong></span> <span class='ocrx_word' id='word_1_646' title='bbox 1180 3756 1371 3811; x_wconf 92' lang='lat' dir='ltr'><strong>incidit</strong></span> <span class='ocrx_word' id='word_1_647' title='bbox 1408 3756 1464 3812; x_wconf 92' lang='lat' dir='ltr'><strong>in</strong></span> <span class='ocrx_word' id='word_1_648' title='bbox 1493 3756 1666 3812; x_wconf 89' lang='lat' dir='ltr'><strong>latro-</strong></span> <span class='ocrx_word' id='word_1_649' title='bbox 1773 3764 2002 3820; x_wconf 76' lang='lat' dir='ltr'><strong>regnum</strong></span> <span class='ocrx_word' id='word_1_650' title='bbox 2033 3749 2186 3820; x_wconf 79' lang='lat' dir='ltr'><strong>ejus?</strong></span> <span class='ocrx_word' id='word_1_651' title='bbox 2214 3751 2340 3821; x_wconf 81' lang='lat' dir='ltr'><strong>quia</strong></span> <span class='ocrx_word' id='word_1_652' title='bbox 2373 3749 2556 3807; x_wconf 77' lang='lat' dir='ltr'><strong>dicitis</strong></span> <span class='ocrx_word' id='word_1_653' title='bbox 2587 3753 2644 3808; x_wconf 89' lang='lat' dir='ltr'><strong>in</strong></span> <span class='ocrx_word' id='word_1_654' title='bbox 2686 3753 3000 3810; x_wconf 85' lang='lat' dir='ltr'><strong>Beelzebub</strong></span> <span class='ocrx_word' id='word_1_655' title='bbox 3048 3770 3134 3810; x_wconf 91' lang='lat' dir='ltr'><strong>me</strong></span> <span class='ocrx_word' id='word_1_656' title='bbox 3173 3756 3373 3827; x_wconf 83' lang='lat' dir='ltr'><strong>ejicere</strong></span> 
     </span>
    </p>
   </div>
   <div class='ocr_carea' id='block_1_46' title="bbox 105 3841 3373 3920">
    <p class='ocr_par' dir='ltr' id='par_1_46' title="bbox 105 3841 3373 3920">
     <span class='ocr_line' id='line_1_46' title="bbox 105 3841 3373 3920; baseline 0 -16"><span class='ocrx_word' id='word_1_657' title='bbox 105 3850 209 3906; x_wconf 84' lang='lat' dir='ltr'><strong>nes?</strong></span> <span class='ocrx_word' id='word_1_658' title='bbox 232 3848 296 3907; x_wconf 79' lang='lat' dir='ltr'><strong>At</strong></span> <span class='ocrx_word' id='word_1_659' title='bbox 323 3851 408 3910; x_wconf 89' lang='lat' dir='ltr'><strong>ille</strong></span> <span class='ocrx_word' id='word_1_660' title='bbox 435 3852 576 3909; x_wconf 83' lang='lat' dir='ltr'><strong>dixit</strong></span> <span class='ocrx_word' id='word_1_661' title='bbox 615 3851 748 3920; x_wconf 92' lang='lat' dir='ltr'><strong>:qui</strong></span> <span class='ocrx_word' id='word_1_662' title='bbox 773 3849 899 3908; x_wconf 88' lang='lat' dir='ltr'><strong>fecit</strong></span> <span class='ocrx_word' id='word_1_663' title='bbox 935 3849 1368 3910; x_wconf 87' lang='lat' dir='ltr'><strong>misericordiam</strong></span> <span class='ocrx_word' id='word_1_664' title='bbox 1403 3850 1457 3905; x_wconf 92' lang='lat' dir='ltr'><strong>in</strong></span> <span class='ocrx_word' id='word_1_665' title='bbox 1491 3849 1664 3904; x_wconf 85' lang='lat' dir='ltr'><strong>illum.</strong></span> <span class='ocrx_word' id='word_1_666' title='bbox 1774 3842 2060 3898; x_wconf 66' lang='lat' dir='ltr'><strong>daemonia.</strong></span> <span class='ocrx_word' id='word_1_667' title='bbox 2095 3841 2153 3899; x_wconf 90' lang='lat' dir='ltr'><strong>Si</strong></span> <span class='ocrx_word' id='word_1_668' title='bbox 2182 3850 2363 3899; x_wconf 69' lang='lat' dir='ltr'><strong>autem</strong></span> <span class='ocrx_word' id='word_1_669' title='bbox 2393 3858 2494 3915; x_wconf 83' lang='lat' dir='ltr'><strong>ego</strong></span> <span class='ocrx_word' id='word_1_670' title='bbox 2521 3845 2578 3900; x_wconf 88' lang='lat' dir='ltr'><strong>in</strong></span> <span class='ocrx_word' id='word_1_671' title='bbox 2623 3846 2936 3901; x_wconf 85' lang='lat' dir='ltr'><strong>Beelzebub</strong></span> <span class='ocrx_word' id='word_1_672' title='bbox 2979 3847 3140 3918; x_wconf 90' lang='lat' dir='ltr'><strong>ejicio</strong></span> <span class='ocrx_word' id='word_1_673' title='bbox 3166 3849 3373 3908; x_wconf 68' lang='lat' dir='ltr'><strong>dromo-</strong></span> 
     </span>
    </p>
   </div>
   <div class='ocr_carea' id='block_1_47' title="bbox 104 3934 1652 4013">
    <p class='ocr_par' dir='ltr' id='par_1_47' title="bbox 104 3939 1652 4013">
     <span class='ocr_line' id='line_1_47' title="bbox 104 3939 1652 4013; baseline 0.003 -18"><span class='ocrx_word' id='word_1_674' title='bbox 104 3939 157 3996; x_wconf 88' lang='lat' dir='ltr'><strong>Et</strong></span> <span class='ocrx_word' id='word_1_675' title='bbox 183 3944 248 4000; x_wconf 89' lang='lat' dir='ltr'><strong>ait</strong></span> <span class='ocrx_word' id='word_1_676' title='bbox 272 3946 344 4001; x_wconf 93' lang='lat' dir='ltr'><strong>illi</strong></span> <span class='ocrx_word' id='word_1_677' title='bbox 373 3947 538 4004; x_wconf 81' lang='lat' dir='ltr'><strong>Jesus</strong></span> <span class='ocrx_word' id='word_1_678' title='bbox 569 3964 584 4001; x_wconf 90' lang='lat'><strong>:</strong></span> <span class='ocrx_word' id='word_1_679' title='bbox 615 3944 792 4013; x_wconf 76' lang='lat' dir='ltr'><strong>Vade,</strong></span> <span class='ocrx_word' id='word_1_680' title='bbox 831 3955 888 4001; x_wconf 91' lang='lat' dir='ltr'><strong>et</strong></span> <span class='ocrx_word' id='word_1_681' title='bbox 920 3953 976 4000; x_wconf 94' lang='lat' dir='ltr'><strong>tu</strong></span> <span class='ocrx_word' id='word_1_682' title='bbox 1017 3943 1100 4000; x_wconf 88' lang='lat' dir='ltr'><strong>fac</strong></span> <span class='ocrx_word' id='word_1_683' title='bbox 1138 3944 1411 4000; x_wconf 84' lang='lat' dir='ltr'><strong>similiter.</strong></span> <span class='ocrx_word' id='word_1_684' title='bbox 1442 3944 1652 4000; x_wconf 84' lang='lat' dir='ltr'><strong>Factuu</strong></span> 
     </span>
    </p>
   </div>
   <div class='ocr_carea' id='block_1_48' title="bbox 1831 3934 3379 4013">
    <p class='ocr_par' dir='ltr' id='par_1_48' title="bbox 1835 3934 3379 4013">
     <span class='ocr_line' id='line_1_48' title="bbox 1835 3934 3379 4013; baseline 0.009 -25"><span class='ocrx_word' id='word_1_685' title='bbox 1835 3950 1860 3989; x_wconf 88' lang='lat' dir='ltr'><strong>a</strong></span> <span class='ocrx_word' id='word_1_686' title='bbox 1898 3934 2033 3990; x_wconf 86' lang='lat' dir='ltr'><strong>:filii</strong></span> <span class='ocrx_word' id='word_1_687' title='bbox 2086 3936 2258 3992; x_wconf 90' lang='lat' dir='ltr'><strong>vestri</strong></span> <span class='ocrx_word' id='word_1_688' title='bbox 2307 3936 2362 3990; x_wconf 89' lang='lat' dir='ltr'><strong>in</strong></span> <span class='ocrx_word' id='word_1_689' title='bbox 2407 3951 2516 4008; x_wconf 90' lang='lat' dir='ltr'><strong>quo</strong></span> <span class='ocrx_word' id='word_1_690' title='bbox 2545 3938 2803 4009; x_wconf 85' lang='lat' dir='ltr'><strong>ejiciunt?</strong></span> <span class='ocrx_word' id='word_1_691' title='bbox 2836 3939 2966 3996; x_wconf 91' lang='lat' dir='ltr'><strong>ldeo</strong></span> <span class='ocrx_word' id='word_1_692' title='bbox 3013 3941 3115 4011; x_wconf 83' lang='lat' dir='ltr'><strong>ipsi</strong></span> <span class='ocrx_word' id='word_1_693' title='bbox 3162 3943 3379 4013; x_wconf 84' lang='lat' dir='ltr'><strong>judices</strong></span> 
     </span>
    </p>
   </div>
   <div class='ocr_carea' id='block_1_49' title="bbox 105 4029 3378 4108">
    <p class='ocr_par' dir='ltr' id='par_1_49' title="bbox 105 4029 3378 4108">
     <span class='ocr_line' id='line_1_49' title="bbox 105 4029 3378 4108; baseline 0.002 -21"><span class='ocrx_word' id='word_1_694' title='bbox 105 4045 170 4089; x_wconf 88' lang='lat' dir='ltr'><strong>est</strong></span> <span class='ocrx_word' id='word_1_695' title='bbox 192 4050 378 4106; x_wconf 87' lang='lat' dir='ltr'><strong>autem,</strong></span> <span class='ocrx_word' id='word_1_696' title='bbox 411 4039 545 4095; x_wconf 89' lang='lat' dir='ltr'><strong>dum</strong></span> <span class='ocrx_word' id='word_1_697' title='bbox 595 4038 764 4106; x_wconf 85' lang='lat' dir='ltr'><strong>irent,</strong></span> <span class='ocrx_word' id='word_1_698' title='bbox 793 4045 849 4093; x_wconf 89' lang='lat' dir='ltr'><strong>et</strong></span> <span class='ocrx_word' id='word_1_699' title='bbox 892 4037 1014 4108; x_wconf 88' lang='lat' dir='ltr'><strong>ipse</strong></span> <span class='ocrx_word' id='word_1_700' title='bbox 1042 4037 1263 4092; x_wconf 87' lang='lat' dir='ltr'><strong>intravit</strong></span> <span class='ocrx_word' id='word_1_701' title='bbox 1307 4037 1358 4091; x_wconf 92' lang='lat' dir='ltr'><strong>in</strong></span> <span class='ocrx_word' id='word_1_702' title='bbox 1396 4035 1674 4108; x_wconf 89' lang='lat' dir='ltr'><strong>quoddam</strong></span> <span class='ocrx_word' id='word_1_703' title='bbox 1776 4029 1949 4088; x_wconf 87' lang='lat' dir='ltr'><strong>vestri</strong></span> <span class='ocrx_word' id='word_1_704' title='bbox 1977 4039 2157 4087; x_wconf 89' lang='lat' dir='ltr'><strong>erunt.</strong></span> <span class='ocrx_word' id='word_1_705' title='bbox 2187 4030 2361 4086; x_wconf 85' lang='lat' dir='ltr'><strong>Porro</strong></span> <span class='ocrx_word' id='word_1_706' title='bbox 2391 4029 2438 4086; x_wconf 91' lang='lat' dir='ltr'><strong>si</strong></span> <span class='ocrx_word' id='word_1_707' title='bbox 2466 4031 2522 4089; x_wconf 87' lang='lat' dir='ltr'><strong>in</strong></span> <span class='ocrx_word' id='word_1_708' title='bbox 2551 4032 2720 4104; x_wconf 82' lang='lat' dir='ltr'><strong>digito</strong></span> <span class='ocrx_word' id='word_1_709' title='bbox 2755 4034 2851 4091; x_wconf 92' lang='lat' dir='ltr'><strong>Dei</strong></span> <span class='ocrx_word' id='word_1_710' title='bbox 2879 4035 3037 4106; x_wconf 89' lang='lat' dir='ltr'><strong>ejicio</strong></span> <span class='ocrx_word' id='word_1_711' title='bbox 3068 4036 3378 4096; x_wconf 62' lang='lat' dir='ltr'><strong>daemonia:</strong></span> 
     </span>
    </p>
   </div>
   <div class='ocr_carea' id='block_1_50' title="bbox 106 4123 3378 4202">
    <p class='ocr_par' dir='ltr' id='par_1_50' title="bbox 106 4123 3378 4202">
     <span class='ocr_line' id='line_1_50' title="bbox 106 4123 3378 4202; baseline 0.003 -20"><span class='ocrx_word' id='word_1_712' title='bbox 106 4131 351 4188; x_wconf 88' lang='lat' dir='ltr'><strong>castellum</strong></span> <span class='ocrx_word' id='word_1_713' title='bbox 383 4151 396 4188; x_wconf 87' lang='lat'><strong>:</strong></span> <span class='ocrx_word' id='word_1_714' title='bbox 420 4143 477 4190; x_wconf 92' lang='lat' dir='ltr'><strong>et</strong></span> <span class='ocrx_word' id='word_1_715' title='bbox 505 4132 714 4188; x_wconf 92' lang='lat' dir='ltr'><strong>mulier</strong></span> <span class='ocrx_word' id='word_1_716' title='bbox 738 4130 984 4202; x_wconf 72' lang='lat' dir='ltr'><strong>quredatn</strong></span> <span class='ocrx_word' id='word_1_717' title='bbox 1011 4130 1220 4185; x_wconf 84' lang='lat' dir='ltr'><strong>Martha</strong></span> <span class='ocrx_word' id='word_1_718' title='bbox 1243 4129 1487 4200; x_wconf 87' lang='lat' dir='ltr'><strong>nomine,</strong></span> <span class='ocrx_word' id='word_1_719' title='bbox 1511 4143 1673 4186; x_wconf 87' lang='lat' dir='ltr'><strong>exce-</strong></span> <span class='ocrx_word' id='word_1_720' title='bbox 1777 4123 2023 4196; x_wconf 90' lang='lat' dir='ltr'><strong>profecto</strong></span> <span class='ocrx_word' id='word_1_721' title='bbox 2051 4124 2299 4195; x_wconf 89' lang='lat' dir='ltr'><strong>pervenit</strong></span> <span class='ocrx_word' id='word_1_722' title='bbox 2319 4125 2374 4181; x_wconf 92' lang='lat' dir='ltr'><strong>in</strong></span> <span class='ocrx_word' id='word_1_723' title='bbox 2404 4139 2501 4182; x_wconf 91' lang='lat' dir='ltr'><strong>vos</strong></span> <span class='ocrx_word' id='word_1_724' title='bbox 2532 4141 2762 4199; x_wconf 84' lang='lat' dir='ltr'><strong>regnum</strong></span> <span class='ocrx_word' id='word_1_725' title='bbox 2797 4127 2912 4185; x_wconf 91' lang='lat' dir='ltr'><strong>Dei.</strong></span> <span class='ocrx_word' id='word_1_726' title='bbox 2941 4129 3076 4186; x_wconf 84' lang='lat' dir='ltr'><strong>Cum</strong></span> <span class='ocrx_word' id='word_1_727' title='bbox 3107 4132 3261 4190; x_wconf 84' lang='lat' dir='ltr'><strong>fortis</strong></span> <span class='ocrx_word' id='word_1_728' title='bbox 3285 4147 3378 4192; x_wconf 87' lang='lat' dir='ltr'><strong>ar-</strong></span> 
     </span>
    </p>
   </div>
   <div class='ocr_carea' id='block_1_51' title="bbox 108 4220 3380 4296">
    <p class='ocr_par' dir='ltr' id='par_1_51' title="bbox 108 4220 3380 4296">
     <span class='ocr_line' id='line_1_51' title="bbox 108 4220 3380 4296; baseline 0.002 -21"><span class='ocrx_word' id='word_1_729' title='bbox 108 4221 170 4289; x_wconf 90' lang='lat' dir='ltr'><strong>pit</strong></span> <span class='ocrx_word' id='word_1_730' title='bbox 186 4223 321 4280; x_wconf 88' lang='lat' dir='ltr'><strong>illum</strong></span> <span class='ocrx_word' id='word_1_731' title='bbox 351 4224 408 4282; x_wconf 91' lang='lat' dir='ltr'><strong>in</strong></span> <span class='ocrx_word' id='word_1_732' title='bbox 429 4225 668 4282; x_wconf 87' lang='lat' dir='ltr'><strong>domum</strong></span> <span class='ocrx_word' id='word_1_733' title='bbox 697 4237 891 4282; x_wconf 88' lang='lat' dir='ltr'><strong>suam:</strong></span> <span class='ocrx_word' id='word_1_734' title='bbox 919 4233 976 4280; x_wconf 91' lang='lat' dir='ltr'><strong>et</strong></span> <span class='ocrx_word' id='word_1_735' title='bbox 996 4221 1123 4278; x_wconf 86' lang='lat' dir='ltr'><strong>huic</strong></span> <span class='ocrx_word' id='word_1_736' title='bbox 1138 4232 1255 4278; x_wconf 90' lang='lat' dir='ltr'><strong>erat</strong></span> <span class='ocrx_word' id='word_1_737' title='bbox 1276 4237 1435 4278; x_wconf 88' lang='lat' dir='ltr'><strong>soror</strong></span> <span class='ocrx_word' id='word_1_738' title='bbox 1456 4221 1676 4278; x_wconf 89' lang='lat' dir='ltr'><strong>nomine</strong></span> <span class='ocrx_word' id='word_1_739' title='bbox 1779 4230 1958 4277; x_wconf 84' lang='lat' dir='ltr'><strong>matus</strong></span> <span class='ocrx_word' id='word_1_740' title='bbox 2003 4220 2246 4278; x_wconf 88' lang='lat' dir='ltr'><strong>custodit</strong></span> <span class='ocrx_word' id='word_1_741' title='bbox 2279 4221 2480 4278; x_wconf 89' lang='lat' dir='ltr'><strong>atrium</strong></span> <span class='ocrx_word' id='word_1_742' title='bbox 2509 4237 2692 4289; x_wconf 89' lang='lat' dir='ltr'><strong>suum,</strong></span> <span class='ocrx_word' id='word_1_743' title='bbox 2724 4224 2776 4279; x_wconf 93' lang='lat' dir='ltr'><strong>in</strong></span> <span class='ocrx_word' id='word_1_744' title='bbox 2821 4239 2956 4294; x_wconf 84' lang='lat' dir='ltr'><strong>pace</strong></span> <span class='ocrx_word' id='word_1_745' title='bbox 3003 4236 3131 4282; x_wconf 93' lang='lat' dir='ltr'><strong>sunt</strong></span> <span class='ocrx_word' id='word_1_746' title='bbox 3161 4241 3224 4282; x_wconf 91' lang='lat' dir='ltr'><strong>ea</strong></span> <span class='ocrx_word' id='word_1_747' title='bbox 3257 4242 3380 4296; x_wconf 61' lang='lat' dir='ltr'><strong>quas</strong></span> 
     </span>
    </p>
   </div>
   <div class='ocr_carea' id='block_1_52' title="bbox 106 4311 3384 4390">
    <p class='ocr_par' dir='ltr' id='par_1_52' title="bbox 106 4311 3384 4390">
     <span class='ocr_line' id='line_1_52' title="bbox 106 4311 3384 4390; baseline 0.001 -22"><span class='ocrx_word' id='word_1_748' title='bbox 106 4311 392 4390; x_wconf 76' lang='lat' dir='ltr'><strong>Maria,qu:e</strong></span> <span class='ocrx_word' id='word_1_749' title='bbox 411 4319 577 4376; x_wconf 88' lang='lat' dir='ltr'><strong>etiam</strong></span> <span class='ocrx_word' id='word_1_750' title='bbox 604 4317 806 4374; x_wconf 89' lang='lat' dir='ltr'><strong>sedens</strong></span> <span class='ocrx_word' id='word_1_751' title='bbox 825 4332 978 4375; x_wconf 92' lang='lat' dir='ltr'><strong>secus</strong></span> <span class='ocrx_word' id='word_1_752' title='bbox 993 4316 1159 4389; x_wconf 89' lang='lat' dir='ltr'><strong>pedes</strong></span> <span class='ocrx_word' id='word_1_753' title='bbox 1176 4314 1677 4384; x_wconf 88' lang='lat' dir='ltr'><strong>Domini,audiebat</strong></span> <span class='ocrx_word' id='word_1_754' title='bbox 1779 4315 2043 4387; x_wconf 91' lang='lat' dir='ltr'><strong>possidet.</strong></span> <span class='ocrx_word' id='word_1_755' title='bbox 2078 4315 2134 4372; x_wconf 92' lang='lat' dir='ltr'><strong>Si</strong></span> <span class='ocrx_word' id='word_1_756' title='bbox 2167 4324 2350 4371; x_wconf 90' lang='lat' dir='ltr'><strong>autem</strong></span> <span class='ocrx_word' id='word_1_757' title='bbox 2397 4315 2599 4372; x_wconf 82' lang='lat' dir='ltr'><strong>fortior</strong></span> <span class='ocrx_word' id='word_1_758' title='bbox 2643 4331 2710 4372; x_wconf 92' lang='lat' dir='ltr'><strong>eo</strong></span> <span class='ocrx_word' id='word_1_759' title='bbox 2755 4319 3147 4387; x_wconf 88' lang='lat' dir='ltr'><strong>superveniens</strong></span> <span class='ocrx_word' id='word_1_760' title='bbox 3190 4317 3384 4374; x_wconf 85' lang='lat' dir='ltr'><strong>vicerit</strong></span> 
     </span>
    </p>
   </div>
   <div class='ocr_carea' id='block_1_53' title="bbox 107 4407 3383 4481">
    <p class='ocr_par' dir='ltr' id='par_1_53' title="bbox 107 4407 3383 4481">
     <span class='ocr_line' id='line_1_53' title="bbox 107 4407 3383 4481; baseline 0.002 -20"><span class='ocrx_word' id='word_1_761' title='bbox 107 4409 484 4481; x_wconf 75' lang='lat' dir='ltr'><strong>verbumjllius.</strong></span> <span class='ocrx_word' id='word_1_762' title='bbox 506 4411 725 4468; x_wconf 76' lang='lat' dir='ltr'><strong>Martha</strong></span> <span class='ocrx_word' id='word_1_763' title='bbox 746 4419 924 4466; x_wconf 89' lang='lat' dir='ltr'><strong>autem</strong></span> <span class='ocrx_word' id='word_1_764' title='bbox 948 4410 1226 4480; x_wconf 87' lang='lat' dir='ltr'><strong>satagebat</strong></span> <span class='ocrx_word' id='word_1_765' title='bbox 1251 4409 1392 4465; x_wconf 89' lang='lat' dir='ltr'><strong>circa</strong></span> <span class='ocrx_word' id='word_1_766' title='bbox 1425 4410 1677 4480; x_wconf 81' lang='lat' dir='ltr'><strong>frequens</strong></span> <span class='ocrx_word' id='word_1_767' title='bbox 1781 4426 1948 4479; x_wconf 92' lang='lat' dir='ltr'><strong>eum,</strong></span> <span class='ocrx_word' id='word_1_768' title='bbox 2004 4409 2258 4467; x_wconf 88' lang='lat' dir='ltr'><strong>universa</strong></span> <span class='ocrx_word' id='word_1_769' title='bbox 2337 4423 2487 4464; x_wconf 84' lang='lat' dir='ltr'><strong>artua</strong></span> <span class='ocrx_word' id='word_1_770' title='bbox 2559 4407 2676 4478; x_wconf 89' lang='lat' dir='ltr'><strong>ejus</strong></span> <span class='ocrx_word' id='word_1_771' title='bbox 2751 4409 2983 4475; x_wconf 88' lang='lat' dir='ltr'><strong>auferet,</strong></span> <span class='ocrx_word' id='word_1_772' title='bbox 3056 4409 3108 4462; x_wconf 92' lang='lat' dir='ltr'><strong>in</strong></span> <span class='ocrx_word' id='word_1_773' title='bbox 3179 4408 3383 4478; x_wconf 87' lang='lat' dir='ltr'><strong>quibus</strong></span> 
     </span>
    </p>
   </div>
   <div class='ocr_carea' id='block_1_54' title="bbox 109 4501 3381 4582">
    <p class='ocr_par' dir='ltr' id='par_1_54' title="bbox 109 4501 3381 4582">
     <span class='ocr_line' id='line_1_54' title="bbox 109 4501 3381 4582; baseline 0.001 -26"><span class='ocrx_word' id='word_1_774' title='bbox 109 4505 453 4566; x_wconf 83' lang='lat' dir='ltr'><strong>ministerium:</strong></span> <span class='ocrx_word' id='word_1_775' title='bbox 484 4523 614 4579; x_wconf 67' lang='lat' dir='ltr'><strong>quae</strong></span> <span class='ocrx_word' id='word_1_776' title='bbox 635 4506 808 4575; x_wconf 90' lang='lat' dir='ltr'><strong>stetit,</strong></span> <span class='ocrx_word' id='word_1_777' title='bbox 841 4515 896 4560; x_wconf 91' lang='lat' dir='ltr'><strong>et</strong></span> <span class='ocrx_word' id='word_1_778' title='bbox 917 4505 991 4560; x_wconf 87' lang='lat' dir='ltr'><strong>ait</strong></span> <span class='ocrx_word' id='word_1_779' title='bbox 1015 4521 1030 4559; x_wconf 88' lang='lat'><strong>:</strong></span> <span class='ocrx_word' id='word_1_780' title='bbox 1055 4504 1307 4574; x_wconf 81' lang='lat' dir='ltr'><strong>Domine,</strong></span> <span class='ocrx_word' id='word_1_781' title='bbox 1330 4520 1438 4560; x_wconf 89' lang='lat' dir='ltr'><strong>non</strong></span> <span class='ocrx_word' id='word_1_782' title='bbox 1468 4513 1549 4559; x_wconf 91' lang='lat' dir='ltr'><strong>est</strong></span> <span class='ocrx_word' id='word_1_783' title='bbox 1578 4503 1672 4560; x_wconf 90' lang='lat' dir='ltr'><strong>tibi</strong></span> <span class='ocrx_word' id='word_1_784' title='bbox 1700 4506 2108 4582; x_wconf 80' lang='lat' dir='ltr'><strong>Dconfidebat,</strong></span> <span class='ocrx_word' id='word_1_785' title='bbox 2141 4516 2197 4562; x_wconf 89' lang='lat' dir='ltr'><strong>et</strong></span> <span class='ocrx_word' id='word_1_786' title='bbox 2243 4503 2418 4575; x_wconf 88' lang='lat' dir='ltr'><strong>spolia</strong></span> <span class='ocrx_word' id='word_1_787' title='bbox 2471 4504 2591 4576; x_wconf 88' lang='lat' dir='ltr'><strong>ejus</strong></span> <span class='ocrx_word' id='word_1_788' title='bbox 2647 4502 2958 4559; x_wconf 90' lang='lat' dir='ltr'><strong>distribuet.</strong></span> <span class='ocrx_word' id='word_1_789' title='bbox 2991 4501 3094 4569; x_wconf 89' lang='lat' dir='ltr'><strong>Qui</strong></span> <span class='ocrx_word' id='word_1_790' title='bbox 3142 4518 3251 4557; x_wconf 91' lang='lat' dir='ltr'><strong>non</strong></span> <span class='ocrx_word' id='word_1_791' title='bbox 3293 4512 3381 4560; x_wconf 83' lang='lat' dir='ltr'><strong>est</strong></span> 
     </span>
    </p>
   </div>
   <div class='ocr_carea' id='block_1_55' title="bbox 110 4593 3370 4672">
    <p class='ocr_par' dir='ltr' id='par_1_55' title="bbox 110 4593 3370 4672">
     <span class='ocr_line' id='line_1_55' title="bbox 110 4593 3370 4672; baseline -0.006 -4"><span class='ocrx_word' id='word_1_792' title='bbox 110 4609 250 4668; x_wconf 59' lang='grc' dir='ltr'><strong>θυῖεν</strong></span> <span class='ocrx_word' id='word_1_793' title='bbox 275 4602 409 4672; x_wconf 59' lang='lat' dir='ltr'><strong>“Od</strong></span> <span class='ocrx_word' id='word_1_794' title='bbox 431 4616 594 4659; x_wconf 76' lang='lat' dir='ltr'><strong>SOI‘OI&#39;</strong></span> <span class='ocrx_word' id='word_1_795' title='bbox 616 4615 736 4656; x_wconf 73' lang='lat' dir='ltr'><strong>mea</strong></span> <span class='ocrx_word' id='word_1_796' title='bbox 763 4599 985 4670; x_wconf 73' lang='lat' dir='ltr'><strong>reliquit</strong></span> <span class='ocrx_word' id='word_1_797' title='bbox 1005 4615 1092 4655; x_wconf 77' lang='lat' dir='ltr'><strong>me</strong></span> <span class='ocrx_word' id='word_1_798' title='bbox 1118 4599 1289 4655; x_wconf 69' lang='lat' dir='ltr'><strong>solam</strong></span> <span class='ocrx_word' id='word_1_799' title='bbox 1311 4597 1672 4653; x_wconf 68' lang='lat' dir='ltr'><strong>I’Ilinislral‘e?</strong></span> <span class='ocrx_word' id='word_1_800' title='bbox 1781 4618 2018 4670; x_wconf 90' lang='lat' dir='ltr'><strong>mecum,</strong></span> <span class='ocrx_word' id='word_1_801' title='bbox 2049 4609 2239 4656; x_wconf 88' lang='lat' dir='ltr'><strong>contra</strong></span> <span class='ocrx_word' id='word_1_802' title='bbox 2265 4612 2355 4654; x_wconf 86' lang='lat' dir='ltr'><strong>me</strong></span> <span class='ocrx_word' id='word_1_803' title='bbox 2384 4605 2470 4654; x_wconf 89' lang='lat' dir='ltr'><strong>est</strong></span> <span class='ocrx_word' id='word_1_804' title='bbox 2497 4615 2508 4651; x_wconf 89' lang='lat'><strong>:</strong></span> <span class='ocrx_word' id='word_1_805' title='bbox 2539 4605 2594 4652; x_wconf 90' lang='lat' dir='ltr'><strong>et</strong></span> <span class='ocrx_word' id='word_1_806' title='bbox 2619 4595 2711 4666; x_wconf 88' lang='lat' dir='ltr'><strong>qui</strong></span> <span class='ocrx_word' id='word_1_807' title='bbox 2744 4610 2850 4650; x_wconf 92' lang='lat' dir='ltr'><strong>non</strong></span> <span class='ocrx_word' id='word_1_808' title='bbox 2881 4593 3091 4664; x_wconf 87' lang='lat' dir='ltr'><strong>colligit</strong></span> <span class='ocrx_word' id='word_1_809' title='bbox 3129 4609 3370 4664; x_wconf 89' lang='lat' dir='ltr'><strong>mecum,</strong></span> 
     </span>
    </p>
   </div>
   <div class='ocr_carea' id='block_1_56' title="bbox 109 4686 3377 4769">
    <p class='ocr_par' dir='ltr' id='par_1_56' title="bbox 109 4686 3377 4769">
     <span class='ocr_line' id='line_1_56' title="bbox 109 4686 3377 4769; baseline -0.002 -14"><span class='ocrx_word' id='word_1_810' title='bbox 109 4686 183 4742; x_wconf 70' lang='lat' dir='ltr'><strong>dic</strong></span> <span class='ocrx_word' id='word_1_811' title='bbox 216 4705 332 4764; x_wconf 72' lang='lat' dir='ltr'><strong>ergo</strong></span> <span class='ocrx_word' id='word_1_812' title='bbox 356 4694 456 4762; x_wconf 86' lang='lat' dir='ltr'><strong>illi,</strong></span> <span class='ocrx_word' id='word_1_813' title='bbox 485 4704 544 4750; x_wconf 79' lang='lat' dir='ltr'><strong>ut</strong></span> <span class='ocrx_word' id='word_1_814' title='bbox 572 4708 666 4750; x_wconf 85' lang='lat' dir='ltr'><strong>me</strong></span> <span class='ocrx_word' id='word_1_815' title='bbox 693 4693 935 4763; x_wconf 76' lang='lat' dir='ltr'><strong>adjuvel-</strong></span> <span class='ocrx_word' id='word_1_816' title='bbox 966 4692 1036 4748; x_wconf 78' lang='lat' dir='ltr'><strong>Et</strong></span> <span class='ocrx_word' id='word_1_817' title='bbox 1060 4691 1395 4763; x_wconf 76' lang='lat' dir='ltr'><strong>respondens</strong></span> <span class='ocrx_word' id='word_1_818' title='bbox 1422 4691 1557 4748; x_wconf 77' lang='lat' dir='ltr'><strong>dixit</strong></span> <span class='ocrx_word' id='word_1_819' title='bbox 1585 4691 1670 4749; x_wconf 91' lang='lat' dir='ltr'><strong>illi</strong></span> <span class='ocrx_word' id='word_1_820' title='bbox 1782 4698 2064 4769; x_wconf 87' lang='lat' dir='ltr'><strong>dispergit.</strong></span> <span class='ocrx_word' id='word_1_821' title='bbox 2091 4697 2278 4768; x_wconf 61' lang='grc' dir='ltr'><strong>[ουκ.</strong></span> <span class='ocrx_word' id='word_1_822' title='bbox 2310 4693 2390 4767; x_wconf 79' lang='lat'><strong>5.]</strong></span> <span class='ocrx_word' id='word_1_823' title='bbox 2417 4693 2552 4750; x_wconf 89' lang='lat' dir='ltr'><strong>Cum</strong></span> <span class='ocrx_word' id='word_1_824' title='bbox 2573 4691 2888 4750; x_wconf 81' lang='lat' dir='ltr'><strong>immundus</strong></span> <span class='ocrx_word' id='word_1_825' title='bbox 2912 4688 3140 4759; x_wconf 89' lang='lat' dir='ltr'><strong>spiritus</strong></span> <span class='ocrx_word' id='word_1_826' title='bbox 3167 4691 3377 4748; x_wconf 79' lang='lat' dir='ltr'><strong>exierit</strong></span> 
     </span>
    </p>
   </div>
   <div class='ocr_carea' id='block_1_57' title="bbox 115 4779 1663 4860">
    <p class='ocr_par' dir='ltr' id='par_1_57' title="bbox 115 4779 1663 4858">
     <span class='ocr_line' id='line_1_57' title="bbox 115 4779 1663 4858; baseline 0.005 -22"><span class='ocrx_word' id='word_1_827' title='bbox 115 4779 346 4844; x_wconf 86' lang='lat' dir='ltr'><strong>Dominus</strong></span> <span class='ocrx_word' id='word_1_828' title='bbox 373 4806 387 4844; x_wconf 91' lang='lat'><strong>:</strong></span> <span class='ocrx_word' id='word_1_829' title='bbox 419 4788 662 4858; x_wconf 83' lang='lat' dir='ltr'><strong>Martha,</strong></span> <span class='ocrx_word' id='word_1_830' title='bbox 693 4787 923 4854; x_wconf 76' lang='lat' dir='ltr'><strong>Martha,</strong></span> <span class='ocrx_word' id='word_1_831' title='bbox 953 4787 1180 4844; x_wconf 84' lang='lat' dir='ltr'><strong>sollicita</strong></span> <span class='ocrx_word' id='word_1_832' title='bbox 1225 4801 1308 4854; x_wconf 87' lang='lat' dir='ltr'><strong>es,</strong></span> <span class='ocrx_word' id='word_1_833' title='bbox 1337 4799 1390 4843; x_wconf 89' lang='lat' dir='ltr'><strong>et</strong></span> <span class='ocrx_word' id='word_1_834' title='bbox 1441 4787 1663 4844; x_wconf 84' lang='lat' dir='ltr'><strong>turbarit</strong></span> 
     </span>
    </p>
   </div>
   <div class='ocr_carea' id='block_1_58' title="bbox 1830 4779 3378 4860">
    <p class='ocr_par' dir='ltr' id='par_1_58' title="bbox 1830 4787 3378 4860">
     <span class='ocr_line' id='line_1_58' title="bbox 1830 4787 3378 4860; baseline -0.006 -10"><span class='ocrx_word' id='word_1_835' title='bbox 1830 4810 1852 4850; x_wconf 64' lang='grc' dir='ltr'><strong>Β</strong></span> <span class='ocrx_word' id='word_1_836' title='bbox 1877 4792 2116 4860; x_wconf 88' lang='lat' dir='ltr'><strong>homine,</strong></span> <span class='ocrx_word' id='word_1_837' title='bbox 2141 4791 2384 4848; x_wconf 86' lang='lat' dir='ltr'><strong>ambulat</strong></span> <span class='ocrx_word' id='word_1_838' title='bbox 2417 4805 2517 4859; x_wconf 90' lang='lat' dir='ltr'><strong>per</strong></span> <span class='ocrx_word' id='word_1_839' title='bbox 2548 4789 2664 4844; x_wconf 87' lang='lat' dir='ltr'><strong>loca</strong></span> <span class='ocrx_word' id='word_1_840' title='bbox 2692 4787 2976 4858; x_wconf 84' lang='lat' dir='ltr'><strong>inaquosa,</strong></span> <span class='ocrx_word' id='word_1_841' title='bbox 3015 4801 3266 4856; x_wconf 71' lang='lat' dir='ltr'><strong>quaerens</strong></span> <span class='ocrx_word' id='word_1_842' title='bbox 3289 4801 3378 4841; x_wconf 89' lang='lat' dir='ltr'><strong>re-</strong></span> 
     </span>
    </p>
   </div>
   <div class='ocr_carea' id='block_1_59' title="bbox 115 4880 3380 4962">
    <p class='ocr_par' dir='ltr' id='par_1_59' title="bbox 115 4880 3380 4962">
     <span class='ocr_line' id='line_1_59' title="bbox 115 4880 3380 4962; baseline -0.003 -15"><span class='ocrx_word' id='word_1_843' title='bbox 115 4888 219 4947; x_wconf 66' lang='grc' dir='ltr'><strong>θτεδ</strong></span> <span class='ocrx_word' id='word_1_844' title='bbox 245 4881 490 4950; x_wconf 70' lang='lat' dir='ltr'><strong>Plurima.</strong></span> <span class='ocrx_word' id='word_1_845' title='bbox 535 4886 712 4942; x_wconf 82' lang='lat' dir='ltr'><strong>Porro</strong></span> <span class='ocrx_word' id='word_1_846' title='bbox 754 4900 924 4942; x_wconf 75' lang='lat' dir='ltr'><strong>unum</strong></span> <span class='ocrx_word' id='word_1_847' title='bbox 961 4892 1044 4941; x_wconf 71' lang='lat' dir='ltr'><strong>est</strong></span> <span class='ocrx_word' id='word_1_848' title='bbox 1092 4883 1481 4940; x_wconf 50' lang='lat' dir='ltr'><strong>necessilrium-</strong></span> <span class='ocrx_word' id='word_1_849' title='bbox 1514 4883 1680 4940; x_wconf 74' lang='lat' dir='ltr'><strong>Maria</strong></span> <span class='ocrx_word' id='word_1_850' title='bbox 1784 4891 1987 4962; x_wconf 87' lang='lat' dir='ltr'><strong>quiem,</strong></span> <span class='ocrx_word' id='word_1_851' title='bbox 2031 4896 2087 4944; x_wconf 91' lang='lat' dir='ltr'><strong>et</strong></span> <span class='ocrx_word' id='word_1_852' title='bbox 2129 4901 2240 4944; x_wconf 90' lang='lat' dir='ltr'><strong>non</strong></span> <span class='ocrx_word' id='word_1_853' title='bbox 2266 4883 2552 4940; x_wconf 89' lang='lat' dir='ltr'><strong>inveniens</strong></span> <span class='ocrx_word' id='word_1_854' title='bbox 2578 4883 2752 4939; x_wconf 89' lang='lat' dir='ltr'><strong>dicit:</strong></span> <span class='ocrx_word' id='word_1_855' title='bbox 2787 4881 3049 4937; x_wconf 82' lang='lat' dir='ltr'><strong>Revertar</strong></span> <span class='ocrx_word' id='word_1_856' title='bbox 3081 4882 3132 4934; x_wconf 94' lang='lat' dir='ltr'><strong>in</strong></span> <span class='ocrx_word' id='word_1_857' title='bbox 3157 4880 3380 4936; x_wconf 84' lang='lat' dir='ltr'><strong>domum</strong></span> 
     </span>
    </p>
   </div>
   <div class='ocr_carea' id='block_1_60' title="bbox 119 4972 3385 5052">
    <p class='ocr_par' dir='ltr' id='par_1_60' title="bbox 119 4972 3385 5052">
     <span class='ocr_line' id='line_1_60' title="bbox 119 4972 3385 5052; baseline -0 -22"><span class='ocrx_word' id='word_1_858' title='bbox 119 4972 347 5039; x_wconf 82' lang='lat' dir='ltr'><strong>optimam</strong></span> <span class='ocrx_word' id='word_1_859' title='bbox 380 4990 592 5046; x_wconf 87' lang='lat' dir='ltr'><strong>partem</strong></span> <span class='ocrx_word' id='word_1_860' title='bbox 638 4980 824 5051; x_wconf 86' lang='lat' dir='ltr'><strong>elegit,</strong></span> <span class='ocrx_word' id='word_1_861' title='bbox 854 4995 974 5052; x_wconf 72' lang='lat' dir='ltr'><strong>quae</strong></span> <span class='ocrx_word' id='word_1_862' title='bbox 1005 4997 1116 5039; x_wconf 87' lang='lat' dir='ltr'><strong>non</strong></span> <span class='ocrx_word' id='word_1_863' title='bbox 1147 4981 1424 5038; x_wconf 85' lang='lat' dir='ltr'><strong>auferetur</strong></span> <span class='ocrx_word' id='word_1_864' title='bbox 1474 4982 1544 5038; x_wconf 90' lang='lat' dir='ltr'><strong>ab</strong></span> <span class='ocrx_word' id='word_1_865' title='bbox 1591 4997 1677 5038; x_wconf 90' lang='lat' dir='ltr'><strong>ea.</strong></span> <span class='ocrx_word' id='word_1_866' title='bbox 1789 4999 1964 5040; x_wconf 90' lang='lat' dir='ltr'><strong>meam</strong></span> <span class='ocrx_word' id='word_1_867' title='bbox 1989 4983 2132 5039; x_wconf 90' lang='lat' dir='ltr'><strong>unde</strong></span> <span class='ocrx_word' id='word_1_868' title='bbox 2153 4978 2323 5038; x_wconf 82' lang='lat' dir='ltr'><strong>exivi:</strong></span> <span class='ocrx_word' id='word_1_869' title='bbox 2345 4985 2400 5033; x_wconf 89' lang='lat' dir='ltr'><strong>et</strong></span> <span class='ocrx_word' id='word_1_870' title='bbox 2427 4992 2550 5032; x_wconf 90' lang='lat' dir='ltr'><strong>cum</strong></span> <span class='ocrx_word' id='word_1_871' title='bbox 2573 4975 2802 5041; x_wconf 85' lang='lat' dir='ltr'><strong>venerit,</strong></span> <span class='ocrx_word' id='word_1_872' title='bbox 2835 4975 3040 5030; x_wconf 90' lang='lat' dir='ltr'><strong>invenit</strong></span> <span class='ocrx_word' id='word_1_873' title='bbox 3061 4989 3182 5030; x_wconf 85' lang='lat' dir='ltr'><strong>eam</strong></span> <span class='ocrx_word' id='word_1_874' title='bbox 3206 4973 3385 5042; x_wconf 84' lang='lat' dir='ltr'><strong>scopis</strong></span> 
     </span>
    </p>
   </div>
   <div class='ocr_carea' id='block_1_61' title="bbox 179 5063 3383 5144">
    <p class='ocr_par' dir='ltr' id='par_1_61' title="bbox 179 5063 3383 5144">
     <span class='ocr_line' id='line_1_61' title="bbox 179 5063 3383 5144; baseline -0.001 -20"><span class='ocrx_word' id='word_1_875' title='bbox 179 5063 315 5138; x_wconf 72' lang='grc' dir='ltr'><strong>[ϐαρ.</strong></span> <span class='ocrx_word' id='word_1_876' title='bbox 341 5071 431 5128; x_wconf 73' lang='grc' dir='ltr'><strong>Χι.</strong></span> <span class='ocrx_word' id='word_1_877' title='bbox 461 5089 658 5140; x_wconf 84' lang='lat' dir='ltr'><strong>exxm,</strong></span> <span class='ocrx_word' id='word_1_878' title='bbox 690 5072 773 5144; x_wconf 84' lang='lat'><strong>5.]</strong></span> <span class='ocrx_word' id='word_1_879' title='bbox 803 5074 869 5130; x_wconf 83' lang='lat' dir='ltr'><strong>Et</strong></span> <span class='ocrx_word' id='word_1_880' title='bbox 901 5074 1105 5131; x_wconf 87' lang='lat' dir='ltr'><strong>factum</strong></span> <span class='ocrx_word' id='word_1_881' title='bbox 1136 5085 1222 5133; x_wconf 87' lang='lat' dir='ltr'><strong>est</strong></span> <span class='ocrx_word' id='word_1_882' title='bbox 1250 5094 1263 5131; x_wconf 89' lang='lat'><strong>:</strong></span> <span class='ocrx_word' id='word_1_883' title='bbox 1295 5092 1419 5133; x_wconf 91' lang='lat' dir='ltr'><strong>cum</strong></span> <span class='ocrx_word' id='word_1_884' title='bbox 1451 5088 1594 5134; x_wconf 87' lang='lat' dir='ltr'><strong>esset</strong></span> <span class='ocrx_word' id='word_1_885' title='bbox 1625 5079 1680 5133; x_wconf 90' lang='lat' dir='ltr'><strong>in</strong></span> <span class='ocrx_word' id='word_1_886' title='bbox 1790 5077 2126 5142; x_wconf 75' lang='lat' dir='ltr'><strong>mandatam,</strong></span> <span class='ocrx_word' id='word_1_887' title='bbox 2156 5082 2212 5130; x_wconf 91' lang='lat' dir='ltr'><strong>et</strong></span> <span class='ocrx_word' id='word_1_888' title='bbox 2237 5083 2260 5111; x_wconf 83' lang='grc' dir='ltr'><strong>ο</strong></span> <span class='ocrx_word' id='word_1_889' title='bbox 2295 5078 2562 5126; x_wconf 88' lang='lat' dir='ltr'><strong>ornatam.</strong></span> <span class='ocrx_word' id='word_1_890' title='bbox 2589 5068 2742 5124; x_wconf 90' lang='lat' dir='ltr'><strong>Tunc</strong></span> <span class='ocrx_word' id='word_1_891' title='bbox 2771 5066 2944 5133; x_wconf 82' lang='lat' dir='ltr'><strong>vadit,</strong></span> <span class='ocrx_word' id='word_1_892' title='bbox 2967 5076 3022 5120; x_wconf 90' lang='lat' dir='ltr'><strong>et</strong></span> <span class='ocrx_word' id='word_1_893' title='bbox 3043 5064 3269 5122; x_wconf 76' lang='lat' dir='ltr'><strong>assumit</strong></span> <span class='ocrx_word' id='word_1_894' title='bbox 3295 5081 3383 5121; x_wconf 86' lang='lat' dir='ltr'><strong>se—</strong></span> 
     </span>
    </p>
   </div>
   <div class='ocr_carea' id='block_1_62' title="bbox 123 5159 3382 5245">
    <p class='ocr_par' dir='ltr' id='par_1_62' title="bbox 123 5159 3382 5245">
     <span class='ocr_line' id='line_1_62' title="bbox 123 5159 3382 5245; baseline -0.004 -21"><span class='ocrx_word' id='word_1_895' title='bbox 123 5159 328 5224; x_wconf 71' lang='lat' dir='ltr'><strong>quodam</strong></span> <span class='ocrx_word' id='word_1_896' title='bbox 353 5165 474 5224; x_wconf 90' lang='lat' dir='ltr'><strong>loco</strong></span> <span class='ocrx_word' id='word_1_897' title='bbox 500 5182 688 5237; x_wconf 83' lang='lat' dir='ltr'><strong>orans,</strong></span> <span class='ocrx_word' id='word_1_898' title='bbox 715 5176 778 5224; x_wconf 88' lang='lat' dir='ltr'><strong>ut</strong></span> <span class='ocrx_word' id='word_1_899' title='bbox 795 5171 1049 5239; x_wconf 83' lang='lat' dir='ltr'><strong>cessavit,</strong></span> <span class='ocrx_word' id='word_1_900' title='bbox 1078 5170 1219 5227; x_wconf 91' lang='lat' dir='ltr'><strong>dixit</strong></span> <span class='ocrx_word' id='word_1_901' title='bbox 1247 5159 1387 5228; x_wconf 89' lang='lat' dir='ltr'><strong>unus</strong></span> <span class='ocrx_word' id='word_1_902' title='bbox 1409 5187 1480 5228; x_wconf 87' lang='lat' dir='ltr'><strong>ex</strong></span> <span class='ocrx_word' id='word_1_903' title='bbox 1512 5171 1680 5229; x_wconf 91' lang='lat' dir='ltr'><strong>disei-</strong></span> <span class='ocrx_word' id='word_1_904' title='bbox 1791 5185 1937 5245; x_wconf 86' lang='lat' dir='ltr'><strong>ptem</strong></span> <span class='ocrx_word' id='word_1_905' title='bbox 1963 5171 2098 5226; x_wconf 88' lang='lat' dir='ltr'><strong>alios</strong></span> <span class='ocrx_word' id='word_1_906' title='bbox 2120 5166 2349 5238; x_wconf 86' lang='lat' dir='ltr'><strong>spiritus</strong></span> <span class='ocrx_word' id='word_1_907' title='bbox 2385 5177 2569 5221; x_wconf 87' lang='lat' dir='ltr'><strong>secum</strong></span> <span class='ocrx_word' id='word_1_908' title='bbox 2598 5163 2887 5233; x_wconf 89' lang='lat' dir='ltr'><strong>nequiores</strong></span> <span class='ocrx_word' id='word_1_909' title='bbox 2912 5176 2992 5227; x_wconf 88' lang='lat' dir='ltr'><strong>se,</strong></span> <span class='ocrx_word' id='word_1_910' title='bbox 3026 5170 3080 5216; x_wconf 90' lang='lat' dir='ltr'><strong>et</strong></span> <span class='ocrx_word' id='word_1_911' title='bbox 3127 5160 3382 5228; x_wconf 78' lang='lat' dir='ltr'><strong>ingressi,</strong></span> 
     </span>
    </p>
   </div>
   <div class='ocr_carea' id='block_1_63' title="bbox 153 5336 3385 5421">
    <p class='ocr_par' dir='ltr' id='par_1_63' title="bbox 153 5336 3385 5421">
     <span class='ocr_line' id='line_1_63' title="bbox 153 5336 3385 5421; baseline 0.003 -30"><span class='ocrx_word' id='word_1_912' title='bbox 153 5336 430 5421; x_wconf 38' lang='lat' dir='ltr'><strong>.aAddit‘ur</strong></span> <span class='ocrx_word' id='word_1_913' title='bbox 455 5343 593 5421; x_wconf 37' lang='lat' dir='ltr'><strong>et‘in</strong></span> <span class='ocrx_word' id='word_1_914' title='bbox 628 5344 902 5421; x_wconf 83' lang='lat' dir='ltr'><strong>plerisque</strong></span> <span class='ocrx_word' id='word_1_915' title='bbox 933 5345 1146 5421; x_wconf 62' lang='lat' dir='ltr'><strong>Graecis</strong></span> <span class='ocrx_word' id='word_1_916' title='bbox 1162 5350 1445 5408; x_wconf 87' lang='lat' dir='ltr'><strong>codicibus</strong></span> <span class='ocrx_word' id='word_1_917' title='bbox 1473 5353 1559 5408; x_wconf 89' lang='lat' dir='ltr'><strong>illa</strong></span> <span class='ocrx_word' id='word_1_918' title='bbox 1593 5368 1686 5421; x_wconf 87' lang='lat' dir='ltr'><strong>pe-</strong></span> <span class='ocrx_word' id='word_1_919' title='bbox 1864 5348 1890 5387; x_wconf 75' lang='grc' dir='ltr'><strong>ιι</strong></span> <span class='ocrx_word' id='word_1_920' title='bbox 1916 5349 1976 5404; x_wconf 89' lang='lat' dir='ltr'><strong>1n</strong></span> <span class='ocrx_word' id='word_1_921' title='bbox 2028 5347 2258 5403; x_wconf 87' lang='lat' dir='ltr'><strong>instanti</strong></span> <span class='ocrx_word' id='word_1_922' title='bbox 2301 5343 2566 5400; x_wconf 82' lang='lat' dir='ltr'><strong>desolatur</strong></span> <span class='ocrx_word' id='word_1_923' title='bbox 2592 5359 2723 5402; x_wconf 83' lang='lat' dir='ltr'><strong>mss.</strong></span> <span class='ocrx_word' id='word_1_924' title='bbox 2773 5346 2946 5399; x_wconf 76' lang='lat' dir='ltr'><strong>nostri</strong></span> <span class='ocrx_word' id='word_1_925' title='bbox 2985 5345 3299 5414; x_wconf 69' lang='grc' dir='ltr'><strong>ιιι-ιιιῐρηιιιι,</strong></span> <span class='ocrx_word' id='word_1_926' title='bbox 3332 5346 3385 5401; x_wconf 88' lang='lat' dir='ltr'><strong>in</strong></span> 
     </span>
    </p>
   </div>
   <div class='ocr_carea' id='block_1_64' title="bbox 129 5412 1677 5496">
    <p class='ocr_par' dir='ltr' id='par_1_64' title="bbox 129 5412 1677 5496">
     <span class='ocr_line' id='line_1_64' title="bbox 129 5412 1677 5496; baseline 0.013 -38"><span class='ocrx_word' id='word_1_927' title='bbox 129 5412 425 5496; x_wconf 41' lang='lat' dir='ltr'><strong>ri&#39;copeJ&#39;l&#39;i‘at</strong></span> <span class='ocrx_word' id='word_1_928' title='bbox 452 5412 957 5496; x_wconf 42' lang='lat' dir='ltr'><strong>uoluntastun&#39;sieut</strong></span> <span class='ocrx_word' id='word_1_929' title='bbox 981 5419 1030 5472; x_wconf 82' lang='lat' dir='ltr'><strong>in</strong></span> <span class='ocrx_word' id='word_1_930' title='bbox 1056 5419 1181 5474; x_wconf 61' lang='lat' dir='ltr'><strong>coelo</strong></span> <span class='ocrx_word' id='word_1_931' title='bbox 1206 5434 1250 5475; x_wconf 85' lang='lat' dir='ltr'><strong>et</strong></span> <span class='ocrx_word' id='word_1_932' title='bbox 1279 5424 1330 5476; x_wconf 80' lang='lat' dir='ltr'><strong>in</strong></span> <span class='ocrx_word' id='word_1_933' title='bbox 1360 5433 1517 5488; x_wconf 83' lang='lat' dir='ltr'><strong>terra,</strong></span> <span class='ocrx_word' id='word_1_934' title='bbox 1537 5412 1677 5496; x_wconf 67' lang='grc' dir='ltr'><strong>γεῖιη-</strong></span> 
     </span>
    </p>
   </div>
   <div class='ocr_carea' id='block_1_65' title="bbox 1093 5412 2641 5496">
    <p class='ocr_par' dir='ltr' id='par_1_65' title="bbox 1093 5412 2641 5496">
     <span class='ocr_line' id='line_1_65' title="bbox 1093 5412 2641 5496; baseline -0.001 -22"><span class='ocrx_word' id='word_1_935' title='bbox 1093 5419 1181 5474; x_wconf 61' lang='lat' dir='ltr'><strong>mlo</strong></span> <span class='ocrx_word' id='word_1_936' title='bbox 1206 5434 1250 5475; x_wconf 77' lang='lat' dir='ltr'><strong>et</strong></span> <span class='ocrx_word' id='word_1_937' title='bbox 1279 5424 1330 5476; x_wconf 76' lang='lat' dir='ltr'><strong>in</strong></span> <span class='ocrx_word' id='word_1_938' title='bbox 1360 5433 1517 5488; x_wconf 79' lang='lat' dir='ltr'><strong>terra,</strong></span> <span class='ocrx_word' id='word_1_939' title='bbox 1537 5412 1686 5496; x_wconf 60' lang='grc' dir='ltr'><strong>γείιη-</strong></span> <span class='ocrx_word' id='word_1_940' title='bbox 1793 5421 1984 5496; x_wconf 67' lang='grc' dir='ltr'><strong>Οΐίῐεερ</strong></span> <span class='ocrx_word' id='word_1_941' title='bbox 2013 5421 2175 5496; x_wconf 79' lang='lat' dir='ltr'><strong>etiam</strong></span> <span class='ocrx_word' id='word_1_942' title='bbox 2207 5429 2309 5485; x_wconf 88' lang='lat' dir='ltr'><strong>est,</strong></span> <span class='ocrx_word' id='word_1_943' title='bbox 2343 5421 2641 5490; x_wconf 74' lang='grc' dir='ltr'><strong>ἐρημοῦται.</strong></span> 
     </span>
    </p>
   </div>
   <div class='ocr_carea' id='block_1_66' title="bbox 129 5477 1677 5568">
    <p class='ocr_par' dir='ltr' id='par_1_66' title="bbox 129 5477 1677 5568">
     <span class='ocr_line' id='line_1_66' title="bbox 129 5477 1677 5568; baseline 0.005 -28"><span class='ocrx_word' id='word_1_944' title='bbox 129 5477 306 5568; x_wconf 53' lang='grc' dir='ltr'><strong>([ἦτξηό</strong></span> <span class='ocrx_word' id='word_1_945' title='bbox 321 5483 497 5555; x_wconf 67' lang='grc' dir='ltr'><strong>θῦ.ημὰ</strong></span> <span class='ocrx_word' id='word_1_946' title='bbox 526 5490 753 5568; x_wconf 37' lang='grc' dir='ltr'><strong>σουλ-ὡς.</strong></span> <span class='ocrx_word' id='word_1_947' title='bbox 770 5491 818 5542; x_wconf 84' lang='grc' dir='ltr'><strong>ἐν</strong></span> <span class='ocrx_word' id='word_1_948' title='bbox 847 5491 1062 5568; x_wconf 77' lang='grc' dir='ltr'><strong>οὐρανῷ,</strong></span> <span class='ocrx_word' id='word_1_949' title='bbox 1084 5497 1166 5546; x_wconf 79' lang='grc' dir='ltr'><strong>καὶ</strong></span> <span class='ocrx_word' id='word_1_950' title='bbox 1194 5496 1280 5547; x_wconf 83' lang='grc' dir='ltr'><strong>ἐπὶ</strong></span> <span class='ocrx_word' id='word_1_951' title='bbox 1302 5503 1392 5556; x_wconf 76' lang='grc' dir='ltr'><strong>τῆς</strong></span> <span class='ocrx_word' id='word_1_952' title='bbox 1419 5477 1677 5567; x_wconf 46' lang='grc' dir='ltr'><strong>γῆς-’.Ἅμα</strong></span> 
     </span>
    </p>
   </div>
   <div class='ocr_carea' id='block_1_67' title="bbox 1833 5477 3381 5568">
    <p class='ocr_par' dir='ltr' id='par_1_67' title="bbox 1868 5477 3381 5568">
     <span class='ocr_line' id='line_1_67' title="bbox 1868 5477 3381 5568; baseline -0.002 -23"><span class='ocrx_word' id='word_1_953' title='bbox 1868 5502 1888 5529; x_wconf 77' lang='grc' dir='ltr'>ο</span> <span class='ocrx_word' id='word_1_954' title='bbox 1945 5493 2059 5545; x_wconf 89' lang='lat' dir='ltr'><strong>Duo</strong></span> <span class='ocrx_word' id='word_1_955' title='bbox 2099 5477 2308 5568; x_wconf 45' lang='lat' dir='ltr'><strong>iterum.</strong></span> <span class='ocrx_word' id='word_1_956' title='bbox 2338 5477 2492 5568; x_wconf 43' lang='lat' dir='ltr'><strong>mss...</strong></span> <span class='ocrx_word' id='word_1_957' title='bbox 2544 5505 2680 5568; x_wconf 83' lang='lat' dir='ltr'><strong>unus</strong></span> <span class='ocrx_word' id='word_1_958' title='bbox 2711 5487 3018 5568; x_wconf 72' lang='lat' dir='ltr'><strong>Vaticanus,</strong></span> <span class='ocrx_word' id='word_1_959' title='bbox 3049 5499 3209 5556; x_wconf 77' lang='lat' dir='ltr'><strong>atque</strong></span> <span class='ocrx_word' id='word_1_960' title='bbox 3243 5489 3381 5568; x_wconf 74' lang='lat' dir='ltr'><strong>alter</strong></span> 
     </span>
    </p>
   </div>
   <div class='ocr_carea' id='block_1_68' title="bbox 133 5551 3384 5634">
    <p class='ocr_par' dir='ltr' id='par_1_68' title="bbox 133 5551 3384 5634">
     <span class='ocr_line' id='line_1_68' title="bbox 133 5551 3384 5634; baseline 0.005 -36"><span class='ocrx_word' id='word_1_961' title='bbox 133 5561 175 5634; x_wconf 62' lang='lat' dir='ltr'><strong>et</strong></span> <span class='ocrx_word' id='word_1_962' title='bbox 199 5551 948 5634; x_wconf 14' lang='lat' dir='ltr'><strong>duomss.,unus’Vaticanus,</strong></span> <span class='ocrx_word' id='word_1_963' title='bbox 982 5551 1691 5634; x_wconf 61' lang='lat' dir='ltr'><strong>alter-Regium,pricferuut</strong></span> <span class='ocrx_word' id='word_1_964' title='bbox 1795 5564 2016 5631; x_wconf 73' lang='lat' dir='ltr'><strong>Regina)</strong></span> <span class='ocrx_word' id='word_1_965' title='bbox 2061 5561 2344 5634; x_wconf 82' lang='lat' dir='ltr'><strong>vetustior,</strong></span> <span class='ocrx_word' id='word_1_966' title='bbox 2374 5551 2629 5634; x_wconf 77' lang='lat' dir='ltr'><strong>omittunt</strong></span> <span class='ocrx_word' id='word_1_967' title='bbox 2669 5561 2807 5634; x_wconf 69' lang='lat' dir='ltr'><strong>istud</strong></span> <span class='ocrx_word' id='word_1_968' title='bbox 2839 5570 3093 5634; x_wconf 71' lang='lat' dir='ltr'><strong>ornatam,</strong></span> <span class='ocrx_word' id='word_1_969' title='bbox 3126 5551 3270 5628; x_wconf 63' lang='lat' dir='ltr'><strong>quod</strong></span> <span class='ocrx_word' id='word_1_970' title='bbox 3303 5571 3384 5614; x_wconf 70' lang='lat' dir='ltr'><strong>rst</strong></span> 
     </span>
    </p>
   </div>
   <div class='ocr_carea' id='block_1_69' title="bbox 133 5616 1681 5756">
    <p class='ocr_par' dir='ltr' id='par_1_69' title="bbox 133 5616 1681 5756">
     <span class='ocr_line' id='line_1_69' title="bbox 133 5616 1681 5710; baseline 0.017 -44"><span class='ocrx_word' id='word_1_971' title='bbox 133 5616 190 5668; x_wconf 86' lang='lat' dir='ltr'><strong>da</strong></span> <span class='ocrx_word' id='word_1_972' title='bbox 217 5624 347 5676; x_wconf 80' lang='lat' dir='ltr'><strong>nobis</strong></span> <span class='ocrx_word' id='word_1_973' title='bbox 373 5616 621 5710; x_wconf 74' lang='lat' dir='ltr'><strong>quotidie,</strong></span> <span class='ocrx_word' id='word_1_974' title='bbox 645 5644 742 5699; x_wconf 87' lang='lat' dir='ltr'><strong>pro</strong></span> <span class='ocrx_word' id='word_1_975' title='bbox 763 5632 830 5686; x_wconf 85' lang='lat' dir='ltr'><strong>da</strong></span> <span class='ocrx_word' id='word_1_976' title='bbox 857 5616 999 5688; x_wconf 68' lang='lat' dir='ltr'><strong>nobis</strong></span> <span class='ocrx_word' id='word_1_977' title='bbox 1027 5616 1681 5708; x_wconf 54' lang='lat' dir='ltr'><strong>iudiea‘isseé‘pieitis;</strong></span> 
     </span>
     <span class='ocr_line' id='line_1_70' title="bbox 138 5699 754 5756; baseline 0.024 -15"><span class='ocrx_word' id='word_1_978' title='bbox 138 5702 228 5756; x_wconf 87' lang='lat' dir='ltr'><strong>que</strong></span> <span class='ocrx_word' id='word_1_979' title='bbox 250 5703 325 5750; x_wconf 84' lang='lat' dir='ltr'><strong>est</strong></span> <span class='ocrx_word' id='word_1_980' title='bbox 343 5717 397 5751; x_wconf 83' lang='grc' dir='ltr'>το</span> <span class='ocrx_word' id='word_1_981' title='bbox 417 5699 523 5752; x_wconf 76' lang='grc' dir='ltr'>καθ’</span> <span class='ocrx_word' id='word_1_982' title='bbox 545 5701 754 5756; x_wconf 71' lang='grc' dir='ltr'><strong>ἡμέραν.</strong></span> 
     </span>
    </p>
   </div>
   <div class='ocr_carea' id='block_1_70' title="bbox 1543 5616 3091 5756">
    <p class='ocr_par' dir='ltr' id='par_1_70' title="bbox 1543 5616 3091 5704">
     <span class='ocr_line' id='line_1_71' title="bbox 1543 5616 3091 5704; baseline -0.006 -12"><span class='ocrx_word' id='word_1_983' title='bbox 1543 5616 1692 5692; x_wconf 54' lang='lat' dir='ltr'><strong>iniit;</strong></span> <span class='ocrx_word' id='word_1_984' title='bbox 1795 5616 1978 5692; x_wconf 67' lang='lat' dir='ltr'><strong>tanien</strong></span> <span class='ocrx_word' id='word_1_985' title='bbox 2009 5634 2061 5690; x_wconf 90' lang='lat' dir='ltr'><strong>in</strong></span> <span class='ocrx_word' id='word_1_986' title='bbox 2091 5616 2366 5704; x_wconf 74' lang='lat' dir='ltr'><strong>plerisque</strong></span> <span class='ocrx_word' id='word_1_987' title='bbox 2395 5631 2644 5688; x_wconf 85' lang='lat' dir='ltr'><strong>omnibus</strong></span> <span class='ocrx_word' id='word_1_988' title='bbox 2671 5630 2876 5688; x_wconf 66' lang='lat' dir='ltr'><strong>Graecis</strong></span> <span class='ocrx_word' id='word_1_989' title='bbox 2921 5631 3091 5687; x_wconf 85' lang='lat' dir='ltr'><strong>libris.</strong></span> 
     </span>
    </p>
   </div>
   <div class='ocr_carea' id='block_1_71' title="bbox 343 5717 754 5776">
    <p class='ocr_par' dir='ltr' id='par_1_71' title="bbox 343 5717 754 5776">
     <span class='ocr_line' id='line_1_72' title="bbox 343 5717 754 5776; baseline 0.012 -25"><span class='ocrx_word' id='word_1_990' title='bbox 343 5717 397 5751; x_wconf 83' lang='grc' dir='ltr'>το</span> <span class='ocrx_word' id='word_1_991' title='bbox 417 5717 508 5752; x_wconf 64' lang='lat' dir='ltr'><strong>natu</strong></span> <span class='ocrx_word' id='word_1_992' title='bbox 545 5721 754 5776; x_wconf 72' lang='grc' dir='ltr'><strong>ημεραν.</strong></span> 
     </span>
    </p>
   </div>
  </div>
