3920 6200
550 215 653 273 σει
1568 224 1624 277 s.
1668 221 2047 281 HIERDNYMI
2086 227 2317 286 mva
2358 230 2833 292 BIBLIOTHECA.
3729 256 3811 313 ωε

546 324 797 381 habitant
822 325 999 383 ibi.Et
1028 329 1163 384 ﬁunt
1191 331 1486 387 novissima
1509 332 1750 389 hominis
1779 336 1925 393 illius
1956 339 2142 409 pejora
2171 350 2218 407 Α
2250 345 2443 412 stolos,
2472 358 2525 402 et
2555 363 2622 404 ex
2647 349 2755 406 illis
2785 354 3036 410 occident
3058 364 3113 411 et
3138 371 3561 431 persequentur.
3579 364 3645 422 Ut
3663 366 3810 440 inqui-

547 418 843 488 prioribus.
901 422 1129 492 lcum,
1160 423 1250 476 to.
1274 420 1292 493 ]
1315 421 1538 480 Factum
1566 437 1649 482 est
1676 439 1856 484 autem
1879 446 2000 486 cum
2028 432 2144 488 haec
2247 450 2399 494 ratur
2428 443 2653 513 sanguis
2672 448 2919 502 omnium
2941 418 3333 521 prophetarum
3363 457 3460 526 qui
3480 457 3676 517 effusus
3700 418 3810 520 ests

546 510 776 579 diceret,
808 512 1077 567 extollens
1127 528 1313 571 vocem
1358 518 1606 587 qumdam
1635 521 1835 578 mulier
1860 523 1929 579 de
1962 526 2140 592 turba,
2244 510 2633 590 constitutione
2659 537 2847 592 mundi
2890 554 2921 593 a
2956 546 3313 610 generatione
3335 547 3435 602 ista
3472 565 3488 603 :
3520 563 3551 603 a
3579 554 3804 622 sanguine

541 600 679 658 dixit
707 603 785 657 illi
820 620 834 659 :
886 603 1087 660 Beatus
1110 616 1302 711 venter
1331 611 1425 679 qui
1481 622 1531 666 te
1564 614 1823 680 portavit,
1877 625 1933 671 et
1979 618 2145 673 ubera
2242 624 2376 682 Abel
2408 642 2578 698 usque
2606 630 2673 685 ad
2701 634 3019 703 sanguinem
3047 634 3347 705 Zacharire,
3381 641 3473 710 qui
3506 600 3803 712 periitinter

2488 688 2506 698 _
2801 688 2832 703 υ
2944 688 2953 689 ,
3008 688 3347 705 ,_,,-___-_,
3384 688 3473 710 -,--
3546 688 3795 705 -..υ

542 710 665 765 quae
695 694 909 750 suxisti.
939 696 1011 751 At
1046 698 1136 754 ille
1159 688 1297 755 dixit
1343 720 1356 754 :
1413 704 1725 769 Quinimmo
1753 706 1901 762 beati
1930 711 2018 780 qui
2041 726 2141 766 au-
2243 718 2415 775 altare
2436 728 2491 775 et
2517 724 2709 779 aedem.
2741 722 2818 778 Ita
2846 726 2968 782 dico
2998 729 3172 797 vobis,
3197 688 3592 802 requireturrah
3607 739 3697 796 hac
3722 756 3802 812 ge-

543 787 690 812 ,Ιζ....ι
742 787 965 812 ......I....._.
1005 791 1096 812 n_-:
1138 802 1182 812 ,ι
1224 808 1243 812 Α
1271 805 1331 812 .Α.
1395 795 1431 812 l-
1518 807 1528 812 -
1564 798 1613 812 σιι
1677 798 1689 812 ι
1742 798 1759 812 r
2042 803 2070 812 ..
2122 804 2140 812 -

539 787 695 843 diunt
742 787 968 844 verbum
1004 791 1098 846 Dei
1131 802 1188 848 et
1216 795 1536 851 custodiunt
1563 798 1708 852 illud.
1741 798 1987 871 [cxxxu,
2121 804 2140 875 ]
2246 812 2551 867 neratione.
2587 812 2777 885 [CXLI],
2816 816 2898 889 5.]
2926 817 3019 874 Vae
3040 820 3195 876 vobis
3226 787 3575 895 legisperitis,
3596 787 3809 901 quiautu-

539 877 731 901 ..._,_._,_
761 889 937 901 ---μμ
1000 897 1085 901 __,
1630 889 1643 901 .
1718 891 1750 901 ..
1972 894 2003 901 η

2588 877 2607 885 -
2763 877 2772 880 -
2882 877 2898 889 ,
3280 877 3710 901 ..η-
3739 877 3786 888 ...

535 877 733 934 Turbis
759 889 941 935 autem
991 886 1470 955 concurrentibus,
1503 889 1670 960 cmpit
1698 891 1883 947 dicere
1916 910 1931 948 :
1963 894 2141 950 Gene—
2242 902 2382 959 listis
2403 905 2612 962 clavem
2643 909 2907 978 scientias,
2941 911 3042 981 ipsi
3082 928 3192 969 non
3225 915 3514 987 introistis,
3545 933 3597 976 et
3621 939 3708 980 eos
3727 927 3805 996 qui

535 970 673 996 nn-
711 970 824 996 L-.-
852 976 1126 996 _-_-_-.:-
1161 992 1219 996 _-
1272 994 1323 996 ,,_
1485 991 1496 996 _
1610 983 1622 993 ο
2000 989 2008 996 .

533 970 675 1026 ratio
707 970 826 1028 hmo
849 976 1133 1042 generatio
1159 992 1389 1049 nequam
1419 991 1503 1037 est
1532 1001 1545 1037 :
1576 983 1791 1053 signum
1840 989 2058 1057 quaerit,
2086 999 2140 1045 et
2242 996 2536 1054 introibant
2560 1001 2935 1070 probibuistis.
2967 1004 3183 1078 [cxun,
3218 1008 3335 1082 10.]
3351 1010 3480 1066 Cum
3507 1028 3669 1071 autem
3693 970 3799 1076 haec

534 1066 751 1137 signum
775 1082 885 1122 non
918 1069 1137 1125 dabitur
1160 1072 1231 1140 ei,
1255 1074 1358 1128 nisi
1389 1076 1602 1146 signum
1634 1078 1788 1135 Jonze
1832 1080 2133 1152 prophetae.
2240 1092 2307 1143 ad
2333 1090 2457 1145 illos
2477 1066 2701 1159 diceret,
2726 1066 3011 1164 cmperunt
3038 1098 3298 1155 Pharisaei
3316 1066 3376 1157 et
3401 1104 3802 1182 legisperitigra-

534 1158 947 1182 unus--.
978 1161 1135 1182 μμ,-
1407 1168 1464 1182 ...
1513 1170 1523 1179 .
1738 1172 1771 1182 ,Α
1906 1176 1916 1182 .
2049 1175 2103 1182 ...

530 1158 671 1215 Nam
691 1161 829 1216 sicut
849 1159 950 1216 fuit
970 1161 1139 1219 Jonas
1159 1164 1371 1235 signum
1404 1168 1656 1225 Ninivitis
1691 1187 1706 1225 :
1736 1172 1809 1227 ita
1840 1176 1944 1228 erit
1966 1185 2023 1231 et
2045 1175 2140 1230 Fi-
2240 1184 2377 1239 viter
2402 1186 2675 1256 insistere,
2705 1200 2759 1245 et
2790 1204 2852 1245 os
2881 1193 3003 1262 ejus
3032 1198 3343 1264 Opprimere
3370 1198 3439 1253 de
3466 1201 3661 1271 multis,
3682 1158 3800 1260 insi-

528 1253 638 1310 lius
665 1255 902 1312 hominis
922 1261 1256 1327 generationi
1282 1262 1615 1335 iSti.Regina
1638 1267 1825 1322 Austri
1859 1279 2049 1339 surget
2077 1271 2134 1328 in
2238 1276 2451 1334 diantes
2481 1283 2555 1347 ei,
2585 1290 2639 1335 et
2663 1253 2985 1351 quaerentes
3007 1286 3215 1356 aliquid
3245 1305 3442 1361 capere
3465 1293 3532 1349 de
3572 1310 3661 1351 ore
3679 1298 3795 1369 ejus,

528 1344 729 1369 3--.“-1-
756 1364 866 1369 ---μ
905 1349 1032 1369 --μ-ε-
1068 1367 1093 1369 _,
1114 1367 1142 1369 ,_
1273 1355 1309 1369 ,ο
1394 1360 1404 1368 σ
1461 1357 1473 1369 ι
1542 1357 1553 1366 -
1712 1368 1715 1369 ,
1877 1361 1888 1369 .
2058 1362 2070 1369 .
2095 1363 2107 1369 -

520 1344 733 1416 judicio
750 1364 873 1403 cum
905 1349 1035 1406 viris
1060 1355 1436 1423 generationis
1461 1357 1644 1428 hujus,
1668 1368 1725 1413 et
1749 1361 2134 1419 condemnabit
2239 1382 2296 1427 ut
2324 1384 2653 1430 accusarent
2677 1392 2823 1432 eum.

524 1438 654 1495 illos
686 1442 852 1513 :quia
884 1443 1034 1500 venit
1070 1461 1100 1501 a
1150 1445 1351 1503 finibus
1396 1459 1558 1506 terra:
1588 1452 1778 1509 audire
1806 1456 2129 1525 sapientiam
2308 1463 2461 1538 [Cap.
2490 1466 2632 1540 Xll.]
2666 1470 3035 1527 Multisantem
3057 1475 3227 1530 turbis
3248 1475 3709 1538 circumstantibus
3725 1484 3786 1539 ita

525 1528 837 1590 Salomonis
868 1552 882 1590 :
915 1543 974 1591 et
996 1551 1126 1593 ecce
1157 1541 1279 1609 plus
1304 1548 1329 1575 ³
1349 1556 1512 1611 quam
1564 1542 1821 1599 Salomon
1874 1548 1982 1603 hic.
2013 1547 2128 1605 Viri
2234 1566 2294 1612 ut
2318 1574 2378 1616 se
2409 1561 2638 1616 invicem
2671 1566 3083 1648 conculcarent,
3108 1570 3276 1639 ccepit
3301 1571 3489 1629 dicere
3506 1575 3568 1631 ad
3585 1576 3796 1648 discipu.

525 1619 775 1648 N:-:-:e._
810 1639 1027 1648 ---_..-__.
1064 1629 1111 1648 2_
1144 1630 1331 1648 την-ο-
1729 1636 1762 1648 ,α
1899 1639 1912 1648 .

522 1619 777 1682 Ninivita
808 1639 1033 1697 surgent
1063 1629 1117 1684 in
1137 1630 1341 1698 judicio
1362 1648 1485 1687 cum
1515 1636 1875 1705 generatione
1898 1639 2022 1707 hac,
2075 1652 2131 1697 et
2236 1652 2314 1708 los
2353 1669 2483 1709 suos
2517 1674 2530 1710 ;
2562 1638 2769 1728 [εχιινξ
2791 1657 2873 1728 2,]
2904 1619 3258 1718 Auenditela
3312 1665 3575 1723 rel-meme
3617 1619 3788 1725 phata.

522 1716 967 1773 condemnabunt
1011 1719 1181 1787 illam,
1227 1722 1352 1792 quia
1388 1726 1765 1794 pmniteutiam
1794 1741 2024 1800 egerunt
2053 1748 2096 1787 at

522 1807 969 1833 ..-ι-..εζηιιιζΑ-Α...
1004 1812 1147 1833 1-..“
1190 1832 1193 1833 ,
1237 1825 1278 1833 _.
1317 1832 1327 1833 κ
1352 1831 1391 1833 Α.
1498 1819 1510 1833 ι
1824 1824 1840 1833 .
2011 1826 2022 1833 .
2050 1829 2060 1833 -

2228 1762 2488 1815 szeorum,
2518 1716 2665 1820 quod
2809 1716 3134 1826 hypocrisis.
3159 1716 3356 1829 —[C;LV,
3376 1759 3460 1833 5.]
3479 1761 3612 1819 Nihil
3633 1774 3792 1821 autem

518 1807 971 1875 praedicationem
996 1812 1152 1869 Jonas
1185 1832 1198 1867 :
1227 1825 1284 1871 et
1305 1831 1435 1873 ecce
1460 1819 1582 1889 plus
1624 1838 1785 1890 quam
1812 1824 1980 1882 Jonas
2009 1826 2117 1884 hic.

524 1898 778 1969 [cxxxm,
807 1901 888 1972 1.]
918 1902 1089 1959 Nemo
1115 1906 1392 1965 lucernam
1438 1914 1707 1983 accendit,
1735 1919 1865 1973 etin
1897 1920 2124 1977 abscon-

520 1992 638 2048 dito
665 1993 841 2063 ponit,
870 2011 1047 2069 neque
1087 2001 1189 2058 sub
1237 2005 1422 2061 modio
1456 2023 1469 2060 :
1503 2008 1603 2063 sed
1651 2023 1818 2081 supra
1867 2014 2120 2071 candela-

513 2086 704 2157 brum,
734 2099 793 2144 ut
836 2092 929 2163 qui
970 2094 1351 2165 ingrediuntur
1381 2099 1563 2157 lumen
1594 2103 1837 2161 videant.
1874 2106 2115 2179 [cxxxm

520 2181 601 2253 5.]
632 2183 879 2240 Lucerna
922 2190 1169 2260 corporis
1210 2193 1286 2247 tui
1316 2202 1401 2248 est
1427 2198 1617 2251 oculus
1640 2206 1783 2254 tuus.
1819 2200 1877 2257 Si
1925 2203 2118 2260 oculus

516 2286 643 2331 tuus
659 2276 1284 2350 fueritsimplex,totum
1304 2301 1507 2357 corpus
1528 2298 1678 2344 tuum
1709 2291 1947 2347 lucidum
1979 2295 2113 2350 erit:

509 2371 768 2425 siautem
819 2387 1053 2445 nequam
1105 2375 1293 2444 fuerit,
1335 2380 1498 2434 etiam
1523 2396 1724 2452 corpus
1756 2394 1913 2440 tuum
1954 2395 2115 2443 tene-

509 2459 737 2516 brosum
765 2463 889 2518 erit.
916 2463 1054 2521 Vide
1080 2482 1213 2539 ergo
1241 2484 1310 2525 ne
1342 2470 1523 2527 lumen
1548 2474 1694 2544 quod
1726 2476 1781 2531 in
1811 2487 1861 2531 te
1902 2487 2011 2547 est,
2038 2490 2117 2537 te-

510 2553 700 2610 nebrae
724 2556 852 2611 sint.
882 2557 943 2613 Si
968 2574 1100 2630 ergo
1128 2575 1329 2632 corpus
1355 2573 1509 2621 tuum
1536 2577 1709 2623 totum
1732 2570 1976 2627 lucidum
2000 2573 2115 2629 fue-

509 2647 605 2717 rit,
637 2663 746 2704 non
796 2648 1002 2708 habens
1048 2653 1285 2724 aliquam
1337 2670 1548 2728 partem
1595 2664 1967 2734 tenebrarum,
2009 2668 2115 2725 erit

519 2738 762 2798 lucidum
795 2751 989 2814 totum,
1022 2756 1079 2803 et
1103 2749 1246 2805 sicut
1270 2751 1493 2807 lucerna
1533 2741 1764 2827 fulgoris
1785 2759 2113 2817 illuminabit

501 2846 582 2890 te.
614 2834 838 2908 [cxxxv,
855 2838 938 2913 5.]
957 2840 1023 2895 Et
1047 2856 1172 2897 cum
1202 2843 1543 2917 loqueretur,
1576 2852 1789 2922 rogavit
1813 2853 1960 2908 illum
1993 2856 2111 2925 qui-

509 2926 635 2983 dam
670 2928 980 2987 Pharisaeus
1012 2940 1073 2988 ut
1112 2936 1405 3017 pranderet
1451 2940 1594 3008 apud
1623 2958 1703 2998 se.
1737 2943 1806 2999 Et
1834 2945 2108 3017 ingressus

503 3020 773 3076 recubuit.
809 3022 1117 3081 Phariszeus
1143 3038 1325 3084 autem
1370 3014 1537 3102 erepit
1566 3033 1710 3089 intra
1740 3050 1802 3093 se
1843 3014 2104 3108 reputans

2224 1850 2476 1912 opertum
2500 1856 2582 1901 cst
2611 1849 2757 1914 quod
2782 1862 2890 1903 non
2915 1851 3213 1919 reveletur,
3230 1869 3409 1924 neque
3435 1857 3783 1914 absconditum

2224 1935 2370 2001 quod
2398 1952 2506 1992 non
2536 1939 2763 1994 sciatur.
2797 1941 3065 2008 Quoniam
3091 1959 3213 2016 qua:
3244 1947 3297 2001 in
3330 1948 3579 2005 tenebris
3604 1950 3792 2008 dixisns

2222 2027 2277 2083 in
2300 2029 2505 2087 lumine
2532 2032 2780 2089 dicentur
2813 2052 2825 2087 :
2852 2047 2905 2091 et
2936 2038 3081 2107 quod
3112 2040 3164 2094 in
3196 2054 3387 2096 aurem
3417 2044 3582 2099 locuti
3602 2046 3720 2100 estis
3738 2048 3779 2101 in

2221 2122 2505 2189 cubiculis,
2554 2125 2939 2195 praedicabitur
2962 2129 3015 2184 in
3049 2131 3227 2186 tectis.
3256 2132 3388 2189 Dico
3430 2146 3614 2192 autem
3661 2141 3788 2195 vobis

2219 2217 2415 2271 amicis
2446 2218 2583 2273 meis
2615 2235 2627 2272 :
2652 2218 2735 2276 Ne
2757 2224 3070 2279 tcrrcamini
3097 2226 3165 2280 ab
3192 2225 3277 2281 his
3306 2229 3400 2299 qui
3421 2232 3667 2288 occidunt
3690 2248 3790 2288 cor-

2221 2324 2343 2377 pus,
2376 2320 2433 2365 et
2460 2320 2582 2381 post
2608 2310 2725 2367 haec
2749 2330 2857 2368 non
2906 2315 3108 2372 habent
3149 2320 3384 2390 amplius
3409 2324 3558 2393 quod
3596 2324 3783 2381 faciant.

2218 2401 2509 2457 Ostendam
2544 2414 2725 2461 autem
2755 2407 2913 2462 vobis
2935 2425 3096 2479 quem
3142 2411 3382 2469 timeatis
3420 2433 3433 2468 :
3468 2418 3649 2475 timete
3679 2434 3784 2473 eum

2216 2495 2330 2565 qui,
2358 2506 2641 2566 postquam
2689 2500 2975 2572 occiderit,
3010 2501 3178 2559 habet
3229 2517 3562 2576 potestatem
3591 2514 3775 2569 mittere

2217 2588 2271 2645 in
2319 2590 2648 2660 gehennam.
2696 2593 2777 2649 Ita
2827 2594 2953 2651 dico
2992 2596 3169 2665 vobis,
3205 2600 3350 2656 hunc
3384 2604 3594 2662 timete.
3621 2606 3783 2661 Nonne

2214 2682 2454 2753 quinque
2484 2700 2732 2755 passeres
2759 2701 2997 2759 veneunt
3019 2690 3301 2761 dipondio,
3326 2705 3384 2751 et
3421 2712 3569 2754 unus
3603 2715 3663 2755 ex
3694 2698 3784 2755 llilS

2213 2788 2324 2829 non
2350 2786 2433 2830 est
2463 2776 2517 2830 in
2548 2777 2825 2835 oblivione
2844 2796 3028 2837 coram
3058 2783 3211 2839 Deo?
3231 2787 3340 2843 Sed
3370 2796 3428 2845 et
3451 2791 3634 2860 capilli
3662 2793 3786 2863 capi-

2215 2866 2285 2921 tis
2308 2868 2479 2924 vestri
2499 2885 2688 2926 omnes
2714 2877 2983 2929 numerati
3027 2887 3173 2932 sunt.
3198 2879 3377 2938 Nolite
3412 2898 3552 2956 ergo
3579 2886 3751 2942 timere
3775 2904 3786 2939 :

2212 2962 2399 3017 multis
2432 2966 2745 3034 passeribus
2774 2968 2942 3038 pluris
2970 2971 3105 3027 estis
3132 2971 3160 3010 ι)
3189 2989 3309 3028 vos.
3339 2975 3475 3033 Dico
3502 2991 3684 3037 autem
3711 2996 3789 3034 vo-

2212 3052 2299 3110 bis
2330 3072 2343 3109 :
2379 3056 2561 3112 omnis
2590 3059 2925 3130 quicumque
2961 3063 3247 3121 confessus
3277 3066 3443 3125 fuerit
3485 3088 3579 3126 me
3628 3088 3787 3128 coram

504 3111 713 3181 dicere,
759 3130 929 3185 quare
964 3133 1074 3174 non
1106 3120 1411 3193 baptizatus
1450 3136 1598 3184 esset
1639 3140 1769 3187 ante
1798 3135 2105 3200 prandium.
2135 3131 2182 3196 C
2212 3144 2546 3217 hominibus,
2565 3161 2622 3206 et
2645 3151 3063 3212 Filiushominis
3084 3158 3608 3221 confitebiturillnm
3630 3181 3788 3222 coram

503 3202 578 3260 Et
604 3204 682 3261 ait
710 3206 973 3266 Dominus
1000 3210 1065 3266 ad
1089 3211 1242 3269 illum
1278 3233 1290 3269 :
1320 3215 1474 3273 Nunc
1496 3235 1614 3287 vos,
1638 3220 1897 3282 Pharisaei
1915 3267 1928 3292 ,
1958 3227 2102 3298 quod

504 3299 713 3357 deforis
740 3312 823 3358 est
848 3304 1039 3363 calicis
1063 3318 1121 3363 et
1158 3308 1320 3364 catini
1368 3312 1643 3368 mundatis
1680 3332 1692 3367 :
1726 3316 1872 3386 quod
1921 3328 2101 3377 autem

501 3394 648 3452 intus
678 3407 763 3453 est
790 3408 1035 3456 vestrum
1068 3402 1296 3470 plenum
1329 3413 1414 3458 est
1458 3407 1649 3476 rapina
1690 3420 1745 3464 et
1795 3412 2098 3485 iniquitate.

499 3486 688 3558 Stulti,
709 3507 891 3548 nonne
914 3494 1007 3562 qui
1037 3494 1160 3549 fecit
1182 3494 1330 3565 quod
1349 3495 1555 3553 deforis
1580 3508 1686 3569 est,
1704 3503 1867 3559 etiam
1889 3506 1938 3561 id
1957 3509 2100 3578 quod

499 3578 717 3640 deintus
747 3583 1018 3641 estfecit?
1052 3584 1468 3658 Verumtamen,
1494 3594 1637 3662 quod
1675 3608 1944 3666 superest,
1976 3600 2101 3659 date

500 3671 914 3744 eleemosynam
944 3691 958 3729 :
990 3684 1049 3731 et
1089 3691 1218 3733 ecce
1257 3681 1437 3736 omnia
1497 3684 1697 3741 munda
1744 3699 1874 3744 sunt
1920 3691 2095 3749 vobis.

499 3762 748 3836 [csum
781 3763 861 3837 5.]
892 3766 1003 3824 Sed
1035 3785 1116 3826 va:
1141 3771 1296 3829 vobis
1323 3773 1639 3849 Pharisaeis,
1665 3782 1791 3853 quia
1814 3783 2100 3844 decimatis

495 3855 804 3927 mentham,
835 3869 891 3916 et
912 3872 1114 3934 rutam,
1149 3877 1203 3923 et
1232 3883 1395 3926 omne
1427 3871 1569 3941 olus,
1595 3884 1650 3930 et
1689 3880 1986 3947 praeteritis
2002 3881 2094 3952 ju-

495 3948 700 4004 dicium
752 3960 810 4006 et
857 3952 1180 4013 cbaritatem
1209 3960 1303 4017 Dei
1334 3980 1346 4017 :
1383 3962 1502 4021 hare
1530 3977 1711 4024 autem
1743 3948 2095 4041 oportuit'fa-

494 4053 643 4105 cere,
699 4050 755 4097 et
782 4042 872 4099 illa
900 4060 1009 4101 non
1041 4051 1314 4108 omittere.
1351 4056 1653 4127 [cxxxxvn,
1687 4060 1768 4133 2.]
1816 4063 1912 4120 Va:
1944 4068 2094 4123 vobis

492 4132 806 4201 Pharisaeis,
834 4139 961 4208 quia
988 4140 1213 4214 diligitis
1239 4146 1445 4215 primas
1472 4132 1765 4210 cathedras
1788 4157 1839 4211 in
1860 4174 2094 4231 synago-

490 4225 599 4298 gis,
626 4238 680 4283 et
705 4229 1064 4289 salutationes
1095 4234 1150 4291 in
1180 4234 1320 4293 foro.
1350 4238 1635 4312 [cxxxvm,
1669 4244 1748 4318 5.]
1791 4225 2089 4322 Vas—vobis,

490 4317 616 4389 quia
642 4320 775 4375 estis
804 4333 861 4377 ut
891 4337 1241 4383 monumenta
1268 4346 1391 4400 quze
1436 4348 1544 4388 non
1592 4317 1877 4406 apparent,
1911 4352 1966 4398 et
1992 4317 2093 4399 ho;

489 4411 668 4468 mines
692 4415 1036 4474 ambulantes
1064 4435 1229 4491 supra
1260 4422 1533 4485 nesciunt.
1591 4425 1841 4499 μηκας,
1873 4432 1951 4505 5.]
1978 4434 2086 4491 lte-

483 4507 759 4576 spondens
784 4519 971 4567 autem
996 4513 1218 4583 quidam
1247 4532 1315 4573 ex
1345 4518 1696 4589 legisperitis,
1725 4526 1800 4579 ait
1821 4524 1901 4581 illi
1928 4543 1941 4581 :
1973 4528 2083 4586 Ma-
2111 4514 2170 4576 Ι)

479 4600 673 4670 gister,
705 4601 827 4659 haec
866 4604 1055 4663 dicens
1087 4610 1254 4665 etiam
1289 4615 1677 4673 contumeliam
1722 4620 1879 4677 nobis
1928 4623 2081 4680 facis.

482 4692 554 4781 ᾼι
577 4693 669 4748 llle
697 4694 776 4750 ait
803 4711 817 4751 :
851 4695 922 4752 Et
953 4699 1108 4757 vobis
1141 4701 1472 4774 legisperitis
1502 4723 1585 4764 vae
1626 4726 1642 4767 :
1684 4712 1809 4781 quia
1841 4718 2083 4775 oneratis

477 4780 731 4842 homines
760 4788 1020 4848 oneribus
1055 4808 1181 4864 quae
1208 4807 1434 4866 portare
1462 4813 1573 4858 non
1604 4780 1853 4873 possunt,
1896 4818 1952 4864 et
1980 4809 2083 4877 ipsi

478 4892 591 4934 uno
614 4878 789 4952 digito
818 4894 1005 4943 vestro
1032 4902 1143 4944 non
1163 4891 1389 4962 tangitis
1415 4896 1683 4952 sarcinas.
1718 4897 1863 4970 [ch,
1889 4900 1969 4974 5.]
1989 4903 2081 4961 Va:

478 4972 655 5042 vobis,
697 4976 788 5046 qui
809 4977 1091 5038 aediﬁcatis
1118 4997 1468 5043 monumenta
1511 4991 1900 5061 prophetarum
1935 4972 2078 5069 :‘pa-

477 5074 595 5124 tres
625 5077 805 5126 autem
835 5075 1009 5131 vestri
1037 5077 1358 5138 occiderunt
1400 5083 1542 5140 illos.
1575 5085 1829 5144 Profecto
1879 5091 2075 5148 testiﬁ-

476 5160 675 5216 camini
703 5163 848 5233 quod
878 5171 1198 5228 consentitis
1217 5175 1481 5244 operibus
1504 5185 1721 5247 patrum
1743 5193 2071 5254 vestrorum,

471 5255 728 5323 quoniam
758 5257 1094 5331 ipsiquidem
1117 5281 1212 5322 eos
1242 5270 1588 5342 occiderunt,
1608 5289 1703 5331 vos
1735 5286 1914 5335 autem
1942 5281 2078 5336 tedi-

475 5343 656 5403 ﬁcatis
685 5363 874 5406 eorum
906 5356 1176 5427 sepulcra.
1212 5359 1384 5432 [σιω.
1409 5361 1493 5435 5.]
1531 5365 1845 5439 PrOpterea,
1880 5382 1934 5428 et
1985 5389 2074 5430 sa-

472 5439 680 5507 pientia
703 5441 803 5501 Dei
826 5444 966 5504 dixit
998 5466 1010 5504 :
1045 5450 1251 5510 Mittam
1274 5456 1343 5514 ad
1360 5457 1485 5515 illos
1515 5461 1812 5533 prephetas
1837 5474 1893 5523 et
1937 5482 2069 5539 apo-

537 5655 564 5733 :
588 5647 654 5733 12
677 5648 871 5707 iisdem
900 5655 1177 5716 codicibus
1203 5663 1321 5733 plus
1359 5665 1644 5725 Salomone
1670 5671 1774 5727 hic.

537 5714 566 5754 δ
610 5717 920 5782 Pronomen
969 5714 1337 5802 vaniquordwe't
1359 5714 1803 5805 Eieéié'iéiids
1832 5748 2053 5819 retinet,

2208 3244 2420 3315 angelis
2447 3245 2541 3301 Dei
2571 3264 2583 3300 :
2614 3247 2815 3320 [cum
2853 3249 2937 3323 2.]
2959 3253 3049 3323 qui
3082 3263 3261 3311 autem
3292 3261 3582 3328 negaverit
3602 3277 3685 3319 me
3710 3276 3789 3317 ro-

2207 3350 2323 3390 ram
2348 3335 2680 3407 hominibus,
2704 3342 2988 3413 negabitur
3002 3361 3188 3402 coram
3208 3351 3418 3421 angelis
3444 3353 3567 3409 Dei.
3586 3355 3781 3429 [curm

2205 3426 2287 3499 2.]
2305 3427 2375 3484 Et
2402 3432 2582 3488 omnis
2610 3432 2703 3504 qui
2730 3434 2860 3490 dicit
2879 3438 3105 3495 verbum
3129 3441 3181 3495 in
3205 3440 3403 3498 Filium
3435 3426 3688 3516 hominis,
3710 3463 3786 3504 re-

2204 3522 2451 3603 mittetur
2475 3522 2550 3579 illi
2578 3542 2592 3579 :
2626 3525 2675 3581 ei
2705 3538 2887 3584 autem
2914 3531 3006 3601 qui
3029 3530 3083 3587 in
3107 3533 3370 3603 Spiritum
3394 3552 3643 3594 sanetum
3662 3540 3783 3596 blas-

2204 3602 2563 3684 phemaverit,
2587 3633 2696 3674 non
2717 3621 3050 3679 remittetur.
3086 3626 3327 3699 [chvm,
3355 3627 3438 3700 2.]
3462 3629 3600 3687 Cum
3624 3641 3781 3687 autem

2201 3705 2463 3763 inducent
2487 3723 2585 3764 vos
2606 3710 2661 3765 in
2685 3726 3007 3786 synagogas,
3025 3727 3080 3772 et
3099 3719 3165 3773 ad
3195 3721 3549 3791 magistratus
3573 3735 3624 3779 et
3649 3733 3781 3794 pote-

2201 3808 2394 3867 states,
2426 3803 2598 3860 nolite
2628 3805 2845 3862 solliciti
2878 3824 3001 3866 esse
3023 3810 3257 3882 qualiter
3284 3824 3380 3869 aut
3405 3818 3536 3888 quid
3576 3832 3782 3890 respon-

2199 3890 2400 3962 deatis,
2431 3905 2527 3951 aut
2551 3896 2677 3966 quid
2706 3896 2898 3954 dicatis
2930 3917 2944 3955 :
2980 3900 3217 3972 Spiritus
3255 3906 3404 3961 enim
3456 3918 3670 3965 sanctus
3697 3908 3782 3964 do-

2198 3983 2344 4041 cebit
2383 4001 2481 4041 vos
2511 3988 2563 4043 in
2617 3990 2733 4059 ipsa
2784 3991 2916 4047 liora
2968 3995 3097 4064 quid
3138 4007 3390 4065 Oportcat
3448 4017 3549 4057 vos
3593 4001 3773 4058 dicere.

2198 4072 2401 4148 [cx1.rx,
2429 4079 2651 4151 i0.]Ait
2680 4091 2860 4139 autem
2894 4085 2942 4141 ei
2964 4085 3179 4156 quidam
3207 4088 3447 4148 deturba
3479 4111 3492 4148 :
3519 4095 3768 4165 Magister,

2196 4169 2285 4225 die
2314 4170 2469 4227 fratri
2500 4189 2622 4230 meo
2644 4186 2704 4230 ut
2724 4175 2925 4233 dividat
2953 4195 3165 4236 mecum
3191 4181 3584 4243 haereditatem.
3611 4186 3773 4243 Atille

2195 4262 2332 4318 dixit
2370 4264 2446 4319 illi
2484 4282 2499 4323 :
2529 4265 2727 4336 Homo,
2752 4270 2873 4341 quis
2903 4286 2990 4326 me
3014 4275 3553 4347 constituitjudicem
3581 4290 3670 4335 aut
3694 4279 3768 4334 di-

2198 4356 2429 4414 visorem
2450 4374 2616 4430 super
2638 4363 2768 4419 vos?
2795 4364 3045 4436 Dixitque
3086 4369 3153 4424 ad
3178 4370 3302 4426 illos
3331 4391 3343 4426 :
3381 4374 3589 4439 Videte,
3611 4386 3661 4431 et
3689 4390 3769 4430 ea-

2191 4461 2316 4504 vete
2342 4450 2412 4506 ab
2435 4454 2583 4509 omni
2600 4456 2857 4523 avaritia;
2890 4460 3016 4529 quia
3042 4476 3147 4515 non
3175 4462 3226 4518 in
3249 4465 3579 4522 abundantia
3602 4468 3769 4537 cujus-

2193 4559 2354 4613 quam
2391 4546 2499 4600 vita
2523 4546 2640 4617 ejus
2662 4555 2767 4615 est,
2801 4564 2866 4606 ex
2895 4550 2977 4605 his
3000 4568 3121 4623 qua:
3146 4557 3413 4625 possidet.
3440 4559 3570 4614 Dixit
3590 4568 3759 4611 autem

2192 4635 2603 4695 similitudinem
2633 4641 2701 4696 ad
2731 4641 2877 4710 illos,
2903 4644 3090 4700 dicens
3139 4664 3152 4701 :
3201 4647 3451 4708 Hominis
3493 4648 3763 4720 cujusdam

2190 4726 2374 4782 divitis
2397 4729 2594 4786 uberes
2624 4732 2835 4790 fructus
2864 4752 2992 4808 ager
3022 4741 3240 4806 attulit;
3265 4750 3319 4796 et
3348 4740 3609 4813 cogitabat
3633 4741 3765 4796 intra

2186 4832 2248 4874 se
2268 4817 2490 4875 dicens:
2516 4822 2655 4889 Quid
2683 4825 2898 4895 faciam,
2929 4830 3055 4899 quia
3080 4846 3186 4887 non
3211 4831 3392 4889 habeo
3415 4848 3519 4906 quo
3543 4846 3764 4904 congre-

2185 4926 2307 4983 gem
2331 4913 2535 4971 fructus
2567 4920 2755 4974 meos?
2785 4919 2851 4975 Et
2882 4921 3019 4977 dixit
3045 4942 3059 4979 :
3092 4924 3207 4981 lloc
3235 4926 3431 4982 faciam
3462 4944 3475 4981 :
3501 4925 3761 4982 destruam

2185 5002 2381 5060 horrea
2412 5021 2556 5073 mea,
2587 5017 2644 5064 et
2663 5010 2870 5081 majora
2901 5014 3135 5083 faciam;
3163 5025 3219 5073 et
3265 5017 3393 5074 illuc
3438 5014 3762 5089 congregabo

2184 5097 2363 5151 omnia
2392 5113 2512 5169 quae
2543 5110 2667 5157 nata
2695 5113 2822 5158 sunt
2863 5105 3019 5174 mihi,
3067 5118 3121 5163 et
3167 5108 3309 5164 bona
3339 5125 3479 5177 mea,
3510 5120 3567 5166 et
3595 5110 3760 5166 dicam

2180 5189 2378 5245 animae
2400 5195 2795 5264 ntemmnima,
2823 5196 2990 5254 habes
3021 5201 3184 5255 multa
3217 5200 3355 5257 bona
3390 5203 3562 5273 posita
3586 5202 3638 5256 in
3667 5214 3758 5255 an-

2181 5295 2282 5336 nos
2328 5282 2595 5353 plurimos
2652 5304 2667 5341 :
2717 5287 3020 5360 requiesce,
3062 5292 3307 5359 comede,
3346 5292 3485 5359 bibe,
3519 5291 3750 5363 epulare.

2179 5374 2325 5430 Dixit
2350 5387 2531 5433 autem
2548 5377 2635 5433 illi
2658 5379 2833 5436 Deus:
2857 5383 3053 5449 Stulte,
3068 5382 3168 5438 hac
3192 5392 3351 5439 nocte
3366 5384 3603 5439 animam
3623 5393 3751 5439 tuam

2177 5477 2430 5540 repetunt
2452 5486 2481 5526 a
2516 5480 2568 5529 te
2600 5490 2614 5534 :
2657 5489 2778 5545 quae
2805 5484 2984 5533 autem
3017 5475 3240 5550 parasti,
3265 5478 3420 5549 cujus
3447 5478 3650 5535 erunt?
3673 5474 3752 5533 Sic

2161 5690 2293 5735 mss.
2328 5682 2501 5738 nostri
2528 5694 2720 5738 omnes
2762 5682 3035 5754 ignorant.
