3920 6200
124 270 206 325 6'57»
1173 257 1624 317 EVANGELIUM
1662 259 1976 319 SECL‘NDU
1988 261 2030 318 3|
2072 261 2325 321 LUCAM.

3290 272 3392 330 654

123 383 310 453 estqui
342 382 450 438 sibi
483 379 818 441 thesaurizat,
869 386 923 432 et
969 392 1074 431 non
1117 389 1200 430 est
1231 378 1283 431 iu
1322 378 1492 432 Deum
1521 377 1692 432 dives.
1724 381 1771 440 Α
1804 387 1968 451 ]_th.v,
1998 380 2109 452 1tl.]
2132 381 2223 436 Ille
2245 391 2426 438 autent
2457 397 2646 440 servus
2673 383 2764 456 qui
2793 385 3393 456 cognovitvoluntatem

122 491 214 558 [CL,
246 476 330 545 5.]
369 476 620 544 Dixitque
641 474 704 526 ad
736 471 1030 541 discipulos
1059 486 1186 524 suos
1215 490 1224 522 :
1258 469 1386 525 ldeo
1415 469 1537 526 dico
1588 487 1681 524 vo-

116 576 190 630 bis
220 588 232 624 :
265 568 447 624 Nolite
472 565 686 621 solliciti
708 579 828 618 esse
863 562 1057 617 anim-.e
1088 574 1284 618 vestra:
1309 564 1435 634 quid
1469 565 1691 619 mandu-

114 664 252 728 cetis,
281 675 465 728 neque
488 657 701 727 corpori
731 655 856 727 quid
891 655 1208 709 induamini.
1245 657 1434 710 Anima
1460 657 1583 726 plus
1610 666 1691 712 est

111 768 248 829 quam
285 766 434 817 esca,
468 760 524 804 et
549 764 744 820 corpus
773 749 893 819 plus
921 764 1081 818 quam
1113 748 1512 802 vestimentum.
1540 748 1687 802 Con-

113 848 330 906 siderate
355 858 584 910 corvos,
615 843 736 912 quia
765 857 870 896 non
912 842 1206 906 setuinaut,
1239 856 1416 911 neque
1457 851 1685 908 tuetunt,

113 939 285 1012 quibus
335 951 445 990 non
478 945 562 989 est
613 934 889 989 cellarium
943 949 1118 1003 neque
1151 934 1433 1002 horreum,
1461 944 1514 988 et
1550 934 1688 988 Deus

115 1030 264 1104 pascit
289 1029 437 1082 illos.
471 1026 688 1095 Quanto
712 1028 879 1096 magis
907 1041 1003 1082 vos
1033 1028 1204 1096 pluris
1229 1027 1362 1081 estis
1391 1026 1528 1082 illis!
1556 1027 1686 1095 Quis

113 1134 270 1180 autem
290 1131 534 1177 vestrum
567 1121 853 1191 cogitando
876 1131 1053 1192 potest
1079 1121 1316 1191 adjicere
1339 1121 1403 1176 ad
1427 1133 1685 1178 staturam

112 1231 245 1272 Suam
267 1213 509 1268 cubitum
535 1215 741 1267 unum?
771 1213 826 1268 Si
878 1229 1008 1283 ergo
1035 1230 1209 1283 neque
1232 1215 1372 1283 quod
1407 1215 1683 1270 minimum

114 1318 185 1363 est
207 1306 450 1377 potestis,
483 1305 613 1375 quid
654 1305 721 1359 de
749 1305 960 1359 eteteris
983 1306 1200 1360 solliciti
1225 1306 1402 1360 estis?
1426 1304 1686 1362 Conside-

111 1408 213 1455 rate
258 1399 366 1451 lilia
418 1396 693 1466 quomodo
745 1409 1037 1452 crescunt:
1075 1415 1179 1452 non
1207 1399 1470 1465 laborant,
1507 1417 1684 1471 neque

111 1500 261 1548 nent:
294 1491 415 1546 dico
439 1501 620 1545 autem
652 1491 943 1555 vobis,nec
969 1492 1225 1546 Salomon
1250 1492 1302 1546 in
1338 1494 1484 1546 omni
1511 1493 1682 1563 gloria

109 1599 195 1639 sua
217 1582 550 1638 veSIiebatur
580 1583 720 1636 sicut
747 1599 906 1636 truum
934 1599 999 1638 ex
1035 1584 1170 1638 istis.
1204 1583 1262 1638 Si
1294 1594 1470 1638 autem
1500 1583 1681 1638 fenqu

109 1674 237 1745 quod
259 1673 416 1729 hodie
439 1683 524 1729 est
555 1675 608 1728 iu
641 1689 792 1745 agro,
819 1684 872 1729 et
895 1689 1015 1728 cras
1047 1675 1098 1728 iu
1127 1674 1399 1729 clibanurn
1425 1675 1678 1743 mittitur,

1796 474 2002 529 domini
2026 475 2133 543 sui,
2159 485 2213 532 et
2232 491 2337 531 non
2365 479 2712 547 prreparavit,
2735 489 2786 533 et
2810 497 2914 534 non
2945 480 3070 537 fecit
3093 481 3392 538 secundum

1794 567 2125 621 voluntatem
2181 567 2322 638 ejus,
2370 570 2645 640 vapulabit
2689 571 2906 636 multis;
2937 573 3026 640 qui
3065 583 3247 629 autem
3279 588 3387 628 nou

1793 661 2068 729 cognovit,
2124 670 2178 716 et
2232 662 2356 718 fecit
2387 663 2546 733 digna
2597 664 2789 734 plagis,
2846 665 3127 734 vapulabit
3178 669 3390 736 paucis.

1791 750 1950 807 Omni
1980 763 2162 808 autem
2193 755 2276 809 cui
2303 756 2528 810 multum
2562 756 2744 811 datum
2775 766 2880 821 est,
2912 758 3140 815 multum
3181 775 3391 831 qua-re-

1795 854 1882 900 tur
1909 845 1975 900 ab
2000 863 2094 911 eo;
2124 859 2179 903 et
2201 848 2284 901 cui
2310 849 2834 904 commernlaverunt
2864 851 3112 914 multum,
3141 852 3260 921 plus
3283 868 3379 923 pec

1794 948 1906 994 tent
1929 940 1997 994 ab
2019 956 2104 994 eo.
2139 939 2286 1013 [δικ.
2324 942 2404 1013 5.]
2435 941 2619 1013 Ignem
2650 945 2769 998 veui
2803 946 3022 1001 mittere
3071 946 3122 1000 iu
3159 956 3384 1014 terram,

1791 1039 1845 1086 et
1875 1031 1999 1100 quid
2027 1031 2150 1085 volo
2177 1035 2276 1087 nisi
2310 1033 2746 1089 utaccendatur?
2771 1036 3047 1106 Baptismo
3074 1039 3380 1108 autemlha-

1792 1123 1894 1178 beo
1926 1125 2218 1194 baptizari;
2247 1136 2300 1181 et
2331 1127 2601 1198 quomodo
2633 1139 2887 1184 coarctur
2912 1147 3082 1201 usque
3111 1131 3239 1186 dum
3266 1148 3393 1202 per-

1792 1215 2036 1270 ﬁciatur?
2091 1217 2300 1272 Putatis
2353 1220 2477 1288 qttia
2511 1234 2696 1288 pacem
2735 1221 2857 1276 veni
2906 1221 3038 1278 dare
3065 1223 3118 1277 in
3153 1224 3392 1279 terram?

1790 1306 1907 1362 Non
1936 1308 2059 1364 dico
2086 1309 2265 1376 vobis,
2302 1311 2397 1366 sed
2423 1314 2824 1382 separationem
2861 1332 2872 1368 :
2909 1324 3074 1371 erunt
3125 1317 3268 1371 enim
3315 1332 3383 1373 ex

1789 1397 1893 1455 hoc
1921 1400 2157 1470 quinque
2189 1402 2244 1457 in
2273 1403 2439 1458 dunro
2470 1420 2573 1458 una
2595 1404 2776 1473 divisi,
2796 1407 2975 1461 tresin
3005 1407 3163 1474 duos,
3199 1417 3254 1464 et
3281 1407 3391 1464 duo

1788 1490 1840 1547 in
1867 1503 1978 1549 tres
2012 1493 2354 1549 dividentur:
2378 1506 2530 1562 pater
2555 1497 2606 1551 in
2634 1496 2818 1561 filium,
2845 1506 2900 1553 et
2922 1497 3064 1554 ﬁlius
3097 1499 3149 1554 in
3176 1508 3388 1569 patrem

1788 1597 1976 1650 suum;
2009 1594 2182 1640 mater
2211 1587 2263 1640 in
2297 1585 2485 1653 ﬁliatu,
2513 1599 2565 1642 et
2588 1587 2696 1642 ﬁlia
2729 1588 2782 1642 in
2813 1600 3039 1646 matrem
3068 1607 3082 1657 ;
3114 1605 3304 1648 socrus
3331 1593 3386 1648 in

1788 1692 1982 1730 nurum
2016 1691 2193 1745 suam,
2226 1687 2279 1733 et
2311 1693 2482 1733 nurus
2513 1679 2567 1733 in
2615 1695 2832 1736 socrum
2876 1697 3052 1737 suam.
3105 1683 3269 1757 [cum
3309 1682 3388 1756 5.]

107 1769 239 1824 Deus
259 1768 332 1822 sic
358 1768 524 1822 vestit
550 1783 564 1818 :
591 1777 793 1835 quanto
824 1768 994 1837 magis
1019 1782 1133 1833 vos,
1171 1767 1378 1836 pusillae
1408 1767 1564 1822 ﬁdei!
1616 1768 1682 1822 Et
1713 1786 1760 1844 Β
1787 1767 2012 1824 Dicebat
2041 1778 2226 1824 autent
2268 1779 2323 1824 et
2366 1769 2432 1824 ad
2482 1769 2666 1825 turbas
2697 1789 2710 1824 :
2742 1771 2876 1826 Cum
2903 1772 3158 1829 videritis
3186 1775 3386 1830 nubem

105 1877 201 1918 vos
228 1863 378 1916 nolite
404 1876 657 1931 quaerere
688 1860 816 1930 quid
850 1861 1211 1926 manducetis,
1261 1874 1349 1916 aut
1377 1863 1502 1932 quid
1533 1863 1684 1917 biba-

103 1955 206 2018 tis;
233 1965 280 2009 et
309 1954 465 2009 nolite
496 1954 550 2008 in
576 1954 806 2008 sublime
837 1953 952 2007 tolli
988 1974 998 2008 :
1035 1955 1149 2008 hanc
1181 1956 1324 2008 enim
1353 1957 1534 2009 omnia
1563 1971 1683 2025 geu-

105 2057 182 2103 tes
202 2049 372 2103 mundi
396 2047 848 2119 quazrunt.Pater
878 2056 1060 2104 autem
1083 2058 1265 2105 vester
1295 2051 1397 2104 scit
1427 2053 1682 2117 quoniam

104 2141 185 2196 bis
213 2142 471 2213 indigetis.
501 2142 893 2197 Verumtamen
916 2143 1182 2212 quterite'l
1202 2143 1433 2213 primum
1460 2160 1682 2214 regnum

103 2236 194 2291 Dei
219 2237 536 2307 etjustitiam
565 2237 711 2306 ejus,
730 2248 784 2291 et
808 2237 924 2292 haec
951 2237 1132 2292 omnia
1160 2236 1487 2307 adjicientur
1510 2239 1680 2292 vobis.

104 2329 223 2400 [ειη
253 2327 358 2399 10.]
389 2329 566 2384 Nolite
596 2328 808 2393 timere,
846 2330 1073 2398 pusillus
1095 2347 1250 2400 grex,
1279 2337 1403 2400 quia
1436 2334 1680 2397 compla-

103 2425 208 2477 cuit
236 2425 362 2492 patri
395 2432 580 2479 vestro
622 2423 753 2479 dare
783 2425 938 2479 vobis
971 2441 1216 2494 regnum.
1246 2425 1392 2497 [CLI],
1426 2425 1507 2495 2.]
1538 2426 1680 2482 Ven-

107 2515 208 2571 dite
243 2533 354 2587 qum
381 2517 696 2589 possidetis,
728 2527 782 2572 et
804 2517 929 2572 date
960 2519 1385 2589 eleemosynam.
1420 2519 1681 2592 [curt.5.]

103 2608 275 2666 Facite
309 2612 456 2666 vobis
484 2613 733 2668 sacculos
757 2612 849 2682 qui
899 2630 1004 2668 non
1052 2625 1422 2684 veterascunt,
1463 2616 1682 2671 thesau-

111 2717 226 2757 rum
254 2719 353 2759 non
381 2704 726 2759 deﬁcientem
767 2704 818 2758 iu
860 2706 1014 2760 cadis
1055 2722 1070 2762 :
1102 2721 1210 2776 quo
1238 2706 1323 2760 fur
1355 2723 1459 2762 non
1490 2724 1685 2778 appro-

110 2797 234 2864 piat,
257 2813 420 2867 neque
453 2799 597 2853 tinea
623 2800 942 2868 corrumpit.
973 2797 1075 2854 Ubi
1104 2798 1247 2853 enim
1285 2799 1570 2855 thesaurus
1592 2817 1683 2855 ve-

107 2900 214 2946 ster
233 2893 413 2957 esl,ibi
449 2902 500 2947 el
521 2907 616 2947 cor
640 2903 880 2948 vestrum
907 2893 1033 2949 erit.
1060 2894 1230 2965 ]cr.rv,
1253 2893 1496 2962 10.]Sint
1518 2894 1682 2949 lumbi

101 2989 255 3042 vestri
287 2990 586 3058 praecincti,
621 2988 933 3043 etlucerrue
969 2989 1228 3044 ardentes
1260 2987 1286 3025 δ
1335 2990 1389 3042 in
1437 2989 1682 3044 manibus

104 3083 306 3150 vestris,
328 3093 378 3138 et
407 3065 502 3138 vos
525 3084 730 3138 similes
755 3084 1070 3137 hominibus
1102 3083 1543 3152 exspecmntibus
1585 3083 1682 3137 do-

1788 1859 2053 1915 orientem
2082 1860 2151 1914 ab
2171 1875 2388 1925 occasu,
2414 1862 2597 1916 statim
2631 1861 2812 1918 dicitis
2840 1882 2852 1917 :
2877 1864 3107 1921 Nimbus
3133 1867 3302 1935 venit,
3335 1876 3392 1923 et

1787 1953 1859 2008 ita
1893 1954 1969 2006 ﬁt.
2020 1953 2088 2006 Et
2137 1966 2258 2008 cum
2305 1964 2548 2008 austrum
2581 1953 2823 2019 ﬂantem,
2855 1955 3040 2012 dicitis
3068 1957 3194 2028 quia
3221 1965 3392 2014 testas

1786 2049 1912 2115 erit,
1969 2058 2024 2102 et
2052 2049 2132 2102 ﬁt.
2169 2049 2500 2119 Hypocritae,
2538 2050 2735 2104 faciem
2764 2050 2886 2105 coeli
2916 2059 2971 2105 et
3023 2060 3185 2106 terra:
3216 2052 3390 2107 nostis

1787 2145 2047 2214 probare;
2083 2146 2183 2200 hoc
2212 2156 2394 2199 autem
2428 2155 2642 2214 tempus
2672 2145 2949 2215 quomodo
2973 2161 3078 2199 non
3107 2145 3391 2216 probatis?

1786 2236 1925 2302 Quid
1969 2246 2151 2288 autem
2208 2245 2261 2289 et
2298 2250 2326 2287 a
2356 2235 2509 2289 vobis
2541 2235 2672 2305 ipsis
2717 2251 2831 2290 non
2850 2235 3108 2306 judicatis
3131 2235 3273 2306 quod
3298 2237 3389 2306 ju-
3431 2301 3442 2314 η

1791 2337 1936 2382 Stum
1991 2326 2120 2382 est?
2166 2330 2352 2398 |pcr.xrr,
2379 2326 2458 2397 5.]
2488 2325 2620 2381 Cum
2652 2337 2834 2382 autem
2860 2328 3015 2382 vadis
3040 2343 3162 2384 cum
3194 2328 3391 2383 adver-

1787 2422 1933 2477 sario
1975 2432 2066 2476 tuo
2097 2420 2164 2476 ad
2193 2421 2520 2490 principem,
2545 2421 2600 2475 in
2627 2421 2712 2475 via
2737 2421 2802 2475 da
2830 2435 3052 2490 operam
3077 2420 3294 2476 liberari
3317 2421 3386 2476 ab

1785 2517 1901 2585 illo,
1933 2533 2000 2572 ne
2034 2516 2175 2571 forte
2205 2516 2384 2570 trahat
2408 2526 2457 2570 te
2485 2515 2551 2569 ad
2579 2515 2845 2585 iudicem,
2872 2524 2926 2569 et
2947 2514 3113 2585 judex
3137 2513 3314 2568 tradat
3334 2523 3384 2570 te

1785 2613 2121 2676 exactori,et
2143 2622 2364 2667 exactor
2394 2612 2567 2666 mittat
2599 2621 2652 2665 te
2683 2612 2734 2665 in
2763 2625 3066 2667 carcerem.
3107 2610 3238 2666 Dico
3266 2609 3384 2677 tibi,

1786 2725 1894 2764 non
1926 2709 2078 2764 exies
2132 2706 2255 2762 inde
2297 2706 2472 2762 donec
2520 2707 2684 2761 etiam
2725 2706 3081 2761 novissimum
3113 2704 3383 2761 minutum

1786 2804 2004 2860 reddas.

1858 2898 2012 2969 [ϐαρ.
2059 2897 2200 2952 ΧΙΙΙ.
2247 2913 2442 2961 cum,
2492 2895 2606 2966 10.]
2654 2897 2895 2952 Aderant
2934 2909 3116 2952 autem
3161 2898 3380 2969 quidam

1786 2991 1903 3060 ipso
1937 2991 1990 3045 in
2025 3002 2290 3059 tempore,
2323 2991 2637 3045 nuntiantes
2670 2989 2744 3044 illi
2769 2991 2834 3044 de
2861 2991 3122 3056 Galilaris,
3152 3007 3382 3062 quorum

1786 3083 2102 3153 sanguinem
2133 3083 2334 3137 Pilatus
2361 3084 2578 3138 miscuit
2610 3098 2731 3137 cum
2761 3083 3042 3138 sacriﬁciis
3073 3100 3284 3139 eorum.
3320 3085 3390 3142 Et

102 3183 297 3238 minum
331 3201 482 3240 suum
506 3183 722 3253 quando
745 3192 1051 3237 revertatur
1073 3198 1102 3235 a
1127 3179 1568 3250 nuptiis,utcum
1593 3193 1682 3232 ve-
1707 3178 1754 3241 ε
1788 3174 2125 3243 respondens
2168 3173 2307 3228 dixit
2349 3174 2454 3229 illis
2504 3192 2515 3227 :
2560 3173 2767 3229 Putatis
2794 3175 2936 3244 quod
2968 3174 3020 3228 bi
3043 3173 3246 3230 (ἱεΙίΙωί
3278 3191 3389 3246 prae

104 3276 235 3330 nerit
269 3286 322 3332 et
351 3274 668 3346 pulsaverit,
709 3273 998 3328 confestim
1042 3274 1291 3343 aperiant
1319 3271 1391 3326 ei.
1425 3275 1564 3343 [ειν.
1599 3269 1678 3339 5.]

108 3366 247 3422 Beati
275 3373 410 3424 servi
439 3369 514 3423 illi
545 3383 706 3438 quos,
731 3383 852 3421 cum
873 3367 1082 3421 venerit
1113 3365 1387 3431 doruinus,
1413 3363 1680 3419 invenerit

106 3462 389 3530 vigilantes.
438 3464 613 3517 Amen
664 3462 786 3516 dico
828 3461 983 3516 vobis
1013 3459 1154 3528 quod
1195 3460 1485 3530 prtecinget
1513 3473 1593 3526 se,
1627 3469 1682 3515 ct

105 3551 255 3608 faciet
277 3554 391 3609 illos
409 3553 780 3617 discumbere,
811 3563 865 3608 el
892 3552 1166 3606 transiens
1197 3550 1520 3605 ministrabit
1549 3552 1676 3606 illis.

105 3642 165 3697 Et
191 3645 230 3698 si
256 3645 455 3701 venerit
488 3645 541 3699 in
567 3644 809 3700 secunda
842 3644 1044 3712 vigilia,
1070 3654 1124 3698 et
1149 3645 1191 3698 si
1222 3645 1274 3698 in
1301 3645 1461 3699 tertia
1494 3645 1679 3714 vigilia

101 3739 386 3804 venerit,et
414 3740 484 3792 ita
516 3737 801 3802 invenerit,
833 3736 974 3792 beati
997 3746 1124 3791 sunt
1147 3738 1287 3791 servi
1313 3737 1406 3791 illi.
1431 3734 1678 3808 [cr.vr,2.]

105 3826 210 3884 Hoc
235 3841 405 3886 autem
446 3831 664 3894 scitote,
697 3829 953 3899 quoniam
1001 3830 1044 3882 si
1081 3829 1245 3882 sciret
1294 3828 1679 3898 paterfamilias

103 3937 198 3990 qua
221 3921 345 3977 hora
372 3922 455 3977 fur
478 3923 712 3990 veniret,
737 3921 989 3990 vigilaret
1021 3919 1223 3989 utique,
1258 3929 1444 3973 etnon
1476 3919 1680 3973 sineret

104 4014 295 4080 perfodi
321 4016 539 4070 domum
568 4031 742 4070 suam.
770 4014 829 4067 El
865 4027 960 4068 vos
989 4019 1164 4066 estote
1191 4012 1385 4080 parati,
1411 4012 1535 4080 quia
1575 4027 1678 4079 qua

103 4105 224 4162 hora
267 4126 367 4164 non
402 4110 625 4180 putatis,
657 4107 825 4162 Filius
858 4107 1094 4161 hominis
1143 4106 1340 4160 veniet.
1376 4106 1561 4179 [ευ-ιι,
1597 4102 1676 4175 5.]

102 4199 186 4254 Ait
209 4213 377 4258 autern
411 4205 459 4259 ei
493 4202 687 4256 Petrus
715 4220 726 4255 :
753 4201 1006 4263 Domine,
1034 4202 1099 4254 ad
1134 4214 1230 4252 uos
1261 4197 1394 4252 dicis
1418 4198 1555 4250 hanc
1589 4212 1680 4266 pa-

100 4295 328 4353 rabolam
380 4317 392 4352 :
440 4314 507 4352 an
561 4308 615 4350 ct
640 4297 707 4351 ad
733 4297 960 4352 omnes?
984 4295 1130 4350 Dixit
1157 4306 1337 4349 autem
1365 4295 1626 4348 Dominus
1663 4315 1676 4350 :

101 4387 424 4462 Quisjputas,
447 4402 532 4448 est
564 4391 739 4446 ﬁdelis
765 4392 1128 4460 dispensator,
1152 4400 1204 4445 et
1223 4391 1481 4459 prudens,
1517 4404 1676 4458 quem

102 4491 363 4547 constituit
390 4493 647 4547 dominus
677 4504 840 4560 supra
873 4489 1132 4543 familiam
1173 4503 1347 4554 suam,
1377 4498 1430 4539 trt
1456 4487 1544 4540 det
1570 4485 1676 4540 illis

1785 3268 2038 3324 omnibus
2065 3267 2300 3324 Galilteis
2334 3279 2649 3339 peccatores
2679 3268 2906 3334 fuerint,
2931 3268 3056 3338 quia
3089 3268 3211 3323 talia
3238 3271 3386 3338 passi

1783 3363 1940 3416 sunt?
1965 3363 2104 3429 Non,
2127 3361 2250 3417 dico
2281 3362 2438 3417 vobis
2468 3379 2482 3417 :
2513 3363 2608 3417 sed
2643 3362 2743 3417 nisi
2779 3362 3156 3434 paenitentiam
3185 3361 3389 3418 habue-

1784 3455 1926 3521 ritis,
1971 3469 2162 3510 ornnes
2203 3455 2456 3510 similiter
2493 3455 2757 3523 peribitis.
2807 3455 2957 3509 Sicut
2998 3455 3072 3509 illi
3117 3454 3304 3510 decem
3335 3465 3390 3510 et

1783 3555 1930 3612 octo,
1974 3561 2138 3616 supra
2183 3562 2322 3616 quos
2361 3546 2560 3601 cecidit
2603 3546 2768 3602 turris
2816 3547 2867 3601 in
2911 3545 3078 3612 Stloe,
3109 3555 3164 3601 et
3191 3545 3392 3602 occidit

1784 3655 1880 3695 eos
1929 3658 1940 3691 :
1985 3641 2183 3710 putatis
2231 3641 2352 3711 quia
2397 3649 2452 3694 et
2489 3641 2590 3710 ipsi
2633 3641 2910 3696 debitores
2950 3639 3150 3694 fuerint
3191 3651 3390 3710 przeter

1783 3748 1974 3788 omnes
2013 3733 2260 3788 homines
2291 3733 2600 3787 habitantes
2631 3733 2684 3786 iu
2725 3733 3064 3788 Jerusalem?
3095 3731 3235 3800 Non,
3265 3731 3389 3788 dico

1782 3825 1938 3879 vobis
1967 3843 1978 3878 :
2009 3825 2104 3878 sed
2132 3827 2175 3878 si
2206 3826 2584 3894 pmuitentiaru
2618 3839 2722 3878 non
2752 3825 2994 3894 egeritis,
3026 3839 3220 3880 omnes
3239 3825 3391 3880 simi-

1785 3918 1910 3973 liter
1944 3918 2214 3987 peribitis.
2246 3919 2446 3990 [cum
2483 3915 2595 3988 10.]
2621 3917 2847 3972 Dicebat
2866 3928 3045 3972 autem
3075 3926 3133 3974 et
3155 3917 3294 3974 hanc
3315 3920 3391 3975 si-

1784 4009 2147 4063 militudinem
2188 4025 2202 4062 :
2252 4009 2516 4062 Arborem
2548 4010 2632 4062 fici
2665 4008 2893 4064 habebat
2925 4012 3143 4082 quidam
3177 4011 3391 4082 planta-

1786 4115 1890 4160 tam
1933 4105 1985 4158 in
2027 4105 2181 4159 vinea
2221 4120 2338 4166 sua,
2373 4114 2426 4160 et
2463 4105 2611 4159 Venit
2641 4121 2891 4175 qutereus
2920 4107 3152 4162 fructum
3185 4106 3236 4162 in
3271 4107 3382 4175 illa,

1782 4210 1832 4256 et
1856 4215 1962 4254 non
1986 4200 2210 4254 invertit.
2238 4199 2381 4254 Dixit
2407 4211 2588 4256 autem
2614 4199 2679 4254 ad
2704 4200 2977 4255 cultorem
3003 4201 3174 4256 vinea:
3202 4219 3214 4253 :
3243 4199 3386 4257 Ecce

1781 4295 1906 4349 anni
1934 4306 2042 4349 tres
2068 4305 2193 4348 sunt
2216 4311 2280 4348 ex
2305 4310 2412 4365 quo
2435 4297 2593 4349 venio
2620 4311 2872 4364 quaerens
2896 4295 3130 4349 fructum
3157 4295 3207 4346 in
3235 4292 3383 4346 ﬁcul-

1783 4376 1881 4442 nea
1911 4387 2030 4448 hac,
2063 4396 2117 4442 et
2147 4402 2252 4442 non
2283 4388 2500 4441 iuveuin
2527 4405 2538 4440 :
2566 4387 2786 4442 succide
2819 4402 2950 4454 ergo
2979 4386 3121 4439 illam
3146 4402 3159 4438 :
3195 4384 3384 4452 utquid

1782 4481 1944 4536 etiam
1975 4489 2174 4535 terranr
2205 4480 2475 4549 occupat?
2499 4480 2565 4533 At
2593 4479 2681 4533 ille
2705 4477 3067 4548 respondens,
3099 4475 3230 4529 dicit
3254 4472 3333 4527 illi
3367 4493 3381 4529 :

101 4577 153 4631 in
197 4590 424 4654 tempore
476 4584 642 4639 tritici
693 4583 1044 4637 mensuram?
1091 4582 1287 4636 Beatus
1342 4580 1432 4634 ille
1486 4595 1678 4634 servus
1707 4579 1760 4640 D
1788 4574 2032 4638 Domine,
2055 4573 2268 4628 dimitte
2293 4573 2438 4627 illam
2463 4581 2516 4626 et
2545 4571 2648 4626 hoc
2669 4585 2810 4624 anno
2838 4583 3008 4636 usque
3027 4566 3154 4622 dum
3179 4564 3381 4621 fodiam

99 4684 271 4739 quem,
295 4693 411 4731 cum
443 4681 654 4732 venerit
700 4675 954 4730 dominus
985 4687 1032 4741 ε,
1073 4673 1341 4728 invenerit
1371 4675 1444 4726 ita
1475 4673 1679 4728 facien-

102 4771 226 4818 tem.
274 4769 404 4826 Vere
453 4770 576 4825 dico
607 4770 783 4836 vobis,
814 4769 1070 4838 quoniam
1123 4783 1282 4834 supra
1330 4767 1510 4820 omnia
1556 4781 1676 4835 qua:

101 4859 320 4923 possidet
346 4865 645 4918 constituet
674 4863 842 4915 illum.
871 4860 1074 4931 [cr.vrtt,
1100 4859 1178 4928 5.]
1208 4860 1362 4928 Quod
1403 4859 1446 4912 si
1480 4858 1679 4913 dixerit

98 4961 272 5009 servus
294 4956 380 5012 ille
401 4957 452 5011 in
479 4955 644 5011 corde
671 4970 770 5010 suo
798 4973 810 5009 :
843 4955 1044 5008 Moram
1079 4952 1204 5009 facit
1244 4953 1496 5007 dominus
1526 4967 1678 5007 meus

98 5041 290 5112 venire,
310 5059 362 5102 et
388 5047 618 5117 emperit
653 5056 934 5116 percutere
963 5042 989 5082 ἀ
1017 5060 1207 5100 servos
1244 5053 1298 5098 et
1327 5043 1572 5108 ancillas,
1625 5050 1681 5097 et

97 5130 268 5206 Edere,
293 5151 343 5195 et
367 5141 576 5207 bibere,
605 5149 661 5194 et
687 5139 944 5196 inebriari
981 5157 991 5191 :
1022 5138 1202 5192 veniet
1228 5136 1480 5190 dominus
1531 5136 1673 5190 servi

97 5223 237 5284 illius
273 5236 323 5289 in
371 5237 460 5291 die
507 5252 612 5306 qua
645 5251 754 5289 non
782 5243 988 5303 sperat,
1024 5242 1077 5287 et
1105 5231 1238 5286 hora
1267 5246 1370 5301 qua
1397 5228 1593 5297 nescit,
1621 5239 1676 5284 et

94 5315 448 5396 di‘I'ideteum,
471 5339 794 5401 partemque
819 5327 937 5396 ejus
972 5340 1094 5381 cum
1139 5323 1450 5378 inﬁdelibus
1482 5330 1668 5392 ponet.

160 5494 540 5566 'Adverbium
568 5493 795 5564 priurum
822 5489 888 5566 a_d
912 5487 1086 5544 αι’ωεί
1113 5496 1292 5566 textus
1319 5486 1477 5566 ﬁdem
1501 5484 1610 5566 duo
1637 5497 1668 5536 e

86 5565 278 5635 n95lris
301 5581 434 5621 mss.
460 5559 744 5635 ignorant;
771 5561 867 5617 sed
896 5570 952 5635 et
975 5575 1100 5615 mox
1146 5560 1308 5635 verba
1341 5567 1385 5611 et
1407 5559 1670 5635 justitiam

85 5629 211 5708 εἰπε,
232 5639 342 5708 pari
365 5623 553 5692 omnves
572 5623 864 5700 consensu,
895 5630 1087 5688 Graeco
1117 5623 1446 5700 suffragante
1467 5623 1662 5680 arche-

83 5704 250 5780 U'Q".
271 5717 553 5777 respuunt.

147 5765 174 5805 ⁸³
205 5765 387 5838 Verba
423 5781 476 5836 in
524 5777 759 5837 manibus
786 5777 988 5848 vestris,
1025 5789 1202 5848 neque
1230 5773 1451 5831 Graecus
1483 5776 1664 5828 textus

1783 4667 1925 4722 circa
1959 4665 2128 4730 illam,
2157 4675 2212 4720 et
2238 4665 2449 4719 mittam
2479 4673 2715 4718 stercora
2747 4679 2759 4714 :
2790 4669 2846 4716 et
2871 4661 2914 4714 si
2945 4659 3165 4730 quidem
3194 4656 3387 4713 fecerit

1784 4759 2018 4815 fructum
2051 4776 2064 4813 :
2095 4761 2178 4814 sin
2205 4772 2384 4814 autem
2405 4803 2418 4825 ,
2449 4761 2500 4812 in
2533 4757 2769 4811 futurum
2801 4754 3050 4810 succides
3080 4768 3221 4809 eam.
3255 4752 3386 4808 Erat

1786 4864 1964 4910 autem
2005 4855 2207 4910 ducens
2247 4854 2298 4907 iu
2339 4867 2610 4925 synagoga
2641 4864 2828 4905 eorum
2864 4847 3120 4904 sabbatis.
3157 4845 3224 4900 Et
3252 4861 3381 4901 ecce

1789 4949 2007 5013 mulier,
2041 4963 2162 5018 qua:
2202 4947 2434 5000 habebat
2460 4943 2713 5014 spirituru
2747 4941 3072 4996 inﬁrmitatis
3103 4939 3261 4993 anuis
3289 4937 3386 4993 de-

1787 5054 1904 5095 cent
1945 5050 2001 5095 et
2041 5051 2164 5094 octo
2198 5056 2209 5091 :
2241 5047 2296 5092 et
2334 5049 2450 5093 erat
2480 5034 2752 5098 inclinata,
2784 5049 2884 5088 nec
2913 5032 3137 5088 omnino
3170 5040 3385 5103 poterat

1782 5147 2003 5187 sursnru
2031 5131 2322 5199 respicere.
2353 5128 2524 5194 Quam
2565 5142 2688 5180 cum
2721 5125 2926 5180 videret
2951 5126 3133 5189 .Iesus,
3165 5124 3383 5180 vocavit

1781 5239 1900 5280 eam
1933 5223 2000 5277 ad
2037 5236 2115 5286 se,
2145 5232 2199 5276 et
2229 5221 2302 5274 ait
2331 5219 2407 5272 illi
2437 5237 2450 5273 :
2484 5218 2696 5283 Mulier,
2729 5217 2948 5272 dirnissa
2981 5233 3040 5272 es
3063 5217 3130 5272 ab
3152 5216 3382 5272 inﬁrmi-

1783 5328 1891 5374 tate
1921 5326 2028 5372 tua.
2065 5313 2132 5369 Et
2159 5312 2412 5384 imposuit
2443 5312 2518 5366 illi
2552 5326 2763 5375 manus,
2799 5319 2854 5365 et
2882 5310 3168 5367 confestim
3199 5318 3384 5366 erecta

1772 5477 1944 5539 addit,
1981 5489 2157 5544 neque
2185 5473 2241 5528 hi
2280 5471 2710 5544 quibusiutituur
2739 5469 2914 5523 Latini
2951 5483 3087 5524 mss.

1851 5561 1871 5588 ο
1905 5539 2210 5603 Pronomeu
2237 5539 2382 5611 suits,
2413 5554 2467 5600 et
2489 5543 2542 5598 in
2568 5539 2763 5598 Graeco
2793 5549 2972 5607 textu,
3004 5547 3062 5596 et
3086 5541 3141 5595 in
3171 5539 3378 5596 nostris

1771 5635 1908 5678 mss.
1940 5620 2027 5672 hic
2059 5617 2298 5672 addttur.

1839 5689 1867 5729 ἀ
1921 5689 2119 5762 Eodem
2169 5689 2388 5762 quidem
2439 5699 2638 5756 sensu,
2690 5683 2911 5762 propius
2939 5681 3377 5762 _tamen_Grt£co

1768 5764 1956 5833 verbo,
1980 5753 2389 5837 «araora-pueros
2421 5772 2518 5831 pro
2534 5753 2771 5816 acroasin
2784 5755 2986 5815 nostris
3007 5767 3142 5815 mss.
3156 5753 3376 5827 legitur.
