3920 6200
521 177 627 237 855

1521 172 1578 231 S.
1621 169 2005 231 ΙΙΙΕΝΟΝΥΜῙ
2047 169 2283 234 ΒΙἮΝΑ
2322 166 2799 235 ΒΙΒῙᾸΟΤΒΕΟΑ.

3701 178 3781 243 638

521 303 625 363 est,
661 301 716 349 et
745 292 1083 365 gloriﬁcabat
1123 294 1312 351 Deum.
1342 292 1702 366 Respondens
1727 301 1906 349 autem
1934 291 2115 348 arcbi-
2144 290 2294 351 AAt
2334 288 2415 345 illi
2454 296 2766 347 tacuerunt.
2811 288 2933 362 Ipse
2973 303 3114 346 vero
3161 291 3567 362 apprehensum
3609 300 3784 355 sanavit

523 402 851 459 synagogos,
896 387 1183 458 indignans
1223 387 1348 457 quia
1384 386 1616 444 sabbato
1655 393 1902 443 curasset
1940 383 2121 453 Jesus,

528 480 741 536 diccbat
771 480 940 534 turba:
962 497 975 534 :
994 480 1099 536 Sex
1123 479 1242 536 dies
1268 486 1416 546 sunt,
1441 478 1497 535 in
1525 479 1725 550 quibus
1755 488 1969 551 oportet
1997 493 2127 548 ope-

530 574 639 631 rari
674 594 684 629 :
720 575 769 628 in
803 574 883 629 his
911 590 1039 644 ergo
1072 574 1276 641 venite,
1309 583 1359 630 et
1391 574 1656 631 curamini
1688 590 1704 630 :
1733 586 1787 630 et
1817 589 1923 630 non
1954 575 2010 629 in
2038 574 2127 630 die

530 668 759 724 sabbati.
802 668 979 740 [ειυς
1022 665 1104 737 2.]
1138 667 1494 739 Respondens
1527 678 1707 724 autem
1739 666 1805 722 ad
1836 667 1984 722 illum
2016 666 2126 722 Do-

530 759 707 818 minus
745 759 883 816 dixit
917 778 930 815 :
962 759 1293 833 Hypocritaa,
1335 762 1700 832 unusquisque
1728 769 1973 817 vestrum
2001 758 2125 816 sabv

532 856 657 912 bato
684 869 790 909 non
822 855 984 909 solvit
1011 855 1205 910 bovem
1236 869 1390 909 suum
1421 864 1512 909 aut
1541 854 1752 909 asinum
1783 870 1812 909 a
1841 857 2126 925 pra‘sepio,

529 959 583 1007 et
608 947 756 1004 ducit
780 948 1089 1019 adaquare?
1120 948 1270 1003 IIanc
1290 956 1469 1004 autem
1498 948 1663 1003 ﬁliam
1693 947 1941 1016 Abrahae,
1968 962 2130 1018 quam

531 1040 773 1113 alligavit
816 1041 1075 1109 Satanas,
1118 1055 1245 1097 ecce
1286 1043 1476 1097 decem
1520 1049 1577 1097 et
1622 1053 1745 1096 octo
1789 1041 1977 1108 annis,
2022 1056 2130 1096 non

531 1134 773 1211 oportuit
801 1134 937 1189 solvi
967 1148 996 1189 a
1030 1133 1247 1189 vinculo
1276 1135 1378 1189 isto
1404 1133 1492 1190 die
1514 1133 1763 1189 sabbati?
1786 1131 1993 1207 [cr.xvr,
2020 1129 2132 1205 10.]

533 1226 602 1283 Et
629 1241 752 1282 cum
783 1226 900 1283 haec
926 1227 1154 1298 diceret,
1188 1227 1586 1308 erubescebant
1616 1243 1807 1284 omnes
1837 1227 2136 1284 adversarii

530 1318 648 1391 ejus
687 1336 701 1376 :
738 1329 793 1376 et
824 1322 1001 1376 omnis
1029 1321 1261 1393 populus
1303 1320 1576 1393 gaudebat
1600 1322 1655 1376 in
1689 1323 1984 1389 universis,
2016 1336 2135 1392 quae

531 1414 767 1486 gloriose
797 1413 995 1470 flebant
1026 1414 1094 1471 ab
1124 1414 1458 1487 eo.[c1.xvu,
1490 1412 1573 1487 2.]
1598 1413 1820 1469 Dicebat
1846 1429 2014 1487 ergo;
2038 1412 2135 1468 Cui

532 1506 711 1562 simile
736 1514 821 1561 est
852 1522 1077 1577 regnum
1111 1507 1230 1575 Dei,
1265 1517 1320 1562 ct
1351 1509 1437 1561 cui
1462 1506 1641 1562 simile
1662 1507 1943 1562 temimabo
1968 1506 2137 1562 illud?

532 1599 723 1657 Simile
754 1611 836 1655 cst
864 1615 1035 1671 grano
1062 1601 1289 1672 sinapis,
1319 1600 1461 1671 quod
1489 1608 1773 1673 acceptum
1804 1600 1967 1656 homo
1991 1600 2137 1655 misit

2228 398 2375 451 eum,
2410 396 2475 439 ac
2508 381 2737 438 dimisit.
2771 381 2840 439 Et
2869 382 3208 455 reSpondens
3238 384 3305 439 ad
3340 385 3469 441 illos
3498 386 3635 443 dixit
3663 406 3673 441 :
3702 390 3783 445 Cu-

2223 475 2314 547 jus
2345 482 2589 531 vestrum
2627 472 2815 530 asinus
2839 482 2934 530 aut
2962 473 3063 531 bos
3094 474 3147 530 in
3176 483 3401 547 puteum
3433 477 3602 548 cadet,
3627 491 3782 539 etnon

2228 569 2493 625 continuo
2518 569 2773 625 extrahet
2799 568 2948 625 illum
2972 568 3061 625 die
3082 569 3333 626 sabbati?
3355 571 3423 626 Et
3441 589 3546 629 nun
3570 584 3783 647 poterant

2230 663 2298 720 ad
2326 663 2443 722 haec
2468 663 2800 735 respondere
2827 663 2924 718 illi.
2952 661 3230 736 [cnxxvm,
3262 664 3376 738 10.]
3399 666 3610 723 Dicebat
3632 681 3783 727 autem

2232 769 2287 815 et
2324 757 2392 814 ad
2424 758 2680 814 invitatos
2710 757 3051 830 parabolam,
3094 756 3384 815 intendens
3414 764 3669 833 quomodo
3695 768 3786 837 pri.

2233 869 2353 910 mos
2382 852 2665 908 accubitus
2693 852 2986 923 eligerent,
3017 850 3203 907 dicens
3232 852 3298 907 ad
3330 853 3450 909 illos
3477 872 3491 908 :
3521 856 3639 911 Cum
3665 858 3785 914 iuvi-

2235 954 2377 1002 tatus
2401 944 2570 1002 fueris
2591 944 2658 1001 ad
2683 946 2920 1016 nuptias,
2944 960 3055 1001 non
3078 944 3392 1000 discumbas
3412 945 3462 1001 in
3480 949 3635 1018 primo
3655 951 3780 1022 loco,

2235 1054 2305 1096 ne
2334 1038 2475 1095 forte
2506 1037 2827 1095 honoratior
2851 1047 2901 1093 te
2922 1038 2991 1094 sit
3015 1039 3279 1094 invitatus
3299 1038 3369 1094 ab
3389 1039 3500 1107 illo;
3519 1052 3566 1097 et
3584 1044 3783 1101 veniens

2238 1133 2304 1201 is,
2332 1133 2421 1204 qui
2444 1140 2496 1189 te
2517 1140 2574 1188 et
2595 1132 2749 1187 illum
2771 1132 3005 1201 vocavit,
3031 1131 3176 1187 dicat
3200 1131 3298 1186 tibi
3328 1150 3341 1186 :
3373 1131 3441 1185 Da
3465 1132 3576 1189 huic
3594 1135 3748 1189 locum
3773 1154 3785 1191 :

2236 1235 2293 1284 et
2327 1235 2458 1283 tunc
2498 1225 2724 1298 incipias
2768 1242 2894 1283 cum
2923 1226 3124 1282 rubore
3157 1224 3510 1281 novissimum
3538 1226 3698 1283 locum
3724 1238 3788 1286 te-

2241 1337 2388 1378 nere.
2419 1319 2526 1377 Sed
2560 1336 2683 1376 cum
2713 1330 2938 1377 vocatus
2966 1320 3157 1391 fueris,
3189 1320 3353 1388 vade,
3380 1321 3618 1377 recumbe
3638 1324 3683 1379 in
3704 1341 3785 1380 nu-

2238 1414 2465 1471 vissimo
2494 1414 2617 1470 loco
2652 1432 2666 1469 :
2701 1424 2779 1483 ut,
2817 1429 2942 1471 cum
2967 1414 3179 1470 venerit
3208 1415 3303 1485 qui
3335 1421 3388 1470 te
3408 1412 3791 1486 invitavit,dicat

2241 1508 2339 1564 tibi
2372 1526 2386 1564 :
2419 1506 2634 1575 Amice,
2662 1507 2904 1564 ascende
2933 1508 3204 1579 superius.
3237 1508 3392 1562 Tunc
3417 1508 3513 1565 erit
3539 1509 3621 1564 tibi
3643 1510 3790 1582 gioria

2240 1616 2426 1658 coram
2451 1600 2613 1658 simul
2638 1600 3107 1658 discumbentibus
3137 1618 3152 1657 :
3183 1598 3429 1674 [CLXXIX,
3460 1601 3533 1674 5.]
3554 1605 3661 1672 quia
3684 1619 3786 1660 om-

539 1696 597 1751 in
630 1696 845 1750 hortum
875 1709 1053 1761 suum,
1086 1704 1141 1750 ct
1166 1694 1357 1760 crevit,
1391 1704 1447 1750 et
1472 1695 1672 1749 factum
1697 1703 1779 1750 est
1808 1694 1859 1749 in
1884 1694 2138 1753 arborem
2165 1691 2214 1754 B
2241 1692 2325 1750 uis
2352 1691 2445 1766 qui
2474 1708 2535 1750 se
2562 1693 2783 1761 exaltat,
2817 1692 3187 1749 humiliabitur
3218 1710 3233 1747 :
3270 1702 3331 1749 et
3360 1695 3451 1765 qui
3478 1708 3531 1752 se
3556 1693 3788 1765 bumiliat,

540 1803 792 1859 magnam
842 1804 856 1842 :
908 1797 960 1843 et
1003 1787 1258 1843 volucres
1298 1788 1419 1843 cceli
1461 1789 1854 1860 requieverunt
1883 1787 1937 1843 in
1973 1789 2139 1846 ramis

537 1881 677 1954 ejus.
715 1880 978 1954 [cnxvm,
1011 1881 1093 1953 5.]
1127 1882 1189 1935 Et
1221 1882 1417 1937 iterum
1448 1880 1584 1936 dixit
1617 1899 1628 1935 :
1659 1878 1756 1936 Cui
1789 1880 1966 1939 simile
1995 1883 2143 1938 msti-

547 1956 709 2029 mabo
742 1987 968 2044 regnum
998 1973 1131 2028 Dei?
1159 1974 1348 2030 Simile
1378 1982 1463 2029 est
1487 1974 1778 2045 fermento,
1810 1974 1954 2045 quod
1984 1989 2143 2043 acce-

539 2076 689 2139 ptum
732 2068 929 2123 mulier
966 2067 1252 2123 abscondit
1295 2068 1349 2122 in
1394 2067 1583 2125 farina:
1625 2076 1739 2124 sata
1784 2071 1923 2138 tria,
1967 2068 2143 2126 donec

541 2163 966 2219 fermentaretur
996 2170 1190 2217 totum.
1223 2160 1422 2236 [cum
1446 2160 1527 2233 2.]
1552 2164 1620 2218 Ει
1649 2162 1758 2218 ibat
1780 2178 1875 2233 per
1896 2162 2144 2220 civitates

540 2266 594 2312 et
637 2255 861 2311 castella
887 2297 900 2323 ,
948 2254 1191 2325 docens,
1233 2264 1288 2311 et
1328 2255 1431 2311 iter
1475 2254 1683 2312 faciens
1727 2255 1779 2317 in
1814 2255 2137 2315 Jerusalem.

544 2349 729 2423 [CLxx,
765 2345 846 2417 5.]
876 2348 966 2404 Ait
997 2358 1178 2404 autem
1224 2348 1301 2403 illi
1331 2349 1546 2421 quidam
1582 2366 1597 2405 :
1627 2349 1879 2418 Domine,
1911 2352 1955 2406 si
1988 2351 2145 2423 pauci

543 2453 691 2511 sunt,
722 2445 813 2517 qui
844 2444 1157 2500 salvantur?
1186 2444 1310 2515 Ipse
1339 2454 1519 2500 autem
1547 2444 1683 2500 dixit
1711 2446 1776 2500 ad
1803 2446 1923 2504 illos
1953 2466 1966 2501 :
1997 2445 2144 2502 Con-

543 2534 751 2591 tendite
771 2535 976 2591 intrare
996 2549 1095 2608 per
1115 2544 1401 2607 angustam
1428 2544 1636 2607 portam
1656 2535 1805 2608 :quia
1830 2537 2002 2604 multi,
2023 2536 2146 2593 dico

543 2628 720 2698 vobis,
751 2638 998 2701 quaerent
1025 2627 1251 2698 intrare,
1281 2639 1334 2685 et
1382 2644 1486 2684 non
1531 2636 1803 2701 poterunt.
1831 2628 2031 2709 [oux],
2065 2629 2147 2703 5.]

2241 1786 2597 1845 exaltabitur.
2632 1786 2850 1860 [caxxx,
2886 1785 2997 1858 i0.]
3025 1786 3253 1844 Dicebat
3285 1796 3470 1845 autem
3494 1800 3546 1846 et
3568 1791 3729 1863 ei,qui
3746 1805 3794 1847 se

2242 1883 2567 1939 invitaverat
2611 1900 2623 1935 :
2667 1880 2803 1938 Cum
2833 1880 2966 1938 facis
2994 1881 3316 1953 prandium,
3347 1894 3438 1939 aut
3467 1898 3679 1950 ccenam,
3704 1884 3792 1944 noli

2245 1990 2445 2032 vocare
2482 1976 2687 2031 amicos
2728 1984 2872 2047 tuos,
2917 1990 3093 2048 neque
3135 1975 3338 2041 fratres
3371 1986 3511 2045 tuos,
3542 1992 3695 2049 neque
3716 1991 3789 2033 co-

2241 2079 2455 2142 gnatos,
2478 2083 2654 2141 neque
2676 2068 2905 2137 vicinos,
2929 2068 3149 2139 divites,
3173 2085 3241 2125 ne
3262 2069 3411 2127 forte
3432 2079 3484 2127 te
3502 2078 3552 2126 et
3574 2070 3661 2141 ipsi
3679 2070 3793 2126 rein-

2242 2163 2436 2234 vitent,
2471 2170 2526 2219 et
2568 2160 2661 2218 fiat
2694 2161 2787 2219 tibi
2828 2160 3135 2218 retributio.
3168 2160 3282 2218 Sed
3315 2178 3438 2219 cum
3467 2161 3622 2219 facies
3648 2161 3795 2218 convi-

2244 2254 2416 2325 vium,
2450 2269 2583 2310 voca
2613 2268 2900 2326 pauperes,
2933 2253 3163 2320 debiles,
3195 2253 3448 2321 claudos,
3475 2264 3526 2311 et
3552 2260 3791 2313 caecos:ct

2247 2350 2439 2405 beatus
2479 2349 2609 2416 eris,
2636 2348 2760 2421 quia
2792 2363 2898 2402 non
2932 2346 3133 2403 habent
3174 2347 3485 2404 retribuere
3516 2347 3601 2402 tibi
3628 2364 3640 2400 :
3668 2347 3791 2402 retri-

2244 2443 2442 2501 buetur
2487 2441 2631 2498 enim
2682 2439 2779 2497 tibi
2824 2440 2877 2496 in
2926 2441 3340 2498 resurrectione
3384 2441 3649 2514 justorum.
3688 2439 3789 2495 llaec

2248 2553 2370 2596 cum
2393 2536 2637 2593 audisset
2666 2536 2882 2608 quidam
2914 2535 2983 2592 de
3010 2536 3172 2592 simul
3198 2536 3662 2600 discumbentibus,
3684 2533 3795 2589 dixit

2247 2629 2325 2686 illi
2358 2648 2370 2685 :
2406 2629 2629 2697 Beatus,
2668 2631 2761 2702 qui
2802 2630 3154 2688 manducabit
3189 2646 3391 2703 panem
3433 2633 3485 2688 in
3523 2644 3668 2703 regno
3703 2627 3791 2685 Dei.

546 2721 680 2778 Cum
733 2732 915 2779 autem
970 2722 1254 2778 intraverit
1307 2723 1694 2793 paterfamilias
1720 2767 1735 2792 ,
1783 2733 1839 2780 et
1891 2724 2151 2781 clauserit
2250 2724 2488 2798 lentur,
2517 2722 2599 2799 5.]
2626 2724 2698 2779 At
2726 2724 2841 2795 ipse
2870 2722 3006 2781 dixit
3031 2725 3081 2781 ei
3110 2742 3121 2778 :
3150 2724 3327 2780 Homo
3358 2724 3566 2797 quidam
3587 2722 3692 2780 fecit
3711 2737 3793 2779 co:-

546 2817 770 2887 osxium,
814 2817 1081 2889 ineipietis
1123 2817 1255 2873 foris
1282 2828 1451 2883 stare,
1483 2827 1534 2874 et
1567 2818 1782 2893 pulsare
1811 2819 2034 2888 ostium,
2069 2819 2150 2874 di-
2252 2832 2377 2873 nam
2420 2831 2692 2889 magnam,
2739 2825 2796 2874 et
2830 2819 3049 2874 vocavit
3094 2818 3323 2874 multos.
3362 2816 3431 2874 Et
3458 2817 3592 2875 misit
3618 2830 3794 2873 servum

548 2923 736 2969 centes
767 2928 782 2967 :
813 2912 1060 2978 Domine,
1083 2912 1234 2984 aperi
1261 2911 1439 2981 nobis,
1463 2921 1517 2968 et
1538 2911 1871 2984 respondens
1892 2912 2033 2969 dicet
2056 2929 2152 2968 vo-
2252 2927 2408 2970 suum
2451 2912 2586 2968 hora
2620 2926 2792 2970 ctenze
2817 2912 3000 2970 dicere
3032 2912 3302 2982 invitatis,
3333 2924 3391 2970 ut
3429 2915 3674 2983 venirent,
3698 2912 3793 2981 quia

549 3008 631 3063 bis
666 3022 679 3059 :
711 3006 906 3061 Ne~cio
938 3021 1033 3063 vos
1064 3005 1207 3062 unde
1244 3004 1362 3061 sitis
1388 3024 1417 3077 ,ε
1453 3016 1578 3062 tunc
1614 3006 1885 3077 incipietis
1916 3006 2097 3063 dicere
2129 3023 2144 3061 :
2250 3006 2361 3076 jam
2412 3016 2597 3078 parata
2638 3017 2765 3062 sunt
2809 3008 3015 3063 omnia.
3049 3006 3121 3063 Et
3159 3018 3448 3080 coeperunt
3475 3006 3623 3064 simul
3647 3019 3793 3062 omnes

551 3097 999 3155 Manducavimus
1040 3113 1225 3154 coram
1268 3107 1340 3167 te,
1377 3107 1434 3154 et
1481 3098 1737 3167 bibimus,
1770 3108 1824 3154 et
1864 3099 1916 3153 in
1958 3097 2150 3170 plateis
2177 3088 2226 3159 C
2255 3116 2537 3158 excusare.
2580 3100 2793 3157 Primus
2828 3101 2970 3156 dixit
3004 3101 3054 3156 ei
3098 3119 3113 3157 :
3158 3102 3361 3159 Villam
3391 3102 3517 3170 emi,
3543 3111 3593 3157 et
3618 3111 3794 3155 necesse

553 3192 757 3249 nostris
802 3190 1056 3248 docuisti.
1103 3192 1171 3247 Et
1214 3191 1356 3248 dicet
1399 3191 1552 3246 vobis
1598 3209 1610 3246 :
1659 3189 1850 3248 Nescio
1879 3204 1975 3247 vos
2007 3190 2149 3251 unde
2251 3192 2425 3250 habeo
2463 3194 2637 3262 exire,
2666 3204 2722 3251 et
2763 3194 2950 3250 videre
2981 3194 3127 3250 illam
3158 3213 3171 3250 :
3207 3209 3344 3267 rogo
3368 3205 3447 3265 te,
3475 3195 3602 3251 habe
3626 3209 3699 3248 me
3720 3207 3793 3246 ex-

549 3288 670 3343 silis
707 3305 718 3341 :
753 3287 1016 3344 discedite
1046 3303 1073 3342 a
1102 3303 1211 3357 me,
1242 3302 1435 3343 omnes
1462 3287 1694 3358 operarii
1727 3286 2045 3359 iniquitatis.
2072 3284 2150 3341 Ibi
2250 3296 2517 3343 cusatum.
2548 3284 2614 3340 Et
2643 3284 2781 3340 alter
2808 3282 2945 3340 dixit
2975 3299 2991 3339 :
3018 3283 3153 3356 Juga
3184 3285 3350 3341 boum
3381 3285 3486 3342 emi
3508 3285 3789 3355 quinque,et
3878 3300 3879 3359 ξ

551 3388 655 3443 erit
684 3386 862 3457 fictus,
902 3395 956 3442 et
990 3386 1191 3442 stridor
1225 3385 1468 3442 dentium
1502 3403 1515 3440 :
1545 3385 1768 3459 [οικιιι.
1811 3384 1892 3461 5.]
1919 3402 2040 3443 cum
2072 3388 2154 3445 vi-

552 3480 743 3536 deritis
770 3480 1072 3552 .Abraham,
1110 3489 1164 3535 et
1203 3479 1374 3545 Isaac,
1408 3487 1464 3535 et
1502 3478 1692 3547 JaCOb,
1724 3491 1778 3537 et
1806 3496 1996 3543 ontnes
2029 3499 2153 3553 pro-

555 3573 746 3645 phetas
773 3573 828 3628 in
860 3587 1027 3643 regno
1056 3572 1168 3635 Dei,
1202 3585 1298 3627 vos
1326 3579 1505 3627 autem
1541 3573 1741 3644 expelli
1769 3572 1933 3630 foras.
1967 3575 2033 3631 Et
2060 3589 2154 3632 ve-

556 3665 707 3720 nient
731 3664 801 3717 ab
824 3664 1056 3728 oriente,
1089 3669 1144 3715 et
1167 3659 1474 3731 occidente,
1496 3672 1552 3719 et
1571 3665 1847 3736 aquilone,
1871 3674 1926 3723 et
1944 3676 2153 3743 austro,

556 3767 612 3813 et
638 3754 957 3825 accnnibent
987 3752 1040 3808 in
1072 3768 1239 3826 regno
1269 3753 1390 3811 Dei.
1417 3756 1667 3830 [cuum
1690 3756 1772 3832 2.]
1794 3758 1860 3815 Et
1879 3774 2009 3819 ecce
2029 3769 2157 3817 sunt

559 3849 839 3906 novissimi
875 3849 962 3920 qui
1006 3859 1166 3906 erunt
1206 3852 1384 3921 primi,
1417 3861 1626 3910 etsunt
1652 3853 1833 3924 primi,
1864 3854 1960 3928 qui
1996 3863 2158 3913 erunt

559 3940 865 3998 novissimi.
896 3942 1140 4016 [CLXIIV,
1175 3942 1290 4015 10.]
1314 3944 1368 3998 in
1400 3944 1514 4016 ipsa
1543 3946 1632 4004 die
1661 3960 2013 4005 accesserunt
2037 3951 2158 4021 qui-

559 4033 683 4089 dam
716 4032 1129 4104 pharismorutn,
1159 4034 1403 4091 dicentes
1433 4036 1509 4093 illi
1540 4056 1553 4094 :
1587 4038 1708 4108 Exi,
1740 4048 1797 4095 et
1827 4039 1964 4097 vade
1987 4039 2111 4098 hinc
2137 4058 2155 4115 ξ

558 4126 685 4202 quia
723 4127 970 4185 Herodes
1004 4128 1121 4184 vult
1156 4138 1209 4185 te
1247 4128 1524 4185 occidere.
1566 4130 1637 4187 Et
1673 4130 1750 4188 ait
1792 4132 1895 4190 illis
1929 4150 1943 4188 :
1976 4134 2073 4205 lte,
2105 4143 2160 4192 et

559 4219 728 4277 dicite
769 4219 915 4291 vulpi
955 4220 1029 4275 illi
1075 4237 1090 4278 :
1135 4220 1275 4277 Ecce
1317 4221 1478 4292 ejicio
1517 4221 1787 4287 daemonia
1815 4233 1871 4280 et
1897 4225 2159 4284 sanitates

558 4313 781 4386 pet-licio
821 4312 985 4370 hodie
1013 4323 1068 4370 et
1096 4329 1239 4383 cras,
1270 4322 1326 4370 et
1354 4314 1512 4370 tertia
1540 4315 1625 4371 die
1655 4330 2023 4378 consummor.
2054 4318 2161 4377 Vev

560 4417 868 4463 rumtamen
910 4414 1125 4477 oportet
1151 4421 1238 4463 me
1266 4406 1428 4465 hodie
1468 4415 1525 4465 et
1563 4421 1686 4464 cras
1715 4416 1771 4464 et
1796 4412 2041 4483 sequenti
2072 4411 2161 4481 die

2251 3394 2317 3436 eo
2354 3378 2587 3450 probare
2624 3378 2717 3433 illa
2757 3393 2772 3435 :
2816 3393 2946 3453 rogo
2988 3387 3061 3447 te,
3100 3376 3237 3433 habe
3282 3394 3370 3435 me
3408 3384 3710 3434 excusatum.
3747 3371 3795 3427 Et

2252 3474 2386 3530 alius
2411 3472 2549 3529 dixit
2573 3490 2584 3527 :
2615 3471 2848 3530 Uxorem
2871 3470 3020 3539 duxi,
3045 3480 3099 3528 et
3120 3470 3242 3527 ideo
3267 3488 3377 3528 non
3401 3486 3605 3545 possum
3626 3466 3794 3525 venire.

2256 3567 2325 3623 Et
2353 3580 2606 3623 reversus
2631 3580 2829 3623 servus
2859 3566 3127 3622 nuntiavit
3156 3565 3271 3622 haec
3300 3565 3521 3622 domino
3549 3579 3654 3619 suo.
3681 3560 3799 3617 'l‘uuc

2257 3663 2427 3719 iratus
2458 3660 2867 3735 paterfamilias,
2892 3660 3026 3717 dixit
3058 3675 3220 3718 servo
3240 3675 3346 3716 suo
3373 3680 3388 3717 :
3413 3659 3509 3716 Exi
3532 3660 3629 3714 cito
3650 3655 3694 3712 in
3715 3654 3799 3725 pla-

2256 3763 2370 3811 teas
2390 3763 2445 3811 et
2467 3755 2614 3810 vicos
2636 3753 2874 3810 civitatis
2898 3770 2913 3810 :
2940 3762 2996 3810 et
3018 3769 3311 3826 pauperes,
3335 3769 3400 3810 ac
3420 3751 3636 3818 debiles,
3656 3757 3702 3805 et
3721 3760 3798 3802 ca-

2256 3861 2375 3916 cos,
2396 3856 2452 3904 et
2472 3845 2705 3902 claudos
2728 3845 2978 3902 introduc
3004 3846 3130 3902 huc.
3162 3846 3228 3901 Et
3250 3848 3328 3902 ait
3352 3860 3567 3903 servus:
3597 3842 3796 3906 Domine,

2257 3939 2456 3996 factum
2498 3948 2582 3996 est
2621 3949 2681 3996 ut
2721 3938 3020 4012 imperasti,
3065 3945 3122 3995 et
3161 3940 3344 3995 adhuc
3375 3939 3521 3994 locus
3548 3947 3639 3992 est.
3668 3933 3719 3989 Et
3742 3928 3797 3983 ait

2258 4032 2512 4090 dominus
2551 4047 2710 4089 servo
2755 4050 2766 4087 :
2810 4030 2990 4088 Exiin
3038 4032 3173 4101 vias,
3198 4041 3252 4087 et
3280 4046 3439 4103 sepes
3468 4050 3480 4085 :
3508 4040 3557 4086 et
3583 4022 3797 4096 compelle

2261 4127 2490 4193 intrare,
2521 4135 2582 4183 ut
2607 4125 2902 4198 impleatur
2926 4125 3122 4182 domus
3149 4141 3300 4185 mea.
3326 4126 3456 4183 Dico
3474 4131 3640 4181 autem
3660 4115 3794 4183 vobis,

2261 4219 2406 4292 quod
2434 4235 2596 4277 nemo
2626 4222 2864 4277 virorum
2894 4220 3134 4289 illorum,
3166 4220 3259 4292 qui
3290 4218 3465 4277 vocati
3491 4227 3625 4283 sunt,
3653 4220 3799 4286 gusta-

2262 4314 2343 4372 bit
2382 4330 2592 4372 cmnam
2635 4329 2833 4370 meam.
2864 4311 3126 4388 [CLxxxtr,
3172 4312 3253 4386 5.]
3286 4312 3442 4371 Ibant
3476 4324 3640 4367 autem
3664 4302 3799 4363 turba

2266 4407 2451 4465 multa:
2473 4422 2596 4464 cum
2637 4422 2703 4463 eo
2744 4424 2758 4461 :
2799 4417 2856 4463 et
2880 4420 3178 4464 conversus
3206 4406 3347 4463 dixit
3369 4406 3436 4462 ad
3463 4405 3575 4461 illos
3602 4398 3682 4456 :Si
3704 4394 3799 4467 quis

558 4501 838 4559 ambulare
878 4517 895 4556 :
939 4474 1062 4573 quia
1110 4515 1220 4558 non
1262 4501 1411 4574 capit
1435 4501 1763 4572 Prophetam
1796 4474 1976 4575 perire
2005 4474 2160 4563 extra
2186 4478 2242 4540 D
2267 4504 2414 4560 venit
2451 4503 2516 4559 ad
2560 4517 2672 4572 me,
2704 4511 2758 4558 et
2787 4517 2895 4559 non
2925 4501 3040 4559 odit
3065 4510 3279 4574 patrem
3308 4515 3485 4568 suum,
3514 4506 3561 4552 et
3584 4501 3796 4551 matrem,

557 4591 884 4652 Jerusalem.
919 4594 1150 4669 [caxxv,
1194 4592 1273 4666 5.]
1304 4592 1629 4663 Jerusalem,
1675 4594 2001 4664 Jerusalem,
2040 4614 2161 4671 qua:

560 4687 765 4747 occidis
805 4688 1121 4761 prophetas,
1161 4698 1216 4745 et
1258 4689 1472 4761 lapidas
1512 4705 1630 4760 eos,
1662 4691 1752 4763 qui
1785 4692 2071 4750 mittuntur
2092 4693 2164 4750 ad

564 4790 642 4851 te,
672 4782 887 4856 quoties
925 4782 1072 4842 volui
1103 4796 1438 4854 congregare
1467 4783 1607 4841 filios
1637 4792 1779 4851 tuos,
1811 4786 2163 4856 quemadmo-

563 4874 691 4952 dum
723 4877 841 4933 avis
872 4876 1057 4934 nidum
1089 4892 1247 4934 suum
1275 4877 1376 4933 sub
1403 4878 1619 4949 pennis,
1650 4889 1705 4933 ct
1734 4876 1992 4934 noluisti?
2022 4877 2165 4938 Ecce

562 4972 903 5045 relinquetur
938 4973 1093 5030 vobis
1123 4974 1317 5030 domus
1346 4982 1525 5031 vestra
1554 4973 1788 5031 deserta.
1821 4974 1954 5030 Dico
1978 4981 2161 5033 autem

564 5070 740 5140 vobis,
764 5070 891 5143 quia
941 5084 1051 5126 non
1092 5069 1348 5126 videbitis
1377 5085 1489 5140 me,
1520 5069 1694 5129 donec
1723 5072 1905 5128 veniat
1932 5086 2055 5129 cum
2085 5072 2171 5131 di-

563 5162 699 5221 cetis
732 5160 1126 5231 :Benedictus,
1157 5162 1249 5234 qui
1276 5161 1426 5220 venit
1450 5162 1505 5223 in
1536 5163 1758 5221 nomine
1787 5164 2022 5225 Domini.

563 5264 571 5312 ί
637 5254 791 5329 [ϐαρ.
821 5255 964 5314 XIV.
990 5271 1204 5324 CLXXVI,
1230 5255 1344 5330 10.]
1368 5257 1439 5313 Et
1458 5257 1660 5315 factum
1683 5268 1766 5315 est
1786 5274 1912 5315 cum
1936 5259 2171 5325 intraret

565 5349 727 5408 Jesus
771 5350 826 5407 in
867 5351 1090 5407 domum
1133 5351 1421 5423 cujusdam
1462 5354 1731 5424 principis
1770 5354 2165 5425 pharisteorum

563 5445 794 5504 sabbato
821 5443 1159 5503 manducare
1181 5461 1399 5517 panem,
1423 5455 1482 5505 et
1500 5447 1605 5519 ipsi
1626 5449 1997 5506 observabant
2018 5464 2174 5507 eum.

563 5538 635 5597 Et
666 5552 798 5597 ecce
843 5539 1010 5595 homo
1047 5538 1270 5611 quidam
1311 5538 1651 5612 hydropicus
1690 5552 1805 5598 erat
1838 5549 1965 5599 ante
1995 5542 2168 5601 illum.

570 5633 830 5706 [suum
857 5632 942 5706 2.]
972 5633 1041 5690 Et
1069 5634 1413 5707 respondens
1437 5634 1603 5694 Jesus
1627 5637 1767 5697 dixit
1791 5638 1860 5695 ad
1891 5638 2176 5714 legisperi—

574 5735 682 5795 tos,
718 5736 777 5785 et
812 5724 1140 5796 ptiar-iam,
1169 5727 1363 5787 dicens
1389 5745 1405 5788 :
1437 5728 1501 5789 Si
1527 5731 1658 5789 licet
1683 5730 1913 5793 sabbato
1937 5733 2175 5794 curare?

2266 4606 2323 4656 et
2343 4612 2587 4663 uxorem,
2618 4607 2674 4653 et
2703 4596 2865 4666 filios,
2892 4606 2948 4654 et
2973 4596 3190 4665 fratres,
3223 4604 3279 4654 et
3298 4608 3524 4663 sorores,
3545 4588 3699 4645 adhuc
3721 4596 3800 4636 au-

2267 4703 2377 4750 tem
2410 4701 2466 4750 et
2488 4692 2724 4749 animam
2752 4708 2930 4760 suam,
2962 4706 3068 4748 non
3097 4700 3278 4765 potest
3307 4703 3459 4747 meus
3484 4700 3590 4745 esse
3607 4678 3801 4749 discipu-

2266 4787 2372 4843 lus.
2416 4785 2483 4842 Et
2509 4785 2600 4857 qui
2629 4800 2739 4842 non
2783 4785 2991 4857 bajulat
3016 4800 3233 4845 crucem
3264 4800 3440 4852 suam,
3473 4791 3524 4838 et
3554 4777 3684 4835 venit
3707 4776 3800 4843 post

2270 4896 2379 4950 me,
2410 4895 2522 4937 non
2549 4887 2730 4954 potest
2757 4895 2913 4937 meus
2939 4894 3061 4937 esse
3090 4879 3412 4950 discipulus.
3443 4857 3803 4953 [c1.xxxnt,l0.]

2273 4974 2406 5055 Quis
2444 4975 2588 5032 enim
2628 4990 2695 5032 ex
2736 4974 2888 5031 vobis
2927 4974 3116 5032 volens
3159 4970 3353 5030 turrim
3396 4970 3683 5032 aedificare,
3719 4970 3797 5014 n00

2272 5072 2424 5145 prius
2450 5070 2648 5129 sedens
2673 5076 2949 5145 computat
2974 5078 3247 5140 sumptus,
3271 5066 3360 5137 qui
3391 5056 3664 5123 necessarii
3683 5056 3797 5151 sunt,

2270 5169 2319 5228 si
2345 5166 2545 5224 habeat
2571 5165 2639 5220 ad
2667 5162 3088 5237 perliciendum;
3118 5177 3210 5231 ne,
3242 5167 3582 5233 posteaquam
3612 5149 3798 5243 posuerit

2272 5260 2712 5329 fundamentum,
2741 5266 2797 5316 et
2835 5272 2944 5314 non
2974 5255 3211 5331 petuerit
3239 5253 3516 5327 perficere,
3545 5256 3712 5303 omnes
3730 5249 3796 5306 qut

2272 5355 2461 5412 vident
2494 5351 2756 5423 incipiant
2778 5349 3010 5407 illudere
3033 5349 3105 5415 ei,
3130 5347 3409 5404 dicentes:
3434 5340 3562 5411 Quia
3583 5337 3661 5393 hic
3676 5332 3796 5425 homo

2272 5449 2438 5522 erepit
2456 5445 2754 5513 aedificare,
2779 5452 2836 5502 et
2855 5458 2963 5507 non
2985 5442 3159 5513 potuit
3175 5449 3549 5503 consummate
3564 5432 3585 5486 ?
3602 5429 3696 5486 Aut
3711 5427 3797 5492 (111³⁵

2273 5559 2368 5603 rex
2396 5543 2571 5601 iturus
2590 5538 2935 5611 committere
2959 5537 3162 5593 bellum
3183 5533 3444 5591 adversus
3464 5528 3619 5585 alium

2273 5654 2384 5697 non
2413 5636 2608 5696 sedens
2643 5606 2794 5705 prius
2822 5629 3042 5704 cogitat,
3066 5629 3112 5688 si
3136 5625 3301 5700 possit
3330 5637 3454 5680 cuin
3483 5620 3654 5677 decem
3679 5603 3797 5705 milli:

2415 5691 2711 5795 occurrere
2745 5728 2822 5800 ei.
2844 5691 2942 5801 (1δί
3350 5713 3580 5778 millibus
3606 5703 3729 5769 venit
3748 5691 3797 5755 ad
