3920 6200
139 224 232 281 637

1142 205 1594 268 EVANGELIUM
1632 204 2008 268 SECUNDUM
2040 206 2297 265 LUCAM.

3265 217 3373 278 658

135 335 230 393 se?
269 329 482 402 alioquin
521 326 686 381 adhuc
729 324 816 378 illo
855 324 1016 393 longe
1061 330 1253 394 agente
1275 365 1290 386 ,
1339 322 1661 393 legationem
1689 324 1742 384 Α
1767 321 1860 378 des
1886 322 2039 392 ejus:
2067 333 2119 378 ct
2150 323 2402 379 adducite
2435 325 2658 381 vitulum
2687 327 3012 399 saginatum,
3035 335 3091 384 et
3113 331 3374 406 occidite,

133 429 352 489 ιηίιιεης,
387 429 524 492 rogat
555 435 610 475 ea
645 433 762 489 qu:e
791 419 935 488 pacis
962 427 1104 472 sunt.
1140 412 1420 489 [chxxtv,
1462 413 1541 485 5.]
1573 415 1663 473 Sic

129 536 248 592 ergo
273 515 431 574 omnis
449 529 508 569 ex
533 512 700 576 vobis,
723 509 813 581 qui
840 526 944 563 non
971 509 1246 564 renuntiat
1271 507 1522 563 omnibus
1545 525 1662 577 que

127 616 358 688 possidet,
379 626 473 665 non
497 614 658 678 potest
672 619 824 660 meus
843 620 962 660 esse
976 604 1291 673 discipulus.
1310 605 1564 677 [.cuxxv,
1581 602 1660 674 2.]

122 710 307 765 Bonum
336 711 410 761 est
433 702 528 757 sal.
558 699 612 757 Si
641 707 820 756 autem
841 697 920 754 sal
941 707 966 736 ε
991 698 1292 762 evanuerit,
1326 697 1379 752 in
1403 713 1508 769 quo
1529 713 1662 753 con—

119 797 487 866 dietur?Neque
509 795 559 849 in
588 802 801 857 terram,
830 807 1004 862 neque
1027 791 1078 845 in
1107 791 1507 860 sterquilinium
1531 792 1661 848 utile

120 904 210 960 est,
231 890 312 947 sed
338 889 471 944 foras
494 888 746 942 mittetur.
772 883 874 952 Qui
896 883 1061 939 habet
1087 898 1244 937 aures
1267 884 1538 950 audiendi,
1567 901 1657 939 au-

120 986 230 1042 diat.

177 1077 308 1151 [Cap.
351 1073 459 1130 XV.
509 1091 764 1142 CLXXXVI,
792 1073 872 1145 2.]
926 1073 1090 1128 Erant
1140 1083 1321 1129 autem
1365 1075 1658 1144 appropin,

116 1182 304 1248 quantes
321 1170 365 1227 ei
389 1169 670 1242 publicani,
693 1177 748 1224 et
771 1178 1105 1239 peccatores,
1133 1177 1190 1223 ut
1214 1169 1461 1224 audirent
1485 1169 1653 1224 illum.

115 1268 169 1322 Et
207 1262 584 1320 murmurabant
635 1262 919 1332 pharistei,
982 1271 1035 1316 et
1087 1263 1313 1327 scribat,
1369 1262 1656 1319 dicentes:

111 1358 217 1426 Quia
251 1355 329 1410 hic
354 1364 656 1425 peceatores
695 1355 910 1424 recipit,
954 1363 1009 1409 et
1036 1353 1327 1408 manducat
1360 1370 1480 1409 cum
1527 1353 1652 1411 illis.

112 1452 358 1524 [CLXXXVI],
387 1447 463 1518 5.]
496 1447 560 1503 Et
587 1448 659 1501 ait
681 1449 748 1503 ad
773 1447 891 1502 illos
917 1448 1224 1518 parabolatn
1251 1449 1409 1503 istam
1435 1449 1653 1504 dicens:

108 1545 211 1614 Quis
245 1560 310 1599 ex
357 1541 504 1597 vobis
553 1541 736 1609 homo,
767 1541 860 1612 qui
891 1541 1049 1596 habet
1079 1550 1295 1596 centum
1326 1557 1461 1597 oves
1489 1561 1502 1595 :
1529 1552 1582 1596 et
1611 1541 1657 1596 si

106 1635 361 1708 perdiderit
387 1649 541 1689 unam
569 1650 633 1688 ex
664 1633 805 1700 illis;
858 1649 1039 1688 nonne
1090 1634 1314 1689 dimittit
1361 1635 1654 1705 nonaginta

1767 421 1819 469 et
1847 413 2260 481 manducemus,
2305 426 2358 471 ct
2384 415 2707 486 epulemur:
2743 419 2867 488 quia
2899 418 2985 476 hic
3027 421 3170 477 filius
3216 439 3372 483 meus

1767 517 2008 564 mortuus
2051 519 2191 577 erat,
2231 517 2286 566 et
2329 512 2549 580 revixit;
2599 513 2860 584 perierat,
2903 523 2957 570 et
2987 515 3238 574 inventus
3266 527 3371 578 est.

1765 604 1829 658 Et
1859 616 2146 674 creperum
2174 605 2407 676 epulari.
2441 607 2570 663 Erat
2610 618 2789 665 autem
2833 607 2976 665 filius
3019 611 3138 681 ejus
3188 615 3374 673 senior

1765 694 1816 750 in
1847 711 1974 767 agro
2004 713 2018 753 :
2051 706 2106 752 et
2135 712 2257 752 cum
2289 699 2500 754 veniret
2549 710 2602 755 et
2649 703 3108 771 appropinquaret
3158 704 3369 776 domui,

1765 791 1969 846 audivit
1991 793 2374 865 symphoniam
2411 803 2464 850 et
2493 794 2721 850 chorum
2747 813 2760 850 :
2793 811 2843 850 et
2873 797 3082 852 vocavit
3109 814 3271 854 unum
3300 800 3371 861 de

1762 886 1955 950 servis,
1985 893 2039 940 et
2066 884 2424 956 interrogavit
2455 885 2480 924 δ
2510 887 2639 957 quid
2671 887 2786 942 hmo
2818 899 3021 945 essent.
3056 889 3212 961 Isque
3233 892 3370 951 dixit

1761 978 1876 1032 illi:
1913 977 2102 1034 Frater
2134 987 2258 1034 tuus
2284 979 2452 1049 venit,
2488 990 2542 1036 et
2574 980 2774 1036 occidit
2801 994 2953 1053 pater
2987 994 3104 1039 tuus
3138 986 3370 1044 vitulum

1761 1070 2084 1142 saginatum,
2115 1072 2237 1143 quia
2269 1073 2476 1128 salvum
2509 1074 2663 1129 illum
2696 1076 2921 1143 recepit.
2964 1076 3272 1148 Indignatus
3295 1089 3380 1138 est

1760 1175 1962 1232 autem,
1989 1175 2041 1220 et
2065 1166 2283 1221 nolebat
2309 1167 2551 1224 introire.
2584 1168 2742 1226 Pater
2763 1185 2891 1240 ergo
2920 1171 3068 1228 illius
3092 1187 3368 1244 egressus,

1759 1260 1925 1329 erepit
1955 1275 2148 1331 rogare
2180 1261 2352 1315 illum.
2383 1263 2452 1316 At
2491 1263 2581 1318 ille
2628 1264 2984 1332 respondens,
3042 1265 3180 1324 dixit
3226 1268 3370 1337 patri

1758 1366 1895 1406 suo:
1933 1351 2070 1408 Ecce
2105 1360 2181 1407 tot
2211 1354 2368 1408 annis
2407 1354 2583 1410 servio
2619 1354 2734 1422 tibi,
2770 1365 2824 1410 et
2866 1372 3157 1429 numquam
3209 1375 3366 1415 mau-

1760 1441 1940 1496 datutn
1991 1451 2141 1499 tuum
2193 1446 2486 1514 prteterivi,
2539 1449 2593 1501 et
2638 1461 2930 1517 numquam
2984 1446 3181 1502 dedisti
3231 1450 3366 1507 mihi

1761 1535 1994 1603 bardum,
2023 1547 2078 1594 ut
2107 1555 2226 1593 cum
2253 1540 2441 1595 amicis
2469 1541 2604 1596 meis
2632 1541 2882 1612 epularer
2907 1558 2918 1594 :
2953 1541 3051 1597 sed
3081 1554 3367 1615 postquam

1762 1630 1901 1684 filius
1929 1640 2049 1686 tuus
2079 1631 2187 1699 hic,
2219 1632 2306 1703 qui
2337 1632 2614 1687 devoravit
2652 1633 3011 1689 substantiam
3053 1648 3208 1690 suam
3238 1651 3362 1693 cum

105 1747 260 1786 novem
299 1731 348 1786 in
389 1729 626 1796 deserto,
672 1738 727 1784 et
773 1729 919 1783 vadit
960 1729 1025 1782 ad
1068 1728 1213 1783 illam
1245 1745 1364 1798 qnze
1395 1728 1649 1799 perierat,
1685 1727 1730 1788 Β
1761 1725 2169 1793 meretricibus,
2204 1726 2372 1792 venit,
2405 1725 2651 1782 occidisti
2675 1725 2749 1780 illi
2777 1725 3000 1781 vitulum
3027 1727 3355 1798 saginatum.

102 1823 244 1878 donec
268 1822 488 1877 inveniat
515 1822 667 1876 eam?
698 1819 764 1875 Et
789 1822 909 1876 eum
940 1821 1203 1876 invenerit
1244 1837 1383 1889 eam,
1418 1821 1650 1892 imponit

100 1913 142 1970 in
162 1915 376 1970 humeros
395 1928 518 1969 suos
539 1913 782 1984 gaudens
810 1930 822 1967 :
852 1920 906 1968 et
933 1913 1154 1968 veniens
1188 1912 1408 1968 domum
1443 1929 1648 1970 convo-

98 2007 654 2073 catamicosetvicinos,
670 2007 859 2062 dicens
873 2006 997 2062 illis:
1013 2004 1477 2077 Congratulamini
1492 2007 1646 2075 mihi,

98 2101 194 2171 quia
217 2100 377 2156 inveni
401 2115 552 2155 ovem
586 2115 786 2164 meam,
828 2115 949 2170 qum
992 2101 1260 2170 perierat?
1304 2101 1434 2156 Dico
1473 2101 1646 2169 vobis,

97 2192 206 2261 quod
230 2193 291 2246 ita
314 2193 555 2262 gaudium
593 2193 697 2248 erit
737 2193 788 2247 in
831 2195 968 2248 caelo
1011 2207 1172 2263 super
1215 2209 1324 2247 uno
1365 2203 1649 2263 peccatore

97 2286 405 2355 paenitentiam
451 2295 668 2359 agente,
711 2302 871 2358 quam
917 2303 1080 2358 super
1125 2289 1415 2359 nonaginta
1457 2305 1648 2346 novem

93 2379 230 2447 justis,
265 2381 343 2450 qui
377 2396 480 2436 non
523 2380 767 2450 indigent
802 2380 1139 2451 pcettitentia.
1185 2381 1500 2454 [eLxxxvut,
1537 2379 1648 2456 10.]

96 2469 171 2524 Aut
188 2488 289 2542 quae
309 2472 492 2528 mulier
513 2474 721 2528 habens
741 2471 1027 2527 dracbmas
1050 2471 1262 2541 decem,
1287 2476 1330 2528 si
1359 2474 1653 2544 perdiderit

95 2562 349 2619 drachmam
374 2583 555 2634 unam,
579 2582 766 2622 nonne
789 2568 1035 2622 accendit
1055 2567 1353 2635 lucernam,
1379 2578 1432 2624 et
1453 2571 1654 2626 everrit

95 2654 192 2730 [.lfs.
213 2659 403 2732 evertit]
426 2660 674 2724 domum,
696 2669 749 2715 et
765 2661 959 2730 quaerit
983 2660 1288 2732 diligenter,
1309 2662 1481 2718 donec
1505 2663 1654 2720 inve-

93 2750 197 2802 niat?
221 2751 275 2807 Et
311 2768 426 2807 cum
463 2754 756 2817 invenerit,
798 2764 1064 2809 convocat
1099 2753 1300 2809 amicas
1330 2763 1383 2810 et
1423 2756 1650 2827 vicinas,

92 2841 264 2902 dicens:
292 2845 748 2919 Congratulnmini
775 2848 928 2913 mibi,
957 2849 1078 2918 quia
1111 2849 1291 2903 inveni
1316 2849 1649 2918 drachmam,

91 2952 214 3004 quam
241 2940 606 3008 perdideram?
640 2939 915 3013 [cuxxxrx,
947 2941 1024 3010 3.]
1057 2940 1138 2995 lta'
1161 2941 1283 2996 dico
1319 2941 1494 3008 Vobis,
1527 2959 1656 3013 gau-

93 3029 202 3084 dium
224 3033 312 3087 erit
343 3048 518 3088 curam
549 3034 762 3103 angelis
795 3034 887 3089 Dei
912 3049 1074 3104 super
1102 3050 1206 3088 uno
1235 3043 1514 3104 peccatore
1545 3050 1658 3105 p03-

1755 1821 1822 1874 At
1855 1821 1967 1888 ipse
1995 1819 2130 1875 dixit
2160 1819 2236 1873 illi
2264 1838 2275 1872 :
2311 1819 2435 1886 Fili,
2470 1828 2523 1874 tu
2555 1834 2768 1888 semper
2798 1833 3008 1873 mecum
3041 1834 3126 1887 es,
3160 1828 3216 1874 et
3246 1836 3364 1877 om-

1753 1913 1840 1968 nia
1872 1927 1989 1968 mea
2020 1921 2109 1967 tua
2139 1921 2302 1970 sunt:
2333 1912 2543 1982 epulari
2569 1920 2750 1968 autem
2776 1921 2830 1967 et
2863 1911 3100 1983 gaudere
3141 1923 3365 1983 oporte-

1753 2003 1867 2070 bat,
1898 2003 2021 2075 quia
2052 2002 2223 2060 frater
2273 2011 2395 2060 tuus
2440 2002 2528 2060 hic
2572 2012 2816 2060 mortuus
2862 2012 2982 2060 erat
3027 2012 3084 2062 et
3128 2005 3364 2063 revixit:

1753 2097 2012 2169 perierat,
2040 2107 2095 2152 et
2124 2096 2378 2152 inventus
2404 2105 2509 2152 est.

1825 2196 1977 2270 [Cap.
2006 2195 2175 2267 Χγι]
2208 2196 2431 2251 Dicebat
2459 2203 2642 2252 autem
2674 2203 2728 2251 et
2769 2193 2835 2250 ad
2877 2191 3177 2265 discipulos
3204 2207 3365 2250 suos:

1755 2289 1926 2346 Homo
1952 2290 2172 2362 quidam
2200 2299 2319 2345 erat
2348 2289 2523 2356 dives,
2557 2287 2649 2359 qui
2696 2286 2928 2342 habebat
2975 2287 3218 2341 villicum
3248 2305 3260 2338 :
3311 2296 3368 2343 et

1754 2383 1842 2440 hic
1868 2384 2180 2440 diffamatus
2208 2393 2291 2439 est
2317 2383 2456 2454 apud
2489 2382 2638 2436 illum
2669 2381 2823 2451 quasi
2867 2380 3185 2452 dissipasset
3220 2379 3365 2434 bona

1755 2479 1942 2550 ipsius.
1998 2478 2064 2533 Et
2095 2477 2323 2536 avocavit
2369 2477 2520 2530 illum
2562 2483 2618 2531 et
2646 2473 2723 2528 ait
2754 2474 2866 2528 illi:
2896 2472 3038 2542 Quid
3068 2472 3173 2528 hoc
3199 2473 3361 2529 audio

1754 2575 1822 2631 de
1852 2575 1942 2630 te?
1970 2573 2138 2630 redde
2165 2572 2433 2628 rationem
2482 2568 2828 2625 villicationis
2875 2577 3022 2623 tuae:
3061 2567 3175 2638 jam
3220 2566 3365 2632 enim

1756 2684 1862 2726 non
1917 2667 2118 2738 poteris
2165 2666 2434 2721 villicare.
2482 2665 2572 2719 Ait
2620 2671 2802 2717 autem
2849 2660 3063 2717 villicus
3093 2659 3233 2716 intra
3264 2675 3363 2718 sc:

1756 2766 1894 2835 Quid
1919 2765 2132 2831 faciam,
2162 2763 2285 2836 quia
2319 2760 2570 2817 dominus
2598 2774 2755 2814 meus
2786 2757 2962 2813 aufert
2985 2771 3016 2812 a
3041 2770 3128 2811 me
3157 2755 3363 2811 villica-

1759 2864 1995 2921 tionem?
2023 2862 2208 2918 fudere
2236 2875 2342 2916 non
2364 2858 2544 2924 valeo,
2576 2855 2888 2912 mendicare
2915 2854 3204 2910 erubesco.
3234 2850 3361 2907 Scio

1757 2961 1885 3032 quid
1919 2959 2137 3025 faciam,
2164 2967 2221 3014 ut
2242 2971 2364 3012 cum
2395 2962 2611 3010 amotus
2644 2952 2801 3008 fuero
2830 2966 2860 3006 a
2891 2950 3241 3014 villicatione,
3274 2965 3360 3006 re—

1760 3055 1961 3122 cipiant
1992 3067 2078 3107 me
2105 3051 2160 3107 in
2186 3049 2379 3104 domos
2401 3062 2553 3104 suas.
2579 3045 2908 3102 Convocatis
2930 3043 3114 3113 itaque
3136 3041 3363 3113 singulis

93 3123 320 3181 nitentium
351 3138 555 3200 agente.
607 3128 752 3200 iove,
794 3125 900 3199 10.]
934 3127 1022 3182 Ait
1049 3136 1226 3183 autem
1254 3128 1478 3208 :Vllomo
1523 3131 1646 3202 qui-
1677 3123 1721 3187 C
1753 3149 2088 3206 debitoribus
2136 3145 2342 3202 domini
2391 3144 2516 3212 sui,
2560 3142 2780 3199 dicebat
2827 3140 3040 3211 primo:
3090 3138 3360 3207 Quantum

93 3216 184 3273 dum
209 3219 374 3276 habuit
402 3224 534 3278 duos
566 3224 754 3282 filios:
789 3233 842 3277 et
872 3223 1008 3278 dixit
1035 3223 1434 3280 adolescentior
1457 3241 1520 3280 ex
1543 3226 1646 3283 illis

94 3314 229 3377 patri:
258 3314 421 3383 Pater,
450 3317 517 3371 da
549 3317 686 3372 mihi
721 3317 1022 3387 portionem
1045 3318 1364 3375 substantia:
1403 3336 1522 3391 qua:
1562 3337 1646 3378 me

94 3404 323 3476 contingit.
371 3409 435 3464 Et
480 3409 672 3464 divisit
718 3410 828 3464 illis
871 3411 1257 3467 substantiam.
1297 3413 1361 3468 Et
1391 3432 1494 3471 non
1527 3425 1649 3486 post

95 3499 250 3555 multos
274 3501 382 3558 dies
406 3503 757 3576 congregatis
781 3506 1055 3573 omnibus,
1084 3507 1482 3565 adolescentior
1507 3510 1647 3568 filius

95 3607 271 3664 peregre
290 3600 553 3669 profectus
580 3607 671 3655 est
700 3599 754 3655 in
787 3601 1064 3672 regionem
1093 3601 1466 3676 longinquam,
1498 3617 1550 3662 et
1574 3606 1649 3663 ibi

93 3685 720 3758 dissipavitsubstantiam
751 3711 902 3750 suam
951 3697 1181 3752 vivendo
1233 3698 1529 3756 luxuriose.
1583 3701 1651 3756 Et

92 3792 322 3854 postquam
351 3790 528 3844 omnia
557 3798 1023 3860 consummasset,
1055 3791 1194 3846 facta
1228 3801 1314 3847 est
1355 3793 1525 3849 fames
1557 3809 1649 3849 va-

91 3873 170 3927 lida
196 3878 239 3934 in
265 3882 475 3952 regione
503 3883 624 3952 illa,
659 3891 714 3937 et
743 3883 859 3954 ipse
887 3885 1054 3954 coepit
1080 3900 1262 3956 egere.
1298 3887 1362 3940 Et
1403 3887 1555 3953 abiit,
1595 3895 1652 3942 et

91 3965 272 4026 adh-.esit
309 3975 395 4029 uni
435 3975 645 4030 civium
673 3975 910 4046 regionis
938 3977 1103 4030 illius.
1139 3978 1205 4030 lit
1236 3976 1382 4032 misit
1408 3977 1561 4032 illum
1595 3978 1648 4033 iu

91 4061 230 4120 villam
257 4082 430 4138 suam,
460 4079 519 4126 ut
561 4080 817 4142 pasceret
862 4087 1080 4142 porcos.
1135 4071 1204 4126 Et
1250 4074 1502 4144 cupiebat
1541 4074 1649 4130 im-

91 4153 206 4222 plere
230 4171 461 4223 ventrem
493 4179 662 4220 suum
693 4162 761 4219 de
803 4164 1038 4236 siliquis,
1073 4181 1207 4236 quas
1238 4167 1383 4238 porci
1414 4167 1649 4224 mandu-

92 4249 277 4306 cabaut:
306 4264 356 4310 et
384 4272 546 4313 nemo
579 4255 658 4311 illi
691 4256 874 4312 dabat.
923 4257 982 4312 ln
1032 4273 1091 4313 se
1141 4269 1322 4315 autem
1369 4275 1648 4331 reversus,

93 4337 440 4413 dixitzuuanti
469 4347 801 4405 mercenarii
827 4350 881 4404 in
925 4350 1086 4405 domo
1120 4352 1290 4422 patris
1333 4353 1438 4407 mei
1481 4353 1652 4409 abun-

92 4429 194 4488 dant
217 4439 450 4509 panibus,
487 4457 593 4513 ego
625 4451 803 4497 autem
836 4442 922 4498 hic
965 4442 1106 4500 fame
1143 4447 1346 4516 pereo!
1397 4446 1646 4518 Surgam,

1751 3243 1918 3297 debes
1940 3241 2159 3296 domino
2185 3239 2344 3294 meo?
2371 3239 2442 3294 At
2464 3236 2554 3292 ille
2575 3235 2743 3291 dixit:
2775 3233 3006 3290 Centum
3031 3231 3197 3287 cados
3223 3231 3353 3291 olei.

1753 3335 2002 3405 Dixitque
2034 3334 2150 3389 illi:
2181 3333 2382 3402 Accipe
2414 3329 2718 3385 cautionem
2752 3336 2896 3382 tuam
2924 3344 2936 3381 :
2968 3332 3027 3390 et
3052 3324 3182 3380 sedc
3219 3323 3350 3389 eito,

1751 3429 1928 3486 scribe
1949 3429 2360 3502 quinquaginta.
2385 3422 2592 3479 Deinde
2615 3422 2706 3477 alii
2729 3421 2898 3477 dixit:
2927 3419 3010 3476 Tu
3033 3433 3168 3475 vero
3191 3433 3361 3489 quan-

1751 3530 1866 3580 tum
1896 3522 2101 3579 debes?
2132 3520 2232 3590 Qui
2261 3519 2373 3575 ait:
2407 3518 2636 3574 Centum
2667 3531 2832 3571 coros
2872 3513 3056 3571 tritici.
3102 3513 3190 3568 Ait
3236 3511 3354 3566 illi:

1753 3615 1952 3686 Accipe
1981 3615 2190 3672 litteras
2224 3621 2366 3680 tuas,
2399 3621 2454 3667 et
2483 3609 2661 3666 scribe
2687 3607 2987 3678 octoginta.
3020 3605 3086 3660 Et
3115 3600 3358 3660 laudavit

1752 3710 2002 3766 dominus
2026 3708 2267 3764 villicum
2295 3705 2610 3776 iniquitatis,
2634 3703 2760 3774 quia
2785 3700 3078 3772 prudenter
3115 3698 3353 3754 fecisset:

1754 3807 1879 3878 quia
1903 3804 2001 3860 filii
2032 3802 2191 3874 hujus
2221 3799 2410 3856 saeculi
2437 3798 2819 3869 prudentiores
2845 3793 2970 3851 filiis
2998 3790 3132 3847 lucis
3166 3791 3224 3846 in
3261 3806 3356 3864 ge.

1755 3900 2034 3956 neratione
2062 3912 2157 3952 sua
2184 3903 2330 3951 sunt.
2363 3894 2431 3948 Et
2460 3907 2560 3963 ego
2597 3891 2754 3948 vobis
2793 3888 2956 3952 dico:
3004 3887 3166 3944 facite
3206 3887 3361 3944 vobis

1755 3995 1960 4050 amicos
1990 3993 2059 4049 de
2087 4003 2397 4046 mammona
2446 3985 2789 4058 iniquitatis:
2837 3992 2920 4056 ut,
2969 3998 3093 4040 cum
3143 3982 3363 4043 defece-

1755 4087 1892 4153 ritis,
1925 4084 2191 4156 recipiant
2215 4097 2312 4140 vos
2340 4083 2395 4138 in
2426 4089 2626 4138 aeterna
2656 4079 3028 4138 tabernacula.
3061 4077 3162 4147 Qui
3188 4077 3364 4136 fidelis

1753 4180 1916 4239 estin
1946 4178 2191 4243 minimo,
2223 4186 2279 4236 et
2305 4175 2358 4232 in
2389 4174 2584 4245 majori
2613 4173 2789 4231 fidelis
2818 4183 2930 4240 est;
2961 4181 3017 4228 et
3042 4172 3133 4245 qui
3160 4173 3211 4226 in
3243 4184 3363 4227 mo-

1755 4278 1880 4334 dico
1907 4276 2119 4345 iniquus
2145 4281 2247 4342 est,
2281 4279 2337 4328 et
2361 4273 2417 4328 in
2445 4270 2636 4340 majori
2664 4271 2886 4340 iniquus
2914 4276 3018 4324 est.
3047 4265 3103 4323 Si
3131 4279 3261 4334 ergo
3302 4264 3356 4319 in

1756 4372 1940 4442 iniquo
1961 4382 2265 4426 mammona
2288 4365 2473 4424 ﬁdeles
2501 4381 2606 4422 non
2628 4364 2805 4424 fuistis
2830 4382 2842 4416 :
2869 4359 3012 4431 quod
3039 4373 3222 4415 verum
3253 4366 3360 4427 est,

1758 4465 1878 4536 quis
1904 4463 2089 4520 credet
2119 4461 2309 4518 vobis?
2340 4459 2409 4514 Et
2433 4460 2477 4514 si
2505 4459 2557 4520 in
2586 4456 2765 4514 alieno
2791 4454 2982 4510 ﬁdeles
3010 4467 3114 4506 non
3139 4449 3314 4504 fuistis
3339 4467 3352 4503 :

95 4528 224 4629 etibo
243 4535 304 4590 ad
325 4547 533 4606 patrem
570 4553 772 4604 meum,
803 4548 859 4595 et
887 4539 1061 4594 dicam
1095 4541 1144 4595 ei
1172 4558 1184 4594 :
1218 4541 1400 4610 Pater,
1432 4543 1652 4612 peccavi

1759 4526 1899 4629 quod
1927 4564 2162 4614 vestrum
2192 4565 2306 4620 est,
2338 4553 2458 4624 quis
2482 4551 2632 4608 dabit
2657 4549 2850 4607 vobis?
2883 4547 3047 4619 [cxcr,
3081 4543 3159 4614 5.]
3188 4542 3358 4598 Nemo

95 4620 136 4676 in
158 4628 353 4696 ctelum,
383 4643 437 4688 et
465 4648 656 4689 coram
693 4640 766 4688 tc.
799 4631 916 4688 Jatn
948 4650 1056 4689 non
1085 4649 1206 4689 sum
1234 4635 1432 4705 dignus
1471 4638 1654 4692 vocari

94 4714 210 4773 filius
234 4731 382 4780 tuus:
417 4726 501 4782 fac
529 4743 617 4784 me
643 4728 784 4782 sicut
817 4743 981 4782 unum
1024 4728 1091 4783 de
1135 4729 1487 4785 mercenariis
1525 4731 1652 4787 tuis.

92 4808 147 4864 Et
169 4829 372 4889 surgens
398 4821 551 4876 venit
577 4821 645 4876 ad
672 4830 878 4890 patrem
903 4838 1082 4877 Sttuni.
1117 4824 1250 4878 Cum
1273 4832 1451 4879 autem
1482 4825 1657 4881 adhuc

96 4902 228 4977 longe
254 4923 410 4983 esset,
442 4916 579 4971 vidit
606 4916 757 4972 illum
790 4927 941 4988 pater
970 4917 1160 4988 ipsius,
1192 4928 1246 4974 et
1285 4921 1657 4977 misericordia

96 5015 370 5082 metusest,
398 5022 452 5070 et
475 5029 771 5071 occurrens
819 5015 1014 5071 cecidit
1049 5031 1214 5085 super
1263 5019 1460 5073 collum
1510 5019 1650 5090 ejus,

96 5104 140 5150 et
163 5104 415 5159 osculatus
445 5118 532 5162 est
559 5124 703 5163 eum.
740 5109 990 5180 Dixitque
1018 5109 1068 5164 ei
1098 5110 1277 5164 lilius:
1310 5110 1493 5178 Pater,
1533 5127 1656 5182 pec-

96 5195 196 5247 cavi
221 5195 268 5250 in
293 5200 488 5255 cmlum
527 5211 581 5256 et
621 5217 805 5257 coram
853 5211 926 5268 te,
972 5203 1084 5271 jam
1133 5218 1240 5258 non
1291 5218 1413 5258 sum
1463 5202 1656 5275 dignus

98 5288 253 5342 vocari
281 5289 417 5346 (ilius
447 5300 590 5348 tuus.
627 5294 770 5348 Dixit
802 5305 982 5350 autem
1015 5303 1167 5364 pater
1189 5295 1254 5350 ad
1278 5310 1465 5351 servos
1488 5310 1614 5352 suos
1640 5313 1655 5354 :

97 5374 196 5434 Cito
240 5384 473 5451 proferte
516 5389 706 5444 stolam
757 5389 1008 5459 primam,
1057 5401 1112 5445 ct
1157 5389 1364 5445 induite
1397 5390 1570 5459 illum,
1607 5398 1663 5446 et

99 5467 207 5528 date
230 5479 480 5535 annulum
509 5481 562 5537 in
589 5497 807 5538 manum
837 5483 975 5554 ejus,
1006 5492 1060 5540 et
1089 5484 1456 5540 calceamenta
1486 5485 1539 5539 iu
1568 5499 1663 5554 pe-

106 5743 115 5753 .
164 5673 261 5759 “,1,”
289 5680 677 5759 “n0_Vali_catto
704 5692 864 5759 atque
894 5686 1066 5759 altero
1103 5685 1323 5759 Reginae
1367 5699 1468 5740 ms.
1506 5691 1567 5738 ut
1604 5692 1659 5741 et

107 5748 150 5801 in
173 5748 364 5820 aliquot
386 5752 586 5826 Graecis
612 5748 911 5829 codicibus,
944 5757 988 5816 si
1015 5748 1286 5832 autemvaal
1305 5773 1527 5832 quoque,
1549 5764 1656 5816 etc.

1759 4664 1950 4706 servus
1970 4656 2146 4718 potest
2170 4645 2378 4702 duobus
2409 4641 2640 4698 dominis
2672 4639 3011 4696 servirezaut
3033 4636 3178 4691 enim
3198 4649 3364 4691 unum

1759 4744 1921 4810 odiet,
1951 4752 2005 4799 et
2023 4743 2248 4799 alterum
2266 4739 2456 4810 diliget
2474 4755 2488 4797 :
2511 4745 2604 4794 aut
2624 4735 2716 4790 uni
2739 4732 3039 4788 adhmrebit
3057 4740 3111 4794 et
3127 4729 3358 4786 alterum

1758 4845 2108 4895 contemnet:
2144 4850 2250 4890 non
2284 4831 2512 4904 potestis
2538 4829 2653 4884 Deo
2681 4826 2889 4883 servire
2920 4832 2976 4880 et
3019 4836 3362 4880 mammonae.

1763 4926 2426 5005 [cxcu,10.]Audiebant
2463 4931 2642 4979 autem
2691 4919 2876 4977 omnia
2922 4918 3039 4974 haec
3085 4918 3360 4988 pharisaei,

1718 5093 1721 5095 _
1759 5023 1853 5094 qui
1880 5030 2034 5080 erant
2060 5020 2243 5077 avari:
2285 5027 2339 5073 et
2385 5014 2706 5071 deridebant
2755 5012 2934 5068 illum.
2982 5012 3050 5066 Et
3095 5011 3169 5065 ait
3216 5009 3363 5067 illis:

1763 5116 1869 5173 Vos
1889 5115 2040 5180 estis,
2065 5112 2158 5183 qui
2177 5108 2488 5182 justificatis
2512 5121 2607 5162 vos
2632 5119 2817 5162 coram
2847 5103 3187 5160 hominibus:
3224 5102 3364 5158 Deus

1757 5218 1938 5265 autem
1989 5206 2137 5260 novit
2185 5201 2349 5259 corda
2401 5209 2618 5256 vestra:
2671 5199 2794 5268 quia
2851 5196 2995 5268 quod
3054 5195 3366 5250 hominibus

1759 5303 1928 5358 altum
1950 5309 2052 5364 est,
2080 5293 2412 5352 abominatio
2437 5302 2522 5350 est
2547 5299 2673 5350 ante
2693 5291 2884 5348 Deum.
2915 5290 3119 5363 [cxcnt,
3147 5286 3226 5357 5.]
3255 5287 3366 5344 Lex

1759 5403 1814 5451 et
1841 5391 2150 5462 Prophetaa,
2185 5401 2354 5457 usque
2385 5386 2453 5442 ad
2484 5387 2785 5444 Joannem:
2815 5399 2882 5440 ex
2909 5397 2977 5438 eo
3011 5395 3234 5452 regnum
3266 5379 3364 5436 Dei

1761 5482 2186 5554 evangelizatur,
2212 5489 2269 5536 et
2297 5480 2475 5534 omnis
2501 5480 2554 5535 in
2587 5477 2716 5533 illud
2743 5478 2850 5534 vim
2884 5475 3034 5533 facit.
3062 5473 3257 5548 [cxcrv,
3284 5472 3364 5544 5.]

1835 5681 1862 5724 b
1895 5681 1952 5741 ln
1978 5680 2176 5741 nostris
2205 5693 2337 5739 mss.
2367 5696 2484 5751 qua:
2508 5681 2617 5739 hwc
2641 5688 2826 5736 essent.
