3920 6200
565 237 670 297 639
1555 241 1616 297 S.
1657 239 2044 300 HIERONYMI
2085 241 2315 302 DIVINA
2357 244 2835 303 BIBLIOTHECA.
3743 254 3823 312 610

563 359 802 417 Facilius
831 367 915 418 est
941 368 1120 418 autem
1143 359 1342 417 coelum
1373 367 1429 417 et
1454 369 1656 418 terram
1678 364 1980 433 praeterire,
2009 379 2166 436 quam
2197 368 2251 426 Α
2273 365 2400 422 dum
2427 368 2526 423 iret
2553 368 2606 422 in
2635 368 2955 434 Jerusalem,
2984 368 3245 425 transibat
3269 384 3367 440 per
3400 368 3635 426 mediam
3678 370 3828 428 Sama-

563 453 634 511 de
665 453 782 526 lege
815 470 976 510 unum
1016 454 1225 525 apicem
1253 456 1470 513 cadere.
1507 455 1682 528 [cxcv.
1712 455 1793 529 2.]
1821 457 2029 529 Omnis,
2059 461 2151 531 qui
2266 459 2402 513 riam
2444 460 2498 515 in
2553 460 2660 532 [AL
2711 459 2785 531 et]
2835 460 3137 517 Galilzeam.
3188 461 3253 516 Et
3308 477 3434 516 cum
3496 462 3830 533 ingrederetur

563 549 783 606 dimittit
812 555 1038 605 uxorem
1064 565 1240 616 suam,
1273 558 1327 605 et
1353 550 1579 607 alteram
1607 551 1777 618 ducit,
1812 553 2157 612 mtechatur:
2263 551 2533 622 quoddam
2578 552 2864 608 castellum
2899 570 2914 618 ;
2957 564 3312 609 occurrerunt
3342 555 3390 609 ei
3423 554 3616 610 decem
3653 557 3744 612 viri
3773 559 3831 614 le.

559 649 613 697 et
634 640 724 710 qui
747 639 1021 697 dimissam
1053 655 1082 696 a
1117 641 1236 697 viro
1263 641 1430 708 ducit,
1458 645 1780 700 matehatur.
1814 643 2012 718 [cxcvt,
2047 644 2162 719 10.]
2265 644 2436 714 prosi,
2462 644 2552 713 qui
2584 653 2850 702 steterunt
2877 660 2906 699 a
2949 645 3148 716 longe:
3187 656 3244 702 et
3290 647 3612 704 levaverunt
3653 664 3827 718 vocem,

557 730 734 790 Homo
758 730 971 802 quidam
1000 743 1116 788 erat
1144 733 1315 800 dives,
1345 735 1434 804 qui
1468 735 1798 792 induebatur
1832 752 2068 807 purpura
2107 747 2163 793 et
2263 736 2505 793 dicentes
2544 755 2557 790 :
2588 737 2718 794 Jesu
2752 748 3079 809 praeceptor,
3112 739 3373 795 miserere
3413 741 3609 796 nostri.
3643 743 3771 812 Quos
3789 755 3831 801 ut

558 822 759 896 bysso:
789 833 848 880 et
872 823 1191 892 epulabatur
1213 825 1455 896 quotidie
1480 827 1785 899 splendide.
1818 829 1885 884 Et
1910 838 2028 885 erat
2051 829 2162 900 qui-
2262 833 2417 900 vidit,
2447 832 2617 887 dixit:
2661 833 2758 900 Ite,
2791 832 3061 890 ostendite
3085 847 3179 889 vos
3222 833 3618 890 sacerdotibus.
3649 836 3708 891 Et
3741 836 3832 893 fac-

557 918 680 973 dam
715 917 1016 988 mendicus,
1045 918 1266 976 nomine
1295 918 1556 989 Lazarus,
1587 921 1680 993 qui
1717 921 1936 991 jacebat
1973 921 2041 976 ad
2081 921 2164 993 ja-
2265 931 2375 978 tum
2423 933 2533 988 est,
2565 923 2690 978 dum
2732 925 2909 993 irent,
2941 925 3181 980 mundati
3226 935 3372 981 sunt.
3407 925 3554 983 Unus
3582 938 3748 985 autem
3777 946 3832 986 ex

555 1027 722 1071 nuam
763 1011 904 1082 ejus,
954 1012 1228 1068 ulceribus
1277 1013 1494 1084 plenus,
1543 1015 1770 1082 cupiens
1813 1015 2047 1070 saturari
2094 1014 2163 1070 de
2264 1015 2480 1085 illis,ut
2521 1017 2657 1072 vidit
2686 1018 2810 1089 quia
2845 1019 3137 1074 mundatus
3166 1028 3274 1085 est,
3299 1034 3572 1090 regressus
3602 1033 3830 1087 est,cum

555 1103 734 1171 micis,
765 1120 884 1173 qua:
911 1105 1176 1160 cadebant
1207 1105 1276 1162 de
1302 1121 1489 1162 mensa
1513 1105 1718 1174 divitis,
1755 1116 1782 1144 ⁸
1811 1112 1866 1163 et
1895 1122 2056 1162 nemo
2086 1108 2161 1164 illi
2263 1125 2455 1180 magna
2484 1125 2620 1166 voce
2649 1111 2998 1182 magnificans
3032 1111 3227 1177 Deum,
3259 1123 3317 1167 et
3345 1113 3541 1168 cecidit
3564 1114 3616 1169 in
3656 1114 3830 1170 faciem

556 1195 753 1252 dabat:
783 1195 879 1252 sed
909 1205 966 1252 et
1003 1211 1169 1252 canes
1210 1196 1521 1264 veniebant,
1568 1207 1623 1254 et
1664 1198 1938 1269 lingebant
1979 1199 2162 1255 ulcera
2263 1214 2387 1258 ante
2414 1204 2577 1272 pedes
2605 1205 2743 1274 ejus,
2775 1207 2976 1275 gratias
3005 1221 3172 1275 agens
3200 1224 3213 1260 :
3261 1217 3316 1262 et
3359 1206 3446 1263 hic
3474 1217 3590 1263 erat
3623 1209 3833 1265 Samari-

556 1290 696 1361 ejus.
735 1289 958 1346 Factum
1004 1299 1088 1347 est
1119 1301 1325 1359 autem,
1361 1299 1417 1346 ut
1442 1301 1748 1348 moreretur
1775 1292 2079 1357 mendicus,
2107 1301 2163 1348 et
2266 1303 2448 1351 tanus.
2477 1296 2834 1367 Respondens
2856 1308 3034 1354 autem
3059 1299 3240 1366 Jesus,
3265 1299 3434 1355 dixit:
3461 1299 3649 1357 Nonne
3670 1302 3829 1360 decem

554 1393 867 1456 portaretur
893 1385 961 1440 ab
987 1386 1193 1456 angelis
1224 1387 1277 1441 in
1312 1387 1488 1442 sinum
1520 1386 1774 1442 Abrahae.
1807 1387 2047 1442 Mortuus
2077 1395 2164 1443 est
2263 1390 2505 1444 mundati
2535 1391 2705 1445 sunt?
2734 1401 2787 1464 e_t
2812 1407 3006 1448 novem
3039 1392 3130 1447 ubi
3165 1392 3338 1449 sunt?
3363 1392 3482 1449 Non
3509 1406 3592 1450 est
3615 1396 3832 1453 inventus

555 1487 735 1533 autem
762 1489 816 1534 et
844 1477 1020 1549 dives,
1051 1488 1105 1536 et
1130 1479 1373 1548 sepultus
1400 1487 1486 1536 est
1532 1478 1589 1534 in
1639 1480 1877 1536 inferno.
1929 1481 2161 1537 Elevans
2263 1481 2355 1552 qui
2385 1483 2616 1548 rediret,
2649 1493 2701 1539 et
2731 1483 2887 1540 daret
2917 1485 3148 1556 gloriam
3181 1487 3319 1551 Deo,
3354 1487 3458 1542 nisi
3490 1487 3577 1542 hic
3612 1488 3834 1560 alienige-

555 1580 739 1626 autem
784 1570 972 1626 oculos
1021 1585 1170 1639 suos,
1224 1587 1346 1626 cum
1396 1581 1542 1627 esset
1591 1573 1645 1627 in
1686 1573 1998 1640 tormentis,
2027 1573 2163 1629 vidit
2264 1589 2352 1629 na.
2379 1575 2444 1630 Et
2474 1577 2546 1630 ait
2583 1576 2660 1630 illi
2691 1595 2704 1630 :
2733 1576 2926 1648 Surge,
2959 1578 3118 1646 vade,
3143 1580 3271 1650 quia
3303 1577 3438 1634 fides
3470 1591 3551 1634 tua
3582 1590 3628 1635 te
3651 1582 3832 1636 salvum

557 1659 832 1718 Abraham
859 1675 891 1714 a
920 1660 1103 1730 longe,
1129 1671 1186 1714 et
1213 1661 1476 1716 Lazarum
1507 1662 1562 1717 in
1595 1663 1714 1717 sinu
1747 1663 1904 1731 ejus:
1950 1675 2004 1718 et
2046 1663 2161 1734 ipse
2267 1667 2412 1724 fecit.
2451 1667 2596 1741 [cett
2622 1711 2636 1738 ,
2680 1670 2780 1743 5.]
2833 1670 3203 1744 Interrogatus
3243 1684 3428 1730 autem
3473 1690 3503 1730 a
3543 1675 3833 1731 Pharisteis:

559 1755 802 1807 clamans
843 1751 1019 1808 dixit:
1065 1753 1227 1807 Pater
1270 1753 1568 1820 Abraham,
1621 1755 1886 1811 miserere
1930 1756 2058 1822 mei,
2110 1766 2165 1810 ct
2197 1746 2240 1805 Β
2267 1761 2494 1829 Quando
2541 1764 2688 1818 venit
2718 1780 2942 1834 regnum
2994 1765 3140 1820 Dei?
3181 1767 3519 1836 respondens
3548 1768 3656 1833 eis,
3683 1767 3833 1822 dixit:

560 1844 713 1899 mitte
761 1842 1044 1912 Lazarum,
1094 1855 1154 1899 ut
1200 1845 1431 1928 intingat
1473 1854 1775 1902 extremum
1802 1846 1955 1918 digiti
1986 1847 2070 1902 sui
2103 1847 2156 1903 in
2267 1854 2382 1908 Non
2415 1856 2564 1909 venit
2591 1871 2813 1925 regnum
2844 1856 2939 1911 Dei
2969 1873 3090 1912 cum
3123 1857 3510 1914 observatione
3539 1876 3553 1914 :
3587 1873 3746 1929 neque
3771 1858 3836 1912 di-

563 1949 778 2005 aquam,
811 1943 868 1989 ut
899 1934 1185 2007 refrigeret
1213 1936 1448 2008 linguam
1480 1951 1677 2006 meam,
1707 1937 1830 2004 quia
1868 1939 2080 1994 crucior
2110 1989 2111 1993 η

2283 1957 2424 2002 :ent:
2475 1947 2617 2003 Ecce
2645 1947 2753 2014 hic,
2800 1960 2893 2003 aut
2939 1965 3068 2005 ecce
3109 1950 3243 2006 illic.
3292 1952 3431 2007 Ecce
3462 1953 3607 2007 enim
3639 1967 3831 2022 regnum

558 2025 662 2082 bac
695 2027 933 2084 flamma.
965 2027 1034 2083 Et
1059 2028 1196 2084 dixit
1234 2029 1309 2084 illi
1350 2029 1660 2085 Abraham:
1703 2029 1827 2098 Fili,
1878 2032 2164 2091 recordare
2268 2039 2363 2094 Dei
2408 2041 2545 2094 intra
2579 2055 2674 2096 vos
2718 2051 2821 2096 est.
2867 2041 3188 2114 ]ccut,10.]
3231 2043 3299 2098 Et
3343 2045 3419 2098 ait
3469 2044 3535 2098 ad
3581 2042 3835 2113 discipulos

559 2123 685 2194 quia
715 2121 967 2192 recepisti
995 2122 1136 2179 bona
1163 2123 1216 2178 in
1245 2125 1357 2178 vita
1399 2133 1508 2191 tua,
1541 2132 1596 2180 et
1636 2124 1873 2180 Lazarus
1915 2127 2165 2184 similiter
2265 2149 2394 2190 suos
2428 2153 2439 2188 :
2474 2134 2705 2189 Venient
2730 2134 2846 2189 dies
2887 2135 3104 2202 quando
3130 2135 3456 2192 desideretis
3498 2137 3676 2192 videre
3701 2152 3834 2191 unum

562 2216 701 2272 mala
731 2233 742 2268 :
773 2231 916 2272 nunc
942 2225 1120 2272 autem
1151 2216 1238 2272 hic
1267 2218 1602 2283 consolatur,
1634 2227 1689 2273 tu
1718 2234 1847 2275 vero
1871 2221 2153 2287 cruciaris;
2266 2225 2408 2282 diem
2437 2225 2560 2281 Filii
2589 2228 2851 2296 hominis,
2881 2237 2936 2284 et
2965 2243 3073 2283 non
3104 2228 3380 2284 videbitis.
3405 2230 3570 2302 [cetv,
3595 2229 3672 2302 2.]
3700 2231 3759 2285 Et
3775 2229 3836 2283 di-

559 2316 616 2362 et
647 2307 698 2362 in
731 2306 815 2362 his
843 2307 1115 2376 omnibus,
1147 2309 1290 2364 inter
1333 2324 1432 2364 nos
1474 2318 1529 2364 et
1567 2324 1664 2365 vos
1705 2311 1872 2367 chaos
1913 2329 2160 2384 magnum
2265 2329 2395 2377 cent
2418 2322 2609 2378 vobis:
2641 2321 2782 2378 Ecce
2812 2323 2922 2388 hic,
2956 2331 3010 2377 et
3039 2337 3168 2378 ecce
3201 2323 3332 2378 illic.
3361 2323 3543 2379 Nolite
3571 2326 3664 2392 ire,
3691 2338 3838 2394 neque

560 2400 832 2455 firmatum
863 2408 949 2456 est
975 2419 987 2454 :
1022 2410 1079 2455 ut
1111 2402 1188 2468 hi,
1219 2402 1310 2472 qui
1335 2402 1523 2457 volunt
1548 2402 1674 2458 hinc
1703 2406 1932 2459 transire
1953 2406 2018 2460 ad
2045 2420 2161 2475 vos,
2266 2415 2574 2470 sectamini.
2605 2414 2759 2486 μον,
2791 2413 2879 2486 5.]
2910 2413 3078 2481 Nam,
3111 2415 3252 2470 sicut
3282 2416 3462 2486 fulgur
3486 2431 3760 2472 coruscans
3785 2415 3839 2470 de

558 2506 671 2548 ηοη
717 2493 947 2563 Possm:
1002 2509 1178 2564 ηετιυθ
1225 2494 1352 2549 inde
1397 2494 1501 2550 huc
1551 2503 1906 2552 ‘Pansnleal‘e-
1955 2497 2020 2552 Ει
2047 2499 2159 2553 all:
2265 2510 2368 2565 sub
2393 2510 2566 2573 emlo,
2616 2511 2668 2564 in
2699 2526 2760 2566 ea
2790 2527 2910 2582 qua:
2940 2512 3042 2566 sub
3069 2513 3211 2568 coelo
3240 2523 3388 2579 sunt,
3424 2512 3624 2584 fulget:
3655 2513 3719 2567 ita
3747 2513 3840 2566 erit

557 2583 710 2656 Βοεο
736 2600 864 2656 ⁸1⁵80
895 2594 969 2655 ιθ,
1001 2596 1172 2656 Pater,
1207 2596 1264 2641 υι
1291 2589 1474 2642 "mlas
1502 2604 1626 2643 eum
1654 2589 1706 2644 ίη
1737 2589 1958 2644 domm“
1994 2590 2164 2660 Palfis
2265 2603 2439 2658 Filius
2467 2604 2700 2660 hominis
2736 2605 2790 2659 in
2823 2604 2911 2661 die
2939 2619 3060 2664 sua.
3102 2605 3272 2678 [ccvt,
3299 2605 3378 2678 2.]
3411 2583 3645 2663 Primum
3679 2617 3839 2662 autem

559 2679 687 2734 mei.
720 2679 905 2736 Habeo
934 2679 1080 2736 enim
1107 2681 1344 2752 quinque
1373 2682 1590 2748 fratres,
1642 2694 1700 2737 ut
1756 2693 1983 2740 testetur
2031 2686 2106 2739 illi

2290 2704 2480 2765 iportet
2514 2695 2667 2750 illum
2699 2697 2865 2752 multa
2899 2700 3033 2768 pati,
3063 2707 3120 2754 et
3147 2699 3430 2769 reprobari
3460 2716 3492 2754 a
3523 2700 3838 2771 generatione

559 2788 627 2830 ne
654 2783 709 2831 et
736 2775 841 2845 ipsi
867 2777 1088 2831 veniant
1130 2777 1182 2831 in
1229 2776 1372 2832 hunc
1410 2777 1586 2832 locum
1630 2785 2048 2834 tormentorum.
2097 2778 2166 2835 Et
2268 2787 2391 2843 hac.
2420 2787 2602 2860 [ccvu,
2637 2788 2715 2861 5.]
2747 2789 2812 2843 Et
2833 2789 2970 2844 sicut
2992 2790 3192 2845 factum
3226 2792 3387 2846 estin
3417 2791 3609 2848 diebus
3635 2794 3756 2861 Noe,
3784 2793 3839 2847 ita

559 2866 634 2921 ait
669 2866 747 2922 illi
777 2868 1085 2924 Abraham:
1111 2869 1325 2925 llabent
1354 2869 1598 2943 Moysen,
1633 2882 1685 2927 et
1709 2869 2010 2941 Prophetas
2035 2889 2049 2925 ε
2071 2889 2167 2928 au-
2269 2883 2371 2937 erit
2399 2891 2454 2937 et
2477 2883 2528 2936 in
2550 2882 2741 2940 diebus
2765 2883 2890 2939 Filii
2921 2885 3174 2940 hominis.
3209 2885 3481 2952 Edebant,
3504 2898 3559 2943 et
3581 2888 3836 2943 bibebant:

560 2957 882 3054 diantAillos.
917 2963 984 3014 At
1015 2961 1106 3054 ille
1135 2960 1307 3016 dixit:
1337 2961 1476 3027 Non,
1509 2973 1664 3033 pater
1702 2963 1976 3020 Abraham
2010 2986 2022 3022 :
2069 2965 2165 3020 sed
2272 2991 2470 3032 uxores
2499 2977 2804 3044 ducebant,
2843 2987 2899 3034 et
2924 2979 3191 3035 dabantur
3237 2981 3305 3036 ad
3348 2983 3585 3054 nuptias,
3619 2999 3773 3054 usque
3798 2983 3839 3037 in

560 3049 611 3105 si
637 3050 760 3119 quis
788 3066 855 3106 ex
882 3052 1114 3107 mortuis
1140 3054 1264 3108 ierit
1289 3054 1355 3109 ad
1396 3069 1511 3121 eos,
1562 3055 1931 3124 pmnitentiam
1979 3072 2108 3128 aget]

2290 3067 2435 3135 lietn,
2461 3084 2564 3138 qua
2595 3070 2816 3124 intravit
2843 3068 2959 3124 Noe
2990 3069 3044 3125 in
3075 3086 3289 3127 arcam:
3321 3081 3378 3129 et
3406 3049 3557 3128 venit
3586 3075 3838 3139 diluvium,

563 3139 654 3195 Ait
684 3148 863 3196 autem
897 3142 970 3197 illi
995 3161 1010 3198 :
1038 3143 1096 3198 Si
1117 3143 1336 3216 Moysen
1366 3155 1422 3201 et
1448 3147 1748 3217 Prophetas
1777 3165 1883 3203 non
1905 3150 2105 3205 audiun

2289 3169 2325 3217 :t
2358 3130 2588 3229 perdidit
2608 3177 2820 3219 omnes.
2847 3165 3050 3236 [:CCVlIl,
3081 3165 3194 3237 10.]
3218 3165 3484 3223 Similiter
3507 3168 3644 3224 sicut
3671 3130 3837 3224 factum

559 3248 737 3304 neque
765 3235 808 3289 si
837 3237 956 3304 quis
985 3252 1055 3291 ex
1088 3240 1314 3294 mortuis
1343 3245 1730 3307 resurrexerit,
1758 3244 2003 3300 credent.

2290 3264 2354 3310 :st
2379 3256 2430 3310 in
2455 3256 2647 3312 diebus
2677 3257 2806 3314 Lot:
2839 3259 3086 3315 Edcbant
3113 3235 3488 3323 etvbibebant;
3517 3264 3774 3333 emebant,
3797 3273 3838 3318 et

635 3324 980 3427 [Cap.}VII.
1009 3343 1212 3396 cxcvtt,
1239 3330 1320 3400 2.]
1448 3334 1521 3388 ait
1552 3335 1618 3389 ad
1651 3336 1948 3407 discipulos
1997 3355 2164 3397 suos:
2272 3348 2612 3404 vendebant:
2656 3352 2976 3420 plantabant
3011 3364 3066 3409 et
3100 3353 3484 3411 aedificabant:
3527 3374 3628 3427 qua
3654 3359 3736 3414 die
3764 3324 3838 3411 au-

563 3416 902 3522 {inpossibile
933 3431 1032 3487 est,
1066 3431 1120 3475 ut
1151 3437 1258 3477 non
1289 3426 1508 3479 veniant
1535 3428 1825 3486 scandala:
1865 3447 1945 3487 vm
1989 3442 2167 3489 autem
2271 3450 2380 3497 tem
2411 3442 2543 3497 exiit,
2571 3416 2673 3500 Lot
2699 3462 2726 3498 a
2756 3444 3040 3516 Sodomis,
3083 3448 3219 3518 pluit
3247 3449 3427 3519 ignem
3460 3461 3514 3506 et
3545 3416 3765 3522 .sulpbur
3786 3450 3838 3505 de

562 3507 661 3576 illi,
695 3525 788 3579 per
811 3526 972 3581 quem
998 3512 1247 3568 veniunt.
1282 3513 1477 3570 Utilius
1507 3525 1592 3572 est
1615 3518 1714 3585 illi,
1745 3521 1789 3574 si
1830 3523 1963 3590 lapis
1995 3525 2110 3580 mol:

2289 3535 2432 3602 :azlo,
2460 3547 2512 3591 et
2543 3553 2729 3593 omnes
2757 3539 3018 3608 perdidit:
3048 3542 3343 3596 secundum
3378 3543 3496 3598 haec
3525 3544 3748 3615 eril'qua
3769 3543 3837 3596 die

558 3605 634 3660 τῖε
680 3605 991 3676 imponatur
1031 3608 1177 3663 Circa
1219 3609 1414 3664 εουυίη
1461 3611 1601 3682 eius.
1651 3621 1707 3668 ει
1754 3616 2067 3686 projiciatur
2112 3622 2166 3677 in
2270 3627 2438 3682 Filius
2465 3628 2697 3685 hominis
2722 3632 3256 3704 revelabitur.]ccut,
3285 3634 3366 3706 2.]
3397 3635 3451 3690 lu
3478 3635 3570 3691 illa
3602 3636 3835 3705 hora,qui

558 3713 726 3798 mare,
779 3715 939 3771 quam
988 3710 1048 3756 ut
1096 3701 1423 3759 scandalizet
1471 3720 1635 3760 unum
1674 3707 1744 3763 de
1785 3711 1993 3779 pusillis
2025 3713 2165 3769 istis.
2268 3722 2433 3778 fuerit
2460 3727 2511 3778 in
2550 3733 2732 3793 tecto,
2759 3738 2814 3783 et
2848 3745 2971 3784 vasa
3009 3729 3126 3798 ejus
3158 3732 3208 3783 in
3252 3732 3440 3797 domo,
3471 3747 3540 3787 ne
3578 3730 3836 3788 descendat

558 3787 796 3862 [cxevnt,
828 3793 908 3866 5.]
936 3795 1212 3853 Attendite
1241 3798 1431 3854 vobis:
1461 3798 1518 3856 Si
1552 3804 1859 3870 peccaverit
1887 3808 1940 3860 in
1975 3815 2025 3861 te
2057 3809 2102 3862 fr

2287 3816 2461 3871 ,ollere
2493 3817 2621 3885 illa;
2662 3831 2715 3876 et
2744 3821 2832 3890 qui
2866 3823 2916 3875 in
2951 3837 3102 3893 agro,
3133 3824 3385 3878 similiter
3428 3841 3537 3879 non
3569 3825 3742 3880 redeat
3767 3837 3835 3877 re-

557 3893 642 3992 lﬁl'
669 3888 1072 3992 inussulllcrepa
1118 3890 1266 3946 illum
1285 3912 1309 3992 ξ
1350 3903 1403 3948 el
1447 3894 1492 3949 si
1541 3898 1915 3966 paenitentiam
1955 3890 2160 3972 egerit,
2267 3917 2369 3964 tro.
2399 3911 2548 3983 μοχ,
2584 3888 2995 3983 10.]1llemores
3024 3925 3200 3972 estote
3229 3920 3414 3972 uxoris
3443 3919 3562 3973 Lot.
3600 3921 3745 3992 [casn
3770 3915 3833 3985 5.]

557 3974 770 4077 dimitte
818 3978 914 4033 illi.
963 3981 1170 4077 [cxmx,
1222 3982 1301 4077 5.]
1349 3985 1415 4040 Et
1456 3988 1500 4043 si
1534 3990 1736 4060 septies
1769 3992 1820 4046 in
1853 3991 1942 4049 die
1967 4010 2158 4065 pecca-
2264 4002 2604 4074 Quicumque
2643 4007 2919 4075 quaesierit
2957 4009 3192 4062 anintam
3245 4025 3396 4064 suam
3431 3974 3630 4065 salvam
3661 4011 3831 4072 facere,

557 4069 696 4174 verit
727 4069 780 4122 in
815 4077 888 4174 te,
922 4080 978 4174 et
1005 4075 1205 4142 septies
1235 4076 1286 4174 in
1317 4078 1406 4174 die
1433 4095 1730 4174 conversus
1774 4085 1933 4141 fuerit
1972 4088 2038 4143 ad
2083 4098 2158 4157 te,
2265 4097 2456 4166 perdet
2483 4069 2631 4154 illam
2659 4119 2672 4153 :
2703 4110 2758 4154 et
2789 4103 3114 4172 quicumque
3143 4103 3436 4174 perdiderit
3480 4106 3652 4169 illam,
3680 4103 3835 4157 vivifi-

556 4157 788 4215 dicens:
824 4160 1058 4220 Paenitet
1080 4181 1188 4232 me,
1217 4167 1427 4224 dimitte
1450 4171 1549 4227 illi.
1578 4174 1685 4244 [cc,
1712 4177 1792 4248 5.]
1821 4179 1885 4233 Et
1909 4179 2099 4236 dixeru

2284 4191 2406 4246 :abit
2431 4208 2572 4247 eam.
2599 4195 2786 4265 Iccxu,
2821 4194 2900 4267 5.]
2931 4197 3060 4252 Dico
3089 4199 3270 4254 vobis:
3306 4201 3365 4254 Itt
3398 4200 3490 4254 illa
3519 4210 3673 4255 nocte
3695 4205 3832 4253 erunt

555 4255 804 4322 Apostoli
840 4255 1068 4313 Domino
1097 4277 1109 4311 :
1141 4260 1360 4330 Adauge
1391 4266 1548 4320 nobis
1577 4268 1756 4326 fidem.
1795 4271 1936 4326 Dixit
1977 4285 2102 4330 aute

2285 4282 2370 4339 luo
2401 4286 2454 4340 in
2481 4289 2621 4342 lecto
2654 4303 2786 4355 uno;
2817 4303 2956 4343 unus
2982 4301 3312 4358 assumetur,
3343 4301 3398 4348 et
3429 4293 3567 4348 alter
3595 4293 3833 4360 relinque-

555 4345 821 4448 Dotninus
843 4348 954 4448 :‘Si
975 4349 1271 4448 habueritis
1299 4353 1483 4426 fidem,
1514 4360 1654 4416 sicut
1678 4376 1904 4432 granum
1928 4367 2156 4437 sinapis,
2263 4384 2349 4430 tur
2374 4393 2385 4428 :
2419 4377 2539 4432 duae
2568 4387 2727 4433 erunt
2757 4379 3026 4436 molentes
3063 4381 3114 4435 in
3160 4396 3358 4448 unum;
3399 4399 3501 4437 una
3530 4391 3828 4445 assumetur,

552 4438 820 4542 {dicetis
865 4443 990 4499 huic
1029 4445 1209 4502 arbori
1257 4463 1410 4504 moro
1439 4469 1453 4504 :
1507 4452 1822 4521 Eradicare,
1876 4468 1931 4514 et
1984 4471 2158 4517 trans-
2183 4519 2236 4542 ἢ
2261 4476 2317 4522 et
2347 4469 2514 4524 altera
2550 4471 2929 4542 relinquetur:
2959 4472 3068 4527 duo
3095 4474 3147 4527 in
3177 4489 3343 4542 agro;
3374 4489 3512 4529 unus
3532 4479 3830 4533 assumetur,

553 4531 800 4602 plantare
847 4535 899 4590 in
948 4552 1136 4638 mare:
1180 4549 1235 4595 et
1272 4541 1492 4600 obediet
1519 4545 1691 4601 vobis.
1724 4550 1852 4620 lcet,
1883 4551 1993 4621 10.]
2021 4554 2153 4621 Quis
2183 4519 2236 4579 Β
2261 4571 2315 4615 et
2338 4563 2478 4617 alter
2505 4519 2858 4634 t‘elittqu'etur.
2891 4566 3096 4637 [ccxtn,
3130 4519 3636 4638 5.]0Rcspondentes
3661 4565 3833 4618 dicunt

550 4637 731 4684 autem
758 4639 996 4686 vestrum
1025 4630 1235 4689 habens
1264 4650 1481 4692 servum
1521 4651 1765 4696 arantcm
1805 4654 1896 4699 aut
1928 4661 2153 4716 pasceu-
2261 4655 2371 4711 illi:
2408 4655 2537 4722 Ubi,
2575 4630 2837 4712 Domine?
2866 4630 2969 4727 Qui
2995 4630 3129 4713 dixit
3159 4630 3267 4715 illis
3294 4678 3305 4712 :
3338 4630 3663 4729 Ubicumque
3687 4654 3829 4710 luerit

551 4728 681 4788 tem,
716 4723 805 4823 qui
835 4739 1084 4796 regresso
1110 4727 1179 4784 de
1202 4744 1334 4800 agro
1363 4731 1511 4788 dicat
1552 4733 1631 4788 illi
1658 4753 1671 4789 :
1718 4736 1911 4794 Statim
1957 4746 2145 4813 transi,
2259 4765 2480 4818 corpus,
2517 4750 2645 4804 illuc
2674 4723 3144 4823 congregabnntur
3172 4761 3227 4807 et
3254 4754 3473 4823 aquilae.

551 4815 842 4916 recumbe:
892 4826 946 4874 et
995 4835 1102 4874 non
1148 4821 1297 4877 dicat
1343 4824 1392 4878 ei
1421 4841 1435 4879 :
1490 4825 1621 4882 Para
1650 4831 1793 4900 quod
1825 4848 2061 4898 omnem,
2095 4848 2151 4893 et
2335 4815 2488 4914 [δαν.
2522 4840 2709 4898 XVIII.
2738 4815 2918 4910 .26an
2950 4844 3063 4916 10.]
3097 4815 3320 4901 Dicebai
3347 4855 3526 4902 autem
3551 4855 3602 4900 et
3625 4841 3824 4916 parabo-

551 4912 820 5010 prrecinge
843 4922 917 4980 te,
943 4926 997 4971 et
1017 4919 1263 4974 ministra
1297 4921 1426 4976 mihi
1457 4923 1631 4980 donec
1655 4928 1972 4983 manducem
1996 4941 2050 4986 et
2072 4932 2156 4988 bi-
2263 4912 2366 4990 Iatn
2398 4935 2467 4989 ad
2500 4935 2642 5004 illos,
2679 4937 2931 5008 quoniam
2962 4950 3181 5010 Oportet
3203 4955 3418 5010 semper
3449 4957 3638 5006 orare,
3660 4949 3705 4994 et
3731 4949 3823 4989 non

546 5002 690 5072 bam,
725 5014 780 5061 et
808 5017 928 5077 post
959 5009 1073 5065 haec
1116 5022 1170 5066 tu
1197 5014 1550 5072 manducabis
1583 5030 1635 5071 et
1668 5018 1856 5075 bibes?
1882 5020 2152 5093 Numquid
2255 5027 2515 5094 deficere,
2546 5002 2768 5084 dicens:
2812 5002 3246 5102 Iudex-quitiam
3274 5002 3396 5088 erat
3440 5037 3492 5088 in
3525 5002 3730 5104 quadam
3753 5025 3823 5080 ci-

546 5104 782 5192 gratlatr:
811 5101 970 5159 habet
1015 5119 1176 5162 servo
1213 5107 1312 5179 illi,
1348 5111 1474 5179 quia
1509 5111 1774 5184 fecitque:
1795 5116 1843 5170 ei
1875 5126 1897 5153 ο
1922 5116 2154 5186 impera-
2255 5122 2442 5188 vitate,
2477 5125 2567 5192 qui
2602 5122 2770 5178 Deum
2802 5140 2905 5178 non
2940 5101 3185 5192 timebat,
3218 5135 3272 5181 et
3319 5101 3592 5182 hominem
3634 5139 3725 5180 non
3747 5134 3821 5173 re-

549 5174 884 5249 verat?Non
936 5206 1087 5266 puto.
1149 5197 1241 5254 Sic
1277 5209 1330 5255 et
1360 5217 1477 5268 vos,
1519 5219 1642 5259 cum
1692 5204 1930 5263 feceritis
1968 5209 2151 5265 omnia
2255 5216 2569 5272 verebatur.
2588 5215 2759 5271 Vidua
2787 5227 2966 5272 autem
2998 5219 3244 5289 quaedam
3270 5227 3388 5274 erat
3419 5220 3473 5274 in
3502 5219 3701 5276 civitate
3723 5213 3816 5272 illa.

545 5297 668 5352 qua:
693 5294 960 5355 praecepta
989 5298 1117 5344 sunt
1140 5291 1294 5346 vobis
1314 5335 1328 5360 ,
1359 5292 1525 5350 dicite
1551 5313 1564 5350 :
1606 5296 1764 5353 Servi
1806 5301 2020 5356 inutiles
2061 5319 2152 5358 su-
2255 5314 2312 5360 et
2339 5306 2591 5363 veniebat
2620 5309 2688 5364 ad
2718 5325 2838 5364 cum
2861 5351 2876 5376 ,
2912 5311 3098 5366 dicens
3125 5328 3138 5364 :
3175 5310 3400 5366 Vindica
3447 5327 3536 5368 me
3564 5312 3628 5366 de
3656 5307 3816 5363 adrer-

546 5389 707 5436 mus:
737 5379 885 5451 quod
911 5379 1199 5440 debuimus
1226 5383 1429 5458 facere,
1456 5388 1696 5448 fecimus.
1729 5393 1793 5448 Et
1820 5395 2018 5451 factum
2041 5405 2148 5465 est,
2255 5402 2400 5458 sario
2431 5417 2573 5459 meo.
2608 5405 2672 5460 Et
2702 5404 2920 5461 nolebat
2949 5421 3044 5478 per
3067 5407 3290 5461 multum
3317 5416 3552 5478 tempus.
3585 5406 3696 5463 Post
3715 5399 3813 5453 lucc

619 5543 1129 5638 :Yffbfgff."fmf’
1156 5549 1243 5638 im,
1263 5549 1442 5638 d‘fl’f':
1482 5568 1605 5622 qua?
1643 5563 1698 5610 ει
1739 5557 1792 5638 il]
1828 5556 2020 5638 GMCO
2057 5574 2150 5614 ar-
2258 5633 2269 5638 _
2331 5573 2351 5601 ο
2380 5562 2576 5620 Iterum
2608 5566 2767 5638 iidem
2799 5580 2929 5638 mss.
2966 5582 3081 5638 quae
3105 5567 3207 5638 sibi
3237 5579 3337 5634 pro
3375 5567 3456 5631 ei;
3490 5562 3806 5638 differentiam

547 5614 1206 5709 ﬁbﬁlypodes‘ideratttur,
1230 5621 1282 5676 in
1314 5614 1587 5694 bim—quos
1607 5627 2147 5699 consuluimus,tuss.
2255 5614 3075 5709 nané'b'e'périi'igniferlééi
3106 5614 3804 5709 'voeabuliscriptiu.

549 5683 1221 5780 lib{i§_:nff_§gljl:
1351 5683 1419 5780 _'
1643 5771 1654 5780 _
1770 5770 1859 5780 __
2255 5683 2573 5780 «Αὐτῷ,ἣῖιῖ
2597 5708 2639 5762 si
2672 5683 3446 5778 aspero,‘utw\"ocatrit,notetur
3475 5683 3804 5780 spiritu.gibii

549 5825 590 5884 ὅ.
615 5753 648 5839 ,δ
681 5757 740 5810 In
770 5757 974 5814 nostris
1001 5761 1255 5818 omnibus
1289 5778 1418 5822 mss.
1446 5767 1702 5838 diceretis,
1729 5778 1784 5827 et
1817 5770 2010 5830 Graece
2041 5789 2097 5833 es

577 5841 764 5885 Ληςτε.

1412 5805 1418 5820 .
1446 5767 1702 5838 diceretis,
1729 5778 1784 5827 et
1817 5770 2010 5830 Graece
2041 5784 2146 5845 est,
2252 5753 2960 5850 ξίν

635 5849 764 5896 γετε.
