3920 6200
110 254 219 315 4511

1184 248 1632 305 EVANGhLlUM
1673 245 2048 306 SECUNDUM
2090 244 2342 308 LL'CAM.

3314 243 3425 302 M2

116 378 300 425 autem
329 367 476 424 dixit
504 368 641 423 intra
674 381 763 421 se:
794 364 903 420 Etsi
939 363 1107 419 Deum
1142 378 1249 419 non
1283 366 1469 432 timeo,
1503 380 1603 419 nec
1629 364 1725 418 ho-
1754 369 1807 426 Α
1833 364 1934 433 ipsi
1967 361 2097 418 nihil
2142 361 2333 417 horum
2357 358 2767 425 intellexerunt,
2804 364 2859 415 et
2886 365 3002 414 erat
3026 357 3252 415 verbum
3280 358 3422 416 istud

122 465 327 520 minem
354 478 619 520 revereor
651 480 664 516 :
714 471 883 515 tamen
909 459 1034 529 quia
1078 459 1302 514 molesta
1334 466 1419 515 est
1448 457 1579 513 milii
1612 458 1726 512 hcce

120 559 313 625 aidua,
338 557 625 614 vindicabo
653 557 816 622 illam,
842 569 907 609 ne
936 554 987 607 in
1018 554 1318 609 novissimo
1345 554 1569 609 veniens
1596 568 1725 622 sug-

116 649 280 718 gillet
298 665 401 705 me.
432 649 523 704 Ait
542 656 725 703 autem
750 648 1035 701 Dominus:
1063 645 1260 703 Audite
1282 646 1409 717 quid
1431 646 1593 715 judex
1623 644 1727 699 ini-

106 742 339 811 quitatis
367 741 530 797 dicit:
562 741 703 797 Deus
726 749 901 797 autem
931 756 1039 795 non
1076 740 1238 795 faciet
1268 739 1563 795 vindictam
1588 739 1729 794 elec-

114 843 298 889 torum
327 848 559 889 suorum
584 834 929 888 clamantium
958 832 1024 887 ad
1047 847 1107 888 se
1137 832 1225 888 die
1246 847 1309 887 ac
1337 844 1515 899 nocte,
1550 841 1603 886 et
1637 846 1728 900 pa-

118 926 363 983 tientiam
388 926 617 981 habebit
650 927 701 981 in
742 925 886 980 illis?
920 925 1053 981 Dico
1075 925 1248 992 vobis,
1284 928 1406 996 quia
1432 925 1540 978 cito
1573 924 1730 977 faciet

112 1020 415 1075 vindictam
456 1019 701 1077 illorum.
735 1018 1119 1074 Verumtamen
1160 1018 1329 1073 Filius
1378 1017 1611 1071 hominis
1639 1030 1732 1070 ve-

120 1112 299 1179 niens,
324 1121 501 1181 putas,
539 1111 779 1166 inveniet
805 1111 967 1166 fidem
1000 1111 1053 1165 in
1084 1112 1265 1166 terra?
1298 1110 1443 1164 Dixit
1473 1118 1649 1163 autem
1675 1118 1730 1163 et

130 1202 197 1258 ad
219 1204 504 1274 quosdam,
536 1204 628 1273 qui
660 1204 713 1257 in
734 1219 794 1258 se
822 1202 1165 1258 confidebant
1201 1211 1473 1272 tamquam
1500 1202 1654 1271 justi,
1677 1209 1731 1256 et

132 1299 556 1370 aspernabantur
584 1310 835 1366 ctetcros,
867 1299 1181 1368 parabolam
1218 1300 1374 1354 istam
1409 1316 1423 1352 :
1472 1299 1586 1354 Duo
1634 1298 1733 1353 ho-

142 1393 303 1448 mines
331 1392 699 1447 ascenderunt
746 1392 800 1446 in
847 1392 1130 1462 templum,
1176 1402 1232 1446 ut
1263 1402 1534 1447 orarent:
1592 1407 1731 1447 unus

145 1486 426 1557 pharisznus
454 1526 471 1551 ,
524 1494 577 1540 et
632 1485 768 1540 alter
814 1486 1154 1555 publicanus.
1186 1485 1493 1540 Phariszeus
1539 1496 1729 1551 stans,

147 1577 244 1632 btec
265 1576 409 1647 apud
430 1591 492 1631 se
522 1576 743 1630 orabat:
776 1578 942 1641 Deus,
974 1579 1175 1648 gratias
1198 1594 1297 1647 ago
1322 1578 1439 1643 tibi,
1470 1578 1592 1648 quia
1622 1594 1727 1631 non

146 1690 247 1729 sum
278 1672 416 1729 sicut
446 1674 631 1729 caeteri
664 1672 980 1728 hominum:
1025 1681 1296 1743 raptores,
1328 1672 1538 1741 injusti,
1575 1672 1730 1727 adul-

1829 457 2208 512 abseonditum
2241 455 2308 510 ab
2348 456 2462 520 eis,
2512 463 2568 509 et
2592 469 2701 510 non
2733 452 3103 524 intelligebant
3129 467 3249 524 quae
3278 452 3426 508 dice-

1830 552 2048 607 bantur.
2079 552 2313 623 ]ccxxtv,
2348 549 2426 621 2.]
2460 549 2686 604 Factum
2717 556 2802 604 est
2832 556 3031 613 autem,
3065 562 3188 602 cum
3229 561 3425 618 appro-

1830 646 2111 716 pinquaret
2130 644 2369 710 Jcricho,
2396 658 2573 700 cmcus
2599 641 2821 714 quidam
2842 641 3239 698 sedebatsecus
3259 640 3421 710 viam,

1830 737 2166 793 mendicans.
2202 735 2270 791 Et
2314 750 2440 792 cum
2482 734 2697 791 audiret
2737 732 2949 789 turbam
2983 742 3421 803 prmtereuntem,

1830 830 2201 899 interrogabat
2223 828 2354 900 quid
2379 829 2481 885 hoc
2511 839 2673 885 esset.
2693 828 2957 885 Dixerunt
2983 837 3162 885 autem
3185 829 3255 897 ei,
3282 828 3424 900 quod

1829 926 1988 981 Jesus
2010 924 2339 980 Nazaraenus
2361 924 2636 981 transiret.
2665 923 2729 979 Et
2744 924 3225 989 clamavit,dicens
3242 940 3254 976 :
3272 925 3423 993 Jesu,

1833 1018 1908 1072 fili
1943 1018 2109 1074 David
2130 1060 2143 1085 ,
2176 1021 2439 1075 miserere
2470 1019 2598 1074 mei.
2628 1018 2695 1073 Et
2720 1016 2814 1089 qui
2853 1017 3136 1087 praeibam,
3182 1018 3428 1087 increpa-

1831 1112 1962 1166 bant
1983 1128 2129 1177 eum,
2156 1119 2216 1166 ut
2247 1119 2474 1167 taceret.
2508 1108 2629 1181 Ipse
2657 1124 2789 1166 vero
2816 1109 2990 1165 multo
3028 1110 3199 1181 magis
3228 1110 3429 1165 clama-

1833 1201 1960 1258 bat:
2014 1201 2114 1257 Fili
2147 1201 2315 1257 David
2339 1244 2353 1269 ,
2390 1203 2651 1258 miserere
2682 1203 2810 1259 mei.
2855 1204 3020 1258 Stans
3051 1211 3229 1259 autem
3270 1201 3428 1259 Jesus

1827 1295 1989 1362 jussit
2033 1294 2186 1347 illum
2225 1294 2421 1347 adduci
2454 1293 2520 1348 ad
2549 1308 2627 1349 se.
2658 1293 2725 1349 Et
2766 1309 2888 1349 cum
2918 1293 3426 1365 appropinquasset,

1834 1387 2186 1458 interrogavit
2236 1387 2388 1441 illum
2416 1427 2431 1452 ,
2477 1387 2664 1443 dicens
2704 1405 2717 1442 :
2760 1388 2899 1457 Quid
2941 1388 3039 1445 tibi
3076 1390 3157 1444 vis
3200 1388 3432 1445 faciam?

1834 1481 1902 1535 At
1951 1480 2044 1535 ille
2111 1482 2297 1535 dixit:
2378 1480 2602 1537 Domine
2644 1522 2658 1547 ,
2723 1490 2784 1536 ut
2841 1481 3073 1538 videam.
3138 1483 3202 1538 Et
3272 1482 3433 1539 Jesus

1834 1573 1968 1627 dixit
2026 1574 2100 1627 illi
2137 1590 2149 1627 :
2203 1573 2430 1644 ReSpice
2458 1613 2474 1640 ,
2519 1574 2652 1629 fides
2687 1585 2775 1629 tua
2823 1584 2875 1631 te
2924 1577 3130 1631 salvum
3177 1574 3323 1633 fecit.
3368 1576 3435 1631 Et

1834 1665 2117 1720 confestim
2156 1668 2333 1736 vidit,
2390 1676 2444 1723 et
2496 1668 2824 1739 sequebatur
2876 1668 3029 1723 illum
3082 1670 3435 1741 magnificans

146 1767 233 1822 teri
262 1784 274 1819 :
302 1764 450 1820 velut
477 1765 642 1820 etiam
673 1764 761 1819 hic
794 1764 1131 1834 publicanus.
1162 1764 1357 1832 Jejuno
1389 1765 1470 1819 bis
1512 1765 1562 1817 in
1605 1763 1729 1818 sab—
1758 1753 1804 1813 B
1835 1757 2025 1813 Deum.
2078 1757 2147 1811 Et
2197 1758 2376 1813 omnis
2423 1759 2579 1829 plebs
2608 1798 2624 1825 ,
2682 1768 2742 1813 ut
2794 1759 2970 1828 vidit,
3023 1759 3173 1816 dedit
3222 1761 3435 1818 laudem

140 1859 260 1915 bato
287 1876 299 1913 :
330 1858 572 1914 decimas
600 1858 671 1914 do
709 1860 949 1913 omnium
982 1874 1103 1929 quae
1134 1858 1406 1927 possideo.
1452 1859 1517 1913 Et
1546 1857 1729 1928 publi-

138 1964 306 2007 canus
352 1966 380 2005 a
417 1951 574 2021 longe
611 1960 761 2005 stans
785 1992 799 2014 ,
829 1949 1048 2005 nolebat
1081 1965 1179 2005 nec
1206 1951 1390 2005 oculos
1432 1950 1498 2003 ad
1531 1948 1727 2005 coelum

140 2045 348 2100 levare:
377 2043 466 2098 sed
498 2043 842 2113 percutiebat
871 2051 1062 2113 pectus
1093 2059 1269 2108 suum,
1304 2042 1494 2098 dicens
1520 2060 1530 2094 :
1566 2042 1727 2109 Deus,

138 2137 402 2207 propitius
430 2146 548 2192 esto
576 2136 711 2190 mihi
738 2136 1034 2205 peccatori.
1074 2135 1204 2190 Dico
1232 2135 1417 2203 vobis,
1453 2133 1734 2189 descendit

141 2228 225 2283 hic
263 2228 588 2299 justifieatus
638 2228 693 2283 in
742 2227 964 2282 domum
997 2242 1146 2282 suam
1190 2228 1409 2282 abillo:
1448 2230 1623 2298 ]ccxv,
1654 2226 1730 2298 5.]

140 2323 267 2390 quia
319 2322 493 2378 omnis
519 2321 612 2392 qui
658 2336 717 2375 se
744 2321 974 2387 exaltat,
1019 2320 1425 2375 bumiliabitur:
1461 2330 1515 2376 et
1553 2324 1643 2392 qui
1675 2336 1735 2377 se

142 2416 414 2479 humiliat,
470 2417 817 2472 exaltaliitur.
854 2416 1048 2487 [ccva
1080 2417 1158 2487 2.]
1191 2416 1500 2471 Afferebant
1554 2426 1733 2473 autem

142 2512 205 2565 ad
228 2511 379 2565 illum
408 2519 461 2566 et
490 2508 751 2574 infantes,
783 2518 839 2563 ut
864 2524 958 2563 eos
984 2516 1246 2579 tangeret.
1264 2508 1417 2577 Quod
1445 2525 1566 2564 cum
1591 2508 1738 2564 vide-

144 2612 265 2657 rent
293 2602 562 2673 discipuli,
595 2601 949 2671 increpabant
977 2600 1119 2655 illos.
1145 2601 1304 2656 Jesus
1336 2611 1515 2657 autem
1539 2617 1739 2657 convo-

143 2709 273 2749 cans
296 2695 437 2761 illos,
465 2696 642 2750 dixit:
677 2695 851 2749 Sinite
877 2710 1072 2765 pueros
1103 2696 1288 2751 venire
1317 2696 1383 2749 ad
1416 2713 1522 2763 me,
1555 2706 1610 2752 et
1639 2713 1738 2751 no-

143 2786 237 2842 lite
266 2799 444 2860 vetare
469 2804 597 2844 eos:
627 2789 810 2842 talium
836 2796 919 2843 est
948 2789 1089 2843 enim
1115 2804 1339 2859 regnum
1374 2791 1486 2845 Dei.
1517 2790 1737 2863 [ccxvm

142 2880 222 2950 2.]
255 2884 423 2935 Amen
454 2881 577 2936 dico
611 2882 761 2937 vobis
791 2899 803 2935 :
847 2881 1181 2951 Quicumque
1222 2897 1326 2937 non
1358 2886 1629 2953 acceperit
1657 2900 1742 2940 re-

144 2989 305 3043 gnum
340 2977 430 3031 Dei
462 2977 602 3031 sicut
641 2992 797 3047 puer,
830 2992 937 3031 non
968 2976 1189 3031 intrabit
1220 2978 1271 3031 in
1309 2978 1463 3034 illud.
1503 2980 1740 3049 [ccxvm,

147 3066 228 3139 2.]
277 3068 349 3123 Et
377 3069 730 3139 interrogavit
761 3084 883 3123 eum
915 3067 1133 3137 quidam
1165 3070 1418 3138 princeps
1442 3112 1455 3135 ,
1506 3070 1693 3126 dicens
1727 3088 1737 3123 :

1837 1848 1970 1903 Deo.

1907 1939 2059 2011 [ϐαρ.
2085 1940 2229 1997 XIX.
2258 1958 2460 2007 ccxxv,
2487 1941 2600 2013 10.]
2626 1942 2697 1998 Et
2725 1944 3003 2015 ingressus
3028 1946 3443 2016 perambulabat

1834 2034 2077 2089 Jericho.
2104 2036 2170 2090 Et
2184 2050 2314 2091 ecce
2342 2037 2424 2091 vir
2448 2037 2669 2092 nomine
2686 2036 2977 2094 Zachzeus:
3006 2051 3063 2093 et
3084 2040 3171 2094 hic
3190 2040 3441 2110 princeps

1836 2138 1953 2181 erat
1984 2127 2421 2197 publicanorum,
2447 2139 2500 2184 et
2528 2130 2641 2197 ipse
2667 2128 2851 2185 dives:
2877 2140 2932 2186 et
2954 2133 3232 2202 quaerebat
3254 2133 3441 2189 videre

1835 2219 2055 2289 Jesum,
2100 2223 2220 2292 quis
2249 2232 2424 2279 esset:
2459 2233 2513 2279 et
2540 2239 2646 2279 non
2679 2234 2889 2295 poterat
2944 2243 3055 2299 prae
3093 2231 3273 2297 turba,
3314 2231 3440 2302 quia

1838 2324 2041 2370 statura
2072 2316 2303 2385 pusillus
2332 2326 2469 2373 erat.
2504 2318 2571 2373 Et
2598 2334 2942 2389 praecurrens
2969 2326 3213 2380 ascendit
3252 2330 3305 2380 in
3346 2343 3437 2381 ar-

1839 2408 2030 2462 borem
2074 2422 2421 2479 sycomorum
2466 2419 2526 2464 ut
2552 2410 2767 2467 videret
2798 2429 2959 2467 eum:
3012 2415 3136 2485 quia
3168 2416 3294 2472 inde
3323 2427 3443 2475 erat

1852 2502 2205 2557 transiturus.
2227 2502 2293 2556 Et
2330 2517 2451 2557 cum
2493 2504 2735 2559 venisset
2765 2505 2831 2559 ad
2884 2506 3059 2560 locum
3084 2547 3100 2573 ,
3140 2508 3442 2578 suspiciens

1841 2594 1998 2651 Jesus
2019 2595 2152 2650 vidit
2182 2594 2355 2663 illum,
2390 2606 2444 2652 et
2465 2596 2605 2652 dixit
2634 2598 2702 2653 ad
2726 2614 2884 2654 eum:
2907 2599 3155 2666 Zachaae,
3178 2602 3443 2659 festinans

1842 2687 2114 2744 descende
2138 2704 2151 2741 :
2182 2688 2307 2760 quia
2336 2689 2497 2746 hodie
2520 2690 2572 2745 in
2596 2690 2757 2746 domo
2787 2703 2872 2746 tua
2902 2704 3119 2763 oportet
3147 2709 3234 2749 me
3254 2710 3442 2751 mane-

1842 2797 1925 2836 re.
1960 2783 2027 2837 Et
2054 2783 2319 2839 festinans
2342 2784 2650 2852 descendit,
2676 2794 2732 2840 et
2758 2784 2973 2856 excepit
2995 2787 3147 2842 illum
3178 2789 3441 2860 gaudens.

1844 2873 1913 2928 Et
1934 2889 2056 2929 cum
2075 2875 2323 2933 viderent
2343 2894 2556 2944 omnes,
2579 2882 3015 2948 murmurabant,
3034 2881 3281 2939 dicentes
3301 2883 3444 2953 quod

1846 2966 1911 3019 ad
1963 2965 2240 3025 hominem
2295 2982 2640 3041 peccatorem
2686 2973 3015 3031 divertisset.
3073 2977 3235 3033 Stans
3263 2988 3445 3033 autem

1848 3057 2131 3126 Zachaeus,
2159 3059 2302 3115 dixit
2327 3061 2396 3115 ad
2426 3061 2749 3120 Dominum:
2780 3064 2920 3121 Ecce
2946 3066 3226 3123 dimidium
3275 3068 3448 3125 bono-

152 3158 403 3231 Magister
429 3161 592 3226 bone,
624 3160 751 3231 quid
781 3159 988 3215 faciens
1017 3162 1179 3214 vitam
1209 3171 1466 3216 mternam
1501 3162 1745 3232 posside-
1771 3147 1816 3209 C
1850 3167 1969 3206 l‘llm
2001 3167 2246 3209 meorum
2267 3195 2281 3220 ,
2314 3153 2572 3221 Domine.
2610 3156 2681 3212 d0
2721 3159 3051 3229 pauperibus
3081 3176 3096 3214 :
3147 3170 3203 3217 et
3242 3162 3287 3216 si
3317 3162 3448 3233 quid

152 3250 252 3307 b0?
280 3254 413 3309 dixit
434 3262 615 3309 autem
642 3254 693 3308 ei
719 3252 905 3308 Jesus:
931 3252 1069 3321 Quid
1101 3268 1187 3308 me
1210 3253 1344 3307 dicis
1370 3254 1607 3309 bonum?
1641 3270 1741 3310 ne-

153 3358 238 3399 mo
279 3346 449 3402 bonus
478 3346 579 3401 nisi
624 3346 771 3400 solus
803 3345 965 3400 Deus.
1000 3344 1245 3400 Mandata
1275 3345 1415 3401 nosti
1446 3364 1457 3399 :
1487 3347 1601 3401 Non
1653 3362 1745 3402 oc-

154 3435 334 3494 cides:
368 3437 480 3493 Non
527 3436 927 3493 mtechaberis:
970 3436 1088 3492 Non
1136 3437 1335 3492 furtum
1367 3438 1571 3494 facies:
1627 3438 1744 3495 Non

157 3525 346 3584 falsum
394 3530 763 3584 testimonium
800 3528 986 3583 dices:
1034 3528 1244 3584 Honora
1276 3539 1483 3599 patrem
1519 3539 1665 3585 tuum
1692 3538 1749 3587 et

159 3632 401 3677 matrem.
432 3622 535 3689 Qui
586 3622 700 3679 ait:
751 3620 875 3677 Hmc
902 3620 1081 3675 omnia
1114 3622 1379 3678 custodivi
1409 3639 1439 3678 a
1464 3624 1747 3694 juventute

162 3724 291 3769 mea.
346 3715 519 3787 [ccxtx
548 3756 562 3779 ,
595 3712 676 3786 2.]
718 3712 836 3781 Quo
875 3713 1060 3769 audito
1085 3755 1100 3782 ,
1139 3713 1300 3770 Jesus
1329 3718 1405 3771 ait
1444 3716 1523 3773 ei:
1556 3716 1749 3772 Adhuc

163 3815 319 3861 unum
349 3807 442 3861 tibi
489 3806 683 3862 deest:
728 3806 909 3861 omnia
950 3822 1303 3879 quaecumque
1334 3808 1525 3875 habes,
1550 3809 1747 3875 vende,

164 3906 212 3951 et
250 3899 313 3956 da
346 3901 691 3971 pauperibus,
722 3907 779 3955 et
806 3900 1031 3955 habebis
1062 3900 1376 3955 thesaurum
1411 3903 1462 3956 in
1492 3903 1667 3958 caelo:
1696 3912 1752 3959 et

162 3993 298 4058 Veni,
330 4008 555 4065 sequere
584 4008 691 4048 me.
726 3992 904 4063 [ccxx,
931 3991 1012 4062 2.]
1038 3992 1129 4049 liis
1158 3993 1252 4049 ille
1278 3993 1497 4061 auditis,
1521 3997 1753 4051 contris-

166 4090 299 4144 tatus
320 4103 433 4148 est:
467 4095 594 4164 quia
625 4093 781 4149 dives
804 4102 923 4149 erat
952 4093 1128 4148 valde.
1155 4092 1362 4148 Videns
1385 4102 1566 4151 autem
1594 4094 1753 4151 Jesus

165 4169 312 4237 illum
339 4184 543 4240 tristem
574 4185 979 4251 factum,dixit:
1008 4186 1181 4253 Quam
1209 4185 1453 4252 difﬁcile,
1477 4188 1567 4255 qui
1593 4202 1755 4257 pecu-

166 4271 282 4329 nias
319 4276 553 4345 habent,
588 4279 641 4333 in
673 4294 897 4350 regnum
930 4279 1023 4333 Dei
1056 4278 1336 4333 intrabunt
1364 4280 1376 4333 !
1412 4277 1645 4334 Facilius
1672 4290 1755 4335 est

172 4367 311 4424 enim
340 4373 605 4427 camelum
635 4387 729 4442 per
763 4370 1006 4427 foramen
1035 4387 1164 4427 acus
1195 4373 1443 4439 transire,
1475 4389 1635 4445 quam
1676 4373 1756 4429 di-

166 4456 327 4517 Vilem
356 4463 560 4521 intrare
583 4466 638 4520 in
666 4480 894 4535 regnum
922 4464 1039 4519 Dei.
1073 4464 1145 4518 Et
1167 4464 1420 4521 dixerunt
1447 4467 1538 4536 qui
1568 4466 1755 4522 audie-

1848 3246 2085 3316 aliquem
2124 3248 2477 3320 defraudavi,
2532 3250 2702 3307 reddo
2740 3253 3123 3323 quadruplum.
3153 3254 3245 3310 Ait
3290 3256 3448 3315 Jesus

1848 3338 1914 3393 ad
1944 3355 2069 3395 eum
2094 3358 2107 3395 :
2156 3341 2291 3407 Quia
2325 3342 2488 3398 hodie
2518 3343 2666 3399 salus
2696 3344 2881 3401 domui
2905 3346 3032 3403 huic
3062 3348 3197 3405 facta
3231 3357 3351 3405 est:
3380 3365 3448 3406 eo

1848 3432 1993 3502 quod
2039 3442 2094 3489 et
2138 3434 2254 3503 ipse
2300 3434 2442 3490 filius
2487 3437 2560 3492 sit
2601 3438 2857 3494 Abrahae.
2902 3439 3148 3513 [ccxxvr,
3179 3441 3259 3515 5.]
3297 3442 3453 3498 Venit

1850 3528 1995 3582 enim
2026 3526 2195 3583 Filius
2229 3530 2467 3585 hominis
2498 3540 2746 3601 quaerere
2774 3540 2828 3588 et
2858 3534 3067 3589 salvum
3099 3534 3279 3592 facere
3305 3536 3451 3607 quod

1852 3620 2109 3689 perierat.
2152 3620 2417 3693 [ccxxvn,
2451 3622 2563 3695 10.]
2607 3624 2733 3682 Haec
2763 3626 2871 3682 illis
2900 3627 3269 3697 audientibus,
3314 3630 3452 3700 adji-

1852 3716 1999 3769 ciens
2030 3715 2169 3770 dixit
2198 3717 2537 3786 parabolam,
2566 3733 2633 3774 eo
2674 3718 2820 3789 quod
2848 3729 2996 3777 esset
3037 3735 3205 3791 prope
3230 3720 3450 3777 Jerusa-

1853 3807 1957 3863 lem
1988 3826 2001 3862 :
2048 3816 2106 3864 et
2134 3808 2261 3878 quia
2292 3811 2671 3867 existimarent
2715 3813 2861 3882 quod
2889 3813 3173 3868 confestim
3220 3830 3448 3885 regnum

1856 3899 1954 3955 Dei
1986 3901 2447 3957 manifestaretur.
2484 3903 2758 3975 [ccxxvm,
2787 3905 2867 3975 2.]
2899 3906 3042 3961 Dixit
3072 3922 3200 3978 ergo
3229 3923 3244 3962 :
3279 3908 3453 3966 Homo

1855 3992 2074 4063 quidam
2116 3992 2315 4049 nobilis
2341 3994 2473 4050 abiit
2516 3996 2568 4050 in
2598 3997 2873 4067 regionem
2907 3998 3254 4071 longinquam
3302 4002 3454 4057 acci-

1858 4098 1986 4153 pere
2013 4084 2113 4139 sibi
2143 4100 2390 4154 regnum,
2422 4097 2476 4142 et
2503 4089 2725 4144 reverti.
2760 4091 2998 4163 [ccxxtx,
3020 4093 3099 4165 5.]
3119 4092 3337 4151 Vacalis
3357 4110 3454 4152 au-

1858 4186 1964 4233 tem
1986 4178 2173 4234 decem
2194 4180 2365 4235 servis
2385 4182 2530 4249 suis,
2564 4182 2715 4238 dedit
2738 4186 2818 4241 eis
2847 4188 3033 4243 decem
3066 4203 3252 4257 muas,
3284 4200 3339 4247 et
3370 4190 3448 4246 ait

1859 4269 1926 4325 ad
1958 4270 2081 4326 illos
2111 4288 2125 4325 :
2166 4270 2527 4342 Negotiamini
2568 4274 2697 4331 dum
2727 4278 2909 4333 venio.
2940 4278 3100 4333 Cives
3124 4292 3307 4335 autem
3334 4281 3453 4348 ejus

1860 4362 2087 4419 oderant
2110 4379 2265 4420 eum:
2300 4375 2355 4421 et
2386 4367 2653 4423 miserunt
2674 4369 2999 4441 legationem
3028 4380 3148 4441 post
3170 4372 3343 4438 illum,
3367 4371 3451 4426 di-

1861 4467 2076 4515 centes:
2111 4460 2373 4518 Nolumus
2399 4461 2545 4519 hunc
2575 4479 2802 4534 regnare
2820 4462 2984 4536 super
3005 4479 3125 4521 nos.
3160 4466 3227 4521 Et
3254 4466 3455 4524 factum

168 4540 325 4610 bant:
356 4557 418 4611 Et
440 4559 561 4628 quis
584 4567 763 4627 potest
784 4558 966 4613 salvus
998 4557 1117 4613 ﬁeri
1143 4558 1167 4611 ἲ
1196 4556 1290 4612 Ait
1320 4558 1426 4612 illis
1450 4575 1463 4609 :
1506 4574 1627 4628 qua:
1656 4560 1757 4614 im-
1783 4546 1837 4607 D
1862 4561 1967 4617 est,
1991 4562 2050 4607 ut
2070 4553 2275 4611 rediret
2303 4564 2526 4627 accepto
2552 4572 2752 4627 regno:
2781 4567 2835 4613 et
2852 4558 3015 4628 jussit
3033 4558 3214 4614 vocari
3244 4573 3455 4628 servos,

172 4648 441 4706 Possibilia
480 4658 608 4706 sunt
633 4650 775 4720 apud
803 4648 1086 4716 homines,
1129 4649 1408 4721 possibilia
1457 4659 1583 4707 sunt
1613 4651 1756 4721 apud

172 4728 360 4798 Deum.
378 4745 466 4800 Ait
489 4755 673 4801 autem
698 4745 921 4801 Petrus:
948 4745 1087 4801 Ecce
1112 4761 1210 4801 nos
1232 4746 1532 4803 dimisimus
1554 4748 1755 4815 omnia,

174 4838 241 4886 et
267 4837 422 4892 secuti
450 4853 639 4893 sumus
684 4845 757 4893 te.
794 4838 993 4911 [ccxxl,
1021 4836 1101 4909 2.]
1126 4837 1225 4905 Qui
1256 4839 1390 4894 dixit
1416 4841 1495 4895 eis
1522 4856 1535 4893 :
1584 4840 1758 4897 Amen

166 4918 298 4983 dico
320 4930 488 4998 vobis,
521 4945 685 4988 nemo
714 4940 820 4999 est,
852 4931 943 5002 qui
974 4932 1192 5001 reliquit
1217 4931 1437 4987 domum
1458 4973 1473 4999 ,
1521 4942 1613 4989 aut
1662 4950 1759 5005 pa-

168 5022 387 5091 rentes,
430 5032 523 5080 aut
554 5022 782 5087 fratres,
817 5033 909 5078 aut
936 5039 1193 5091 uxorem,
1226 5033 1317 5079 aut
1347 5024 1506 5091 filios,
1540 5035 1763 5097 propter

158 5114 393 5184 l‘egnum
416 5116 532 5182 Dei,
556 5124 613 5171 et
634 5130 742 5172 non
774 5116 1004 5187 recipiat
1034 5116 1209 5172 multo
1230 5117 1381 5187 plura
1410 5118 1462 5172 in
1494 5117 1598 5173 hoc
1629 5127 1761 5174 tem-

162 5208 335 5277 Dore,
366 5220 419 5266 et
445 5211 497 5265 in
530 5210 737 5266 saeculo
762 5218 992 5265 venturo
1023 5210 1187 5265 vitam
1218 5218 1497 5266 aeternam.
1531 5209 1760 5283 [ccxxtt,

156 5289 265 5373 3.]
292 5304 592 5375 Assumpsit
622 5312 803 5360 autem
850 5303 1010 5359 Jesus
1050 5303 1359 5369 duodecim,
1402 5314 1456 5360 et
1498 5304 1571 5359 ait
1610 5306 1763 5360 illis:

1866 4645 2058 4716 quibus
2087 4648 2239 4703 dedit
2279 4651 2587 4719 pecuniam,
2621 4660 2679 4705 ut
2726 4653 2893 4708 sciret
2928 4660 3189 4722 quantum
3230 4653 3459 4724 quisque

1866 4744 2169 4813 negotiatus
2197 4753 2361 4800 esset.
2395 4744 2555 4801 Venit
2579 4754 2757 4800 autem
2790 4747 3001 4817 primus
3027 4746 3241 4803 dicens:
3274 4747 3460 4803 Domi-

1867 4851 1959 4902 ne,
1992 4851 2117 4892 mna
2149 4846 2235 4892 tua
2264 4836 2453 4894 decem
2475 4852 2628 4894 mnas
2650 4838 2954 4910 acquisivit.
2973 4839 3040 4894 Et
3068 4840 3142 4894 ait
3164 4839 3459 4910 illizEuge,

1867 4928 2010 4985 bone
2050 4944 2225 5000 serve,
2260 4931 2382 5001 quia
2415 4933 2468 4986 in
2497 4931 2711 4987 modico
2737 4930 2883 4987 fuisti
2912 4931 3111 4998 ﬁdelis,
3147 4933 3255 4989 eris
3279 4942 3460 5003 potes-

1871 5031 2035 5081 tatem
2066 5024 2273 5080 habens
2312 5040 2476 5096 super
2510 5025 2697 5082 decem
2726 5027 2990 5082 civitates.
3027 5028 3091 5082 Et
3124 5028 3264 5083 alter
3290 5028 3461 5097 venit,

1870 5116 2095 5174 dicens:
2141 5117 2403 5186 Domine,
2446 5132 2571 5173 mna
2613 5127 2702 5175 tua
2748 5118 2878 5174 fecit
2914 5120 3151 5192 quinque
3189 5136 3363 5176 mnas.
3398 5122 3466 5176 Et

1872 5210 1997 5266 huic
2021 5212 2128 5265 ait:
2160 5210 2227 5265 Et
2255 5221 2311 5266 tu
2336 5221 2457 5267 esto
2478 5226 2641 5283 super
2668 5212 2912 5283 quinque
2936 5213 3207 5269 civitates.
3233 5214 3300 5269 Et
3328 5214 3466 5270 alter

1872 5303 2054 5369 venit,
2096 5301 2283 5357 dicens
2314 5319 2329 5355 :
2376 5303 2623 5369 Domine,
2656 5318 2783 5359 ecce
2810 5318 2936 5359 mna
2965 5310 3078 5372 tua,
3107 5318 3267 5376 quam
3299 5303 3464 5361 habui

164 5384 321 5452 Ecce
347 5398 689 5455 ascendimus
718 5397 1137 5468 Jerosolymam,
1166 5406 1221 5453 et
1250 5398 1768 5452 eonsummabuntur

162 5492 378 5559 ania,
400 5508 521 5564 quae
540 5493 742 5563 scripta
762 5502 888 5548 sunt
912 5508 1009 5563 per
1029 5491 1316 5563 prophetas
1337 5491 1408 5548 de
1432 5491 1568 5547 Filio
1594 5492 1771 5546 homi-

184 5584 565 5641 liis.'l‘radetur
595 5586 739 5640 enim
769 5586 1049 5659 gentibus,
1078 5592 1131 5640 et
1153 5584 1433 5649 illudetur,
1464 5592 1518 5639 et
1542 5582 1771 5653 ﬂagella-

182 5666 345 5745 3)itur,
368 5688 421 5734 et
446 5689 809 5749 conspuetur:
842 5687 899 5735 et
929 5688 1214 5749 postquam
1243 5675 1655 5748 flagellaverint,
1682 5690 1772 5730 oc-

204 5770 361 5828 cident
394 5786 542 5840 cum,
589 5780 647 5830 et
676 5773 835 5832 tertia
866 5773 952 5831 die
984 5779 1250 5845 resurget.
1282 5772 1524 5844 [ccxxm,
1561 5766 1673 5837 10.]
1706 5770 1773 5825 Et

1875 5395 2168 5465 repositam
2212 5396 2263 5449 in
2310 5395 2571 5452 sudario:
2614 5397 2766 5453 timui
2807 5397 2951 5452 enim
2997 5406 3088 5465 te,
3137 5398 3261 5468 quia
3303 5397 3466 5454 homo

1878 5498 2129 5545 austerus
2155 5504 2254 5545 es:
2284 5490 2430 5546 tollis
2462 5490 2607 5563 quod
2630 5506 2736 5548 non
2776 5491 3027 5562 posuisti,
3053 5501 3110 5549 et
3137 5492 3301 5548 metis
3323 5490 3468 5563 quod

1880 5597 1987 5639 non
2024 5582 2328 5642 seminasti.
2368 5584 2507 5641 Dicit
2532 5588 2611 5641 ei:
2643 5586 2720 5642 De
2749 5601 2843 5641 ore
2872 5593 2963 5643 tuo
2990 5594 3043 5643 te
3075 5586 3284 5658 judico,
3306 5600 3470 5645 serve

1880 5691 2155 5745 nequam:
2188 5676 2399 5733 sciebas
2452 5678 2598 5751 quod
2645 5694 2747 5751 ego
2797 5678 2961 5736 homo
3007 5690 3260 5738 austeras
3304 5696 3468 5751 sum,

1881 5767 2081 5827 tollens
2099 5768 2243 5841 quod
2270 5783 2380 5827 non
2419 5772 2596 5844 posui,
2626 5780 2679 5831 et
2724 5779 2936 5830 metens
2960 5772 3106 5844 quod
3149 5787 3263 5832 non
3299 5772 3469 5833 semi-
