3920 6200
534 284 642 345 615
1516 277 1575 335 S.
1618 269 2011 335 HIBRONYMI
2047 268 2280 331 DIVINA
2320 269 2799 336 BIBLIOTHECA.
3711 278 3791 339 Oli

536 396 696 453 navi:
726 402 780 452 et
802 407 971 468 quare
990 407 1100 451 non
1127 392 1325 455 dedisti
1352 394 1644 467 pecuniam
1674 408 1851 452 meam
1879 394 1946 451 ad
1971 410 2127 451 men-
2157 390 2213 450 A
2236 403 2607 453 convenerunt
2636 394 2916 466 principes
2947 389 3298 447 sacerdotum
3322 428 3341 458 ,
3370 387 3562 446 scriba:
3586 402 3698 447 cum
3726 408 3796 451 se-

536 506 676 560 sam,
708 500 767 547 ut
810 505 911 560 ego
941 490 1166 546 veniens
1206 504 1330 545 cum
1376 490 1558 548 usuris
1594 491 1784 562 utique
1832 490 2133 561 exegissem
2238 490 2510 559 nioribus,
2538 498 2593 546 et
2618 489 2770 545 aiunt
2799 486 3040 543 dicentes
3070 484 3138 540 ad
3172 485 3331 540 illum
3363 500 3379 540 :
3412 484 3510 540 Dic
3542 485 3686 541 nobis
3709 528 3722 553 ,
3754 488 3792 543 in

536 583 721 641 illam?
753 583 819 639 Et
857 582 1160 639 astantibus
1207 582 1385 643 dixit:
1437 583 1667 642 Auferte
1706 585 1777 641 ab
1818 584 1910 641 illo
1950 599 2137 642 mnam
2237 600 2341 657 qua
2386 592 2659 656 potestate
2702 584 2819 639 haec
2861 581 3042 637 facis?
3076 586 3212 636 aut:
3244 578 3378 646 Quis
3406 587 3534 647 est,
3561 579 3649 650 qui
3673 579 3795 637 dedit

536 686 591 733 et
642 675 768 732 date
812 675 893 732 illi
946 676 1039 748 qui
1084 675 1276 735 decem
1324 691 1482 736 mnas
1532 676 1719 734 habet.
1770 676 1842 733 Et
1885 677 2138 734 dixerunt
2237 676 2492 733 tibibanc
2513 674 2882 748 potestatem?
2912 672 3269 744 Respondcns
3292 678 3476 726 autem
3497 668 3660 739 Jesus,
3685 672 3796 728 dixit

533 771 583 829 ei
619 789 633 827 :
704 770 973 843 Domine,
1028 770 1193 829 habet
1240 770 1436 833 decem
1494 786 1670 829 muas.
1732 770 1943 845 [cchx
1968 812 1985 840 ,
2035 769 2135 842 2.]
2238 771 2308 827 ad
2348 771 2509 827 illos:
2538 768 2892 840 Interrogabo
2914 782 3012 824 vos
3042 775 3098 823 et
3126 781 3225 837 ego
3255 780 3423 821 unum
3456 763 3685 822 verbum.
3710 765 3796 822 [le-

533 864 665 921 Dico
716 874 897 922 autem
944 864 1101 923 vobis
1122 908 1141 937 ,
1214 866 1340 938 quia
1391 867 1544 925 omni
1592 867 1815 925 habenti
1875 867 2093 925 dabitur
2115 910 2133 938 ,
2236 865 2501 937 spondete
2527 864 2661 919 mihi
2690 880 2705 917 :
2740 862 3052 933 Baptismus
3078 858 3305 916 Joannis
3330 857 3401 915 de
3430 859 3564 916 etelo
3588 869 3715 931 erat,
3739 876 3793 915 an

533 966 560 995 ι
605 966 662 1014 et
716 958 1012 1016 abundabit
1044 977 1058 1014 :
1091 959 1161 1016 ab
1188 973 1259 1019 eo
1287 970 1470 1019 autem
1526 963 1618 1035 qui
1660 977 1771 1019 non
1827 961 2029 1033 habet,
2082 970 2141 1018 et
2236 974 2302 1016 ex
2324 956 2671 1015 hominibus?
2698 955 2771 1013 At
2798 956 2881 1012 illi
2908 953 3224 1026 cogitabant
3253 954 3399 1008 intra
3429 968 3517 1021 se,
3544 952 3793 1009 dicentes:

530 1050 674 1123 quod
702 1052 871 1111 habet
896 1051 1179 1110 auferetur
1214 1053 1284 1115 ab
1327 1068 1417 1111 eo.
1462 1055 1688 1127 [ccxxxt
1712 1096 1729 1125 ,
1761 1052 1857 1128 5.]
1910 1054 2137 1110 Verum-
2235 1052 2370 1121 Quia
2405 1052 2450 1109 si
2478 1051 2806 1122 dixerimus,
2838 1051 2915 1106 Dc
2940 1048 3082 1106 coelo
3105 1091 3121 1116 ,
3150 1048 3297 1104 dicet
3323 1065 3336 1102 :
3359 1048 3530 1115 Quare
3552 1063 3669 1119 ergo
3694 1064 3789 1104 non

535 1154 717 1203 tamen
745 1145 996 1203 inimicos
1024 1160 1177 1203 meos
1200 1146 1328 1205 illos
1353 1147 1446 1219 qui
1466 1148 1766 1209 uoluerunt
1784 1161 1878 1205 me
1904 1161 2138 1218 regnare
2236 1143 2553 1200 credidistis
2579 1144 2700 1199 illi?
2730 1143 2788 1201 Si
2816 1152 3000 1200 autem
3031 1139 3367 1198 dixerimus:
3394 1140 3471 1195 Ex
3500 1139 3793 1209 hominibus,

533 1252 698 1310 super
713 1238 1069 1308 se,adducite
1090 1238 1220 1307 huc,
1234 1248 1291 1296 et
1312 1239 1607 1301 interﬁcite
1618 1250 1744 1296 ante
1762 1239 2133 1313 me.[ccxxxtt,
2237 1237 2390 1307 plebs
2413 1238 2671 1294 universa
2700 1235 2964 1308 lapidabit
2988 1250 3091 1292 nos
3116 1252 3131 1290 :
3160 1234 3300 1290 certi
3326 1241 3453 1289 sunt
3478 1233 3635 1300 enim,
3654 1234 3796 1290 luan-

528 1329 608 1403 2.]
630 1331 802 1395 Ethis
824 1331 1007 1402 dictis,
1028 1332 2131 1406 praecedebatascendensierosolymam.
2237 1347 2362 1390 nem
2399 1332 2725 1404 prophetam
2755 1345 2897 1387 esse.
2939 1328 3009 1385 Et
3047 1326 3492 1399 responderunt,
3532 1343 3589 1384 se
3612 1329 3795 1386 nescire

532 1428 596 1485 Et
622 1428 829 1489 factum
858 1438 978 1502 eat,
1010 1443 1134 1489 cum
1165 1430 1663 1502 appropinquasset
1690 1428 1759 1486 ad
1787 1427 2134 1499 Bothpbage,
2236 1428 2382 1486 unde
2403 1437 2570 1485 esset.
2600 1427 2668 1483 Et
2694 1427 2857 1483 Jesus
2885 1424 2960 1480 ait
2988 1423 3099 1480 illis
3135 1440 3149 1477 :
3180 1422 3373 1494 Neque
3399 1437 3497 1494 ego
3527 1421 3639 1477 dico
3664 1422 3795 1476 vobis

532 1530 591 1581 et
620 1522 959 1591 Bethaniam,
991 1523 1058 1581 ad
1088 1529 1331 1580 montem
1362 1524 1454 1595 qui
1480 1532 1708 1580 vocatur
1726 1521 1923 1580 Oliveti
1943 1564 1958 1592 ,
1990 1522 2137 1578 misit
2239 1523 2292 1579 in
2323 1538 2426 1594 qua
2453 1528 2727 1593 potestate
2761 1518 2879 1573 haec
2911 1516 3076 1573 facio.
3110 1516 3311 1589 [ccxu,
3341 1512 3424 1587 2.]
3454 1513 3617 1586 Coepit
3641 1524 3795 1571 autem

532 1622 671 1681 duos
692 1622 993 1694 discipulos
1010 1637 1166 1693 suos,
1196 1621 1388 1679 dicens
1418 1641 1433 1676 :
1460 1621 1542 1680 lte
1567 1621 1625 1679 in
1647 1620 1955 1690 castellum,
1989 1618 2135 1692 quod
2237 1618 2422 1676 dicere
2452 1617 2520 1673 ad
2551 1616 2764 1688 plebem
2792 1615 3109 1686 parabolam
3136 1613 3283 1670 hanc
3315 1630 3330 1668 :
3372 1612 3538 1673 Homo
3564 1612 3799 1684 plantavit

531 1725 725 1777 contra
756 1724 844 1773 est
870 1732 887 1771 :
920 1717 984 1772 in
1010 1714 1157 1787 quod
1186 1715 1531 1773 introeuntes
1556 1756 1572 1782 ,
1604 1714 1895 1773 invenietis
1924 1712 2130 1785 pullum
2162 1778 2207 1787 _
2238 1712 2477 1779 vineam,
2506 1718 2561 1767 et
2592 1709 2793 1765 locavit
2814 1724 2935 1764 eam
2977 1707 3187 1765 colonis
3213 1724 3228 1767 :
3257 1714 3314 1765 et
3338 1706 3459 1778 ipse
3483 1721 3687 1778 peregre
3709 1705 3803 1763 fuit

530 1809 696 1863 asinae
726 1778 1043 1878 alligatum,
1062 1806 1151 1863 cui
1178 1823 1343 1865 nemo
1367 1778 1623 1881 umquam
1644 1778 2129 1865 hominum-sedit:
2161 1778 2212 1841 Β
2238 1804 2426 1861 multis
2456 1803 2816 1875 temporibus.
2863 1802 2934 1858 Et
2960 1801 3016 1857 in
3046 1809 3300 1873 tempore
3327 1800 3478 1857 misit
3502 1800 3570 1856 ad
3594 1799 3803 1857 mitteres

529 1903 724 1960 solvite
752 1902 932 1969 illum,
965 1911 1023 1959 et
1044 1902 1320 1961 adducite.
1350 1904 1422 1961 Et
1461 1905 1507 1962 si
1548 1905 1675 1976 quis
1696 1918 1796 1961 vos
1822 1904 2136 1974 interroga-
2236 1912 2481 1965 servum,
2512 1904 2570 1952 ut
2598 1896 2666 1953 de
2688 1894 2869 1953 fructu
2900 1894 3074 1951 vineae
3116 1893 3314 1950 darent
3352 1893 3452 1949 illi.
3498 1893 3599 1961 Qui
3631 1908 3801 1950 ctesutn

530 1997 677 2053 verit
698 2015 711 2051 ε
732 1995 920 2065 Quare
944 1996 1204 2054 solvitis?
1231 1997 1315 2055 sic
1342 1997 1541 2054 dicetis
1564 1998 1620 2055 ei
1652 2016 1666 2054 :
1694 1998 1836 2067 Quia
1868 1997 2135 2055 Dominus
2238 1990 2563 2047 dimiserunt
2592 2004 2717 2044 eum
2742 1989 2980 2045 inanem.
3016 1988 3083 2043 Et
3118 1986 3333 2043 addidit
3359 1985 3596 2043 alterum
3620 2001 3801 2043 servum

531 2103 756 2161 operam
774 2089 901 2162 eius
918 2088 1222 2148 desiderat.
1255 2088 1637 2164 [ccxxxtrt,2.]
1660 2093 1925 2148 Abierant
1953 2101 2135 2148 autem
2237 2086 2477 2140 mittere.
2510 2083 2589 2139 llli
2617 2094 2800 2140 autem
2841 2083 2987 2139 hunc
3013 2097 3232 2155 quoque
3272 2083 3585 2151 caedentes,
3625 2094 3677 2140 et
3704 2083 3802 2138 alli-

534 2185 629 2256 qui
659 2184 812 2242 missi
832 2196 1030 2245 qam;
1052 2194 1105 2242 et
1128 2185 1477 2251 inuenerunt,
1503 2185 1808 2243 είουιάίχίι
1831 2186 1961 2253 alis,
1988 2196 2136 2241 stan-
2237 2178 2448 2235 cientes
2482 2179 2812 2234 contumelia
2834 2223 2850 2247 ,
2895 2178 3230 2236 dimiserunt
3258 2179 3498 2239 inanem.
3544 2179 3609 2236 Et
3630 2178 3805 2235 addidit

534 2289 645 2337 rem
672 2281 910 2351 puum,
950 2280 1307 2339 solventibus
1336 2290 1518 2340 ιυιοω
1546 2281 1661 2339 mis
1677 2281 1890 2348 mn.-
1916 2324 1932 2348 ,
1976 2281 2138 2338 dixe.
2239 2272 2457 2328 tertium
2489 2272 2749 2328 mittere:
2779 2272 2870 2342 qui
2898 2281 2954 2328 et
2985 2272 3138 2328 illum
3161 2272 3514 2330 vulnerantes
3540 2273 3804 2345 eiecerunt.

530 2382 664 2433 runt
682 2366 897 2433 domini
930 2375 1055 2446 ejus
1080 2376 1148 2431 ad
1183 2376 1310 2432 illos
1338 2392 1355 2431 :
1385 2374 1525 2445 Quid
1549 2374 1762 2431 solvitis
1790 2376 2040 2446 poliunt?
2066 2375 2137 2431 At
2237 2363 2385 2421 Dixit
2424 2376 2603 2421 autem
2643 2365 2901 2421 dominus
2922 2367 3097 2424 vinem
3131 2384 3145 2422 :
3177 2366 3320 2436 Quid
3361 2368 3600 2425 faciant?
3632 2371 3806 2429 mittam

528 2467 609 2525 iui
627 2468 891 2529 (timum
915 2487 926 2523 ;
948 2469 1086 2537 Quia
1111 2468 1379 2526 Dominus
1406 2483 1531 2526 eum
1554 2469 1923 2527 necessari“;
1950 2468 2132 2525 habet,
2237 2456 2407 2513 lilium
2437 2474 2617 2514 meum
2644 2458 2933 2527 dilectum;
2965 2460 3219 2532 forsitan,
3250 2476 3376 2519 cum
3400 2462 3551 2525 hunc
3580 2465 3802 2532 viderint,

530 2561 602 2623 Ed
627 2561 903 2620 duxerunt
926 2562 1088 2620 illum
1114 2563 1182 2619 ad
1210 2563 1505 2621 IesumEt
1520 2564 1788 2635 iactantes
1811 2566 2077 2621 vestimen

2261 2551 2593 2607 rerebuntur.
2614 2551 2788 2620 Quem
2810 2566 2935 2608 cum
2958 2554 3221 2610 vidissent
3239 2556 3446 2625 coloni,
3465 2558 3809 2629 cogitaverunt

530 2670 631 2714 sua
661 2670 826 2727 supra
850 2655 1085 2728 pullum,
1114 2656 1495 2727 imposuerunt
1517 2656 1733 2714 Jesum.
1757 2657 1934 2715 Eunte
1950 2666 2078 2712 aute

2262 2654 2380 2701 ntra
2409 2660 2493 2713 se,
2522 2646 2768 2702 dicentes
2800 2664 2813 2700 :
2846 2646 2945 2703 llic
2975 2656 3063 2704 est
3083 2646 3295 2716 bteres,
3321 2650 3639 2709 occidamus
3664 2651 3806 2717 illum.

529 2749 649 2819 illo,
675 2751 1108 2809 substeruebaut
1145 2752 1474 2809 vestimenta
1500 2767 1600 2808 sua
1622 2751 1684 2807 is
1706 2751 1818 2807 via.
1844 2752 2077 2825 [ccxxxr

2262 2749 2301 2794 tt
2338 2747 2521 2796 nostra
2559 2740 2654 2794 ﬁat
2692 2738 3005 2797 hmreditas.
3036 2740 3107 2798 Et
3130 2742 3367 2813 ejectum
3398 2743 3556 2800 illum
3587 2752 3724 2801 extra
3747 2745 3810 2800 vi-

532 2844 612 2917 1.]
638 2845 716 2907 Et
738 2860 869 2904 cum
900 2846 1919 2920 appropixtqnaretjamaddemum
1937 2844 2136 2903 ωοηιίε
2239 2847 2395 2887 neum
2421 2875 2436 2899 ,
2480 2832 2822 2889 occiderunt.
2867 2833 3010 2900 Quid
3050 2850 3183 2906 ergo
3228 2836 3395 2893 faciet
3440 2838 3556 2895 illis
3596 2839 3812 2895 dominus

530 2937 755 3010 οιίνθιῑ,
784 2951 1077 3013 merum
1101 2955 1296 2999 omnes
1328 2942 1506 2999 tum
1529 2940 1559 2983 ι»
1588 2941 1988 3013 nmmum-um
2015 2956 2138 3012 μυ.
2240 2924 2446 2981 vineae?
2476 2926 2683 2994 veniet,
2712 2936 2765 2982 et
2794 2926 2991 2998 perdet
3019 2929 3245 2985 colonos
3275 2930 3414 2988 istos
3438 2973 3455 3001 ,
3498 2941 3566 2988 et
3590 2932 3725 2989 dabit
3745 2932 3810 2988 vi-

526 3029 721 3087 (ιωωε
750 3032 981 3090 me
1008 3033 1182 3089 Deum
1225 3048 1363 3091 ποθ
1396 3048 1597 3106 magna
1645 3049 1812 3105 super
1838 3033 2091 3089 Omnibus
2115 3072 2132 3102 ,
2238 3034 2398 3075 neam
2440 3019 2586 3076 aliis.
2635 3020 2755 3088 Quo
2799 3019 2986 3077 audito
3009 3061 3025 3088 ,
3066 3021 3322 3077 dixerunt
3358 3022 3440 3078 illi
3473 3042 3487 3078 :
3522 3024 3695 3083 Absit.
3732 3022 3810 3080 llle

527 3137 667 3194 ques
690 3123 973 3191 viderant,
1006 3127 1319 3196 virtutibus,
1350 3127 1603 3185 dicentes
1630 3144 1643 3182 :
1668 3126 2014 3195 Benedictus,
2041 3142 2075 3197 q

2261 3124 2418 3174 tutem
2449 3116 2724 3186 aSpiciens
2754 3130 2881 3185 eos,
2911 3118 3029 3171 ait:
3056 3116 3200 3184 Quid
3229 3126 3320 3175 est
3344 3132 3476 3190 ergo
3501 3117 3615 3178 hoc
3640 3161 3657 3187 ,
3692 3118 3809 3190 quod

2269 3210 2496 3236 ,ηιξ-ειη...
2532 3218 2608 3236 ,αι
2648 3228 2659 3236 .
2701 3209 2959 3236 1....2ᾹΑ...
3009 3226 3165 3236 -..-...-
3209 3213 3643 3236 --..._-I.-..-_-_._.
3675 3212 3791 3236 ...ΔξΩ

527 3213 680 3275 venit
711 3228 805 3271 rex
834 3215 889 3273 in
921 3218 1141 3274 nomine
1164 3217 1416 3284 Domini,
1451 3234 1551 3289 pax
1580 3220 1632 3273 in
1661 3218 1808 3275 casio
1831 3262 1848 3287 ,
1880 3227 1936 3275 et
1960 3218 2131 3290 gloria
2159 3209 2206 3236 υ
2235 3210 2497 3281 scriptum
2529 3218 2614 3267 est
2648 3228 2660 3263 :
2696 3209 2960 3281 Lapidem
3004 3226 3170 3283 quem
3209 3213 3649 3283 reprobaverunt
3672 3212 3810 3271 aedili-

526 3304 584 3363 iu
616 3305 870 3362 excelsis.
904 3308 1168 3379 Leon“,
1190 3308 1273 3379 5.]
1301 3310 1373 3365 Et
1391 3309 1614 3380 quidam
1634 3311 2038 3373 Phanisteorum
2058 3310 2132 3367 de
2232 3313 2421 3362 cantes
2442 3347 2458 3372 ,
2504 3305 2594 3362 hic
2628 3306 2805 3361 factus
2834 3316 2921 3363 est
2965 3307 3020 3362 in
3059 3316 3223 3377 caput
3262 3309 3489 3382 anguli?
3530 3308 3809 3380 Otunisqui

529 3397 708 3455 tubis
730 3439 745 3466 ,
772 3396 1033 3455 dixerunt
1061 3400 1128 3455 ad
1154 3399 1312 3455 illum
1338 3417 1354 3455 :
1379 3401 1639 3472 Magister
1662 3443 1679 3469 ,
1710 3403 1935 3473 increpa
1966 3401 2131 3457 disci-
2230 3397 2489 3454 ceciderit
2512 3412 2682 3469 super
2705 3398 2855 3455 illum
2880 3399 3140 3471 lapidem,
3163 3401 3653 3474 conquassabium
3673 3416 3811 3474 super

526 3487 696 3560 pulos
719 3496 871 3547 suos.
904 3488 1111 3557 Quibus
1139 3490 1255 3561 ipse
1276 3491 1358 3547 ait
1403 3509 1415 3547 :
1454 3492 1580 3548 dico
1617 3493 1770 3548 vobis
1795 3536 1812 3561 ,
1844 3495 1968 3564 quia
1997 3494 2044 3548 si
2075 3492 2129 3549 bi
2231 3505 2393 3562 quem
2422 3500 2602 3549 autem
2629 3491 2917 3561 ceciderit,
2948 3493 3284 3551 comminuet
3303 3494 3482 3551 illum.
3512 3495 3722 3570 [ccxut,
3748 3495 3809 3567 4.]

526 3582 806 3645 tacuerint
828 3624 845 3653 ,
876 3583 1088 3656 lapides
1124 3584 1464 3641 clamabunt.
1501 3585 1785 3659 [ccxxxvt,
1835 3584 1944 3655 10.]
1974 3586 2046 3642 Et
2071 3593 2131 3643 ut
2228 3586 2300 3643 Et
2330 3588 2647 3657 quaerebant
2671 3588 2951 3660 principes
2980 3590 3350 3659 sacerdotum,
3374 3600 3433 3648 et
3457 3594 3680 3662 scriba,
3705 3592 3806 3649 tuit-

524 3677 1005 3749 appropinquavit,
1034 3677 1228 3735 videns
1246 3677 1555 3748 civitatem,
1579 3677 1732 3735 ﬂevit
1761 3693 1929 3750 super
1956 3678 2125 3747 illam,
2229 3685 2347 3735 tere
2384 3679 2437 3734 in
2488 3679 2646 3735 illum
2676 3696 2873 3737 manus
2908 3683 2962 3738 in
2990 3683 3079 3739 illa
3124 3683 3256 3740 hora
3284 3702 3299 3738 :
3327 3694 3383 3741 et
3415 3666 3710 3744 timuerunt
3730 3700 3808 3757 po-

524 3770 715 3827 dicens
748 3789 764 3828 :
797 3773 935 3842 Quia
964 3773 1011 3829 si
1040 3774 1399 3846 cognovisses
1424 3782 1482 3831 et
1506 3782 1587 3841 tu,
1620 3782 1677 3830 et
1702 3773 1921 3845 quidem
1950 3774 2002 3830 in
2028 3774 2128 3831 hac
2228 3772 2418 3842 pulum
2456 3790 2471 3827 :
2515 3784 2890 3847 cognoverunt
2928 3777 3077 3835 enim
3117 3776 3263 3848 quod
3312 3777 3381 3834 ad
3432 3780 3586 3851 ipsos
3638 3778 3809 3835 dixerit

524 3862 619 3921 die
651 3874 762 3935 tua,
796 3881 916 3938 quae
940 3867 1014 3925 ad
1048 3883 1236 3940 pacem
1262 3866 1388 3940 tibi,
1420 3884 1565 3926 nunc
1594 3876 1779 3926 mrtem
1807 3869 2125 3926 abscondita
2227 3865 2640 3924 similitudinem
2690 3869 2849 3927 hanc.
2893 3872 3124 3946 [cchut
3152 3913 3166 3939 ,
3219 3871 3321 3943 2.]
3367 3873 3437 3930 Ει
3480 3876 3809 3932 observantes

530 3965 660 4012 sunt
690 3956 958 4015 aboculis
990 3960 1113 4015 tuis.
1142 3962 1283 4028 Quia
1321 3961 1541 4018 venient
1568 3961 1688 4019 dies
1715 3961 1771 4018 in
1803 3969 1858 4018 te
1887 3980 1901 4017 :
1936 3971 1989 4018 et
2016 3962 2126 4018 cir-
2222 3960 2907 4033 miseruntjnsidiatores,
2946 3967 3039 4037 qui
3069 3966 3326 4036 sejustos
3346 3967 3705 4039 simularent,
3760 3974 3806 4021 ut

528 4047 865 4105 cumdabunt
888 4058 941 4106 te
971 4051 1176 4109 inimici
1206 4054 1283 4109 tui
1312 4053 1478 4121 vallo,
1502 4063 1561 4110 ct
1583 4054 2001 4112 circumdabunt
2027 4063 2122 4111 te:
2225 4064 2486 4127 caperent
2508 4071 2632 4113 eum
2661 4058 2717 4113 in
2736 4072 3029 4128 sermone,
3061 4067 3118 4114 ut
3139 4058 3425 4117 traderent
3450 4061 3603 4117 illum
3634 4058 3807 4132 prioci-

527 4148 585 4199 et
609 4142 1125 4214 coengustabuntte
1150 4145 1429 4217 undique:
1461 4155 1518 4203 et
1546 4146 1613 4201 ad
1642 4156 1848 4205 terram
1872 4156 2125 4219 proster-
2225 4146 2377 4216 patui
2403 4156 2459 4203 et
2486 4149 2740 4218 potestati
2768 4148 3041 4219 praesidis.
3081 4150 3155 4206 Et
3179 4150 3651 4224 interrogaverunt
3674 4166 3801 4217 eum,

520 4242 660 4291 nent
687 4242 765 4306 te,
798 4241 858 4294 et
878 4235 1027 4293 lilios
1052 4245 1202 4306 tuos,
1224 4238 1326 4310 qui
1350 4240 1403 4295 in
1433 4246 1488 4296 te
1510 4248 1663 4308 sunt,
1699 4243 2010 4314 lccxxxvn,
2042 4241 2120 4314 1.]
2224 4238 2504 4297 dicentes:
2528 4241 2800 4313 Magister,
2827 4241 3030 4300 scimus
3068 4244 3192 4316 quia
3222 4253 3375 4302 recte
3392 4245 3533 4303 dicis
3553 4256 3605 4303 et
3625 4245 3803 4303 doces:

520 4335 579 4385 et
618 4343 728 4387 non
758 4330 1073 4403 relinquent
1106 4333 1162 4389 in
1198 4343 1251 4392 te
1282 4334 1512 4406 lapidem
1544 4352 1714 4406 super
1740 4336 1971 4409 lapidem
2008 4356 2022 4393 :
2050 4352 2122 4396 eo
2220 4341 2281 4391 et
2323 4349 2433 4391 non
2462 4336 2666 4407 accipis
2698 4352 2988 4408 personam
3011 4381 3030 4407 ,
3071 4339 3170 4396 sed
3200 4339 3342 4396 viam
3370 4340 3470 4397 Dei
3515 4342 3569 4398 in
3598 4340 3802 4397 veritate

515 4419 662 4492 quod
729 4435 837 4480 non
897 4426 1226 4495 cognoveris
1299 4435 1515 4499 tempus
1578 4430 1910 4487 visitationis
1985 4440 2116 4486 tuae.
2223 4426 2388 4484 doces
2414 4445 2427 4482 :
2452 4427 2584 4485 licet
2619 4428 2779 4485 nobis
2812 4430 3079 4487 tributum
3118 4431 3252 4489 dare
3278 4432 3489 4491 Caesari
3514 4477 3529 4501 ,
3570 4448 3633 4489 an
3662 4428 3805 4488 non?

517 4513 815 4587 [ccxxxvtu
836 4558 853 4586 ,
884 4518 964 4591 1.]
997 4520 1064 4576 Et
1094 4521 1377 4594 ingressus
1404 4522 1461 4578 in
1487 4524 1748 4595 templum
1775 4564 1791 4591 ,
1825 4524 1993 4596 coepit
2012 4524 2119 4593 eji-
2143 4564 2196 4627 Β
2218 4517 2589 4578 Considerans
2609 4530 2789 4579 autem
2813 4522 2995 4580 dolum
3020 4525 3261 4593 illorum,
3286 4526 3427 4583 dixit
3445 4526 3512 4584 ad
3531 4541 3618 4583 eos
3636 4544 3650 4578 :
3669 4521 3802 4592 Quid

512 4620 641 4666 cere
688 4610 988 4671 vendentes
1030 4614 1086 4670 in
1122 4614 1220 4673 illo
1243 4660 1259 4686 ,
1306 4625 1363 4674 et
1397 4625 1645 4674 ementes
1667 4658 1684 4687 ,
1738 4617 1931 4674 dicens
1963 4617 2111 4673 illis:
2143 4610 2192 4627 ν
2218 4632 2309 4674 me
2338 4617 2599 4674 tentatis?
2622 4618 2907 4678 Ostendite
2935 4620 3068 4678 mihi
3110 4621 3416 4681 denarium.
3461 4621 3617 4694 Cujus
3642 4619 3803 4675 habet

508 4699 784 4773 Scriptum
824 4715 911 4764 est
958 4725 970 4762 :
1019 4707 1157 4777 Quia
1198 4708 1395 4768 domus
1442 4726 1562 4769 mea
1608 4712 1800 4769 domus
1850 4712 2115 4770 orationis
2218 4710 2531 4782 imaginem,
2565 4721 2621 4769 et
2648 4714 3093 4787 inscriptionem?
3119 4718 3535 4791 Respondentes
3559 4718 3798 4774 dixerunt

511 4804 612 4854 est.
647 4797 757 4861 Vos
791 4809 975 4861 autem
1015 4802 1226 4863 fecistis
1248 4806 1403 4862 illam
1448 4807 1772 4879 speluncam
1810 4809 2110 4866 latronum.
2217 4804 2307 4861 ei:
2341 4804 2596 4862 Ctesaris.
2638 4807 2710 4863 Et
2737 4808 2813 4864 ait
2856 4810 2962 4866 illis
3005 4828 3019 4865 :
3062 4810 3295 4868 Reddite
3342 4826 3477 4885 ergo
3522 4826 3639 4884 qua:
3687 4812 3800 4865 sunt

509 4888 776 4963 [ccxxxtx
803 4938 819 4966 ,
871 4898 963 4970 1.]
1021 4901 1090 4956 Et
1114 4911 1237 4958 erat
1266 4901 1477 4959 docens
1518 4902 1768 4974 quotidie
1796 4904 1850 4960 in
1881 4904 2106 4976 templo.
2216 4898 2473 4967 Cesaris,
2509 4900 2735 4968 Caesari;
2763 4911 2820 4959 et
2847 4918 2971 4974 quae
2994 4912 3125 4960 sunt
3146 4904 3283 4977 'Dei,
3312 4905 3451 4961 Deo.
3486 4904 3556 4962 Et
3576 4918 3683 4959 non
3710 4913 3799 4973 pe-

507 4983 793 5061 Prineipes
813 4999 998 5048 autem
1026 4992 1405 5064 sacerdotum,
1430 5003 1493 5051 et
1508 4995 1737 5065 scribae,
1759 5006 1816 5053 et
1841 4998 2111 5071 principes
2215 5005 2438 5054 tuerunt
2460 4998 2683 5055 verbum
2717 4998 2837 5070 ejus
2866 4999 3276 5071 reprehendere
3303 5014 3498 5058 coram
3525 5000 3677 5072 plebe
3708 5014 3723 5053 :
3748 5001 3798 5052 et

504 5080 688 5150 plebis
704 5086 1030 5155 qurerebaot
1056 5087 1211 5147 illum
1242 5089 1476 5161 perdere
1504 5101 1598 5149 :et
1618 5106 1735 5149 non
1754 5092 2111 5150 inveniebant
2215 5092 2395 5148 mirati
2425 5092 2479 5147 in
2511 5104 2775 5163 responso
2797 5094 2940 5164 ejus,
2974 5102 3286 5153 tacuerunt.
3324 5096 3687 5155 Accesserant
3706 5106 3789 5149 an-

502 5174 632 5243 quid
676 5175 933 5236 Iacerent
971 5180 1073 5237 illi.
1120 5181 1319 5242 omnis
1358 5185 1505 5243 enim
1536 5187 1778 5257 populus
1798 5200 2108 5257 suspensus
2211 5195 2321 5246 tem
2353 5188 2576 5261 quidam
2603 5186 3023 5247 Saddueaeorum
3047 5233 3063 5262 ,
3112 5191 3205 5264 qui
3244 5199 3448 5265 negant
3482 5206 3600 5248 esse
3624 5199 3793 5244 resur-

503 5276 644 5337 om,
678 5270 908 5333 audistis
932 5273 1113 5332 ilhtm.
2208 5284 2513 5343 rectionem
2541 5328 2556 5353 ,
2589 5294 2646 5342 et
2672 5285 3141 5357 interrogaverunt
3169 5300 3294 5343 eum
3323 5330 3339 5358 ,
3381 5284 3623 5344 dicentes
3649 5300 3664 5338 :
3687 5277 3786 5337 la-

576 5360 732 5436 [Cap.
764 5365 887 5423 XX.
918 5383 1084 5439 ecus,
1112 5369 1198 5443 2.]
1224 5372 1297 5430 Et
1320 5373 1523 5432 factum
1546 5374 1715 5431 estin
1741 5389 1849 5433 una
1869 5375 2104 5446 dierum,
2212 5378 2380 5450 gister
2403 5419 2417 5446 ,
2470 5378 2683 5449 Moyses
2725 5376 2945 5448 scripsit
2994 5378 3152 5434 nobis
3188 5396 3203 5434 :
3254 5376 3314 5435 Si
3362 5376 3541 5437 frater
3578 5370 3789 5441 alicujm

498 5453 1147 5536 dmino-populum
1172 5465 1234 5523 in
1265 5469 1477 5541 tempto
1497 5512 1514 5538 ,
1558 5477 1623 5526 et
1652 5470 2065 5543 evangelizante
2089 5517 2105 5545 ,
2213 5480 2457 5529 mortuus
2504 5470 2670 5527 fuerit
2704 5468 2915 5528 habens
2946 5485 3172 5528 uxorem
3195 5511 3212 5539 ,
3256 5476 3315 5528 et
3355 5469 3450 5529 hic
3480 5461 3786 5528 sinetibsril

570 5619 753 5701 {Non
783 5622 989 5701 addunt
1018 5623 1312 5701 Vaticanus
1339 5624 1639 5701 et_Regin:e
1673 5628 1953 5701 vetustior,
1981 5643 2088 5688 ms.
2271 5627 2300 5667 ι)
2339 5628 2443 5685 Pro
2486 5628 2868 5699 discipulorum
2905 5629 3074 5701 nostri
3102 5643 3297 5688 omnes
3318 5642 3453 5701 mss.
3498 5625 3778 5701 proderunt

497 5698 542 5743 et
574 5692 896 5765 abundabit,
980 5712 1062 5750 me
1092 5696 1257 5753 verba
1278 5696 1335 5752 in
1375 5692 1548 5754 alter'o
1580 5706 1789 5757 tantum
1819 5699 1901 5757 Re
1941 5700 2046 5759 inae
2075 5742 2093 5775 ,
2196 5692 2653 5766 descendentium,
2703 5700 3155 5770 quemadmodum
3199 5710 3255 5758 et
3288 5702 3344 5757 in
3377 5692 3570 5758 Graeco
3595 5697 3777 5753 Canta.

497 5766 553 5813 et
590 5763 844 5815 secundis
878 5709 1097 5817 (“ﬁdem
1138 5767 1287 5817 curis
1314 5764 1539 5817 suﬁ‘ecta
1569 5779 1699 5817 sunt
1740 5786 1756 5817 ε
1804 5768 1864 5817 in
1901 5717 2094 5817 gramm
2196 5771 2429 5817 hrimnai
2462 5771 2754 5817 nxemnlnri
2786 5772 2931 5817 mtan
2957 5772 3119 5817 Betim
3147 5771 3323 5817 fuerat
3344 5780 3446 5817 eam
3465 5764 3777 5817 “memis-

497 5763 855 5847 εξ
872 5741 1298 5847 suosua,
1314 5741 1547 5847 tuseu;
1569 5741 2094 5832 έιῑξςῑτίῑίνδῑξεδ
2196 5741 3447 5847 satiasset;,t.‘ti'asaa'szazgiuzurs;
3458 5741 3778 5845 ῑξξαραηεν

498 5836 679 5884 autem
710 5835 861 5886 textu
881 5833 1097 5901 penitus
1122 5833 1521 5894 desiderantur.

1280 5843 1521 5894 arantur.
2197 5862 2297 5905 των
2325 5857 2425 5917 pro
2448 5849 2548 5902 τῶν
2573 5833 2828 5916 μάθητῶνῖ
