3920 6200
116 252 222 326 (ςιὸ

1169 234 1622 318 cnnamum
1662 252 2037 318 saeuum
2079 260 2332 321 LthAM.

3326 275 3432 333 646

121 373 319 440 fuerit,
343 380 418 430 ut
437 373 669 442 accipiat
690 385 804 429 eam
829 372 993 430 frater
1016 375 1134 444 ejus
1155 391 1406 444 uxorem,
1431 383 1486 432 et
1507 375 1724 431 suscitet
1757 375 1807 433 A
1831 385 2008 431 erunt.
2045 376 2186 451 [δεμ
2222 375 2298 449 1.]
2344 376 2450 434 Sed
2477 385 2601 435 ante
2643 379 2758 438 hare
2800 382 2979 437 omnia
3007 382 3251 453 injicient
3278 385 3435 442 vobis

124 481 321 528 semen
359 467 521 522 fratri
546 482 656 522 suo.
693 465 909 537 Septem
939 481 1071 539 ergo
1101 466 1298 526 fratres
1326 478 1500 535 erant,
1541 477 1594 525 et
1621 469 1731 540 pri-

127 575 253 621 mus
287 560 506 632 accepit
534 576 751 617 uxorem
779 603 792 628 ,
838 569 893 618 et
927 570 1172 618 mortuus
1202 574 1284 620 est
1327 563 1445 620 sine
1489 563 1632 619 ﬁliis.
1666 562 1732 618 Et

131 666 365 720 sequens
388 654 604 723 accepit
627 652 792 718 illam,
826 662 880 710 et
910 653 1025 726 ipse
1058 663 1306 712 mortuus
1334 665 1416 712 est
1447 655 1566 711 sine
1596 655 1726 710 ﬁlio.

131 750 188 804 Et
217 747 422 801 tertius
450 747 666 813 accepit
693 747 864 804 illam.
907 747 1175 806 Similiter
1206 760 1260 806 et
1282 765 1470 806 omnes
1498 760 1727 821 septem,

137 855 179 901 et
203 856 310 894 non
336 843 682 913 reliquerunt
705 858 909 908 semen,
943 851 1000 900 et
1025 844 1223 900 mortui
1251 853 1396 899 sunt.
1425 843 1730 900 Novissime

139 934 366 992 omnium
403 943 618 990 mortua
647 945 728 991 est
755 943 810 992 et
831 937 1048 992 mulier.
1073 937 1129 992 in
1155 939 1553 994 resurrectione
1573 951 1727 1008 ergo,

143 1025 278 1096 cujus
311 1040 506 1080 eorum
538 1025 644 1081 erit
671 1026 840 1083 uxor?
868 1026 1137 1098 siquidem
1167 1037 1376 1099 septem
1417 1027 1730 1084 habuerunt

143 1135 243 1178 eam
272 1135 527 1175 uxorem.
567 1119 639 1175 Et
690 1121 764 1176 ait
805 1119 910 1176 illis
939 1122 1140 1178 Jesus:
1175 1119 1303 1177 Filii
1342 1120 1504 1193 hujus
1542 1120 1729 1178 επρρωὶ

147 1214 336 1269 nubunt
363 1260 378 1279 ,
409 1222 464 1270 et
503 1214 794 1271 traduntur
816 1214 880 1270 ad
910 1216 1126 1286 nuptias
1151 1232 1166 1268 :
1199 1215 1274 1270 illi
1301 1229 1434 1271 vero
1461 1218 1551 1286 qui
1580 1213 1726 1286 digni

149 1307 468 1362 habebuntur
498 1307 699 1363 saeculo
728 1307 843 1376 illo,
875 1318 930 1363 ct
952 1307 1356 1365 resurrectione
1385 1323 1452 1364 ex
1476 1310 1723 1375 mortuis,

149 1409 172 1436 ι
197 1415 362 1470 neque
387 1400 596 1457 nubent
621 1445 634 1467 ,
677 1415 854 1473 neque
880 1401 1080 1458 ducent
1103 1417 1302 1459 uxores
1330 1420 1342 1456 :
1375 1417 1551 1474 neque
1581 1402 1725 1457 enim

151 1494 265 1548 ultra
293 1495 429 1549 mori
459 1504 754 1564 poterunt:
787 1497 1029 1566 aequales
1057 1496 1200 1552 enim
1233 1496 1443 1567 angelis
1477 1505 1637 1562 sunt,
1673 1502 1728 1550 et

149 1588 228 1643 ﬁlii
258 1599 379 1643 sunt
412 1589 530 1657 Dei,
558 1605 679 1646 eum
713 1593 822 1645 sint
849 1590 942 1646 ﬁlii
967 1591 1410 1648 resurrectionis.
1435 1590 1567 1658 Quia
1597 1603 1726 1646 vero

148 1696 413 1756 resurgant
444 1688 679 1754 mortui,
712 1698 768 1743 et
789 1685 1009 1760 Moyses
1037 1687 1278 1743 ostendit
1301 1702 1458 1742 secus
1491 1686 1682 1743 rubum
1706 1726 1721 1751 ,

1833 481 2027 523 manus
2050 485 2200 537 suas,
2228 479 2283 526 et
2309 481 2726 543 persequentur,
2757 474 3036 531 tradentes
3057 475 3110 531 in
3135 493 3437 549 synagogas

1833 570 1888 616 et
1918 562 2196 618 custodias
2222 606 2237 632 ,
2283 565 2560 624 trahentes
2591 567 2656 622 ad
2689 583 2846 640 reges
2876 577 2931 626 et
2971 571 3262 640 prtesides,
3310 588 3438 644 pro-

1833 662 1956 723 pter
1993 670 2191 713 nomen
2238 672 2418 713 meum
2453 676 2464 712 :
2498 661 2774 731 continget
2816 669 2995 715 autem
3042 661 3196 716 vobis
3240 663 3292 716 in
3326 673 3435 718 tes-

1834 747 2138 805 timonium.
2196 749 2396 822 [ccu,
2444 749 2548 824 2.]
2611 752 2806 811 Ponite
2853 769 2984 826 ergo
3043 754 3096 810 in
3172 757 3432 813 cordibus

1832 842 2067 910 vestris,
2119 857 2231 898 non
2283 844 2647 914 praemeditari
2699 847 3156 917 quemadmodum
3202 863 3430 918 respon-

1831 933 2028 990 deatis.
2077 934 2193 1006 Ego
2245 937 2389 992 enim
2445 937 2585 992 dabo
2639 939 2793 993 vobis
2844 955 2906 995 os
2958 949 3012 996 et
3064 941 3383 1011 sapientiam
3418 984 3433 1010 ,

1829 1028 1913 1083 cui
1945 1043 2051 1083 non
2085 1037 2338 1100 poterunt
2367 1031 2622 1087 resistere
2647 1041 2701 1088 et
2730 1033 3105 1091 contradicere
3129 1050 3320 1092 omnes
3343 1035 3438 1092 ad-

1829 1123 2061 1179 versarii
2103 1124 2290 1181 vestri.
2337 1123 2651 1181 Trademini
2701 1137 2879 1182 autem
2929 1143 2959 1183 a
3012 1129 3342 1198 parentibus,
3380 1141 3442 1188 et

1830 1215 2114 1290 fratribus,
2143 1225 2198 1274 et
2221 1219 2486 1291 cognatis,
2517 1228 2570 1276 et
2592 1221 2802 1285 amicis,
2829 1229 2882 1277 et
2914 1228 3087 1278 morte
3112 1221 3349 1279 afﬁcient
3372 1239 3438 1280 ex

1829 1311 1987 1368 vobis
2020 1331 2032 1367 :
2061 1320 2118 1369 et
2137 1312 2289 1369 eritis
2325 1313 2452 1370 odio
2472 1314 2724 1370 omnibus
2749 1326 2969 1386 prOpter
2992 1332 3188 1372 nomen
3212 1332 3393 1373 meum
3424 1337 3436 1372 :

1830 1415 1884 1462 et
1911 1406 2140 1481 capillus
2171 1408 2237 1464 de
2267 1409 2445 1480 capite
2475 1419 2658 1466 vestro
2690 1427 2800 1466 non
2835 1411 3055 1482 peribit.
3092 1411 3149 1467 lu
3177 1413 3439 1484 patientia

1827 1509 2009 1555 vestra
2040 1501 2391 1572 possidebitis
2433 1503 2646 1561 animas
2675 1515 2903 1561 vestras.
2937 1505 3119 1579 [ccut,
3154 1506 3266 1579 10.]
3303 1505 3437 1572 Cum

1829 1600 2011 1650 autem
2051 1593 2300 1651 videritis
2345 1595 2672 1653 circumdari
2713 1595 2784 1654 ab
2827 1600 3069 1654 exercitu
3111 1599 3436 1670 Jerusalem,

1831 1693 1958 1741 tunc
2003 1686 2202 1743 scitote
2251 1687 2376 1759 quia
2421 1691 2882 1762 appropinquavit
2927 1692 3204 1747 desolatio
3255 1693 3373 1764 ejus
3423 1710 3439 1749 :

143 1778 271 1833 sicut
297 1779 421 1833 dicit
443 1779 760 1848 Dominum,
789 1781 953 1836 Deum
974 1779 1529 1849 Abraham,etDeum
1551 1777 1721 1845 lsaac,
1752 1765 1802 1832 Β
1831 1777 2034 1852 [ccum
2069 1779 2151 1854 2.]
2185 1788 2310 1836 tunc
2343 1783 2434 1854 qui
2475 1783 2531 1839 in
2557 1783 2744 1840 Judaea
2778 1795 2924 1853 sunt,
2955 1783 3161 1856 fugiant
3188 1785 3251 1840 ad
3287 1801 3441 1840 tuon-

143 1881 190 1924 et
213 1870 376 1926 Detnn
408 1871 594 1928 lacob.
627 1873 767 1928 Dem
792 1882 969 1928 autem
1000 1887 1104 1927 non
1130 1882 1212 1928 est
1236 1879 1596 1940 mortuorum,
1627 1869 1723 1926 sed

135 1965 372 2020 vivorum
406 1984 417 2018 :
449 1981 642 2022 omnes
673 1967 817 2021 enim
846 1967 1030 2022 vivunt
1063 1967 1135 2022 ei.
1184 1965 1597 2037 ReSpondentes
1624 1980 1722 2019 au-

141 2069 247 2114 tem
277 2061 485 2131 quidam
517 2063 841 2125 scribarum,
869 2061 1127 2116 dixerunt
1150 2061 1197 2117 ei
1226 2078 1239 2113 :
1265 2060 1546 2132 Magister,
1587 2060 1725 2115 bene

137 2154 327 2210 dixi-sti.
351 2155 582 2228 [ccxuv,
597 2155 679 2226 2.]
701 2157 764 2210 Et
781 2155 1014 2226 amplius
1037 2169 1140 2211 non
1159 2155 1426 2211 audebant
1445 2169 1564 2209 eum
1579 2152 1728 2224 quid-

139 2263 288 2318 quam
321 2251 668 2320 interrogare.
701 2251 711 2321 ἱ
738 2264 938 2314 cchv,
971 2246 1063 2318 2.]
1099 2247 1247 2303 Dixit
1273 2257 1448 2303 autem
1473 2247 1540 2302 ad
1567 2246 1722 2300 illos:

131 2340 406 2407 Quomodo
439 2343 624 2397 dicunt
653 2339 960 2410 Christum,
995 2341 1163 2396 lilium
1194 2355 1316 2397 esse
1337 2339 1505 2395 David
1532 2349 1585 2395 et
1610 2339 1728 2408 ipse

128 2431 295 2487 David
323 2434 453 2488 dicit
486 2435 537 2488 in
573 2434 711 2489 libro
740 2433 1082 2489 Psalmorum
1109 2450 1123 2487 :
1153 2432 1300 2487 Dixit
1325 2431 1590 2486 Dominus
1619 2429 1729 2484 Do-

138 2529 277 2582 mino
295 2545 435 2594 meo,
457 2531 586 2586 sede
610 2547 636 2584 a
662 2531 865 2586 dextris
890 2531 1047 2597 meis,
1066 2530 1239 2586 donec
1263 2544 1456 2600 ponam
1481 2528 1726 2583 inimicos

135 2630 276 2690 tuos,
297 2623 584 2678 scabellum
609 2623 806 2693 pedum
829 2624 1080 2678 tuorum?
1101 2621 1272 2679 David
1297 2637 1426 2694 ergo
1441 2621 1727 2676 Dominum

139 2713 283 2768 illum
311 2725 461 2770 vocat
487 2733 501 2771 :
524 2725 589 2771 et
619 2715 893 2786 quomodo
924 2716 1063 2771 ﬁlius
1095 2715 1212 2786 ejus
1243 2715 1364 2770 est?
1394 2709 1728 2787 [cchvr,2.]

139 2806 394 2862 Audiente
422 2815 602 2864 autem
629 2809 772 2864 omni
807 2809 1045 2879 populo,
1076 2809 1214 2863 dixit
1255 2807 1534 2878 discipulis
1576 2807 1728 2862 suis:

140 2901 402 2957 Attendite
431 2919 459 2956 a
492 2902 710 2970 scribis,
741 2903 830 2973 qui
861 2902 1052 2958 volunt
1073 2901 1352 2957 ambulare
1383 2902 1436 2955 in
1465 2901 1640 2968 stolis,
1675 2907 1729 2955 et

140 3005 316 3049 amant
346 2997 698 3052 salutationes
728 2997 779 3052 in
810 2996 926 3052 foro
953 3038 966 3060 ,
1010 3006 1064 3052 et
1109 2996 1313 3067 primas
1353 2994 1646 3050 cathedras
1677 2993 1731 3049 in

139 3095 432 3162 synagogis,
457 3103 510 3149 et
535 3094 738 3164 primos
759 3091 1056 3147 discubitus
1080 3092 1132 3146 in
1154 3090 1446 3145 conviviis:
1469 3090 1701 3163 [,cchvn

1827 1882 1928 1943 tes,
1955 1883 2012 1931 et
2043 1874 2137 1946 qui
2164 1875 2216 1930 in
2248 1875 2428 1932 medio
2455 1876 2597 1947 ejus,
2621 1876 2903 1933 discedant
2940 1888 3028 1933 :et
3059 1878 3146 1948 qui
3176 1877 3226 1932 in
3262 1877 3440 1949 regio-

1825 1966 2016 2037 nibus,
2067 1982 2175 2024 non
2227 1968 2433 2026 intrent
2486 1969 2536 2024 in
2578 1985 2721 2026 eam.
2763 1969 2900 2038 Quia
2949 1970 3067 2025 dies
3117 1971 3338 2026 ultionis
3385 1969 3442 2025 hi

1827 2069 1978 2126 sunt,
2009 2070 2067 2115 ut
2103 2061 2435 2132 impleantur
2461 2063 2640 2118 omnia
2673 2079 2793 2134 quae
2824 2063 3022 2134 scripta
3053 2073 3199 2119 sunt.
3235 2063 3438 2136 leam,

1827 2149 1910 2224 2.]
1943 2151 2038 2207 Vae
2074 2162 2252 2208 autem
2285 2154 2690 2225 praegnantibus
2727 2164 2780 2210 et
2827 2155 3198 2211 nutrientibus
3241 2157 3290 2209 in
3338 2156 3441 2211 illis

1833 2243 2050 2300 diebus.
2083 2243 2258 2318 [CCLv,
2303 2245 2382 2318 2.]
2419 2245 2537 2300 Erit
2569 2246 2712 2301 enim
2747 2263 2998 2316 pressura
3037 2262 3232 2317 magna
3274 2263 3442 2317 super

1831 2345 2053 2404 terram,
2088 2349 2143 2395 et
2174 2339 2253 2394 ira
2284 2340 2487 2410 populo
2516 2339 2662 2396 huic.
2695 2340 2888 2413 [ccr.v1,
2919 2340 3034 2413 l0.]
3063 2343 3125 2397 Et
3159 2343 3356 2398 Cadent
3385 2343 3441 2399 in

1830 2443 1928 2486 ore
1959 2429 2123 2502 gladii
2157 2448 2170 2484 :
2201 2439 2257 2486 et
2296 2431 2494 2501 captivi
2535 2433 2802 2488 ducentur
2842 2434 2893 2489 in
2927 2449 3114 2488 omnes
3141 2442 3354 2506 gentes,
3389 2444 3445 2491 et

1829 2525 2136 2584 Jerusalem
2167 2527 2472 2584 calcabitur
2499 2545 2528 2583 a
2567 2529 2822 2600 gentibus
2854 2548 2866 2583 :
2900 2530 3075 2584 donec
3107 2529 3444 2599 impleantur

1835 2630 2080 2692 tempora
2130 2621 2438 2677 nationum.
2491 2620 2705 2694 [cent],
2751 2619 2940 2692 2.]‘Et
2985 2629 3146 2676 erunt
3191 2622 3344 2692 signa
3390 2623 3442 2678 in

1834 2714 1970 2781 sole,
2003 2723 2057 2770 et
2088 2712 2239 2783 luna,
2271 2722 2326 2771 et
2351 2713 2550 2782 stellis,
2579 2722 2635 2769 et
2659 2715 2710 2768 in
2741 2715 2898 2769 terris
2923 2729 3174 2784 pressura
3199 2715 3442 2786 gentium

1834 2820 1947 2876 prae
1969 2806 2292 2863 confusione.
2318 2807 2528 2863 sonitus
2551 2806 2737 2877 maris,
2769 2815 2824 2862 et
2849 2806 3106 2861 ﬂuctuum
3139 2823 3152 2860 :
3178 2822 3437 2863 arescen-

1837 2899 1980 2956 tibus
2021 2899 2331 2956 hominibus
2375 2917 2486 2971 prae
2521 2901 2733 2967 timore,
2768 2909 2822 2955 et
2849 2902 3284 2970 exspectatione,
3321 2916 3442 2970 qua:

1838 2994 2228 3065 supervenient
2259 2994 2521 3050 universo
2567 2994 2708 3050 orbi.
2740 2993 2874 3049 Nam
2905 2994 3138 3051 virtutes
3177 2995 3442 3052 ccelornm

1837 3090 2200 3147 movebuntur
2235 3109 2245 3144 :
2285 3090 2524 3163 jccwm,
2566 3089 2647 3164 2.]
2677 3097 2745 3146 ‘et
2789 3101 2915 3146 tunc
2954 3091 3215 3148 videbunt
3247 3090 3439 3150 Filium

141 3181 221 3251 8.]
255 3187 338 3254 qui
367 3185 629 3240 devorant
657 3184 849 3240 domos
881 3184 1166 3238 viduarum
1191 3224 1206 3250 ,
1255 3181 1575 3238 simulantes
1607 3149 1807 3235 1οηῘο
1843 3182 2079 3239 hominis
2121 3184 2432 3239 venientem
2473 3185 2528 3238 in
2565 3184 2710 3240 nube
2750 3199 2870 3240 eum
2917 3193 3185 3254 potestate
3224 3199 3440 3256 magna,

141 3289 255 3342 gain
287 3279 604 3332 orationem.
635 3278 699 3333 lli
725 3276 1415 3348 accipientdamnationem
1438 3273 1722 3344 majorem.

217 3367 350 3442 [ϐαρ.
381 3367 901 3442 XXI.]'Respiciens
932 3378 1134 3439 autem,
1167 3369 1303 3424 vidit
1333 3383 1448 3434 eos,
1482 3368 1572 3440 qui
1604 3367 1728 3423 mit—

151 3460 323 3516 tebant
348 3479 565 3518 munera
598 3478 698 3518 sua
727 3464 778 3519 in
807 3463 1255 3535 gazophylacium
1282 3505 1296 3528 ,
1328 3462 1544 3518 divites.
1584 3461 1728 3516 Vidit

149 3562 317 3609 autem
356 3566 407 3610 et
434 3557 725 3628 quamdam
754 3557 970 3613 viduam
1002 3557 1386 3627 pauperculam
1423 3558 1725 3611 mittentem

147 3660 249 3704 mra
277 3654 471 3709 minuta
505 3654 634 3710 duo.
681 3655 749 3711 Et
793 3655 931 3710 dixit
968 3672 980 3709 :
1031 3655 1170 3712 Vere
1200 3654 1322 3710 dico
1347 3654 1506 3710 vobis
1531 3696 1547 3722 ,
1602 3651 1728 3722 quia

143 3739 296 3799 vidua
335 3747 445 3803 hrec
488 3764 701 3820 pauper
726 3790 741 3818 ,
796 3749 919 3819 plus
957 3764 1117 3819 quam
1165 3763 1358 3804 omnes
1390 3746 1560 3802 misit.
1591 3744 1726 3800 Nam

143 3845 323 3894 omnes
353 3841 403 3894 hi
430 3858 493 3897 ex
529 3841 827 3896 abundanti
857 3841 959 3897 sibi
993 3842 1260 3897 miserunt
1280 3842 1332 3896 in
1357 3854 1583 3894 munera
1611 3837 1725 3892 Dei:

141 3922 256 3986 haec
276 3945 444 3990 autem
469 3952 538 3991 ex
558 3951 624 3991 eo
644 3935 785 4007 quod
806 3935 958 3992 deest
982 3935 1084 4003 illi,
1108 3950 1325 3991 omnem
1351 3935 1547 3988 victum
1572 3947 1729 3988 suum

136 4035 297 4089 rluem
321 4030 525 4096 habuit,
561 4031 732 4085 misit.
770 4029 1064 4104 [ccvam,
1097 4025 1180 4102 2.]
1214 4030 1279 4083 Et
1305 4026 1626 4099 quibusdam
1652 4025 1732 4079 di-

135 4122 378 4178 centibus
419 4125 486 4180 dc
529 4124 731 4195 templo
761 4166 774 4191 ,
821 4125 964 4195 quod
1007 4125 1163 4179 bonis
1190 4121 1460 4194 lapidibus
1491 4128 1547 4176 et
1575 4120 1732 4176 donis

134 4218 379 4268 ornatum
413 4225 582 4281 esset,
611 4215 783 4270 dixit:
809 4215 935 4272 llaec
957 4230 1078 4286 qua:
1098 4213 1315 4281 videtis,
1347 4212 1569 4268 venient
1591 4211 1731 4279 dies,

132 4297 181 4350 in
227 4309 408 4377 quibus
441 4328 547 4366 non
581 4309 924 4379 relinquetur
952 4310 1089 4381 lapis
1121 4324 1284 4380 super
1315 4307 1550 4378 lapidem
1578 4347 1592 4372 ,
1640 4307 1733 4376 qui

127 4405 257 4456 non
285 4404 613 4461 destruatur.
657 4405 868 4479 [‘ccxux
890 4451 904 4476 ,
930 4404 1012 4477 2.]
1055 4405 1527 4476 Inlerrogaverunt
1553 4411 1732 4458 autem

121 4482 178 4537 1'”
195 4506 327 4566 ιιπι,
356 4501 632 4556 dicentes:
667 4499 981 4571 Praeceptor
1005 4540 1020 4566 ,
1050 4499 1266 4570 quando
1291 4499 1406 4553 haec
1437 4504 1632 4559 erunt,
1680 4505 1736 4550 et

117 4589 290 4644 filled
315 4594 518 4662 signum
553 4609 677 4649 cum
717 4593 832 4649 ﬁeri
871 4592 1176 4664 incipient?
1203 4592 1306 4661 Qui
1338 4591 1473 4648 dixit
1500 4609 1513 4644 :
1545 4588 1738 4646 Videte

111 4682 232 4735 DQ
257 4686 578 4742 seducamini
608 4707 621 4743 :
655 4688 809 4742 multi
845 4687 990 4744 enim
1025 4687 1246 4744 venient
1280 4687 1334 4742 in
1372 4686 1593 4743 nomine
1617 4698 1738 4740 meo

103 4761 157 4816 di
205 4790 413 4847 vcentes,
443 4782 568 4852 quia
602 4796 702 4853 ego
731 4798 849 4838 sum
877 4799 889 4836 :
920 4790 977 4838 et
1009 4791 1222 4852 tempus
1244 4780 1735 4854 appropinquavit:

92 4868 316 4928 nrJulite
335 4890 461 4946 ergo
483 4877 562 4932 ire
586 4884 708 4946 post
727 4889 846 4932 eos.
866 4875 1000 4931 Cum
1025 4885 1206 4931 autem
1229 4874 1507 4931 audieritis
1528 4875 1736 4946 praelia,

86 4957 140 5040 ξεί
253 4967 571 5034 seditiones,
617 4967 787 5024 nolite
828 4968 1066 5025 terreri:
1108 4977 1322 5040 oportet
1351 4969 1582 5040 primum
1623 4967 1740 5024 hare

83 5037 293 5121 ixgﬁ,
323 5061 411 5116 sed
441 5060 469 5100 b
502 5061 744 5118 nondum
770 5063 953 5120 statim
975 5062 1120 5118 ﬁnis.
1145 5037 1304 5119 Tunc
1337 5037 1552 5118 dicebat
1585 5061 1692 5118 illis
1724 5077 1737 5115 :

1829 3285 1883 3328 et
1912 3275 2220 3344 majestate.
2247 3275 2345 3330 llis
2365 3285 2545 3331 autem
2576 3275 2691 3331 ﬁeri
2717 3275 3125 3346 incipientibus,
3159 3275 3435 3346 respicite,

1832 3374 1888 3422 et
1933 3367 2112 3423 levate
2157 3369 2335 3439 capita
2368 3380 2545 3424 vestra
2579 3387 2591 3423 :
2623 3370 2876 3439 quoniam
2925 3368 3324 3441 appropinquat
3354 3384 3444 3425 re-

1833 3459 2078 3532 demptio
2105 3469 2308 3516 vestra.
2336 3461 2404 3516 Et
2432 3461 2568 3517 dixit
2606 3461 2712 3516 illis
2754 3461 3165 3517 similitudinem
3204 3480 3216 3516 :
3253 3460 3444 3516 Videte

1832 3553 2144 3623 licuineam,
2176 3563 2231 3610 et
2258 3569 2447 3610 omnes
2469 3554 2696 3610 arbores
2723 3570 2735 3608 :
2763 3568 2887 3608 cum
2917 3552 3350 3623 producnntjam
3376 3567 3442 3606 ex

1832 3659 1893 3701 se
1943 3645 2200 3715 fructum,
2237 3646 2388 3701 scitis
2418 3647 2677 3718 quoniam
2725 3661 2894 3716 prope
2939 3655 3020 3701 est
3061 3655 3244 3700 aestas.
3287 3644 3360 3698 ita
3392 3652 3448 3700 et

1831 3754 1930 3794 vos
1960 3756 2080 3795 cum
2112 3740 2364 3795 videritis
2405 3739 2520 3794 haec
2561 3740 2708 3807 fieri,
2751 3741 2949 3795 scitote
2978 3743 3234 3811 quoniam
3275 3754 3444 3809 prope

1834 3843 1918 3888 est
1945 3848 2172 3904 regnum
2199 3832 2319 3888 Dei.
2355 3835 2528 3886 Amen
2559 3832 2680 3888 dico
2711 3833 2888 3903 vobis,
2911 3834 3036 3904 quia
3071 3848 3177 3888 non
3211 3842 3436 3904 prmter-

1831 3928 1931 3985 ibit
1979 3929 2261 4002 generatio
2301 3927 2446 3996 hrcc,
2488 3927 2663 3983 donec
2704 3927 2886 3982 omnia
2935 3927 3084 3982 ﬁant.
3136 3928 3345 3984 Cwlum
3389 3936 3446 3984 et

1837 4033 1978 4078 terra
2007 4022 2317 4077 transibunt
2350 4039 2362 4074 :
2397 4020 2558 4077 verba
2594 4029 2772 4076 autem
2815 4037 2935 4077 mea
2961 4037 3068 4076 non
3111 4023 3443 4078 transibunt.
3503 4041 3522 4057 κ

1836 4117 2037 4190 [ccmx,
2073 4115 2188 4189 10.]
2221 4115 2499 4171 Attendite
2529 4124 2710 4172 autem
2739 4115 2918 4186 vobis,
2952 4131 3020 4172 ne
3042 4115 3183 4173 forte
3213 4130 3444 4188 graven-

1836 4220 1930 4267 tur
1959 4209 2123 4266 corda
2167 4218 2350 4266 vestra
2402 4211 2454 4265 in
2497 4211 2738 4280 crapula,
2770 4218 2824 4266 et
2861 4210 3161 4277 ebrietate,
3207 4218 3262 4265 et
3301 4209 3445 4265 curis

1837 4309 1999 4380 hujus
2046 4308 2176 4362 vitae
2214 4325 2224 4360 :
2257 4315 2312 4363 et
2351 4307 2704 4377 superveniat
2755 4306 2808 4360 in
2853 4320 2952 4360 vos
2993 4304 3277 4375 repentina
3327 4302 3445 4358 dies

1839 4404 1971 4460 illa:
2006 4414 2278 4475 tamquam
2309 4403 2538 4474 laqueus
2570 4403 2714 4460 enim
2749 4402 3097 4473 superveniet
3136 4400 3187 4453 iu
3230 4414 3442 4466 omnes,

1839 4497 1930 4567 qui
1964 4495 2158 4552 sedent
2205 4511 2370 4566 super
2396 4495 2590 4552 faciem
2636 4496 2814 4551 omnis
2848 4504 3027 4549 terrm.
3063 4491 3293 4562 Vigilate
3339 4489 3444 4545 ita-

1847 4606 1975 4662 que,
2004 4591 2151 4647 omni
2181 4601 2428 4661 tempore
2455 4600 2710 4655 orantes,
2743 4596 2802 4643 ut
2839 4587 2986 4658 digni
3017 4584 3326 4640 habeamini
3364 4582 3447 4641 fu-

1848 4699 1979 4754 gere
2007 4686 2105 4739 ista
2133 4684 2334 4750 omnia,
2364 4698 2483 4754 qua:
2506 4682 2685 4737 futura
2709 4688 2854 4746 sunt,
2880 4688 2935 4734 et
2961 4689 3104 4735 stare
3123 4688 3247 4734 ante
3275 4677 3444 4735 ﬁlium

1849 4779 2106 4834 hominis.
2142 4778 2273 4834 Erat
2299 4786 2478 4834 autem
2510 4777 2707 4832 diebus
2743 4774 2946 4830 docens
2989 4775 3042 4829 in
3077 4773 3318 4843 templo:
3345 4789 3445 4830 no-

1847 4871 2022 4926 ctibus
2050 4886 2184 4926 vero
2215 4870 2434 4936 exiens,
2467 4868 2784 4930 morabatur
2821 4867 2875 4922 in
2909 4875 3127 4932 monte,
3161 4863 3253 4936 qui
3282 4879 3445 4920 voca-

1851 4972 1940 5017 tur
1965 4961 2180 5018 Oliveti.
2215 4961 2282 5016 Et
2305 4960 2484 5016 omnis
2514 4959 2748 5031 populus
2776 4957 3082 5013 manicabat
3118 4955 3187 5013 ad
3219 4972 3342 5012 eum
3386 4955 3443 5022 in

1851 5055 2054 5124 templo
2083 5053 2272 5108 audire
2298 5068 2444 5108 eum.

1921 5147 2076 5220 [Cap.
2103 5144 2271 5212 XXII,
2305 5159 2465 5211 chx,
2499 5144 2579 5215 l.]
2601 5143 3092 5215 ApprOpinquabat
3117 5151 3300 5200 autem
3334 5142 3449 5199 dies

1852 5241 2020 5296 festus
2065 5239 2417 5311 Azymorum,
2463 5237 2555 5309 qui
2595 5236 2795 5293 dicitur
2836 5235 3043 5292 Pascha
3085 5234 3326 5306 :[ccnxn
3371 5233 3450 5310 L]

1851 5344 1904 5389 et
1929 5331 2247 5406 quaarebant
2269 5328 2550 5402 principes
2572 5328 2944 5399 sacerdotum,
2983 5337 3038 5386 et
3069 5327 3285 5397 scribas,
3313 5343 3449 5400 quo-

119 5129 347 5216 ἓιπῖζεξι
370 5168 498 5224 gens
524 5162 716 5210 contra
742 5163 956 5225 gentem
980 5199 994 5224 ,
1029 5165 1082 5211 et
1114 5169 1336 5227 regnum
1368 5154 1634 5211 adversus
1655 5167 1744 5210 re-

163 5239 336 5319 suum.
363 5247 427 5301 Et
454 5255 801 5304 terrazmotus
823 5247 1000 5319 magni
1029 5257 1190 5304 erunt
1212 5262 1308 5318 per
1328 5247 1472 5312 loca,
1502 5255 1554 5302 et
1578 5245 1743 5318 pesti-

162 5318 353 5407 ‘enlize,
373 5349 427 5397 et
447 5340 644 5411 fames,
669 5318 1016 5412 terroresque
1038 5341 1106 5399 de
1123 5341 1285 5410 caelo,
1305 5351 1361 5398 et
1380 5341 1529 5412 signa
1553 5353 1746 5416 magna

1858 5584 2038 5657 priore
2065 5578 2348 5637 dumtaxat
2371 5579 2740 5708 locogrrcfert
2767 5579 2825 5636 in
2847 5579 3028 5638 futuro
3051 5595 3212 5651 neque
3233 5578 3448 5661 nubent.

1924 5653 1950 5692 ιι
1989 5651 2188 5708 lterum
2227 5666 2467 5708 nressrus
2556 5671 2600 5708 r.
2643 5655 2729 5708 οὐκ
2768 5655 2948 5708 εὐθέως
2983 5667 3128 5708 unus
3159 5650 3448 5708 Vaticanus

1924 5659 1950 5692 ι)
1989 5659 2188 5708 lterum
2227 5659 2467 5724 pressius
2505 5659 2600 5714 Gr.
2643 5659 2729 5710 οὐκ
2768 5659 2948 5716 εὐθέως
2983 5667 3128 5710 unus
3163 5659 3454 5708 Vaticanus

1845 5737 1906 5788 ,at
1948 5740 2016 5782 ue
2038 5723 2180 5780 alter
2200 5725 2466 5782 vetustior
2494 5725 2715 5798 Reginae
2747 5740 2860 5792 aus.
2897 5741 3004 5790 non
3028 5724 3216 5790 statim
3233 5731 3453 5790 tantum

1858 5741 2084 5856 litarent.
2116 5810 2218 5856 oro
2243 5795 2498 5856 nondum.
2526 5807 2635 5856 etc.

1899 5795 2084 5866 abeat,
2116 5810 2218 5870 pro
2243 5795 2498 5868 nondum,
2526 5795 2635 5856 etc.

188 5581 256 5663 κδ
297 5587 349 5643 ln
376 5589 595 5645 instanti
630 5589 783 5663 juxta
808 5589 1052 5647 Graecum
1087 5595 1293 5646 textum
1340 5585 1459 5646 οὔτε
1495 5589 1750 5663 quaedam

151 5655 272 5736 ᾖῖξε
334 5655 724 5736 inculcanda:
769 5664 942 5718 nostri
998 5676 1213 5736 quoque
1262 5655 1515 5727 omnes,'
1554 5655 1750 5736 quibus

149 5713 541 5818 Efflurfﬁiss.
579 5713 767 5806 legunt
792 5713 1028 5818 ,Ἀπεφιῖ
1053 5713 1248 5818 nubunt
1278 5713 1312 5802 ,ν
1345 5713 1509 5818 ηερμέ
1552 5713 1752 5818 ducunt
1845 5737 1906 5818 at

150 5788 379 5871 υτον-θεέ
415 5788 1024 5878 ιιηόνεὶἕεῇἐὸῖὶέςῖἡω
1061 5788 1163 5862 sub
1207 5788 1358 5861 num.
1396 5788 1466 5860 ιί
1492 5841 1509 5873 ,
1555 5797 1650 5873 qui
1698 5805 1755 5858 et
1858 5797 1895 5856 h
