3920 6200
563 225 667 285 64⁸1

1548 224 1606 278 S.
1650 222 2033 281 ΗΙΕΙίΟΝἶΙι
2071 220 2303 280 DIVINA
2341 220 2821 280 Βιβιιοῑιιεω.

3753 229 3840 287 “8

564 339 731 398 modo
757 348 785 379 ⁸
814 338 1000 397 Jesum
1031 338 1403 394 interﬁcerent
1431 354 1447 393 :
1471 338 1743 395 timebant
1770 356 1903 397 vero
1928 342 2164 411 plebem.
2195 343 2250 400 Α
2274 354 2576 394 conversus
2620 341 2877 394 conﬁrma
2924 338 3125 393 fratres
3170 346 3316 393 tuos.
3364 338 3628 411 jchxxv,
3674 340 3743 413 1.]
3767 344 3841 410 Qui

566 434 791 503 foculi,
833 433 912 505 9.]
958 433 1183 488 Intravit
1230 442 1413 488 autem
1451 432 1681 489 Satanas
1712 434 1766 488 in
1808 433 2027 499 Iudam,
2074 436 2167 502 qui

566 524 1053 597 cognominabatur
1111 524 1438 591 lscariotes,
1496 542 1667 581 unum
1723 526 1793 581 de
1856 526 2164 582 duodecim.

567 619 808 693 [πωπω
844 618 926 693 2.]
955 620 1024 675 Et
1047 620 1202 689 abiit,
1232 632 1286 676 et
1322 620 1537 675 loculus
1566 629 1655 676 est
1677 636 1800 677 cum
1832 622 2167 690 principibus

569 713 945 779 sacerdotum,
972 721 1027 769 et
1054 714 1498 784 magistratibus,
1524 712 1981 785 quemadmodum
2011 715 2163 767 illum

572 803 819 861 traderet
843 804 946 861 eis.
975 803 1043 860 Et
1062 805 1239 877 gavisi
1269 816 1429 873 sunt,
1458 816 1514 861 et
1546 807 1689 872 pacti
1720 816 1848 861 sunt
1883 806 2164 877 pecuniam

569 897 648 953 illi
675 896 830 955 dare.
858 897 926 954 Et
947 899 1256 969 spopondit.
1290 898 1361 954 Et
1381 900 1659 970 quaerebat
1679 901 2164 969 opportunitatem,

569 998 630 1046 ut
654 990 895 1047 traderet
926 989 1081 1046 illum
1107 991 1225 1047 sine
1253 992 1448 1047 turbis.
1481 991 1642 1047 Venit
1665 1003 1845 1048 autem
1877 993 1994 1047 dies
2022 992 2167 1061 Axy-

573 1098 810 1149 morum,
835 1082 892 1139 in
922 1098 1029 1154 qua
1061 1098 1285 1140 necesse
1318 1092 1438 1139 erat
1465 1084 1638 1140 occidi
1666 1084 1887 1154 pascha.
1922 1085 1987 1138 Et
2023 1085 2168 1138 misit

570 1174 792 1233 Petrum
818 1188 875 1233 et
916 1177 1213 1245 Joannem,
1260 1178 1451 1235 dicens
1484 1197 1499 1233 :
1534 1179 1737 1234 Euutes
1781 1190 1971 1249 parate
2014 1180 2169 1232 nobis

570 1271 798 1343 pascha,
844 1282 903 1327 ut
932 1273 1353 1329 manducemus.
1386 1273 1455 1327 At
1494 1274 1578 1328 illi
1624 1274 1914 1329 dixerunt:
1949 1273 2049 1329 tibi
2089 1276 2168 1327 vis

571 1364 862 1432 paremus?
886 1365 954 1421 Et
976 1365 1113 1420 dixit
1140 1365 1209 1421 ad
1235 1381 1331 1420 eos
1371 1382 1386 1420 :
1416 1366 1555 1419 Ecce
1590 1365 1989 1420 introeuntibus
2016 1364 2171 1419 vobis

568 1452 624 1510 in
648 1454 947 1524 civitatem,
986 1468 1243 1513 occurret
1280 1459 1435 1513 vobis
1466 1457 1632 1512 hoino
1674 1457 1894 1526 quidam
1939 1457 2169 1527 ampho-

570 1561 691 1603 ram
731 1563 888 1620 aqure
919 1558 1146 1619 portans
1185 1568 1199 1603 :
1232 1550 1525 1620 sequimini
1564 1566 1692 1605 eum
1729 1548 1783 1604 in
1826 1549 2073 1614 domum,
2116 1548 2169 1602 in

570 1653 734 1711 quam
779 1638 976 1706 intrat,
1014 1648 1068 1695 et
1109 1640 1309 1695 dicetis
1356 1640 1731 1710 patrifamilias
1777 1640 1997 1707 domus,
2042 1637 2171 1693 dicit

2269 432 2409 486 dixit
2430 433 2479 487 ei
2496 448 2514 487 :
2534 432 2788 498 Domine,
2802 440 2979 485 tecum
3006 439 3228 500 paratus
3242 445 3363 484 sum
3377 442 3433 485 et
3456 433 3514 484 in
3536 445 3843 489 carcereum

2268 527 2324 580 in
2338 535 2564 581 mortem
2584 527 2683 580 ire.
2700 525 2883 580 Atille
2895 525 3031 579 dixit
3051 542 3068 582 :
3082 524 3215 578 Dico
3229 524 3351 589 tibi,
3364 523 3551 587 Petre,
3570 540 3677 579 non
3690 538 3841 581 canta-

2268 620 2345 675 bit
2370 620 2529 674 hodie
2548 621 2749 691 ga'lus,
2762 619 2934 675 donec
2948 630 3031 674 ter
3046 619 3283 689 abneges
3297 633 3463 674 nosse
3480 634 3592 675 me.
3610 618 3840 691 [ccum

2268 712 2384 783 10.]
2418 713 2485 766 Et
2512 712 2651 767 dixit
2679 714 2759 766 eis
2789 731 2803 765 :
2836 712 3066 779 Quando
3098 711 3223 765 misi
3251 726 3348 764 vos
3386 715 3511 767 sine
3546 714 3780 781 sacculo,
3803 728 3841 770 et

2270 819 2424 875 pera,
2455 814 2513 860 et
2532 806 2944 869 calceamentis,
2968 802 3234 873 numquid
3258 803 3464 873 aliquid
3487 804 3662 861 defuit
3683 806 3845 862 vobis?

2270 902 2341 956 At
2384 901 2461 954 illi
2493 900 2756 955 dixerunt
2792 918 2809 957 :
2846 900 3020 955 Nihil.
3054 899 3201 954 Dixit
3240 915 3376 971 ergo
3414 902 3496 956 eis
3530 900 3681 957 :Sed
3725 918 3844 959 nunc

2268 995 2361 1063 qui
2387 995 2551 1049 habet
2584 996 2887 1061 sacculum,
2921 996 3104 1058 tollat;
3152 994 3407 1050 similiter
3430 1005 3485 1050 et
3526 1010 3706 1065 peram
3743 1015 3757 1050 :
3796 1006 3841 1053 et

2270 1086 2362 1156 qui
2395 1101 2504 1141 non
2552 1087 2741 1153 habet,
2769 1087 2971 1143 vendat
3017 1088 3253 1141 tunicam
3298 1102 3471 1153 suam,
3500 1098 3557 1143 et
3584 1099 3719 1144 emat
3743 1090 3847 1159 glao

2268 1178 2439 1234 dium.
2460 1179 2749 1251 {cccxxer
2774 1180 2854 1253 8.]
2885 1181 3016 1236 Dico
3039 1184 3185 1236 enim
3210 1181 3391 1247 vobis,
3419 1182 3674 1253 quoniam
3694 1182 3845 1239 adhuc

2270 1270 2375 1327 hoc
2400 1272 2543 1340 quod
2590 1273 2854 1341 scriptum
2894 1284 3013 1341 est,
3045 1282 3267 1344 oportet
3306 1275 3523 1342 impleri
3568 1274 3622 1328 in
3649 1276 3845 1330 me:Et

2268 1378 2392 1419 cum
2419 1364 2617 1432 iniquis
2645 1364 2941 1434 deputatus
2980 1374 3086 1419 est.
3130 1364 3345 1420 Etenim
3382 1381 3472 1433 ea,
3502 1381 3623 1433 qua:
3657 1376 3769 1421 sunt
3789 1366 3845 1423 de

2273 1471 2383 1521 me,
2413 1456 2578 1511 finem
2611 1456 2834 1511 habent.
2866 1456 3182 1527 [cetum],
3218 1456 3333 1528 10.]
3355 1456 3427 1512 Δι
3463 1456 3543 1510 illi
3578 1457 3842 1513 dixerunt:

2273 1551 2530 1617 Domine,
2560 1565 2686 1605 ecce
2714 1551 2825 1605 duo
2862 1552 3030 1621 gladii
3059 1550 3173 1605 hic.
3205 1555 3276 1606 At
3305 1550 3399 1605 ille
3425 1551 3566 1606 dixit
3587 1552 3663 1606 eis
3690 1551 3845 1608 :Satis

2271 1652 2374 1698 est.
2406 1642 2683 1715 [cccxxtx,
2716 1642 2796 1714 1.]
2825 1643 2891 1697 Et
2932 1659 3193 1714 egressus
3237 1642 3355 1698 ibat
3395 1644 3691 1699 secundum
3728 1660 3835 1699 con-

574 1732 670 1789 tibi
705 1733 958 1803 Magister
990 1751 1003 1786 :
1034 1731 1138 1789 Ubi
1159 1742 1246 1789 est
1273 1733 1663 1798 diversorium,
1692 1734 1785 1787 ubi
1816 1733 2015 1802 pascha
2048 1748 2169 1787 cum
2202 1736 2248 1795 Β
2276 1738 2617 1792 suetudinem
2647 1738 2700 1791 in
2731 1746 2976 1793 montem
3003 1736 3306 1793 Olivarum.
3340 1737 3530 1793 Secuti
3548 1747 3669 1792 sunt
3689 1747 3842 1793 autem

573 1822 862 1893 discipulis
890 1824 1031 1881 meis
1075 1825 1439 1881 manducem?
1468 1825 1537 1879 Et
1568 1825 1691 1895 ipse
1730 1826 1981 1880 ostendet
2021 1824 2175 1881 vobis

573 1914 920 1972 cenaculum
961 1930 1221 1985 magnum
1263 1925 1517 1982 stratum,
1547 1926 1604 1971 et
1632 1917 1702 1970 ibi
1736 1928 1944 1988 parate.
1972 1917 2175 1974 Euntes

572 2015 779 2075 autem,
822 2008 1151 2064 invenerunt
1196 2013 1338 2064 sicut
1376 2009 1515 2064 dixit
1558 2010 1707 2077 illis,
1748 2020 1802 2065 et
1851 2020 2176 2079 paraverunt

574 2099 800 2170 pascha.
824 2098 897 2155 Et
923 2115 1048 2156 cum
1078 2100 1220 2157 facta
1260 2110 1410 2157 esset
1442 2100 1597 2167 hora,
1625 2102 1923 2168 discubuit,
1958 2112 2015 2159 et
2039 2103 2173 2157 duo-

573 2192 753 2249 decim
784 2194 1022 2264 apostoli
1071 2210 1196 2249 cum
1235 2210 1323 2250 eo.
1370 2194 1606 2266 [ccr.xrv,
1640 2194 1755 2269 10.]
1797 2195 1865 2250 Et
1906 2198 1983 2251 ait
2020 2198 2169 2253 illis:

574 2285 862 2344 Desiderio
913 2287 1225 2343 desideravi
1273 2288 1380 2344 hoc
1437 2289 1639 2360 pascha
1693 2289 2022 2346 manducare
2080 2306 2177 2347 vo-

569 2378 805 2448 biscum,
855 2389 1148 2452 antequam
1207 2382 1401 2452 patiar.
1451 2380 1666 2455 [cctxv,
1712 2381 1795 2455 2.]
1844 2383 1980 2438 Dico
2028 2385 2172 2439 enim

569 2473 756 2541 vobis,
784 2472 908 2543 quia
941 2488 1015 2530 ex
1041 2474 1148 2529 hoc
1172 2490 1282 2530 non
1314 2476 1652 2532 manducabo
1681 2475 1832 2542 illud,
1871 2475 2046 2532 donec
2074 2479 2174 2531 im-

570 2566 788 2637 pleatur
810 2566 868 2622 in
895 2581 1068 2638 regno
1096 2567 1214 2624 Dei.
1248 2567 1319 2623 Et
1358 2577 1583 2638 accepto
1610 2569 1780 2625 calice
1806 2570 2011 2640 gratias
2038 2570 2168 2641 egit,

565 2669 626 2717 et
647 2660 789 2716 dixit
820 2677 834 2715 :
867 2660 1136 2732 Accipite,
1178 2669 1234 2718 et
1278 2662 1502 2719 dividite
1533 2664 1677 2718 inter
1703 2678 1821 2718 vos.
1864 2662 1997 2719 Dico
2025 2664 2170 2719 enim

569 2755 752 2822 vobis,
779 2754 925 2827 quod
957 2772 1064 2811 non
1095 2756 1277 2811 bibam
1314 2756 1385 2812 de
1415 2757 1768 2828 generatione
1807 2759 1964 2826 vitis,
1998 2758 2173 2816 donec

567 2860 794 2919 regnum
844 2848 940 2904 Dei
985 2847 1190 2905 veniat.
1245 2847 1480 2920 [ccum
1516 2848 1593 2923 1.]
1644 2849 1713 2905 Ει
1760 2860 1987 2922 accepto
2032 2867 2171 2921 pane

567 2940 773 3012 gratias
801 2941 914 3011 egit
937 2984 953 3008 ,
981 2951 1039 2999 et
1066 2942 1250 3014 fregit,
1278 2953 1338 2999 et
1364 2943 1517 3000 dedit
1550 2945 1653 3010 eis,
1681 2945 1871 3002 dicens
1899 2964 1913 3001 :
1947 2946 2060 3003 Hoc
2088 2957 2171 3002 est

565 3048 768 3107 corpus
795 3051 1000 3103 meum,
1027 3036 1172 3109 quod
1214 3052 1315 3108 pro
1354 3038 1511 3094 vobis
1539 3038 1701 3095 datur
1730 3058 1746 3097 :
1779 3040 1883 3095 hoc
1922 3041 2085 3097 facile
2112 3041 2166 3096 in

2281 1831 2433 1884 illum
2471 1842 2525 1886 et
2567 1831 2842 1901 discipuli.
2872 1831 3129 1903 [cccxxx,
3162 1830 3246 1902 2.]
3276 1831 3344 1887 Et
3386 1846 3513 1886 cum
3546 1832 3845 1902 pervenisset

2278 1925 2347 1979 ad
2379 1924 2583 1991 locum,
2609 1924 2745 1979 dixit
2780 1925 2894 1979 illis
2927 1943 2941 1978 :
2973 1924 3162 1992 Orate,
3200 1940 3271 1981 ne
3301 1925 3524 1981 intretis
3549 1926 3604 1979 in
3631 1926 3846 1982 tentatioo

2277 2034 2426 2075 nem.
2460 2018 2730 2090 [ccuxxt,
2768 2019 2846 2092 1.]
2879 2020 2947 2075 Et
2972 2020 3089 2090 ipse
3116 2020 3343 2076 avulsus
3382 2030 3471 2076 est
3500 2022 3571 2077 ab
3598 2025 3674 2077 eis
3698 2037 3842 2091 quan-

2278 2122 2393 2167 tum
2419 2112 2597 2183 jactus
2617 2123 2701 2168 est
2723 2112 2923 2183 lapidis
2950 2130 2964 2165 :
2996 2122 3049 2168 et
3071 2114 3264 2182 positis
3285 2114 3523 2184 genibus
3549 2115 3755 2181 nnbat,
3779 2114 3848 2170 di-

2276 2222 2408 2263 cens
2442 2226 2454 2259 :
2482 2206 2673 2271 Pater,
2702 2208 2745 2261 si
2776 2209 2883 2271 vis,
2926 2207 3163 2263 transfer
3195 2208 3425 2264 calicem
3468 2209 3629 2264 istum
3670 2225 3698 2264 a
3736 2225 3843 2265 me:

2278 2300 2574 2373 [ccrxxxn,
2606 2301 2682 2373 1.]
2716 2301 3106 2358 Verumtamen
3154 2319 3263 2359 non
3292 2319 3416 2360 mea
3459 2305 3732 2371 voluntas,
3767 2304 3847 2361 sed

2278 2404 2363 2448 tua
2392 2394 2509 2449 ﬁat.
2544 2394 2870 2466 [ccuxxm,
2898 2395 3011 2469 10.]
3044 2398 3307 2468 Apparuit
3340 2408 3528 2453 autem
3557 2398 3627 2454 illi
3651 2399 3849 2471 angelus

2274 2487 2343 2542 de
2369 2488 2534 2552 crelo,
2563 2488 2885 2544 confortans
2923 2505 3071 2545 eum.
3101 2490 3170 2545 Et
3197 2490 3376 2547 factus
3404 2492 3460 2547 in
3495 2493 3697 2563 agonia,
3734 2506 3849 2563 pro-

2276 2578 2435 2633 lixius
2462 2578 2676 2633 orabat.
2712 2580 2781 2635 Et
2811 2580 2988 2637 factus
3021 2592 3107 2638 est
3143 2584 3312 2638 sudor
3336 2583 3491 2652 ejus,
3528 2585 3664 2641 sicut
3698 2595 3846 2656 gutta:

2274 2672 2552 2741 sanguinis
2596 2672 2954 2730 decurrentes
2993 2675 3045 2729 in
3087 2688 3311 2731 terram.
3346 2675 3656 2750 [ccuxxm
3678 2677 3758 2749 2.]
3792 2678 3845 2733 Et

2272 2778 2396 2819 cum
2429 2766 2769 2821 surrexisset
2811 2767 2882 2822 ab
2911 2768 3180 2835 oratione,
3224 2780 3279 2825 et
3321 2771 3564 2827 venisset
3601 2771 3666 2825 ad
3708 2770 3846 2825 disci-

2271 2857 2427 2926 pulos
2456 2871 2607 2925 suos,
2647 2859 2855 2914 invenit
2881 2874 2979 2915 eos
3008 2861 3348 2919 dormientes
3383 2879 3502 2934 prae
3533 2865 3766 2919 tristitia.
3791 2864 3846 2918 Et

2270 2949 2348 3003 ait
2378 2950 2485 3005 illis
2510 2952 2682 3018 :Quid
2704 2954 2988 3010 dormitis?
3016 2958 3247 3027 surgite,
3275 2967 3454 3025 orate,
3476 2975 3550 3015 ne
3581 2960 3841 3016 iutretisiu

2272 3045 2652 3103 tentationem.
2684 3048 2978 3121 [ccuxxxv,
3004 3049 3082 3122 1.]
3115 3051 3309 3110 Adhuc
3337 3069 3405 3109 eo
3432 3054 3712 3125 loquente,
3737 3070 3844 3112 ecce

563 3142 741 3186 meam
781 3131 1379 3188 commemorationem.
1415 3132 1673 3206 [ccnxvm
1697 3133 1780 3207 2.]
1818 3135 2086 3192 Similiter
2112 3147 2168 3193 et
2192 3119 2238 3183 (ἶ
2274 3139 2433 3194 turba
2470 3152 2567 3196 :et
2611 3119 2703 3211 qui
2732 3142 3029 3199 vocabatur
3063 3119 3235 3200 indas
3273 3163 3414 3203 unus
3447 3119 3521 3204 de
3556 3119 3841 3212 duodecim,

562 3221 815 3292 calicem,
864 3234 1150 3297 postquam
1189 3226 1445 3292 coenavit,
1478 3226 1715 3282 dicens:
1749 3227 1848 3283 llic
1894 3240 1982 3284 est
2026 3229 2164 3284 calix

565 3330 767 3375 novum
796 3326 1187 3376 testamentum
1210 3320 1266 3374 in
1293 3322 1557 3391 sanguine
1583 3335 1729 3387 meo,
1763 3320 1853 3391 qni
1887 3338 1983 3391 pro
2011 3323 2165 3378 vobis

567 3408 844 3468 fundetur.
898 3409 1191 3483 [ccuvnt,
1236 3409 1319 3482 2.]
1370 3411 1751 3468 Verumtamen
1800 3427 1929 3468 ecce
1973 3429 2164 3469 manus

569 3503 829 3559 tradentis
859 3515 1199 3569 me,mecum
1223 3513 1307 3555 est
1335 3500 1622 3571 injmeusa.
1653 3503 1721 3558 Et
1750 3505 1968 3575 quidem
1996 3506 2163 3564 Filius

567 3592 827 3661 hominis,
878 3591 1182 3649 secundum
1224 3593 1371 3663 quod
1401 3593 1683 3651 definitum
1715 3607 1820 3665 est,
1859 3599 2039 3653 vadit:
2071 3616 2166 3657 ve-

563 3694 872 3742 rumtamen
892 3700 975 3740 va:
996 3684 1204 3741 homini
1227 3686 1325 3752 illi,
1340 3702 1437 3759 per
1456 3705 1617 3759 quem
1636 3691 1898 3747 tradetur.
1925 3691 2156 3764 [ccutx,

567 3776 646 3847 1.]
680 3776 749 3833 Et
775 3778 879 3849 ipsi
901 3789 1192 3849 cmperunt
1213 3795 1465 3851 quaerere
1488 3783 1631 3839 inter
1657 3798 1741 3849 se,
1772 3785 1895 3855 quis
1923 3796 2069 3842 esset
2093 3804 2161 3845 ex

558 3870 664 3940 eis,
678 3872 772 3943 qui
788 3871 894 3930 hoc
918 3873 1163 3931 facturus
1176 3886 1342 3933 esset.
1367 3875 1580 3949 [ccum
1600 3876 1682 3950 2.]
1704 3878 1868 3935 Facta
1883 3889 2159 3939 estautem

560 3973 619 4021 et
645 3966 932 4023 contentio
975 3967 1122 4024 inter
1149 3982 1268 4037 eos,
1313 3969 1441 4040 quis
1487 3983 1678 4026 eorum
1723 3971 2000 4028 videretur
2038 3990 2162 4032 esse

560 4058 755 4130 major.
792 4058 941 4116 Dixit
967 4070 1149 4119 autem
1179 4063 1261 4119 eis
1296 4085 1311 4120 :
1336 4063 1512 4135 Reges
1537 4065 1779 4135 gentium
1809 4065 2162 4125 dominantur

560 4167 753 4211 eorum
788 4161 889 4211 :et
916 4153 1010 4226 qui
1039 4164 1363 4226 potestatem
1396 4155 1600 4213 habent
1639 4173 1804 4229 super
1832 4175 1927 4215 eos
1947 4201 1964 4228 ,
1996 4160 2162 4218 bene-

561 4246 649 4304 tici
679 4257 970 4305 vocantur.
1001 4247 1111 4304 Vos
1139 4258 1324 4306 autem
1354 4265 1461 4307 non
1494 4251 1574 4307 sic
1598 4268 1611 4304 :
1634 4251 1732 4308 sed
1762 4254 1854 4324 qui
1873 4255 2052 4325 major
2076 4266 2161 4312 est

558 4342 615 4401 in
664 4344 843 4412 vobis,
890 4342 988 4400 ﬁat
1035 4342 1177 4400 sicut
1211 4343 1441 4401 minor:
1480 4354 1536 4402 et
1577 4346 1669 4417 qui
1714 4362 2013 4419 praecessor
2051 4358 2156 4418 est,

552 4439 697 4497 sicut
726 4439 1092 4497 ministratur.
1127 4437 1368 4512 [ccum
1404 4439 1515 4514 10.]
1542 4440 1676 4497 Nam
1698 4442 1823 4513 quis
1846 4442 2023 4514 major
2051 4451 2156 4508 est,

2272 3232 2635 3289 antecedebat
2665 3250 2763 3289 eos
2788 3254 2800 3287 :
2827 3248 2881 3292 et
2909 3237 3368 3309 appropinquavit
3393 3238 3545 3309 Jesu,
3572 3251 3626 3297 ut
3652 3241 3845 3297 oscula-

2276 3335 2429 3381 retur
2468 3342 2614 3382 eum.
2665 3327 2985 3400 [CCLXXXVI,
3026 3330 3108 3403 2.]
3139 3332 3300 3387 Jesus
3345 3343 3529 3388 autem
3566 3334 3703 3390 dixit
3739 3334 3841 3390 illi:

2268 3418 2431 3485 Juda,
2464 3420 2649 3475 osculo
2681 3421 2876 3477 Filium
2921 3424 3156 3479 hominis
3198 3425 3843 3499 tradis?[ccr.xxxvn,1.]

2266 3514 2529 3571 Videntes
2560 3528 2741 3574 autem
2768 3518 2847 3589 hi,
2880 3521 2972 3591 qui
3000 3521 3145 3576 circa
3174 3521 3353 3591 ipsum
3385 3532 3581 3588 erant,
3608 3524 3747 3594 quod
3776 3523 3847 3575 fu-

2268 3616 2446 3662 turum
2476 3619 2619 3676 erat,
2661 3609 2919 3667 dixerunt
2949 3613 3000 3667 ei
3030 3629 3045 3666 :
3073 3612 3326 3684 Domine,
3363 3615 3411 3669 si
3450 3618 3778 3685 percutimus
3801 3616 3843 3668 in

2263 3699 2480 3771 gladio?
2510 3702 2577 3757 Et
2604 3706 2880 3774 percussit
2914 3721 3052 3761 unus
3081 3720 3148 3762 ex
3188 3708 3303 3764 illis
3345 3724 3568 3765 servum
3609 3710 3845 3781 principis

2263 3794 2635 3864 sacerdotum,
2668 3807 2723 3853 et
2745 3799 3050 3869 amputavit
3084 3801 3385 3857 auriculam
3418 3802 3537 3874 ejus
3561 3803 3841 3861 dexteram.

2271 3889 2629 3961 Respondeas
2668 3901 2848 3948 autem
2890 3892 3071 3964 Iesus,
3123 3895 3201 3949 ait
3238 3912 3252 3948 :
3291 3894 3471 3953 Sinite
3522 3913 3686 3969 usque
3731 3897 3841 3951 huc.

2267 3982 2614 4053 [ccuxxvnn
2657 3984 2772 4057 10.]
2809 3987 2878 4040 Et
2915 4000 3038 4041 cum
3084 3987 3350 4057 tetigisset
3384 3990 3679 4045 auriculam
3717 3990 3839 4059 ejus,

2262 4078 2473 4132 sanavit
2506 4092 2655 4132 eum.
2705 4076 3027 4150 [(κςωικιιν
3069 4077 3143 4151 1.]
3186 4081 3333 4137 Dixit
3379 4092 3566 4139 autem
3604 4083 3749 4139 Jesus
3782 4080 3841 4135 ad

2260 4184 2377 4235 eos,
2418 4171 2509 4238 qui
2542 4181 2807 4226 venerant
2845 4171 2912 4226 ad
2963 4187 3025 4227 se
3073 4173 3351 4244 principes
3392 4178 3759 4241 sacerdotum,
3792 4184 3840 4227 ct

2260 4264 2609 4333 magistratus
2633 4265 2848 4335 templi,
2879 4268 3213 4323 etseniorcs
3245 4287 3258 4323 :
3286 4268 3458 4338 Quasi
3499 4272 3564 4326 ad
3595 4271 3840 4326 latronem

2259 4356 2453 4411 existis
2498 4372 2620 4411 cum
2662 4356 2861 4428 gladiis
2906 4368 2961 4415 et
3001 4361 3268 4418 fustibus?
3309 4362 3445 4418 Cum
3486 4363 3715 4435 quotidie
3755 4375 3844 4415 vo-

2266 4447 2471 4504 biscum
2503 4449 2694 4506 fuerim
2740 4453 2796 4507 in
2837 4455 3062 4523 templo,
3096 4471 3202 4512 non
3237 4459 3557 4514 extendistis
3587 4470 3766 4513 manus
3792 4455 3840 4509 iu

551 4532 652 4606 qui
682 4532 975 4601 recumbit,
1002 4547 1072 4588 an
1112 4534 1205 4604 qui
1235 4532 1553 4589 ministrat?
1588 4549 1768 4591 nonne
1804 4537 1896 4606 qui
1935 4550 2155 4591 recum-
2182 4510 2241 4571 D
2265 4556 2357 4598 me
2401 4561 2413 4595 :
2455 4542 2551 4599 sed
2599 4544 2718 4601 haec
2780 4555 2866 4601 est
2904 4546 3037 4602 hora
3094 4559 3295 4617 vestra,
3336 4561 3391 4607 et
3430 4560 3652 4622 potestas
3688 4558 3843 4603 tcnc-

552 4625 670 4682 bit?
701 4624 816 4697 Ego
856 4634 1042 4682 autem
1084 4624 1140 4681 in
1182 4625 1363 4683 medio
1409 4634 1651 4684 vestrum
1694 4643 1848 4693 sum,
1883 4629 2024 4684 sicut
2065 4630 2155 4699 qui

549 4717 853 4775 ministrat.
876 4717 985 4775 Vos
1012 4726 1196 4775 autem
1227 4719 1384 4787 estis,
1410 4718 1504 4790 qui
1534 4720 1912 4790 permansistis
1938 4735 2151 4776 mecum

2266 4633 2512 4690 brarum.
2558 4634 2708 4707 [ccxc
2730 4679 2745 4704 ,
2795 4636 2873 4710 1.]
2904 4638 3449 4709 Comprehendeutes
3477 4651 3649 4698 autem
3690 4654 3839 4702 eum,

2261 4724 2534 4782 duxerunt
2552 4728 2619 4783 ad
2647 4727 2866 4785 domum
2888 4731 3151 4803 principis
3165 4734 3511 4790 sacerdotum
3534 4734 3748 4809 :[ccxcr.
3772 4732 3837 4799 1.]

547 4808 605 4867 in
643 4809 1037 4867 tentationibus
1078 4809 1238 4868 meis.
1277 4809 1344 4866 Et
1385 4825 1488 4882 ego
1533 4809 1767 4881 dispono
1804 4812 1962 4869 vobis
2010 4815 2154 4870 sicut
2257 4816 2456 4874 Petrus
2486 4835 2617 4875 vero
2643 4822 3030 4892 sequebatura
3058 4825 3237 4897 longe.
3262 4828 3511 4884 Accenso
3532 4808 3700 4883 autem
3726 4826 3839 4895 igne

547 4899 822 4973 disposuit
842 4901 977 4959 mihi
1004 4903 1170 4960 Pater
1199 4916 1355 4959 meus
1383 4917 1640 4975 regnum,
1674 4911 1737 4959 ut
1764 4902 1963 4971 edatis,
1995 4915 2046 4961 et
2068 4906 2151 4962 bi-

545 4993 691 5053 batis
718 5009 885 5068 super
908 5011 1155 5054 mensam
1182 5011 1361 5055 meam
1398 4996 1453 5054 in
1481 5012 1651 5070 regno
1676 4996 1706 5036 ιι
1732 5013 1857 5054 meo
1889 4998 2144 5072 [cc'.xxrr,

547 5087 631 5163 5.]
662 5097 721 5147 et
761 5091 1002 5150 sedeatis
1032 5106 1200 5163 super
1246 5091 1477 5148 thronos
1501 5091 1811 5163 judicantes
1853 5094 2159 5179 duodecim

551 5183 728 5243 tribus
772 5184 959 5243 Israel.
1006 5184 1284 5257 [chxxtn,
1318 5187 1432 5261 10.]
1482 5190 1573 5245 Ait
1604 5200 1787 5245 autem
1834 5190 2093 5246 Dominus
2131 5208 2146 5246 :

546 5272 765 5345 Simon,
796 5277 1009 5342 Simon,
1044 5293 1177 5338 ecce
1216 5279 1446 5337 Satanas
1473 5280 1736 5352 expetivit
1779 5296 1896 5347 vos,
1938 5290 1995 5337 ut
2031 5282 2145 5338 cri-

548 5364 739 5428 braret
778 5371 919 5428 sicut
951 5371 1214 5428 triticum.
1241 5371 1355 5444 Ego
1392 5382 1579 5431 autem
1622 5374 1806 5446 rogavi
1853 5390 1951 5445 pro
1984 5383 2061 5443 te,
2090 5383 2150 5431 ut

549 5477 661 5520 nou
687 5462 904 5521 deﬁciat
927 5462 1063 5521 ﬁdes
1088 5473 1178 5520 tua
1210 5481 1223 5518 :
1256 5464 1537 5537 [οαιιιιν,
1570 5466 1649 5539 9.]
1681 5476 1739 5524 et
1770 5476 1826 5523 tu
1854 5466 2149 5537 aliquando

623 5610 651 5641 ι
676 5602 759 5660 Ad
786 5601 1037 5674 Graecum
1060 5601 1339 5674 exemplar
1368 5604 1540 5673 αὐτὸν,
1564 5604 1734 5660 nostri
1762 5616 1977 5674 quoque
2002 5617 2137 5661 mss.

546 5686 690 5746 iam,
718 5688 818 5745 pro
844 5669 1027 5746 Iesum
1048 5669 1364 5746 prmferunt,
1393 5669 1535 5744 quod
1560 5669 1860 5746 pronomen
1890 5669 1947 5729 in
1967 5674 2142 5746 altero

549 5737 774 5814 Regina:
793 5744 1033 5801 secunda
1049 5737 1360 5813 repositum
1387 5737 1474 5802 e'st
1501 5737 1684 5803 manu.
1714 5748 1834 5804 Mox
1862 5756 1964 5815 pro
1994 5742 2143 5803 Iaca-

2258 4909 2314 4963 in
2343 4908 2527 4967 medio
2555 4912 2705 4978 atrii,
2733 4923 2786 4969 et
2810 4914 3334 4973 circumsedentibus
3358 4919 3487 4986 illis,
3521 4928 3636 4976 erat
3660 4920 3837 4973 Petrus

2253 5002 2310 5057 in
2339 5003 2519 5060 medio
2548 5019 2756 5061 eorum.
2784 5010 2955 5074 Quem
2986 5022 3108 5064 cum
3133 5008 3358 5066 vidisset
3377 5011 3578 5067 ancilla
3605 5007 3834 5081 qutcdatu

2251 5096 2532 5155 sedentem
2557 5099 2622 5155 ad
2650 5101 2859 5171 lumen,
2884 5111 2939 5159 et
2959 5118 3082 5159 eum
3113 5103 3309 5160 fuisset
3338 5106 3552 5172 intuitu,
3577 5104 3701 5161 dixit
3729 5120 3744 5155 :
3771 5100 3831 5155 Et

2253 5188 2343 5247 hic
2367 5206 2493 5247 cum
2524 5193 2616 5249 illo
2646 5195 2798 5250 erat?
2824 5197 2894 5250 At
2924 5195 3015 5252 ille
3045 5197 3262 5268 negavit
3287 5213 3444 5267 eum,
3482 5199 3659 5254 dicens
3684 5213 3699 5249 :
3726 5193 3829 5249 Ilu-

2254 5282 2376 5352 lier,
2411 5300 2518 5339 non
2557 5288 2686 5342 novi
2730 5288 2901 5343 illum.
2958 5288 3172 5360 [ccxctt,
3219 5289 3295 5362 1.]
3335 5289 3403 5345 Et
3442 5299 3565 5362 post
3600 5288 3827 5361 pusillum

2255 5376 2395 5433 alius
2442 5377 2637 5434 videns
2681 5395 2829 5445 eum,
2871 5380 3016 5436 dixit
3041 5399 3054 5435 :
3078 5381 3147 5437 Et
3182 5390 3238 5436 tu
3282 5382 3351 5439 de
3387 5383 3495 5439 illis
3532 5384 3621 5439 es?
3651 5381 3825 5437 Petrus

2254 5484 2388 5527 vero
2434 5472 2558 5526 ait:
2593 5471 2855 5539 Ohomo,
2909 5488 3016 5529 non
3062 5489 3204 5529 sum.
3256 5474 3325 5531 Et
3372 5475 3655 5533 intervallo
3689 5471 3825 5526 facto

2249 5606 2433 5687 rietes,
2467 5608 2717 5687 Sca_r_t‘ot_h
2748 5612 2815 5668 de
2841 5628 2991 5668 more
3018 5627 3210 5669 omnes
3241 5614 3450 5687 legunt.

2321 5680 2349 5719 ι’
2383 5680 2534 5737 Unus
2564 5681 2857 5755 Yaticanus
2881 5698 3179 5754 pronomen
3202 5677 3335 5753 meo,
3365 5687 3507 5755 quod
3533 5686 3585 5744 in
3611 5677 3821 5751 reliquis

2249 5756 2428 5810 tamen
2455 5761 2543 5810 est
2565 5751 2744 5824 libris,
2770 5751 2942 5812 altero
2967 5756 3071 5813 hoc
3093 5755 3216 5814 loco
3246 5751 3461 5816 reticet.
