3920 6200
183 223 282 278 619

1199 223 1655 285 EVANGELIUM
1694 227 2066 289 SECUNDUM
2106 232 2363 291 LUCAM.

3324 253 3431 311 650

184 336 328 407 quasi
352 335 491 389 hora:
518 334 688 399 unius,
715 334 848 389 alius
882 335 1098 405 quidam
1125 336 1464 407 afﬁrmabat,
1498 341 1685 397 dicens
1714 361 1727 397 :
1757 348 1813 408 Α
1836 354 1891 399 et
1930 360 2055 402 ecce
2096 347 2231 403 nihil
2259 349 2482 421 dignum
2513 362 2686 410 morte
2712 365 2890 413 actum
2914 368 2995 415 est
3018 363 3087 417 ei.
3150 362 3423 423 Emenda-

185 430 317 485 Vere
340 437 393 485 et
418 428 499 483 hic
526 442 639 483 cum
671 428 763 485 illo
792 440 906 485 erat
936 448 948 483 :
982 447 1105 486 nam
1146 442 1201 487 et
1235 433 1492 490 Galilteus
1522 446 1623 491 est.
1666 437 1731 493 Et

178 522 251 576 ait
296 521 514 576 Petrus:
546 520 731 587 Homo,
755 522 940 577 nescio
988 525 1117 592 quid
1165 526 1322 581 dicis.
1367 527 1435 582 Et
1474 531 1732 584 continuo

166 614 331 667 adhuc
349 612 444 668 illo
464 613 723 682 loquente
748 615 991 671 cantavit
1030 618 1229 687 gallus.
1286 617 1522 691 [ccxcm,
1555 621 1637 694 2.]
1664 623 1733 680 Et

153 722 429 764 conversus
453 707 733 764 Dominus
770 712 1011 780 respexit
1040 711 1282 767 Petrum.
1322 715 1390 768 Et
1416 717 1733 771 recordatus

152 810 225 858 est
246 802 425 858 Petrus
461 801 634 858 vet-bi
672 803 908 872 Domini,
949 807 1092 861 sicut
1136 807 1388 864 dixerat:
1422 811 1554 877 Quia
1584 812 1732 879 prius

155 909 293 966 quam
338 893 503 965 gallus
548 906 768 966 cantet,
820 904 901 952 ter
933 914 1019 953 me
1056 900 1279 971 negabis
1321 917 1336 956 :
1380 902 1448 957 Et
1480 918 1731 972 egressus

162 988 283 1043 foras
310 988 494 1043 Petrus
522 989 686 1044 llevit
712 1006 915 1047 amare.
952 992 1278 1065 [ccxcrv,1.]
1308 995 1375 1049 Et
1400 996 1501 1049 viri
1531 998 1620 1065 qui
1650 1005 1732 1052 te-

163 1079 337 1134 nebant
358 1080 523 1145 illum,
562 1079 861 1136 illudebant
889 1082 961 1151 ei,
994 1084 1284 1139 caedentes.
1320 1086 1387 1139 Et
1414 1086 1732 1140 velaverunt

167 1186 291 1239 eum,
318 1181 369 1227 et
395 1172 773 1242 percutiebant
800 1173 993 1230 faciem
1034 1178 1153 1244 ejus
1188 1196 1199 1229 :
1233 1187 1286 1231 et
1329 1178 1732 1248 interrogabant

170 1280 297 1328 eum,
324 1265 565 1321 dicentes
591 1283 604 1319 :
635 1265 983 1337 Prophetiza,
1017 1270 1138 1339 quis
1166 1279 1273 1335 est,
1307 1273 1398 1339 qui
1426 1282 1477 1324 te
1510 1285 1729 1339 percnso

168 1357 262 1412 sit?
287 1356 352 1412 Et
378 1358 479 1413 alia
504 1357 665 1412 multa
702 1354 1146 1429 hlasphemantes
1191 1360 1446 1416 dicebant
1484 1364 1536 1415 in
1582 1376 1727 1417 eum.

168 1450 355 1521 μαῖον,
381 1448 459 1521 2.]
485 1450 553 1505 Et
577 1459 635 1504 ut
658 1449 833 1506 factus
860 1463 942 1507 est
970 1452 1111 1515 dies,
1142 1462 1515 1509 convenerunt
1553 1454 1734 1509 senio-

166 1556 240 1597 res
266 1540 457 1611 plebis,
490 1552 545 1597 et
586 1542 858 1613 principes
901 1545 1266 1613 sacerdomm,
1318 1555 1373 1600 et
1414 1545 1629 1612 scribae,
1678 1556 1733 1601 et

165 1632 409 1688 duxerunt
434 1632 584 1689 illttm
613 1636 669 1689 in
699 1637 987 1691 concilium
1017 1651 1198 1703 suum,
1225 1638 1573 1693 dicentes:Si
1597 1647 1650 1693 tu
1672 1654 1732 1693 es

1839 448 1949 492 tum
1979 453 2110 509 ergo
2137 442 2291 497 illum
2321 443 2611 502 dimittam.
2644 448 2835 519 [ccutx,
2869 452 2949 523 2.]
2978 454 3219 515 Necesse
3244 471 3422 518 autem

1836 530 2070 589 habebat
2096 535 2368 593 dimittere
2395 539 2475 595 eis
2508 558 2603 611 per
2629 543 2770 600 diem
2806 546 3001 604 festum
3027 568 3210 609 unum.
3244 557 3418 631 [σεεμ

1836 624 1912 696 1.]
1945 627 2283 685 Exclamavit
2309 640 2488 688 autem
2521 637 2681 693 simul
2712 640 2961 697 universa
2994 647 3170 713 turba,
3204 624 3419 708 dicens:

1834 716 1990 774 Tolle
2019 718 2163 777 hunc
2183 764 2197 787 ,
2258 736 2311 779 et
2334 725 2545 783 dimitte
2592 731 2747 784 nobis
2778 732 3096 793 Barabbam.
3174 740 3275 809 Qui
3305 756 3421 799 erat

1835 820 2057 880 propter
2083 815 2405 873 seditionem
2431 821 2717 889 quamdam
2748 824 2941 881 factam
2992 830 3043 883 in
3066 830 3318 904 civitate,
3374 846 3430 891 et

1834 904 2210 977 homicidium,
2244 914 2443 967 missus
2464 914 2517 969 in
2544 930 2840 973 carcerem.
2874 921 3067 993 [eccam
3101 923 3177 994 1.]
3228 928 3423 985 lterum

1834 1007 2013 1053 autem
2052 999 2259 1056 Pilatus
2296 1002 2508 1060 locutus
2542 1016 2627 1062 est
2667 1012 2733 1064 ad
2763 1024 2879 1079 eos,
2930 1014 3120 1070 volens
3151 1017 3426 1077 dimittere

1833 1086 2038 1144 Jesum.
2071 1092 2142 1147 At
2169 1092 2243 1147 illi
2269 1096 2671 1154 succlamabant
2692 1101 2967 1160 dicentes:
3001 1108 3283 1179 Crucilige,
3308 1127 3429 1167 cru-

1834 1182 1988 1253 ciﬁge
2018 1201 2162 1239 eum.
2196 1187 2409 1258 [cccxtt,
2442 1191 2525 1265 9.]
2582 1192 2677 1251 Ille
2706 1206 2885 1252 autem
2921 1202 3080 1256 tertio
3101 1202 3237 1258 dixit
3264 1205 3329 1260 ad
3362 1205 3427 1260 il-

1836 1275 1946 1331 los:
1975 1277 2114 1345 Quid
2146 1283 2289 1336 enim
2320 1286 2444 1339 mali
2474 1285 2601 1341 fecit
2634 1290 2767 1345 iste?
2793 1294 2992 1349 nullam
3024 1311 3240 1354 causam
3274 1317 3422 1357 mor-

1838 1368 1906 1422 tis
1932 1368 2149 1425 invenio
2182 1373 2237 1427 in
2277 1390 2342 1428 eo
2373 1393 2386 1429 :
2431 1380 2717 1449 corripiant
2749 1398 2879 1455 ergo
2910 1386 3089 1456 illum,
3147 1401 3200 1446 et
3246 1394 3425 1451 dimit-

1838 1469 1965 1517 tam.
1999 1464 2234 1559 [πωπω
2268 1466 2347 1540 1.]
2391 1469 2461 1525 At
2506 1472 2580 1527 illi
2626 1474 2897 1534 instabant
2941 1484 3165 1541 vocibus
3218 1492 3425 1559 magnis

1838 1556 2309 1627 postulantes,"§nt
2329 1563 2741 1636 cruciﬁgeretur
2782 1589 2795 1625 :
2830 1582 2882 1628 et
2906 1556 3428 1639 invalescebant‘vo-

1836 1660 1928 1702 ces
1957 1663 2172 1705 eorum.
2205 1653 2436 1724 [_cccxtv,
2466 1654 2544 1730 1.]
2598 1660 2663 1716 Et
2703 1662 2910 1722 Pilatus
2951 1668 3278 1739 adjudicavit
3309 1675 3426 1731 ﬁeri

164 1726 409 1796 Christus,
455 1728 546 1785 dic
582 1730 757 1785 nobis.
811 1729 1060 1839 [ωηεν]Ἰ
1086 1730 1209 1835 .10.]
1266 1732 1334 1787 Et
1376 1733 1450 1787 ait
1487 1732 1593 1839 illis
1628 1751 1638 1784 :
1673 1733 1731 1789 Si
1762 1744 1809 1805 Β
1837 1741 2153 1809 petitionem
2177 1760 2386 1802 eorum.
2420 1726 2634 1807 Dimisit
2656 1765 2838 1812 autem
2861 1758 2969 1814 illis
2991 1726 3133 1829 eum,
3156 1726 3430 1839 qui

165 1822 297 1877 vobis
316 1823 525 1889 dixero,
559 1840 668 1878 non
696 1824 935 1879 credetis
968 1823 1100 1880 mihi
1127 1842 1141 1882 :
1166 1827 1211 1881 si
1259 1836 1443 1882 autem
1476 1837 1528 1882 et
1556 1828 1728 1883 inter-

162 1932 426 1988 rogavere,
460 1934 571 1973 non
614 1918 1015 1987 respondebitis
1044 1920 1173 1975 mihi
1204 1936 1383 1990 neque
1423 1922 1724 1979 ditnittetis.

162 2009 386 2080 (cumvir,
421 2008 497 2080 1.]
542 2010 620 2064 Ex
668 2011 772 2066 hoc
813 2019 993 2067 autem
1027 2014 1133 2067 erit
1176 2013 1320 2068 lilius
1364 2014 1601 2069 hominis
1645 2030 1731 2070 se-

159 2102 276 2157 dens
300 2119 327 2157 a
354 2104 562 2159 dextris
600 2104 820 2160 virtutis
856 2106 973 2161 Dei.
1010 2106 1284 2179 [ccxcvttr,
1315 2108 1429 2179 10.]
1462 2104 1732 2164 Dixerunt

159 2207 315 2253 autem
343 2214 532 2256 omnes
565 2218 578 2253 :
609 2200 688 2254 Tu
721 2216 852 2271 ergo
876 2217 933 2257 es
961 2202 1131 2257 Filius
1170 2204 1304 2259 Dei?
1338 2204 1440 2271 Qui
1469 2207 1546 2260 ait
1576 2222 1588 2259 :
1619 2206 1729 2260 Vos

156 2292 333 2359 dicitis,
359 2296 482 2367 quia
515 2311 624 2367 ego
650 2311 791 2351 sum.
828 2296 1063 2370 [ccxcrx,
1090 2297 1172 2370 2.]
1207 2300 1272 2353 At
1310 2300 1389 2354 illi
1421 2301 1681 2357 dixerunt
1714 2320 1728 2357 :

155 2385 274 2453 Quid
318 2386 492 2443 adhuc
546 2386 931 2445 desideramus
978 2389 1388 2447 testimonium?
1434 2393 1536 2464 ipsi
1584 2395 1727 2451 enim

154 2476 437 2534 audivimus
460 2479 531 2534 de
566 2494 663 2535 ore
690 2480 829 2550 ejus.

214 2570 353 2642 [Cap.
382 2571 582 2629 XXIII.
610 2588 727 2639 ccc,
759 2573 837 2645 1.]
880 2573 948 2628 Et
974 2589 1203 2645 surgens
1232 2577 1410 2631 omnis
1439 2577 1729 2633 multitudo

154 2680 336 2733 eorum,
362 2667 649 2724 duxerunt
676 2667 831 2722 illum
860 2669 927 2722 ad
952 2667 1210 2723 Pilatum.
1246 2670 1406 2741 [δραι.
1440 2668 1553 2741 10.]
1600 2670 1726 2729 Cm-

151 2770 321 2829 perunt
345 2769 527 2816 autem
557 2760 709 2815 illum
738 2774 1016 2828 accusare,
1062 2759 1343 2817 dicentes:
1395 2762 1551 2819 Hunc
1576 2762 1728 2820 inve—

150 2852 305 2908 nimus
351 2854 762 2909 subvertentem
796 2861 1010 2923 gentem
1036 2861 1276 2907 nostram
1303 2894 1318 2920 ,
1348 2862 1403 2909 et
1431 2854 1725 2925 prohiben-

151 2954 242 3001 tem
279 2948 472 3005 tributa
513 2947 653 3003 dare
673 2947 907 3015 Caesari,
958 2955 1014 3002 et
1040 2947 1311 3003 dicentem
1355 2963 1414 3004 se
1451 2948 1725 3005 Christum

146 3053 306 3110 regem
347 3056 487 3097 esse.
540 3039 835 3113 [cccn,1.]
892 3039 1097 3096 Pilatus
1141 3048 1322 3096 autem
1374 3042 1729 3112 interrogavit

1838 1840 1920 1887 ter
1971 1836 2322 1893 homicidium
2378 1849 2431 1894 et
2463 1843 2789 1902 seditionem
2816 1851 3014 1908 missus
3038 1853 3215 1912 fuerat
3238 1836 3288 1913 in
3311 1836 3432 1915 car—

1832 1938 2038 1993 cerem,
2088 1943 2247 1997 quem
2279 1932 2563 1999 petebant:
2622 1937 2806 1995 Jesum
2836 1957 2967 1999 vero
2996 1947 3213 2003 tradidit
3240 1951 3430 2007 volun-

1832 2018 1927 2072 tati
1972 2034 2183 2074 eorum.
2228 2019 2561 2099 [cccxv,1.]
2622 2030 2830 2087 Etcum
2861 2034 3125 2095 ducerent
3150 2044 3426 2114 eum,;ap-

1831 2110 2240 2180 prehenderunt
2265 2117 2551 2177 Simonem
2582 2126 2873 2194 quemdam
2900 2110 3428 2205 Cyrenensemiv-c-

1833 2210 2069 2263 nientem
2128 2210 2197 2266 de
2248 2214 2408 2269 villa:
2458 2229 2511 2272 et
2537 2221 2912 2290 imposuerunt
2940 2229 3019 2285 illi
3048 2246 3265 2291 crucem
3297 2252 3423 2306 por-

1833 2306 1947 2354 tare
1974 2311 2095 2370 post
2125 2302 2327 2359 Jesum.
2360 2305 2584 2378 [cccxvn,
2620 2313 2732 2387 10.]
2783 2316 3121 2388 Sequebatur
3151 2302 3333 2382 autem
3359 2332 3422 2382 il-

1828 2683 1994 2739 super
2018 2687 2126 2738 me,
2162 2674 2255 2730 sed
2288 2691 2451 2747 super
2481 2696 2575 2736 vos
2614 2683 2757 2753 ipsas
2788 2685 2931 2756 ﬂete,
2991 2701 3043 2744 et
3082 2708 3245 2763 super
3282 2698 3421 2755 ﬁlios

1828 2771 2060 2820 vestros.
2126 2766 2391 2833 Quoniam
2423 2788 2551 2829 ecce
2578 2778 2797 2834 venient
2821 2780 2960 2848 dies,
3008 2784 3059 2839 in
3106 2787 3304 2856 quibus
3338 2792 3419 2848 di-

1828 2866 1953 2910 ccnt
1984 2874 1997 2910 :
2032 2857 2212 2914 Beata:
2236 2863 2472 2931 steriles,
2526 2875 2581 2921 et
2599 2872 2813 2927 ventres
2849 2875 2937 2943 qui
2963 2890 3069 2931 non
3091 2893 3415 2951 genuerunt,

1827 2957 1880 3002 et
1907 2950 2075 3005 ubera
2107 2968 2226 3020 qua:
2255 2970 2359 3009 non
2390 2957 2747 3018 lactaverunt.
2807 2964 2958 3023 Tunc
2988 2968 3245 3040 incipient
3270 2974 3416 3031 dice-

1829 3059 1889 3100 re
1917 3047 2226 3103 montibus:
2280 3048 2469 3109 Cadite
2507 3069 2671 3125 super
2698 3074 2827 3115 nos:
2859 3070 2912 3116 et
2940 3064 3202 3122 collibus:
3268 3068 3410 3135 Ope-

146 3144 272 3200 eum,
299 3134 515 3191 dicens:
551 3134 632 3188 Tu
656 3149 715 3190 es
745 3148 841 3189 rex
869 3132 1219 3189 Iudaeorum?
1271 3135 1341 3188 At
1372 3133 1464 3190 ille
1494 3149 1721 3205 respon-
1750 3124 1797 3188 C
1828 3136 1934 3192 rite
1956 3154 2077 3195 nos.
2109 3140 2240 3208 Quia
2271 3142 2315 3196 si
2340 3143 2393 3198 in
2421 3124 2587 3203 viridi
2606 3150 2752 3220 ligno
2782 3154 2895 3210 haec
2927 3156 3153 3227 faciunt,
3194 3160 3246 3216 in
3265 3124 3418 3221 arido

145 3222 261 3280 dens
286 3226 388 3283 ait:
419 3227 507 3283 Tu
540 3226 698 3282 dicis.
729 3228 933 3299 [cccm,
962 3223 1042 3296 9.]
1093 3227 1181 3282 Ait
1209 3234 1389 3281 autem
1423 3226 1625 3282 Pilatus
1653 3226 1721 3282 ad

145 3318 389 3391 principes
433 3320 787 3377 sacerdotum
822 3329 878 3376 et
912 3319 1130 3375 turbas:
1174 3319 1317 3375 Nihil
1352 3319 1573 3375 invenio
1593 3335 1719 3376 cau-

144 3423 206 3464 sa:
226 3410 274 3466 in
298 3411 397 3468 hoc
421 3412 674 3470 homine.
702 3412 901 3485 [cccw,
931 3410 1046 3483 10.]
1078 3414 1147 3468 At
1178 3412 1253 3466 illi
1285 3411 1714 3481 invalescebant,

143 3502 391 3561 dicentes:
445 3505 777 3561 Commovet
807 3505 1096 3575 populum,
1130 3504 1330 3560 docens
1362 3520 1459 3575 per
1491 3507 1714 3560 univer-

141 3608 237 3649 sam
262 3596 529 3665 Judaaam,
562 3597 827 3667 incipiens
855 3612 885 3651 a
907 3596 1129 3654 Galilaea
1156 3613 1329 3668 usque
1352 3597 1477 3652 huc.
1507 3598 1715 3655 Pilatus

142 3696 298 3743 autem
326 3690 559 3746 audiens
587 3689 894 3756 Galilaeam,
953 3690 1312 3760 interrogavit
1340 3691 1385 3745 si
1417 3690 1579 3746 homo
1606 3690 1713 3746 Ga-

142 3779 289 3839 lilaeus
315 3794 482 3842 esset.
557 3784 626 3840 Et
653 3792 713 3839 ut
741 3783 996 3855 cognovit
1024 3783 1167 3855 quod
1207 3784 1273 3839 de
1298 3783 1529 3840 Herodis
1563 3794 1712 3854 pote-

139 3883 257 3929 state
299 3886 470 3945 esset,
536 3876 747 3933 remisit
773 3891 897 3931 eum
924 3875 992 3931 ad
1022 3874 1325 3938 llerodem.
1383 3876 1473 3944 qui
1509 3886 1563 3932 et
1589 3876 1706 3946 ipse

138 3966 467 4043 Jerosolymis
517 3980 636 4025 erat
682 3969 792 4026 illis
838 3969 1048 4025 diebus.
1106 3967 1350 4022 Herodes
1384 3976 1563 4023 autem
1591 3968 1709 4024 viso

135 4059 267 4131 Iesu,
295 4066 516 4135 gavisus
548 4071 633 4119 est
653 4062 829 4118 valde.
886 4062 1020 4117 Erat
1045 4060 1192 4116 enim
1219 4059 1447 4130 cupiens
1471 4075 1538 4115 ex
1567 4060 1707 4115 mul-

138 4162 181 4208 to
207 4164 441 4227 tempore
468 4156 663 4213 videre
687 4172 812 4213 eum
837 4174 847 4208 :
895 4170 961 4212 eo
990 4153 1134 4225 quod
1161 4154 1411 4210 audierat
1439 4154 1609 4209 multa
1638 4155 1707 4210 de

134 4260 216 4315 eo,
269 4258 322 4305 et
362 4249 629 4322 sperabat
670 4249 881 4319 signum
910 4245 1130 4318 aliquod
1159 4246 1346 4302 videre
1377 4248 1445 4303 ab
1468 4262 1534 4303 eo
1563 4247 1701 4303 ﬁeri.

134 4338 489 4414 interrogabat
520 4353 701 4398 autem
726 4356 849 4397 eum
878 4340 1064 4396 multis
1092 4341 1457 4398 sermonibus.
1488 4339 1557 4394 At
1588 4340 1705 4410 ipse

132 4434 254 4490 nihil
301 4437 377 4492 illi
423 4436 814 4506 respondebat.
870 4433 1043 4507 [cccv,
1082 4433 1165 4505 2.]
1212 4434 1439 4491 Stabant
1470 4443 1495 4471 α
1525 4444 1703 4489 autem

1824 3231 1949 3300 quid
2004 3233 2140 3289 ﬁet?
2194 3236 2464 3308 [cccxvu,
2499 3240 2955 3313 1.]Ducebantttr
2998 3262 3180 3309 autem
3229 3265 3283 3312 et
3323 3259 3413 3313 alii

1822 3322 1929 3379 duo
1952 3340 2180 3397 nequam
2210 3344 2333 3383 cum
2365 3346 2453 3397 eo,
2486 3345 2540 3387 ut
2570 3335 3019 3397 interficerentur.
3047 3344 3316 3417 [cccxvug
3337 3348 3412 3421 1.]

1822 3417 1887 3471 Et
1912 3429 2195 3489 postquam
2223 3433 2492 3479 venerunt
2522 3426 2574 3481 in
2603 3428 2778 3485 locum
2800 3472 2816 3497 ,
2866 3433 2958 3502 qui
2989 3447 3212 3494 vocatur
3230 3417 3416 3497 Calva:

1764 3576 1767 3577 ν
1819 3510 1934 3578 rise,
1995 3513 2068 3568 ibi
2090 3516 2655 3586 cruciﬁxerunteum;
2688 3524 3023 3598 [cccxrx,1.]
3073 3540 3127 3585 et
3151 3532 3411 3602 latrones,

1819 3619 1984 3659 unum
2046 3622 2075 3661 a
2110 3608 2342 3676 dextris,
2403 3622 2455 3667 et
2498 3613 2728 3672 alterum
2774 3634 2805 3673 a
2866 3620 3117 3677 sinistris.
3181 3625 3404 3696 [cccxx,

1818 3697 1932 3772 10.]
1963 3699 2121 3757 Jcsus
2148 3713 2329 3758 autem
2360 3704 2608 3767 dicebat:
2656 3709 2837 3775 Pater,
2867 3712 3078 3769 dimitte
3117 3714 3253 3771 illis:
3296 3734 3405 3775 non

1815 3792 1961 3846 enim
2006 3794 2189 3849 sciunt
2235 3796 2362 3866 quid
2410 3798 2630 3854 faciunt.
2681 3800 3024 3875 [cccxxt,1.]
3092 3806 3406 3868 Dividentes

1816 3900 1950 3942 vero
2000 3889 2324 3943 vestimenta
2374 3890 2514 3960 ejus,
2565 3894 2825 3949 miserunt
2865 3906 3063 3956 sortes.
3133 3901 3200 3958 Et
3227 3905 3405 3963 stabat

1814 3978 2045 4047 populus
2096 3990 2381 4049 spectans,
2439 3982 2690 4053 locum",
2720 3985 2799 4057 2.]
2852 3998 2906 4044 et
2932 3990 3249 4052 deridebant
3274 4012 3401 4054 eum

1815 4070 2089 4140 principes
2120 4086 2240 4125 cum
2272 4072 2372 4137 eis,
2413 4073 2686 4131 dicentes:
2741 4079 2894 4135 Alios
2924 4084 3101 4141 salvos
3131 4088 3289 4153 fecit;
3342 4104 3404 4148 se

1812 4161 2023 4217 salvum
2047 4163 2229 4228 faciat,
2245 4166 2287 4218 si
2312 4165 2395 4218 hic
2413 4166 2755 4225 estCliristus
2770 4171 2864 4228 Dei
2884 4174 3107 4232 electus.
3128 4180 3417 4253 [cocxxm]

1810 4254 1891 4325 2.]
1940 4254 2238 4311 llludehant
2286 4269 2462 4314 autem
2513 4261 2560 4315 ei
2610 4272 2663 4317 et
2716 4264 2913 4321 milites
2950 4271 3287 4336 accedentes,
3345 4288 3401 4331 et

1809 4358 2022 4405 acetum
2052 4350 2346 4407 ull‘erentcs
2374 4352 2423 4408 ei
2452 4396 2467 4419 ,
2530 4363 2584 4409 et
2606 4355 2877 4412 dicentes:
2927 4358 2982 4415 Si
3013 4370 3065 4414 tu
3094 4376 3152 4416 es
3180 4377 3277 4417 rex
3305 4363 3400 4420 Ju-

1810 4440 2082 4510 darorum,
2137 4443 2344 4499 salvum
2378 4455 2430 4500 te
2462 4444 2563 4501 fac.
2615 4446 2989 4519 [cccxxrv,1.]
3045 4451 3173 4505 Erat
3212 4464 3393 4512 autem

134 4526 382 4598 principes
437 4528 786 4585 sacerdotum
847 4535 902 4583 et
953 4526 1147 4583 scribae
1186 4535 1501 4583 conSlanler
1540 4543 1701 4582 που·
1730 4508 1861 4589 Det
1908 4536 2301 4605 superscriptio
2354 4539 2558 4605 scripta
2605 4555 2771 4609 super
2795 4557 2916 4597 eum
2939 4542 3130 4597 litteris
3160 4545 3394 4617 GI‘IBClS,

134 4628 293 4676 santes
319 4637 466 4677 eum.
497 4621 694 4695 [cccvt,
727 4619 839 4692 10.]
889 4618 1110 4690 Sprevit
1139 4628 1318 4675 autem
1350 4620 1501 4674 illum
1529 4619 1700 4674 Hero-

134 4707 218 4765 des
259 4728 377 4769 cum
422 4716 673 4771 exercitu
700 4726 829 4768 suo:
883 4720 940 4769 et
964 4712 1130 4768 illusit
1162 4711 1407 4767 indutum
1440 4722 1592 4767 veste
1623 4711 1701 4765 al-

133 4801 222 4871 ba,
271 4817 323 4862 et
346 4808 556 4863 remisit
580 4807 649 4862 ad
677 4804 927 4861 Pilatum.
1010 4804 1077 4859 Et
1104 4803 1233 4860 facti
1259 4812 1385 4859 sunt
1409 4804 1565 4859 amici
1595 4804 1701 4858 lle-

132 4896 274 4953 rodes
313 4908 367 4955 et
412 4900 615 4954 Pilatus
662 4900 716 4953 in
766 4899 881 4969 ipsa
929 4896 1048 4953 die:
1100 4912 1223 4952 nam
1276 4906 1436 4952 antea
1492 4895 1697 4950 inimici

131 4998 271 5043 erant
297 4991 361 5045 ad
390 4992 638 5047 invicem.
672 4991 885 5064 [cccvn,
915 4988 994 5059 9.]
1059 4987 1261 5043 Pilatus
1288 4997 1466 5041 autem
1498 5000 1701 5042 convo-

132 5082 252 5137 catis
318 5085 652 5157 principibus
717 5081 1091 5148 sacerdotum,
1170 5090 1223 5136 et
1272 5079 1695 5150 magistratibus,

132 5183 177 5227 et
210 5175 393 5244 plebe,
446 5178 577 5234 dixit
616 5177 684 5232 ad
722 5177 844 5232 illos
880 5194 891 5229 :
939 5172 1225 5230 Obtulistis
1267 5173 1397 5228 mihi
1429 5171 1572 5227 hunc
1599 5170 1698 5225 ho-

130 5267 315 5323 minem
345 5273 494 5338 quasi
519 5280 852 5328 avertentem
882 5268 1138 5341 populum
1160 5309 1176 5333 ,
1236 5277 1289 5324 et
1329 5282 1457 5323 ecce
1483 5282 1582 5337 ego
1610 5278 1703 5322 co-

129 5372 235 5413 ram
262 5362 411 5418 vobis
438 5364 796 5436 interrogans,
830 5362 1035 5419 nullam
1064 5376 1281 5417 causam
1314 5360 1491 5415 inveni
1519 5360 1573 5412 in
1604 5358 1700 5412 lio-

130 5451 265 5508 mine
288 5455 388 5509 isto
413 5471 481 5511 ex
506 5457 591 5513 his
612 5500 627 5525 ,
680 5459 733 5512 in
754 5456 951 5528 quibus
980 5471 1103 5513 eum
1145 5455 1428 5510 accusatis.
1462 5452 1695 5523 [cccvut,

131 5543 231 5614 10.]
275 5546 382 5606 Sed
404 5566 572 5625 neque
598 5551 871 5612 Herodes:
922 5565 1044 5605 nam
1075 5549 1260 5606 remisi
1300 5561 1395 5603 vos
1428 5544 1493 5600 ad
1522 5544 1695 5610 illum,

193 5687 217 5716 ι
242 5680 297 5736 In
323 5680 579 5740 Vaticano
609 5699 733 5749 ms.,
766 5682 991 5739 Stabant
1014 5682 1187 5736 etiam.

544 5779 814 5841 PATROL.
868 5773 1111 5838 XXIX.

1808 4637 1861 4683 et
1891 4628 2121 4694 Latinis,
2178 4638 2233 4683 et
2262 4629 2575 4686 Hebraicis:
2638 4633 2738 4688 llic
2786 4643 2869 4689 est
2920 4650 3014 4691 rex
3058 4636 3393 4697 Judaaorum.

1807 4719 2055 4791 [cccxxv,
2089 4718 2169 4790 2.]
2221 4720 2370 4776 Unus
2397 4730 2573 4776 autem
2605 4722 2672 4778 de
2705 4724 2807 4793 his,
2836 4726 2925 4796 qui
2959 4728 3287 4799 pendebant,
3320 4735 3398 4789 la-

1808 4812 2073 4874 tronibus,
2115 4811 2527 4882 hlasphemabat
2556 4828 2679 4869 eum
2707 4816 2925 4872 dicens:
2974 4818 3030 4873 Si
3061 4829 3113 4873 tu
3143 4836 3203 4876 es
3232 4822 3394 4879 Chri-

1804 4912 1941 4969 stus,
1972 4904 2181 4958 salvum
2210 4903 2295 4959 fac
2324 4906 2663 4975 temetipsum
2687 4949 2701 4974 ,
2747 4918 2801 4962 et
2824 4925 2942 4964 nos.
2996 4912 3394 4991 [cccxxv1,10.]

1807 4993 2162 5065 Respondens
2211 5006 2391 5050 autem
2438 4997 2574 5052 alter
2622 4998 2934 5069 increpabat
2967 5018 3126 5075 eum,
3174 5008 3389 5067 dicens:

1805 5084 1993 5156 Neque
2022 5096 2078 5139 tu
2108 5088 2268 5142 times
2298 5088 2495 5154 Deum,
2544 5090 2686 5158 quod
2733 5092 2786 5146 in
2813 5094 3001 5149 eadem
3050 5096 3397 5158 damnatione

1806 5191 1886 5232 es.
1946 5176 2012 5229 Et
2037 5190 2136 5230 nos
2160 5176 2375 5244 quidem
2400 5178 2570 5246 juste,
2622 5196 2742 5234 nam
2790 5184 2947 5255 digna
3000 5186 3154 5244 factis
3203 5193 3396 5261 recipi-

1807 5281 1956 5322 mus:
2016 5265 2104 5320 hic
2129 5282 2256 5321 vero
2287 5268 2419 5322 nihil
2452 5270 2578 5324 mali
2604 5273 2794 5341 gessit.
2868 5278 2935 5332 Et
2962 5278 3173 5336 dicebat
3209 5283 3273 5338 ad
3303 5284 3392 5342 Je-

1809 5374 1962 5415 sum:
2015 5356 2265 5423 Domine,
2318 5371 2593 5417 memento
2638 5366 2775 5433 mei,
2821 5384 2940 5424 cum
2974 5375 3188 5429 veneris
3218 5376 3270 5429 in
3304 5394 3393 5433 re-

1806 5466 1974 5522 gnum
2005 5460 2175 5504 tuum.
2233 5449 2305 5506 Et
2348 5452 2483 5507 dixit
2532 5454 2607 5510 illi
2655 5457 2843 5516 Jesus:
2898 5467 3068 5519 Amen
3106 5466 3227 5522 dico
3263 5470 3390 5525 tibi:

1810 5540 1980 5599 l’lodie
2004 5554 2215 5598 mecum
2259 5542 2371 5600 eris
2402 5544 2458 5600 in
2490 5547 2759 5615 paradiso.
2810 5552 3094 5626 [cccxxvn,
3127 5556 3205 5629 2.]
3264 5560 3392 5618 Erat

2786 5777 2858 5839 21
