3920 6200
541 219 641 273 6.31
1546 209 1600 262 S.
1645 205 2033 262 lllEﬂONYMl
2074 199 2301 260 DIVINA
2342 203 2816 264 BlBLlOTllECA.
3739 208 3823 265 ὁδε

543 340 724 387 autem
765 328 880 383 fere
919 327 1053 380 hora
1092 333 1270 390 sexta,
1323 332 1380 376 ct
1429 323 1670 378 tenebrae
1717 323 1870 378 facta:
1919 331 2045 378 sunt
2084 319 2138 374 in
2165 320 2214 379 A
2245 321 2391 377 illis:
2434 322 2576 376 oculi
2605 331 2784 375 autem
2820 319 3032 374 illorum
3065 320 3396 376 tenebantur
3425 336 3497 376 ne
3523 336 3649 376 eum
3680 337 3824 392 agno-

543 424 853 479 universam
903 430 1100 474 terram
1151 431 1321 486 usque
1365 416 1418 471 in
1446 416 1635 471 horam
1663 430 1884 471 nonam.
1950 414 2021 469 Et
2050 413 2140 469 ob
2247 425 2484 471 soerent.
2521 413 2590 469 Et
2617 416 2693 468 ait
2723 415 2790 468 ad
2821 414 2971 469 illos:
3002 414 3102 482 Qui
3131 425 3261 469 sunt
3288 417 3340 469 hi
3369 429 3674 480 sermones,
3707 433 3820 488 quos

545 526 795 572 scuratus
844 523 930 569 est
989 511 1099 564 sol:
1158 512 1465 580 jcccxxvttt,
1495 509 1573 580 2.]
1620 522 1676 566 et
1726 509 1905 565 velum
1956 505 2142 577 templi
2245 508 2507 564 confertis
2545 507 2614 562 ad
2647 509 2878 563 invicem
2906 507 3275 574 ambulantes,
3325 519 3381 562 et
3428 510 3563 564 estis
3617 511 3816 566 tristes?

544 610 774 665 scissum
804 616 885 660 est
913 604 1175 658 medium.
1210 604 1479 675 icccxxrx,
1515 604 1591 669 1.]
1649 603 1716 659 Et
1738 603 1981 659 clamans
2012 615 2143 657 voce
2244 599 2314 655 Et
2345 600 2680 671 respondens
2709 613 2871 665 unus,
2909 599 2997 654 cui
3029 613 3224 654 nomen
3255 599 3551 670 Cleophas,
3591 600 3724 657 dixit
3751 605 3813 657 ei:

544 715 739 770 magna
788 697 947 754 Iesus
994 698 1103 751 ait:
1153 695 1335 763 Pater,
1371 698 1424 751 in
1455 712 1648 753 manus
1672 707 1793 752 tuas
1816 696 2141 753 commendo
2243 693 2326 749 'l'u
2363 694 2515 750 solus
2548 693 2868 765 peregrinus
2895 708 2955 749 es
3008 693 3064 748 in
3091 693 3426 760 Jerusalem,
3479 705 3537 750 et
3584 710 3687 751 non
3741 712 3820 752 co.

537 791 788 864 spiritum
817 805 1018 846 meum.
1051 788 1119 844 Et
1147 787 1266 844 hac
1291 790 1501 857 dicens,
1541 789 1857 860 exspiravit.
1887 788 2137 860 [cocxxx,

538 883 624 958 2.]
657 884 860 939 Videris
890 892 1074 939 autem
1103 884 1363 940 Centurio
1388 884 1531 953 quod
1561 885 1762 940 factum
1792 884 1993 951 fuerat,
2022 883 2138 954 glo-

535 978 766 1033 rificavit
797 977 974 1032 Deum
998 1019 1014 1044 ,
1066 976 1288 1032 dicens:
1318 976 1463 1033 Vere
1494 978 1582 1033 hic
1609 982 1775 1034 homo
1794 978 1974 1048 justus
1996 986 2134 1034 erat.

535 1068 808 1141 [cccxxxt,
837 1067 953 1140 l0.]
1018 1067 1086 1124 Et
1133 1071 1310 1124 omnis
1355 1070 1513 1125 turba
1561 1085 1782 1136 eorum,
1830 1071 1924 1140 qui
1975 1068 2135 1125 simul

529 1157 760 1215 aderant
806 1159 872 1214 ad
900 1159 1276 1229 spectaculum
1307 1161 1449 1216 istud
1477 1202 1492 1227 ,
1538 1173 1593 1217 et
1613 1163 1867 1219 videbant
1890 1178 2012 1234 quae
2035 1163 2132 1220 fie-

529 1252 693 1318 bant,
746 1252 1113 1322 percutientes
1142 1263 1359 1324 pectora
1393 1269 1491 1308 sua
1524 1255 1962 1311 revertebantur.
2013 1255 2134 1311 Sta-

529 1345 661 1401 bant
708 1356 890 1403 autem
940 1361 1131 1403 omnes
1177 1349 1291 1403 non
1321 1348 1437 1418 ejus
1480 1366 1510 1402 a
1552 1349 1731 1421 longe,
1778 1358 1834 1405 et
1870 1349 2133 1406 mulieres

521 1456 643 1511 quae
694 1452 896 1497 secuta
941 1457 1068 1498 eum
1116 1451 1273 1497 erant
1318 1458 1349 1497 a
1402 1441 1665 1508 Galilzea,
1710 1444 1827 1501 hac
1856 1444 2124 1500 videntes.

521 1535 809 1607 [cccxxxtt,
843 1535 919 1607 1.]
971 1537 1038 1592 Et
1068 1552 1196 1593 ecce
1227 1537 1313 1591 vir
1344 1539 1564 1596 nomine
1591 1536 1794 1610 Ioseph
1817 1581 1832 1607 ,
1883 1540 1977 1610 qui
2011 1547 2130 1595 erat

519 1628 773 1696 decurio,
816 1629 899 1684 vir
925 1629 1181 1684 bonuset
1207 1629 1416 1698 justus:
1473 1631 1562 1687 hic
1615 1645 1723 1688 non
1771 1640 2126 1688 consenserat

2241 785 2476 858 gnovisti
2516 801 2638 859 qua:
2679 785 2819 842 facta
2857 796 2984 840 sunt
3030 786 3084 840 in
3113 785 3202 840 illa
3245 785 3331 841 his
3360 786 3590 845 diebus?
3635 789 3818 857 Quibus

2239 877 2334 934 ille
2361 879 2526 933 dixit:
2578 878 2746 946 Quae?
2792 876 2860 932 Et
2897 877 3184 934 dixerunt:
3234 877 3313 934 De
3346 877 3481 934 Iesu
3523 878 3813 936 Nazarzno.

2239 975 2331 1046 qui
2361 975 2460 1030 fuit
2487 975 2569 1030 vir
2598 974 2859 1046 propheta
2887 1017 2902 1042 ,
2964 983 3156 1046 potens
3180 975 3235 1032 in
3263 990 3432 1048 opere
3474 986 3531 1034 et
3558 993 3811 1047 sermone,

2239 1084 2422 1125 coram
2453 1070 2563 1125 Deo
2592 1078 2647 1126 et
2679 1069 2829 1125 omni
2874 1070 3107 1139 populo:
3148 1068 3524 1142 etiquomodo
3563 1085 3681 1127 eum
3717 1082 3807 1127 trao

2237 1160 2490 1217 diderunt
2535 1162 2733 1217 summi
2779 1162 3092 1218 sacerdotes
3143 1171 3200 1218 et
3236 1162 3515 1234 principes
3562 1163 3725 1220 nostri
3765 1165 3810 1219 in

2235 1255 2636 1312 damnationem
2681 1257 2913 1322 mortis,
2972 1264 3027 1311 et
3071 1255 3464 1313 cruciﬁxerunt
3518 1272 3658 1315 eum.
3717 1257 3810 1312 Nos

2236 1357 2422 1403 autem
2480 1347 2837 1419 sperabamus
2887 1349 3011 1418 quia
3079 1349 3200 1418 ipse
3255 1359 3404 1405 esset
3455 1349 3810 1422 redempturus

2234 1443 2402 1501 Israel
2432 1460 2446 1496 :
2477 1453 2532 1499 et
2583 1458 2728 1500 nunc
2769 1457 2933 1513 super
2967 1441 3084 1497 hac
3127 1443 3337 1511 omnia,
3369 1445 3528 1500 tertia
3556 1445 3667 1500 dies
3691 1453 3715 1482 ι
3737 1454 3810 1501 est

2231 1535 2396 1592 hodie
2429 1550 2537 1607 quo
2573 1535 2689 1591 haec
2717 1534 2860 1592 facta
2905 1543 3055 1592 sunt.
3083 1533 3192 1592 Sed
3220 1544 3279 1592 et
3305 1535 3563 1595 mulieres
3584 1537 3809 1609 quadarn

2230 1644 2299 1684 ex
2344 1629 2546 1684 nostris
2596 1637 2909 1685 terruerunt
2947 1641 3068 1697 nos,
3114 1643 3236 1699 qua
3263 1629 3583 1687 antelncem
3607 1632 3811 1687 fuerunt

517 1723 746 1777 consilio
788 1730 845 1776 et
905 1721 1114 1776 actibus
1159 1736 1380 1789 eorum,
1431 1720 1500 1776 ab
1543 1721 1873 1779 Arimathaea
1899 1722 2122 1779 civitate
2150 1707 2201 1770 Β
2226 1723 2292 1777 ad
2341 1732 2753 1778 monumentum
2778 1764 2795 1790 ,
2824 1731 2878 1778 et
2927 1737 3033 1777 non
3061 1722 3288 1780 invento
3310 1737 3535 1794 corpore
3558 1722 3688 1794 ejus,
3723 1738 3810 1779 ve-

514 1812 715 1869 Iudaeae
741 1854 756 1879 ,
807 1814 900 1884 qui
940 1813 1294 1882 exspectabat
1340 1824 1396 1870 et
1429 1815 1548 1885 ipse
1596 1832 1822 1886 regnum
1864 1817 1980 1873 Dei.
2024 1816 2121 1872 llic

512 1908 745 1962 accessit
766 1905 834 1962 ad
850 1905 1102 1973 Pilatum,
1137 1920 1191 1963 et
1208 1907 1366 1977 petiit
1386 1922 1584 1978 corpus
1605 1909 1734 1965 Iesu
1754 1928 1766 1963 :
1789 1911 2114 1981 [rccxxxut,

518 1997 598 2069 1.]
642 2007 699 2054 et
742 1996 1050 2069 depositum
1096 1998 1321 2056 involvit
1360 1999 1622 2065 sindone,
1675 2008 1729 2057 et
1774 2003 1953 2071 posuit
1993 2018 2114 2060 eum

514 2093 569 2146 in
602 2101 956 2148 monumento
977 2094 1181 2158 exciso,
1231 2094 1283 2148 in
1306 2109 1414 2165 quo
1438 2095 1678 2150 nondum
1701 2096 1988 2167 quisquam
2014 2113 2112 2168 po-

507 2186 646 2241 situs
671 2186 866 2242 fuerat.
894 2186 1208 2259 [cccxxxtv,
1234 2187 1344 2257 l0.]
1390 2189 1456 2242 Et
1475 2187 1592 2242 dies
1613 2197 1733 2244 erat
1761 2204 2110 2258 parasceves,

521 2285 577 2334 et
595 2278 878 2334 sabbatum
902 2280 1270 2335 illucescebat.
1319 2279 1637 2334 Subseculzx:
1687 2293 1864 2335 autem
1917 2282 2110 2338 mulie-

499 2385 611 2437 res,
640 2387 762 2441 qua:
786 2386 909 2427 cum
933 2385 999 2427 eo
1022 2381 1287 2427 venerant
1311 2371 1384 2426 de
1411 2371 1661 2436 Galilzea,
1706 2372 1961 2429 viderunt
1987 2389 2107 2430 mo-

505 2473 822 2522 numentum
848 2505 863 2531 ,
902 2474 954 2520 et
977 2463 1435 2536 quemadmodum
1463 2465 1695 2535 positum
1743 2476 1862 2521 erat
1905 2481 2107 2537 corpus

499 2557 640 2629 ejus.
675 2560 959 2630 [cccxxxv,
985 2559 1066 2628 8.]
1107 2560 1174 2614 Et
1215 2568 1553 2616 revertentes
1601 2568 1938 2628 paraverunt
1975 2574 2103 2615 aro-

512 2664 696 2721 mata,
758 2663 817 2710 et
859 2663 1160 2726 unguenta:
1207 2666 1263 2710 et
1312 2654 1540 2711 sabbato
1575 2655 1791 2725 quidem
1838 2655 2106 2710 siluerunt

503 2747 803 2806 secundum
825 2747 1162 2802 mandatum.
1663 2787 1668 2790 .

568 2843 578 2913 1
592 2842 721 2914 Cap.
749 2840 940 2899 XXIV.
964 2856 1246 2908 cccxxxvt,
1266 2841 1345 2914 l].
1367 2839 1486 2900 Una
1506 2849 1690 2896 autem
1713 2841 1920 2896 sabbati
1944 2841 2103 2898 valde

495 2935 730 2992 diluculo
757 2944 1020 2991 venerunt
1048 2934 1117 2990 ad
1143 2944 1557 2991 monumentum
1577 2975 1593 3001 ,
1634 2942 1941 3004 portantes,
1973 2946 2098 3003 quae

494 3038 852 3098 paraverant,
901 3038 1174 3094 aromata;
1225 3039 1279 3084 et
1346 3027 1678 3084 invenerunt
1726 3025 1958 3097 lapidem
2009 3041 2099 3081 re-

493 3122 736 3178 volutum
768 3135 798 3173 a
828 3132 1203 3177 monumento.
1232 3121 1300 3176 Et
1331 3122 1594 3192 ingressae
1625 3135 1736 3177 non
1767 3121 2095 3177 invenerunt
2123 3099 2170 3162 (ἶ

492 3226 693 3283 corpus
725 3211 937 3267 Domini
964 3213 1115 3270 Iesu.
1148 3212 1219 3268 Et
1244 3211 1446 3269 factum
1470 3221 1578 3280 est,
1605 3213 1734 3271 dum
1758 3223 1940 3270 mente
1965 3229 2090 3270 con-

493 3313 755 3360 sternatur
795 3313 982 3358 essent
1017 3304 1086 3360 de
1114 3305 1242 3369 isto,
1288 3319 1416 3361 ecce
1440 3306 1549 3360 duo
1579 3306 1681 3361 viri
1711 3315 1985 3363 steterunt
2011 3321 2100 3363 se-

491 3410 591 3452 cus
634 3395 756 3451 illas
803 3395 854 3449 in
887 3403 1034 3450 veste
1079 3395 1325 3467 fulgenti.
1376 3397 1702 3466 [cccxxxvu,
1734 3398 1816 3470 2.]
1864 3399 2000 3455 Cum
2032 3399 2099 3453 ti-

499 3499 714 3547 merent
761 3497 980 3556 sutem,
1032 3499 1084 3547 et
1115 3490 1453 3548 declinarent
1497 3492 1703 3548 vultum
1758 3495 1812 3551 in
1866 3505 2093 3562 terram,

495 3581 751 3639 dixerunt
777 3581 846 3637 ad
870 3580 1022 3638 illas:
1054 3580 1196 3649 Quid
1224 3583 1465 3652 queritis
1493 3583 1769 3640 viventem
1797 3601 1919 3642 cum
1948 3601 2096 3643 mor-

491 3676 636 3733 tuis?
666 3693 772 3733 non
801 3684 888 3732 est
913 3677 1023 3745 hic,
1052 3675 1151 3732 sed
1173 3675 1439 3732 surrexit:
1473 3676 1838 3735 recordamini
1863 3679 2097 3750 qualiter

491 3770 706 3828 locutus
735 3779 820 3828 est
849 3770 1024 3838 vobis,
1081 3785 1204 3827 cum
1236 3769 1414 3827 adhuc
1442 3770 1497 3826 in
1531 3769 1755 3827 Galilwa
1787 3779 1967 3840 esset,
2009 3772 2094 3826 rli-

489 3879 651 3921 cens:
700 3864 835 3931 Quia
883 3873 1101 3936 oportet
1141 3863 1314 3920 filium
1356 3864 1593 3920 hominis
1635 3863 1772 3920 tradi
1813 3865 1867 3920 in
1899 3879 2094 3920 manus

491 3955 770 4011 hominum
834 3966 1212 4024 peccatorum,
1261 3965 1316 4011 et
1378 3956 1656 4028 cruciﬁgi,
1723 3967 1778 4012 et
1841 3957 1930 4013 die
1981 3965 2091 4012 ter-

491 4049 566 4104 tia
610 4061 914 4116 resurgere.
975 4049 1042 4103 Et
1083 4048 1384 4105 recordata:
1429 4057 1556 4104 sunt
1602 4049 1897 4104 verborum
1946 4049 2084 4120 ejus.

491 4141 845 4213 [cccxxxvttt,
873 4137 953 4208 2.]
1011 4138 1077 4194 Et
1118 4154 1380 4209 regressa:
1405 4141 1448 4209 ia
1474 4151 1830 4197 monumento
1875 4143 2090 4198 nuntia-

489 4241 687 4287 verunt
716 4229 833 4286 hac
858 4231 1039 4286 omnia
1069 4229 1179 4285 illis
1207 4229 1459 4286 undecim
1483 4272 1498 4296 ,
1551 4241 1606 4286 et
1648 4233 1861 4288 caeteris
1905 4234 2088 4290 omni-

489 4324 612 4380 bus.
661 4326 986 4396 [cccxxxtx,
1016 4321 1131 4394 10.]
1181 4321 1313 4378 Erat
1341 4330 1520 4377 autem
1553 4323 1718 4379 Maria
1749 4323 2088 4396 Magdalene,

483 4426 540 4474 et
572 4415 859 4483 Iohanna,
904 4425 962 4473 et
998 4415 1166 4472 Maria
1203 4415 1423 4483 Jacobi,
1473 4425 1527 4472 et
1561 4424 1769 4472 caetera:
1815 4433 1935 4488 qua:
1961 4433 2087 4474 cum

2226 1824 2460 1881 nerunt,
2510 1815 2758 1871 dicentes
2798 1829 2857 1870 se
2881 1814 3045 1872 etiam
3085 1815 3353 1871 visionem
3383 1816 3704 1887 Augelorutn
3739 1821 3811 1870 vi-

2222 1907 2392 1976 disse,
2430 1908 2522 1978 qui
2562 1907 2754 1963 dicnnt
2792 1921 2918 1964 eum
2955 1907 3162 1962 vivere.
3235 1907 3302 1963 Et
3328 1908 3582 1964 abierunt
3607 1908 3804 1978 quidam

2221 2018 2288 2058 ex
2329 2001 2534 2058 nostris
2582 2002 2648 2057 ad
2680 2011 3092 2059 monumentum
3125 2011 3218 2057 :et
3257 2002 3329 2056 ita
3365 2003 3686 2058 invenerunt
3711 2003 3801 2059 sic-

2220 2107 2280 2151 ut
2324 2097 2584 2153 mulieres
2605 2096 2893 2162 dixerunt,
2926 2096 3102 2166 ipsum
3128 2110 3260 2152 vero
3283 2093 3312 2133 δ
3344 2111 3454 2150 non
3483 2095 3801 2152 invenerunt.

2222 2188 2295 2244 Et
2341 2189 2457 2258 ipse
2503 2189 2638 2244 dixit
2688 2188 2759 2245 ad
2796 2202 2921 2245 eos:
2972 2187 3019 2243 0
3047 2188 3238 2254 stulti,
3286 2197 3342 2244 et
3385 2189 3525 2242 tardi
3566 2187 3723 2243 corde
3750 2186 3804 2241 ad

2216 2280 2550 2338 credendum
2571 2323 2585 2346 ,
2633 2282 2684 2335 in
2713 2280 2970 2337 omnibus
2992 2296 3114 2352 qua:
3144 2280 3313 2336 locuti
3348 2288 3480 2335 sunt
3509 2279 3801 2350 Propheta!

2212 2370 2408 2428 Nonne
2457 2371 2573 2427 haec
2627 2373 2867 2443 oportuit
2906 2372 3019 2442 pati
3066 2369 3375 2440 Christum,
3424 2380 3482 2426 et
3520 2371 3593 2426 ita
3630 2370 3804 2425 intrare

2212 2464 2269 2520 in
2316 2464 2545 2534 gloriam
2599 2463 2792 2518 suam?
2843 2461 2910 2516 Et
2939 2462 3261 2533 incipiensa
3295 2463 3506 2534 Moyse,
3561 2472 3618 2519 et
3644 2462 3802 2517 omni-

2212 2556 2315 2612 bus
2341 2555 2652 2626 Prophctis,
2687 2555 3147 2627 interpretabatur
3175 2556 3282 2611 illis
3309 2556 3362 2611 in
3394 2556 3644 2611 omnibus
3681 2555 3796 2610 scri-

2213 2653 2410 2722 pturis,
2438 2667 2562 2723 qua:
2587 2651 2654 2708 de
2677 2651 2796 2721 ipso
2817 2659 2997 2707 erant.
3042 2651 3108 2706 Et
3131 2652 3704 2721 appropinquaverunt
3723 2664 3801 2705 ca-

2208 2744 2370 2801 stello
2390 2758 2500 2814 quo
2522 2745 2670 2798 ibant
2692 2762 2704 2795 :
2728 2751 2784 2799 et
2815 2743 2932 2814 ipse
2965 2758 3025 2799 se
3051 2743 3205 2797 finxit
3231 2743 3447 2814 longius
3478 2743 3576 2798 ire.
3616 2743 3803 2798 Eteoe-

2207 2847 2404 2911 gerunt
2418 2838 2589 2903 illum,
2609 2837 2874 2893 dicentes:
2888 2835 3045 2894 Mane
3060 2836 3368 2903 nobiscum,
3383 2838 3641 2908 quoniam
3659 2837 3803 2893 adve-

2203 2931 2486 3003 sperascit,
2515 2941 2571 2988 et
2592 2931 2848 2988 inclinata
2872 2940 2957 2988 est
2976 2930 3091 3001 jam
3119 2931 3259 2988 dies.
3321 2932 3388 2986 Et
3429 2932 3656 2987 intravit
3694 2947 3801 2987 cum

2203 3025 2336 3082 illis.
2370 3025 2434 3080 Et
2464 3026 2662 3080 factum
2689 3034 2791 3093 est,
2826 3023 2955 3080 dum
2981 3024 3327 3080 recumberet
3352 3039 3475 3079 cum
3508 3023 3624 3092 eis,
3657 3039 3796 3080 acce-

2203 3119 2286 3191 pit
2314 3135 2538 3192 panetn,
2563 3127 2620 3174 et
2645 3117 2945 3184 benedixit,
2975 3132 3038 3174 ac
3063 3117 3243 3189 fregit,
3271 3127 3327 3173 et
3349 3119 3666 3189 porrigebat
3686 3119 3798 3174 illis.

2209 3214 2278 3270 Et
2308 3214 2482 3284 aperti
2505 3222 2636 3269 sunt
2660 3213 2804 3270 oculi
2831 3227 3044 3281 eorum,
3078 3223 3133 3268 et
3157 3225 3526 3284 cognoverunt
3561 3229 3688 3270 eum
3720 3230 3731 3264 :
3758 3223 3803 3268 et

2210 3307 2330 3377 ipse
2342 3307 2645 3362 evanuitex
2673 3304 2846 3362 oculis
2864 3320 3074 3361 eorum.
3095 3303 3162 3358 Et
3181 3304 3440 3360 dixerunt
3462 3304 3526 3359 ad
3554 3305 3801 3360 invicem:

2202 3396 2397 3454 Nonne
2443 3413 2540 3454 cor
2571 3407 2821 3454 nostrum
2861 3395 3060 3452 ardens
3090 3407 3207 3452 erat
3253 3396 3306 3451 in
3339 3395 3533 3462 nobis,
3574 3397 3704 3452 dum
3732 3397 3801 3451 lo-

2207 3499 2471 3562 queretur
2508 3493 2563 3546 in
2603 3492 2710 3557 via,
2764 3497 2819 3546 et
2867 3489 3107 3559 aperiret
3149 3488 3307 3544 nobis
3355 3489 3697 3559 scripturas?
3743 3489 3802 3544 Et

2201 3591 2493 3652 surgentes
2533 3581 2722 3638 eadem
2762 3581 2895 3636 hora
2935 3581 3172 3651 regressi
3215 3589 3345 3635 sunt
3388 3581 3443 3636 in
3471 3581 3797 3638 Jerusalem:

2199 3686 2255 3732 et
2287 3675 2611 3731 invenerunt
2641 3685 3001 3745 congregatos
3031 3673 3308 3740 undecim,
3348 3683 3406 3730 et
3424 3690 3521 3731 eos
3546 3676 3645 3748 qui
3683 3692 3795 3731 cum

2198 3769 2305 3827 illis
2331 3777 2490 3826 erant
2511 3811 2527 3836 ,
2556 3768 2805 3826 dicentes
2835 3787 2846 3821 :
2879 3767 3034 3837 Quod
3067 3767 3306 3823 surrexit
3351 3769 3616 3826 Dominus
3656 3785 3795 3836 vere,

2198 3872 2256 3918 et
2299 3863 2553 3933 apparuit
2600 3863 2830 3921 Simoni.
2884 3863 2949 3918 Et
2991 3861 3095 3933 ipsi
3140 3862 3440 3920 narrabant
3485 3881 3613 3936 qua:
3651 3875 3793 3937 gesta

2196 3963 2354 4011 erant
2383 3957 2438 4012 in
2469 3957 2552 4011 via
2585 3972 2599 4009 :
2632 3965 2690 4012 et
2715 3954 2990 4026 quomodo
3029 3963 3414 4024 cognoverunt
3430 3970 3556 4013 eum
3588 3958 3642 4013 in
3667 3958 3791 4012 frac-

2197 4048 2347 4105 tione
2375 4048 2554 4120 panis.
2587 4049 2820 4122 [cccxu,
2844 4045 2923 4119 9.]
2949 4047 3080 4102 Dum
3111 4056 3293 4102 autem
3327 4047 3446 4103 hinc
3478 4048 3782 4120 loquuntur,

2196 4141 2350 4198 stetit
2368 4139 2527 4198 Iesus
2558 4141 2613 4198 in
2634 4139 2816 4197 medio
2837 4155 3050 4205 eorum,
3073 4147 3131 4195 et
3154 4139 3288 4196 dicit
3317 4141 3400 4197 eis
3430 4159 3444 4196 :
3474 4141 3588 4198 Pax
3611 4142 3781 4197 vobis:

2195 4250 2300 4307 ego
2331 4250 2486 4304 sum,
2516 4235 2686 4292 nolite
2717 4235 2928 4291 timere.
2965 4233 3288 4290 Conturbati
3320 4250 3478 4303 vero,
3505 4247 3560 4293 et
3585 4248 3784 4294 conter-

2195 4328 2308 4394 riti,
2339 4327 2732 4385 existimabant
2771 4341 2831 4382 se
2877 4325 3133 4395 spiritum
3170 4327 3378 4382 videre.
3414 4329 3484 4384 Et
3509 4329 3644 4386 dixit
3669 4329 3780 4386 eis:

2191 4419 2336 4490 Quid
2393 4421 2593 4478 turbati
2647 4419 2814 4489 estis,
2862 4427 2920 4475 et
2967 4419 3327 4491 cogitationes
3380 4421 3682 4483 ascendunt
3731 4421 3778 4475 in

479 4512 562 4568 eis
607 4520 796 4576 erant,
856 4526 977 4582 quae
1024 4509 1277 4566 dicebant
1325 4509 1394 4566 ad
1443 4510 1736 4580 Apostolos
1790 4512 1928 4569 hac.
2013 4492 2358 4577 EtDcorda
2400 4519 2622 4577 vestra?
2651 4517 2844 4575 Videte
2890 4532 3084 4574 manus
3123 4533 3298 4583 meas,
3342 4530 3400 4574 et
3442 4518 3625 4589 pedes,
3656 4514 3779 4584 quia

482 4603 598 4662 visa
623 4611 754 4659 sunt
777 4611 907 4659 ante
933 4602 1078 4670 illos,
1110 4601 1248 4658 sicut
1278 4601 1714 4668 deliramentum,
1749 4604 1917 4660 verba
1937 4606 2037 4661 ista
2062 4623 2078 4661 :

482 4703 692 4753 etnon
743 4694 1091 4754 crediderunt
1155 4693 1283 4750 illis.
1375 4694 1566 4751 Petrus
1627 4703 1805 4752 autem
1852 4711 2083 4767 surgens

481 4789 720 4844 cucurrit
747 4788 817 4845 ad
848 4795 1294 4844 monumentum:
1318 4795 1373 4843 et
1419 4787 1782 4856 procumbens
1821 4789 1955 4845 vidit
1974 4790 2077 4846 lin-

476 4881 717 4938 teamina
747 4880 864 4937 sola
891 4881 1068 4951 posita
1089 4921 1103 4947 ,
1134 4889 1190 4936 et
1222 4878 1358 4937 abiit
1383 4894 1565 4936 secum
1594 4879 1800 4937 mirans
1825 4882 1968 4952 quod
1996 4883 2076 4938 fa-

478 4981 627 5031 ctum
677 4974 876 5032 fuerat.
929 4974 1142 5046 locust,
1168 4974 1248 5047 8.]
1303 4975 1372 5031 Et
1399 4990 1528 5032 ecce
1553 4973 1663 5032 duo
1688 4991 1757 5032 ex
1787 4977 1896 5032 illis
1922 4977 2076 5035 ibant

470 5065 590 5136 ipsa
617 5066 704 5124 die
730 5066 786 5125 in
816 5068 1098 5125 castellum
1117 5110 1132 5136 ,
1160 5067 1305 5139 quod
1333 5077 1452 5126 erat
1481 5069 1534 5124 in
1563 5071 1744 5140 spatio
1771 5071 2074 5129 stadion

467 5162 748 5234 sexaginta
778 5162 850 5220 ab
874 5162 1208 5231 Ierusalem,
1260 5167 1479 5222 nomine
1513 5165 1790 5224 Emmaus.
1861 5168 1928 5224 Et
1964 5168 2072 5240 ipsi

466 5249 828 5325 loquebantur
855 5254 924 5310 ad
953 5255 1187 5312 invicem
1214 5255 1284 5312 de
1311 5257 1394 5313 his
1422 5258 1677 5316 ornnibns
1702 5275 1824 5331 quae
1849 5261 2072 5318 accide-

466 5356 608 5403 rant.
643 5346 713 5404 Et
766 5346 967 5405 factum
994 5357 1120 5419 est,
1172 5350 1300 5405 dum
1335 5349 1725 5421 fabularentnr,
1774 5363 1830 5410 et
1873 5369 2064 5412 secum

461 5448 809 5509 quaererent,
859 5449 914 5498 et
944 5441 1060 5512 ipse
1107 5441 1265 5498 Iesus
1308 5445 1754 5517 appropinquans
1794 5447 1906 5504 ibat
1932 5464 2060 5508 cum

515 5649 541 5709 μ
567 5639 808 5709 Yerbum
836 5650 909 5696 est
936 5642 990 5698 in
1019 5658 1124 5699 uno
1155 5643 1416 5702 Vaticano
1446 5663 1547 5705 ms.
1579 5649 1939 5709 desideratur.

508 5706 537 5748 δ
561 5705 746 5766 Nostri
777 5723 908 5768 mss.
939 5710 1141 5772 rectius
1172 5714 1241 5772 ad
1264 5714 1513 5775 Graecum
1547 5705 1908 5794 arcuerim;
1941 5726 2036 5784 οὐκ

2070 5904 2113 5917 Α

2187 4628 2290 4685 ego
2320 4613 2439 4683 ipse
2465 4626 2584 4668 sum
2618 4627 2632 4666 :
2667 4611 2912 4682 palpate,
2939 4619 2998 4667 et
3025 4609 3230 4678 videte,
3259 4611 3388 4682 quia
3413 4611 3630 4683 spiritus
3657 4621 3773 4662 car-

2189 4723 2313 4762 nem
2343 4714 2399 4762 et
2424 4720 2548 4762 ossa
2578 4720 2684 4760 non
2716 4703 2900 4771 habet,
2933 4707 3075 4760 sicut
3104 4719 3190 4761 me
3221 4704 3421 4762 videtis
3452 4703 3666 4758 habere.
3706 4699 3773 4755 Et

2184 4815 2309 4856 cum
2358 4797 2462 4854 hoc
2504 4798 2756 4864 dixisset,
2810 4796 3053 4853 ostendit
3100 4797 3186 4853 eis
3234 4813 3451 4864 manus,
3496 4804 3553 4852 et
3593 4791 3771 4866 pedes.

2187 4893 2440 4965 [cccxnu,
2467 4888 2546 4962 9.]
2589 4888 2783 4947 Adhuc
2808 4900 2990 4948 autem
3021 4888 3132 4945 illis
3173 4903 3280 4944 non
3318 4887 3660 4945 credentibus
3681 4926 3696 4951 ,
3722 4891 3774 4940 et

2184 4983 2511 5041 mirantibus
2542 4997 2653 5054 prae
2694 4981 2916 5052 gaudio,
2947 4980 3084 5038 dixit
3118 4999 3129 5034 :
3167 4980 3387 5038 Habetis
3425 4980 3516 5036 hic
3553 4974 3766 5049 aliquid,

2179 5077 2328 5149 quod
2356 5074 2756 5132 manducetnr?
2795 5073 2866 5130 At
2895 5073 2975 5129 illi
3005 5073 3328 5130 obtulerunt
3365 5073 3416 5130 ei
3457 5082 3660 5142 partem
3691 5069 3766 5142 pi-

2181 5169 2291 5226 scis
2320 5169 2450 5235 assi,
2481 5177 2540 5224 et
2561 5166 2742 5224 favum
2783 5167 2982 5222 mellis.
3016 5166 3234 5221 Etcum
3275 5168 3762 5222 manducassetco-

2178 5277 2296 5321 ram
2323 5265 2424 5332 eis,
2452 5276 2672 5319 sumens
2695 5261 2954 5332 reliquias
2984 5259 3136 5336 dedit
3164 5258 3266 5314 eis.
3295 5263 3572 5332 |cccxnm.
3596 5255 3676 5330 5.]
3701 5255 3761 5311 Et

2174 5355 2314 5412 dixit
2343 5353 2410 5410 ad
2443 5368 2536 5410 eos
2571 5371 2584 5408 :
2613 5352 2741 5410 Rrec
2776 5361 2905 5410 sunt
2933 5351 3117 5417 verba,
3147 5366 3268 5421 qum
3311 5349 3528 5408 locutus
3557 5364 3670 5407 sum
3695 5343 3756 5401 ad

2172 5464 2275 5507 vos
2297 5493 2310 5518 ,
2339 5466 2462 5508 eum
2490 5447 2666 5506 adhuc
2697 5461 2876 5505 essem
2919 5445 3228 5512 vobiscum,
3255 5445 3519 5517 quoniam
3548 5453 3756 5503 necesse

2149 5654 2284 5784 εἶδοῖ
2322 5655 2407 5716 vel
2433 5656 2632 5730 εἴδομεν
2659 5656 2857 5715 habent
2889 5671 2992 5712 non
3015 5655 3273 5723 uiderunt,
3305 5669 3406 5726 pro
3427 5672 3532 5714 non
3557 5657 3750 5714 invens-

2150 5743 2257 5784 ταη
2289 5768 2300 5782 .

2150 5743 2300 5784 runt.
