3920 6200
140 212 237 269 655
1110 210 1562 274 EVANGELIUM
1601 212 1972 275 SECUNDUM
1998 212 2325 274 JOANNBM.
3280 220 3387 278 654

142 336 219 381 εει
246 322 444 397 impleri
480 322 676 389 omnia,
719 335 835 395 quae
862 325 1063 397 scripta
1093 338 1219 384 sunt
1255 329 1305 384 in
1340 331 1457 401 lege
1488 332 1679 405 Moysi,
1713 332 1757 395 Α
1788 334 1944 387 mitto
1976 332 2299 404 promissum
2336 330 2517 386 Patris
2545 332 2650 387 mei
2698 330 2751 385 in
2781 344 2881 389 vos
2913 346 3048 389 :vos
3080 340 3261 391 autem
3301 352 3384 393 se-

142 426 193 472 et
223 414 505 486 prophetis,
541 424 593 469 et
633 415 852 471 Psalmis
884 418 951 473 de
987 434 1095 475 me.
1131 416 1283 475 Tunc
1328 422 1541 492 aperuit
1580 423 1684 479 illis
1793 424 1917 481 dete
1968 424 2021 480 in
2068 426 2311 491 civitate,
2363 423 2716 495 quoadusque
2755 424 3054 480 induamini
3088 427 3285 482 virtute
3320 443 3385 482 ex

140 523 358 572 sensum,
399 514 452 561 ut
488 506 845 578 intelligerent
894 508 1225 581 Scripturas.
1277 513 1345 567 Et
1382 514 1520 569 dixit
1554 515 1633 570 eis
1664 532 1680 571 :
1791 517 1920 573 alto.
1954 517 2152 573 Eduxit
2173 528 2353 573 autem
2385 529 2480 572 eos
2508 516 2652 571 foras
2684 517 2736 571 in
2766 516 3183 583 Betlianiam,et
3207 520 3387 575 eleva-

136 602 375 669 Quoniam
407 600 485 656 sic
527 601 782 672 scriptum
834 613 937 669 est,
985 612 1044 659 et
1088 605 1167 661 sic
1208 607 1496 675 oportebat
1527 607 1686 663 Chri-
1792 608 1858 666 tis
1907 610 2157 665 manibus
2196 611 2310 665 suis
2342 608 2618 665 benedixit
2646 608 2745 665 eis.
2788 609 2855 664 Et
2886 612 3083 664 factum
3115 620 3217 680 est,
3257 612 3388 667 dum

115 703 245 750 stum
262 692 390 762 pati,
419 701 471 749 et
494 709 788 765 resurgere
816 710 845 750 a
872 697 1104 753 mortuis
1135 699 1292 752 tertia
1315 698 1441 755 die:
1470 708 1525 755 et
1548 715 1684 769 prm-
1790 701 2146 758 benediceret
2193 702 2320 769 illis,
2377 703 2604 758 recessit
2649 702 2717 757 ab
2762 703 2865 767 eis,
2909 712 2965 758 et
3014 703 3288 761 ferebatur
3336 706 3389 762 in

114 790 272 845 dicare
307 791 356 845 in
395 805 514 845 nom
547 791 635 847 ine
665 792 780 861 ejus
812 794 1183 864 paenitentiam
1220 804 1275 851 et
1306 794 1681 852 remissionem
1790 795 2015 852 calum.
2044 795 2114 851 Et
2154 795 2257 866 ipsi
2290 795 2622 863 adorantes,
2654 797 2888 867 regressi
2924 807 3050 853 sunt
3092 799 3141 853 in
3173 798 3392 857 Jerusa-

114 892 419 953 peceatorum
457 884 508 939 in
560 900 749 942 omnes
776 896 990 957 gentes,
1025 886 1407 959 incipientibus
1434 889 1501 943 ab
1530 887 1686 943 Jero-
1792 887 1899 943 lem
1927 902 2049 943 cum
2078 889 2277 960 gaudio
2308 902 2509 958 magno
2537 906 2550 944 :
2579 896 2634 944 et
2662 894 2820 945 erant
2839 902 3056 959 semper
3081 891 3138 947 in
3163 893 3387 964 templo,

114 976 310 1047 solyma.
388 976 492 1034 Vos
560 986 741 1035 autem
791 987 959 1037 testes
1012 980 1143 1037 estis
1189 980 1403 1037 borum.
1456 979 1524 1036 Et
1584 992 1685 1050 ego
1795 978 2079 1036 laudantes
2109 990 2165 1037 et
2191 980 2579 1039 benedicentes
2609 980 2801 1037 Deum.
2824 979 3020 1040 Amen.

1162 1094 1390 1170 Explicit
1432 1092 1774 1168 Evangelium
1800 1095 2085 1152 secundum
2112 1095 2329 1153 Lucam.

124 1230 3375 1259 Μ

1522 1358 1966 1443 INCIPIT

168 1532 1312 1669 EVANGELIUM
1400 1535 1716 1669 SEC

1808 1537 2344 1664 ENDUM
2438 1539 3356 1673 JOANNEM.

190 1861 321 1935 [ϐαρ.
344 1861 383 1918 l.
408 1878 447 1931 ι,
472 1861 554 1937 5.]
579 1862 637 1919 In
660 1862 930 1935 principio
953 1872 1076 1921 erat
1096 1864 1357 1933 Verbum,
1376 1876 1430 1923 et
1449 1865 1686 1924 Verbum
1718 1874 1767 1934 B
1793 1875 2036 1923 erantex
2064 1866 2369 1939 pharisreis.
2402 1867 2470 1923 Et
2490 1868 2962 1939 interrogaverunt
2988 1886 3134 1941 eum,
3160 1881 3216 1929 et
3242 1874 3400 1933 dixe-

130 1965 230 2011 erat
255 1955 379 2025 apud
410 1955 611 2023 Deum,
639 1965 693 2011 et
724 1956 865 2013 Deus
896 1966 1015 2012 erat
1058 1957 1317 2013 Verbum.
1348 1958 1462 2015 lloc
1491 1968 1611 2016 erat
1636 1960 1691 2016 in
1796 1966 1925 2014 runt
1952 1958 2031 2014 ei:
2076 1958 2215 2028 Quid
2245 1974 2375 2030 ergo
2405 1958 2650 2029 baptizas
2670 2001 2686 2029 ,
2734 1959 2781 2016 si
2813 1970 2867 2017 tu
2904 1978 3012 2018 non
3042 1978 3103 2021 es
3125 1963 3399 2035 Christus,

130 2048 365 2120 principio
391 2050 537 2122 apud
567 2051 762 2107 Deum.
796 2050 994 2108 Omnia
1023 2066 1119 2121 per
1152 2052 1327 2122 ipsum
1353 2051 1495 2108 facta
1522 2061 1691 2109 sunt:
1797 2065 1975 2125 neque
2016 2051 2183 2116 Elias,
2230 2067 2405 2123 neque
2451 2053 2747 2122 pr0plieta?
2800 2055 2897 2127 [xu
2920 2101 2933 2121 ,
2971 2055 3049 2128 1.]
3097 2058 3397 2129 Respondit

128 2152 171 2196 et
196 2142 297 2198 sine
340 2143 457 2215 ipso
495 2144 701 2201 factum
735 2154 822 2201 est
867 2145 1025 2211 nihil,
1057 2146 1199 2217 quod
1239 2146 1439 2204 factum
1471 2156 1596 2204 est:
1638 2150 1694 2205 in
1798 2145 1879 2200 eis
1927 2144 2188 2211 Joannes,
2217 2144 2443 2201 dicens:
2474 2144 2592 2217 Ego
2637 2146 2851 2216 baptizo
2885 2149 2938 2203 in
2966 2163 3145 2219 aqua:
3182 2152 3397 2207 medius

129 2233 227 2301 ipso
254 2237 351 2290 vita
379 2246 517 2305 erat,
556 2250 609 2293 ει
638 2238 744 2293 vita
782 2247 917 2307 erat,
945 2238 1035 2294 lux
1065 2238 1350 2296 hominum
1385 2257 1399 2295 :
1432 2248 1488 2296 et
1520 2240 1610 2294 lux
1641 2240 1695 2296 in
1800 2246 1982 2294 autem
2024 2246 2266 2293 vestrum
2290 2237 2458 2305 stetit,
2490 2253 2651 2311 quem
2682 2254 2784 2297 vos
2820 2250 2846 2277 ³
2868 2242 3113 2297 nescitis.
3147 2244 3270 2313 Ipse
3298 2254 3400 2311 est,

130 2328 337 2383 tenebris
382 2328 559 2397 lucet,
592 2341 645 2387 et
679 2331 925 2388 tenebrae
962 2347 1083 2388 eam
1120 2348 1229 2390 non
1266 2332 1699 2403 comprehende-
1798 2330 1890 2400 qui
1911 2337 2030 2398 post
2051 2338 2411 2384 meventurus
2431 2330 2649 2400 est,qui
2680 2338 2806 2385 ante
2830 2346 2917 2385 me
2932 2331 3106 2388 factus
3135 2343 3220 2390 est
3251 2351 3261 2387 ε
3297 2350 3394 2391 cu-

128 2428 250 2473 runt.
284 2422 367 2491 ιιι,
402 2419 481 2491 3.]
534 2418 662 2477 Fuit
708 2421 871 2478 homo
901 2424 1102 2479 missus
1132 2440 1161 2478 a
1210 2423 1347 2492 Deo,
1379 2424 1467 2480 cui
1496 2438 1696 2480 nomen
1799 2424 1887 2495 jus
1906 2440 2008 2496 ego
2022 2439 2127 2481 non
2148 2438 2265 2479 sum
2280 2424 2496 2495 dignus,
2516 2424 2797 2480 utsolvam
2818 2425 2934 2494 ejus
2966 2426 3256 2497 corrigiam
3283 2430 3397 2484 eal-

127 2526 221 2570 erat
244 2514 495 2573 Joannes.
535 2518 634 2573 llic
659 2519 809 2574 venit
838 2519 889 2572 in
924 2518 1337 2589 testimonium,
1367 2528 1426 2575 ut
1456 2519 1700 2575 testimo-
1802 2520 2089 2576 ceamenti.
2144 2516 2281 2590 μω,
2335 2516 2445 2589 10.]
2500 2517 2625 2572 llaec
2679 2516 2732 2573 in
2790 2517 3053 2574 Bethania
3092 2518 3236 2577 facta
3276 2530 3403 2577 sunt

127 2608 250 2661 nium
279 2608 595 2679 perhiberet
623 2610 691 2665 de
719 2609 944 2679 lumine,
974 2620 1035 2667 ut
1064 2627 1253 2667 omnes
1284 2610 1576 2669 crederent
1606 2626 1701 2682 per
1807 2624 1953 2671 trans
1984 2613 2299 2681 Jordanem,
2333 2612 2427 2669 ubi
2465 2622 2584 2669 erat
2616 2614 2855 2669 Joannes
2881 2612 3187 2686 baptizans.
3218 2614 3405 2672 Altera

126 2700 273 2755 illum.
308 2702 420 2759 Non
466 2712 595 2759 erat
624 2703 717 2760 ille
750 2704 865 2771 lux,
896 2705 992 2760 sed
1026 2714 1083 2759 ut
1116 2706 1485 2763 testimonium
1516 2705 1701 2777 perlti-
1805 2711 1893 2767 die
1939 2710 2075 2767 vidit
2109 2709 2349 2767 Joannes
2379 2708 2569 2766 Jesum
2610 2708 2922 2765 venientem
2967 2708 3036 2765 ad
3079 2723 3159 2778 se,
3194 2720 3249 2765 et
3283 2710 3398 2765 ait:

128 2793 257 2849 beret
278 2796 340 2851 de
366 2797 598 2853 lumine.
616 2794 819 2870 [una]
838 2797 970 2854 Erat
992 2798 1087 2855 lux
1112 2814 1405 2871 vera,qu;e
1433 2798 1704 2855 illuminat
1808 2806 1947 2862 Ecce
1996 2819 2168 2877 agnus
2216 2802 2336 2872 Dei,
2374 2818 2504 2861 ecce
2542 2804 2633 2874 qui
2685 2802 2828 2860 tollit
2870 2812 3154 2873 peccatum
3194 2805 3397 2861 mundi.

128 2901 313 2945 omnem
349 2889 636 2948 hominem
680 2892 987 2949 venientem
1028 2894 1084 2948 in
1128 2893 1276 2948 ltunc
1313 2892 1596 2949 mundum.
1642 2891 1703 2948 In
1810 2900 1940 2973 [xu],
1976 2898 2050 2969 1.]
2076 2899 2176 2954 Hic
2197 2900 2369 2955 estde
2396 2912 2506 2969 quo
2535 2897 2648 2954 dixi
2680 2915 2693 2952 :
2723 2897 2852 2954 Post
2882 2914 2969 2954 tne
2998 2898 3147 2954 venit
3176 2899 3280 2967 vir,
3311 2899 3405 2969 qui

128 2982 303 3037 mundo
320 2992 527 3053 erat,et
543 2982 774 3039 mundus
788 2986 1073 3056 peripsutn
1096 2986 1383 3053 l'actusest,
1404 2983 1705 3041 etmundus
1808 3002 1933 3049 ante
1965 3007 2053 3048 me
2095 2992 2267 3048 tactus
2307 3000 2421 3059 est;
2446 2991 2570 3063 quia
2602 2991 2752 3062 ρι-ίοι·
2780 3006 2867 3046 me
2911 2999 3047 3045 erat,
3077 2990 3147 3046 Et
3176 3006 3279 3061 ego
3305 3006 3406 3046 ne.

128 3089 229 3132 eutn
246 3092 349 3135 non
370 3079 659 3151 cognovit.
680 3080 774 3151 [lV,
796 3079 880 3134 10.
890 3080 976 3151 jln
995 3080 1214 3151 propria
1230 3079 1397 3144 venit,
1413 3089 1467 3137 et
1486 3081 1705 3138 suieum
1809 3086 2043 3144 sciebam
2067 3102 2219 3149 eum;
2243 3086 2341 3143 sed
2361 3094 2423 3141 ut
2449 3085 2826 3142 manifestatur
2851 3086 2906 3140 in
2941 3084 3132 3150 Israel,
3154 3092 3407 3155 propter-

132 3182 220 3225 non
270 3182 619 3244 receperunt.
666 3174 943 3244 Quotquot
973 3184 1153 3229 autem
1195 3182 1519 3246 receperunt
1556 3190 1704 3243 eum,
1812 3195 1875 3237 ea
1911 3180 2035 3235 veni
2060 3195 2160 3251 ego
2190 3180 2246 3235 in
2272 3194 2414 3249 aqua
2453 3178 2758 3249 baptizatus.
2793 3177 2903 3252 μιν,
2948 3177 3025 3249 1.]
3070 3178 3134 3233 Et
3164 3177 3408 3233 testimo-

128 3263 253 3321 dedit
282 3267 355 3323 eis
386 3276 722 3337 potestatem
758 3266 899 3322 filios
929 3266 1027 3323 Dei
1054 3266 1195 3334 ﬁeri,
1222 3267 1327 3335 his,
1355 3268 1449 3337 qui
1478 3266 1706 3325 credunt
1730 3271 1778 3335 (ζ
1808 3273 1957 3327 nium
1984 3270 2258 3343 perhibuit
2287 3271 2551 3339 Joannes,
2583 3270 2773 3327 dicens
2798 3288 2811 3325 :
2842 3270 2980 3339 Quia
3006 3269 3113 3325 vidi
3144 3270 3404 3340 Spiritum

128 3359 173 3414 in
199 3366 403 3419 nomine
430 3362 561 3434 ejus
596 3380 607 3414 :
641 3359 735 3432 qui
763 3375 871 3416 non
903 3376 967 3418 ex
1008 3361 1363 3431 sanguinibus
1385 3404 1401 3431 ,
1434 3377 1612 3432 neque
1639 3378 1709 3418 ex
1807 3364 2231 3423 descendentem
2276 3365 2429 3435 quasi
2452 3364 2763 3420 columbam
2813 3363 2881 3419 de
2923 3363 3085 3431 caelo,
3110 3372 3165 3419 et
3211 3365 3410 3419 mansit

128 3454 375 3511 voluntate
428 3454 647 3519 carnis,
697 3469 873 3524 neque
918 3468 987 3511 ex
1022 3454 1301 3511 voluntate
1330 3453 1451 3523 viri,
1500 3455 1597 3512 sed
1639 3470 1708 3511 ex
1809 3474 1971 3529 super
1999 3474 2143 3515 eum.
2172 3458 2238 3513 Et
2262 3473 2365 3531 ego
2393 3456 2708 3514 nesciebam
2733 3472 2890 3523 eum;
2916 3456 3014 3512 sed
3034 3457 3125 3526 qui
3151 3456 3300 3512 misit
3320 3471 3408 3512 me

128 3545 225 3603 Deo
252 3549 353 3605 nati
402 3560 560 3607 sunt.
596 3548 688 3619 [v,
721 3546 799 3617 3.]
841 3547 911 3603 Et
931 3547 1170 3605 Verbum
1210 3563 1338 3606 caro
1368 3548 1568 3606 factum
1596 3556 1703 3617 est,
1808 3552 2087 3622 baptizare
2124 3551 2176 3605 in
2205 3567 2372 3621 aqua,
2406 3551 2497 3607 ille
2540 3550 2673 3606 mihi
2705 3550 2884 3605 dixit:
2927 3550 3105 3620 Super
3132 3564 3293 3618 quem
3327 3548 3409 3603 vi-

130 3648 176 3694 et
195 3641 445 3699 habitavit
480 3644 543 3699 in
591 3641 751 3697 nobis
780 3660 793 3697 :
822 3651 879 3697 et
899 3640 1133 3699 vidimus
1164 3643 1393 3713 gloriam
1421 3643 1562 3715 ejus,
1590 3644 1708 3714 glo-
1806 3642 1951 3699 deris
1997 3643 2259 3715 Spiritum
2292 3643 2711 3699 descendentem
2740 3683 2754 3707 ,
2779 3653 2833 3698 et
2882 3649 3194 3697 manentem
3241 3654 3409 3709 super

133 3733 244 3788 riam
271 3738 419 3808 quasi
440 3734 726 3807 Unigeniti
758 3750 789 3791 a
812 3734 995 3803 Patre,
1026 3736 1244 3807 plenum
1268 3737 1456 3808 gratia:
1482 3749 1538 3794 et
1560 3738 1705 3795 veri-
1808 3750 1955 3805 eum,
1991 3734 2080 3791 hic
2124 3744 2227 3801 est,
2259 3734 2352 3805 qui
2380 3735 2619 3804 baptizat
2656 3734 2711 3789 in
2743 3733 2950 3803 Spiritu
2980 3740 3185 3787 sancto.
3215 3731 3280 3786 Et
3304 3747 3408 3802 ego

136 3829 258 3883 tatis.
288 3832 378 3904 ιη,
413 3832 492 3905 1.]
527 3830 766 3887 Joannes
798 3831 1165 3888 testimonium
1196 3832 1441 3902 perhibet
1461 3833 1530 3889 de
1557 3832 1707 3903 ipso,
1810 3827 1920 3884 vidi
1943 3842 1958 3882 :
1981 3834 2037 3882 et
2062 3826 2428 3883 testimonium
2454 3824 2697 3896 perhibui
2721 3824 2847 3896 quia
2874 3823 2962 3880 hic
2984 3833 3068 3880 est
3089 3823 3257 3879 Filius
3288 3822 3408 3879 Dei.

133 3928 175 3973 et
212 3921 398 3979 clamat
429 3923 628 3979 dicens
661 3939 672 3975 :
708 3920 807 3977 Hic
851 3931 972 3978 erat
997 3964 1011 3989 ,
1049 3937 1210 3993 quem
1256 3922 1408 3977 dixi:
1454 3923 1554 3991 Qui
1586 3933 1710 3994 post
1813 3920 1945 3993 [xvr,
1981 3918 2095 3988 10.]
2143 3918 2324 3973 Altera
2366 3918 2455 3973 die
2484 3918 2680 3973 iterum
2735 3916 2915 3973 stabat
2955 3917 3217 3985 Joannes,
3263 3926 3316 3974 et
3343 3932 3411 3974 ex

134 4026 207 4066 me
236 4024 493 4072 venturus
526 4024 640 4083 est,
670 4022 797 4071 ante
823 4029 913 4071 me
942 4014 1116 4070 factus
1142 4023 1258 4080 est;
1290 4015 1413 4085 quia
1449 4015 1596 4085 prior
1624 4030 1711 4071 me
1812 4009 2096 4081 discipulis
2139 4009 2255 4080 ejus
2288 4009 2416 4066 duo.
2458 4009 2528 4065 Et
2560 4009 2860 4079 respiciens
2894 4008 3080 4067 Jesum
3128 4010 3411 4067 ambulan-

133 4114 253 4160 erat.
300 4110 413 4183 [vn,
448 4092 570 4178 10.]
616 4107 687 4163 Et
729 4107 797 4164 de
839 4107 1178 4180 plenitudine
1220 4107 1333 4178 ejus
1374 4124 1476 4163 nos
1522 4124 1711 4167 omnes
1816 4114 1946 4169 tem,
1976 4102 2106 4159 dicit
2141 4121 2152 4157 :
2189 4102 2328 4159 Ecce
2355 4118 2529 4175 agnus
2559 4102 2678 4159 Dei.
2725 4103 2795 4159 Et
2823 4103 3113 4160 audierunt
3139 4119 3263 4160 eum
3303 4104 3413 4159 duo

136 4202 451 4271 accepimus,
510 4211 569 4259 et
622 4204 851 4273 gratiam
898 4218 999 4273 pro
1055 4202 1250 4275 gratia.
1293 4202 1429 4271 Quia
1486 4202 1572 4258 lex
1617 4218 1713 4273 per
1813 4196 2065 4264 discipuli
2096 4194 2408 4266 loquentem
2438 4238 2453 4265 ,
2488 4204 2544 4253 et
2570 4197 2745 4253 secuti
2775 4206 2901 4253 sunt
2930 4196 3139 4255 Jesum.
3170 4197 3415 4252 Conver-

136 4291 335 4362 Moysen
380 4298 509 4354 data
544 4304 659 4365 est,
691 4297 861 4370 gratia
902 4306 956 4353 et
983 4298 1184 4353 veritas
1216 4312 1312 4369 per
1340 4297 1522 4355 Jesum
1552 4294 1682 4352 Cliri

1865 4303 1909 4344 ts
1934 4296 2116 4345 autem
2163 4287 2351 4356 Jesus,
2398 4299 2454 4344 et
2480 4289 2667 4345 videns
2697 4304 2794 4346 eos
2835 4300 3125 4360 sequentes
3166 4304 3247 4350 se,
3279 4287 3413 4341 dicit

138 4393 264 4443 stum
292 4388 425 4446 laeta
450 4397 561 4447 est.
593 4391 732 4464 [vm,
754 4388 834 4461 5.]
865 4390 1036 4446 Deum
1066 4406 1228 4447 nemo
1256 4390 1390 4446 vidit
1419 4404 1713 4461 umquam;
1817 4382 1898 4438 eis
1930 4400 1942 4437 :
1971 4381 2111 4451 Quid
2131 4382 2414 4453 quaeritis?
2439 4382 2543 4449 Qui
2583 4382 2840 4437 dixerunt
2869 4381 2919 4436 ei
2980 4400 2990 4433 :
3038 4378 3209 4434 Rabbi
3240 4379 3413 4448 (quod

138 4478 422 4548 unigenitus
440 4482 644 4552 Filius,
667 4482 760 4554 qui
792 4492 875 4538 est
903 4483 956 4538 in
983 4481 1106 4539 sinu
1131 4483 1457 4555 Patris,ipse
1488 4497 1715 4538 enarra-
1816 4475 2016 4533 dicitur
2058 4476 2472 4546 interpretatum
2518 4474 2823 4545 Magister),
2849 4473 2938 4528 ubi
2987 4470 3233 4526 habitas?
3276 4469 3418 4527 Dicit

140 4568 221 4622 vit.
298 4573 407 4645 [tx,
458 4572 577 4644 10.]
637 4573 708 4629 Et
750 4573 858 4630 hoc
905 4582 990 4630 est
1042 4574 1411 4632 testimonium
1457 4572 1714 4643 Joannis,
1820 4568 1900 4625 eis
1930 4587 1943 4624 :
1976 4568 2202 4634 Venite,
2240 4578 2293 4624 et
2334 4568 2535 4624 videte.
2580 4566 2887 4631 Venerunt,
2926 4572 2981 4619 et
3034 4562 3286 4617 viderunt
3327 4562 3419 4619 ubi

140 4665 335 4730 quando
381 4666 656 4723 miserunt
689 4665 865 4723 Judaei
904 4666 973 4724 ab
1004 4666 1359 4739 Jerosolymis
1402 4664 1688 4724 sacerdote

1873 4670 2089 4728 teneret,
2114 4670 2169 4718 ει
2206 4659 2349 4730 apud
2379 4674 2506 4716 eum
2537 4664 2853 4712 manserunt
2882 4653 2972 4711 die
3003 4653 3128 4708 illo:
3167 4653 3302 4710 hora
3326 4666 3421 4708 au-

144 4761 191 4806 et
232 4755 421 4815 levitas
469 4758 539 4814 ad
580 4773 729 4826 eum,
762 4766 824 4814 ut
869 4758 1265 4829 interrogarent
1289 4772 1453 4814 eum:
1486 4756 1567 4812 Tu
1596 4756 1721 4829 quis
1823 4764 1931 4811 tem
1967 4764 2087 4812 erat
2112 4752 2272 4825 quasi
2314 4752 2545 4809 decima.
2584 4750 2711 4806 Erat
2748 4756 2931 4804 autem
2966 4745 3212 4802 Andreas
3256 4745 3420 4802 frater

142 4846 233 4899 θεῖ
259 4848 324 4905 Ει
361 4852 652 4908 confessus
681 4858 786 4919 est,
821 4860 876 4906 et
916 4866 1022 4906 non
1055 4851 1271 4921 negavit
1305 4868 1321 4906 :
1353 4858 1409 4907 et
1436 4848 1722 4907 confessus
1824 4846 2061 4903 Simonis
2113 4844 2257 4901 Petri
2308 4858 2447 4899 unus
2502 4858 2567 4897 ex
2620 4840 2870 4906 duobus,
2915 4840 3007 4910 qui
3056 4838 3343 4894 audierant
3390 4853 3420 4892 a

146 4946 250 4993 est:
280 4942 415 5009 Quia
445 4959 554 5000 non
583 4959 705 5000 sum
729 4958 829 5014 ego
852 4941 1126 4999 Christus.
1156 4942 1222 4998 Et
1252 4945 1725 5013 interrogaverunt
1827 4939 2054 5007 Joanne,
2103 4950 2158 4995 et
2204 4938 2374 4994 secuti
2424 4936 2639 4994 fuerant
2678 4949 2825 4991 eum.
2872 4934 3030 5006 μνη,
3074 4932 3153 5005 1.]
3206 4932 3419 4988 Invenit

147 5046 256 5089 eum
287 5053 300 5092 :
330 5037 473 5105 Quid
514 5039 692 5110 ergo?
728 5039 877 5095 Elias
905 5052 965 5095 es
998 5038 1093 5094 tu?
1124 5038 1189 5094 Et
1218 5038 1353 5101 dixit
1379 5055 1389 5091 :
1437 5036 1552 5093 Non
1581 5051 1723 5093 sum.
1830 5034 1917 5090 hic
1938 5034 2172 5106 primum
2201 5033 2421 5087 fratrem
2452 5044 2609 5085 suum
2636 5027 2936 5093 Simonem,
2968 5036 3023 5082 et
3050 5026 3182 5081 dicit
3208 5026 3257 5081 ei
3294 5043 3307 5081 :
3339 5025 3425 5079 ln-

148 5123 404 5197 Proplteta
441 5146 500 5186 es
531 5130 626 5187 tu?
652 5130 723 5187 Et
756 5129 1039 5203 respondit
1073 5146 1087 5185 :
1128 5129 1271 5185 Non.
1306 5128 1568 5185 Dixerunt
1594 5140 1728 5198 ergo
1831 5126 2076 5183 venimus
2090 5122 2360 5180 Messiam.
2378 5120 2557 5192 (Quod
2572 5116 3423 5189 estinterpretatum,Christus.)

149 5219 191 5271 ei
221 5236 233 5273 :
270 5222 400 5289 Quis
429 5241 507 5290 es,
540 5234 600 5278 ut
632 5238 952 5293 responsum
980 5222 1171 5279 demus
1203 5223 1309 5290 bis,
1343 5223 1433 5291 qui
1464 5220 1730 5277 miserunt
1836 5220 1901 5274 Et
1924 5217 2148 5273 adduxit
2167 5231 2292 5272 eum
2316 5215 2383 5269 ad
2408 5213 2612 5270 Jesum.
2639 5211 2867 5268 lntuitus
2890 5220 3071 5266 autem
3094 5225 3216 5266 eum
3246 5208 3426 5278 Jcsus,

150 5313 273 5365 nos?
295 5316 424 5384 quid
452 5317 586 5372 dicis
616 5317 685 5373 de
707 5325 759 5373 te
787 5316 939 5387 ipso?
970 5317 1047 5389 [\x,
1080 5312 1156 5386 1.]
1177 5314 1267 5373 Ait
1302 5333 1314 5369 :
1346 5315 1458 5386 Ego
1488 5330 1590 5370 vox
1620 5313 1731 5369 cla-
1835 5312 1970 5367 dixit
2001 5309 2119 5366 :Tu
2146 5324 2205 5365 es
2230 5308 2419 5366 Simon
2444 5306 2587 5362 filius
2610 5304 2749 5362 Jona
2777 5324 2789 5358 :
2814 5315 2869 5360 ιιι
2893 5303 3174 5359 vocaberis
3194 5302 3426 5373 Cephas.

150 5408 341 5463 mantis
370 5408 424 5465 in
453 5411 701 5468 deserto:
735 5410 964 5481 Dirigite
995 5409 1133 5465 viam
1166 5409 1406 5473 Domini,
1436 5409 1576 5464 sicut
1596 5406 1733 5463 dixit
1830 5402 2009 5475 (Quod
2064 5403 2452 5472 interpretatur
2502 5398 2741 5468 Petrus.)
2770 5396 2949 5471 [xvnt,
2994 5393 3108 5465 10.]
3148 5394 3207 5451 ln
3238 5392 3433 5451 crasti—

154 5494 312 5553 lsaias
364 5504 646 5573 propheta.
703 5502 802 5577 [xt,
861 5500 977 5575 10.]
1029 5502 1096 5557 Et
1145 5501 1237 5572 qui
1289 5501 1440 5559 missi
1492 5498 1727 5568 fuerant,
1836 5511 1965 5553 num
2004 5495 2032 5536 ι)
2064 5493 2230 5551 voluit
2275 5491 2429 5548 exire
2474 5492 2527 5548 in
2555 5490 2859 5557 Galilaeam,
2890 5496 2948 5545 et
2988 5488 3197 5545 invenit
3230 5485 3437 5557 Philip-

229 5726 253 5753 ⁸
274 5717 410 5777 Tres
436 5736 560 5781 mss.
570 5761 586 5792 ,
618 5738 770 5796 quem
796 5740 883 5780 eos
911 5740 1014 5779 non
1038 5723 1199 5779 scitis.
1933 5710 1961 5751 δ
1992 5710 2145 5770 Unus
2178 5711 2495 5780 Vaticanus,
2527 5711 2583 5771 in
2602 5707 2902 5785 crastinum
2927 5714 3099 5762 autem
3130 5706 3312 5779 voluit,
3338 5712 3446 5765 etc.
