3920 6200
531 224 636 280 655

1545 213 1600 270 S.
1645 207 2023 270 HIERONYMI
2063 202 2298 263 DIVINA
2333 206 2809 267 BIBLIOTHECA.

3715 208 3802 267 656

528 354 679 409 pum.
734 336 799 390 Et
837 335 971 389 dicit
1015 334 1063 388 ei
1111 331 1267 385 Jesus
1296 346 1308 381 :
1339 329 1579 398 Sequere
1619 344 1726 384 me.
1767 328 1902 382 Erat
1940 333 2120 381 autem
2150 322 2204 384 Α
2227 325 2418 381 diebus
2445 324 2714 380 excitabis
2741 320 2917 379 illud?
2944 319 3038 377 Ille
3067 328 3247 376 autem
3269 319 3489 377 diccbat
3527 321 3595 376 de
3625 324 3806 392 templo

526 429 809 499 Philippus
837 444 866 481 a
899 425 1183 481 Bethsaida
1205 465 1219 489 ,
1245 422 1463 476 civitate
1493 421 1727 476 Andreae
1758 429 1808 474 et
1842 418 2007 473 Petri.
2039 417 2127 471 ln-

526 527 678 581 venit
706 523 990 592 Philippus
1015 517 1334 581 Natbanael,
1362 525 1416 571 et
1440 515 1569 570 dicit
1599 515 1682 569 ei:
1707 515 1877 580 Quem
1908 510 2126 582 scripsit

527 617 743 686 Moyses
785 614 834 667 in
874 612 1039 682 Lege,
1071 620 1126 665 et
1157 609 1456 680 prophetaz,
1500 609 1803 662 invenimus
1833 606 2017 662 Jesum
2066 605 2125 658 fi-

526 710 662 765 lium
685 705 888 776 Joseph
927 723 957 758 ιι
990 702 1278 758 Nazat'eth.
1325 703 1392 756 Et
1423 701 1564 756 dixit
1596 701 1644 755 ei
1695 698 1991 753 Nathanael
2024 715 2034 748 2
2081 698 2121 749 Α

529 800 794 859 Nazareth
820 807 996 869 potest
1017 796 1222 866 aliquid
1247 796 1372 851 boni
1397 797 1559 851 esse?
1591 793 1726 848 Dicit
1748 795 1795 847 ei
1816 792 2123 862 Philippus:

531 894 691 962 Veni,
733 901 789 948 et
833 891 977 947 vide.
1008 889 1157 945 Vidit
1188 888 1346 945 Jesus
1379 888 1678 943 Nathanael
1711 887 2020 941 venientem
2059 883 2127 938 ad

532 1003 612 1054 se,
645 994 701 1043 et
729 986 860 1043 dicit
880 985 949 1041 de
978 1000 1044 1039 eo
1080 1003 1091 1037 :
1124 983 1266 1038 Ecce
1296 998 1423 1037 vere
1454 980 1723 1039 Israelita.
1759 980 1812 1034 in
1842 993 1949 1048 quo
1973 976 2128 1034 dolus

530 1093 638 1134 non
671 1086 776 1133 est.
826 1077 966 1132 Dicit
995 1077 1044 1131 ei
1090 1074 1386 1129 Nathanael
1421 1092 1433 1126 :
1471 1072 1624 1129 Unde
1671 1087 1756 1126 me
1807 1070 1985 1125 nosti?
2019 1070 2128 1124 Re-

530 1169 751 1241 spondit
774 1168 953 1234 Jesus,
975 1176 1030 1223 et
1057 1167 1196 1222 dixit
1222 1165 1294 1222 ei.
1311 1163 1632 1233 Priusquam
1665 1173 1716 1217 te
1738 1161 2020 1232 Philippus
2039 1177 2130 1216 vo-

530 1271 713 1329 caret,
755 1277 874 1316 cum
907 1276 1060 1316 esses
1090 1259 1190 1314 sub
1224 1259 1349 1325 ficu,
1376 1257 1482 1311 vidi
1518 1267 1588 1310 te.
1615 1255 1915 1322 Resliondit
1951 1255 1998 1309 ei
2023 1253 2130 1308 Na-

525 1355 767 1420 thanael,
809 1364 863 1408 et
911 1354 1027 1407 ait:
1069 1350 1240 1406 Rabbi
1263 1395 1276 1418 ,
1315 1360 1371 1404 tu
1405 1366 1464 1406 es
1503 1348 1670 1405 Filius
1701 1349 1828 1414 Dei,
1864 1359 1916 1403 tu
1945 1363 2004 1405 es
2035 1363 2131 1402 rex

532 1447 720 1503 Israel.
752 1445 1056 1516 Respondit
1086 1444 1248 1500 Jesus
1270 1485 1284 1510 ,
1323 1453 1377 1498 et
1406 1442 1539 1496 dixit
1570 1442 1618 1495 ei
1649 1458 1663 1496 :
1697 1440 1831 1507 Quia
1850 1439 1962 1495 dixi
1990 1439 2087 1504 tibi
2117 1457 2127 1491 :

535 1539 655 1595 Vidi
679 1548 730 1594 te
759 1538 859 1594 sub
891 1537 994 1593 ficu
1016 1579 1028 1600 ,
1057 1537 1237 1591 credis
1269 1553 1281 1590 :
1317 1534 1493 1604 majus
1522 1534 1604 1587 his
1637 1533 1865 1588 videbis.
1905 1532 1973 1586 Et
2003 1531 2134 1587 dicit

533 1634 582 1686 ei
618 1648 630 1683 :
667 1627 834 1686 Amen
855 1675 869 1698 ,
917 1645 1072 1683 amen
1104 1628 1225 1682 dico
1252 1627 1437 1691 vobis,
1470 1625 1722 1680 videbitis
1751 1625 1947 1679 coelum
1973 1639 2132 1695 aper-

2229 418 2476 484 corporis
2510 417 2614 471 sui.
2642 416 2775 471 Cum
2816 430 2946 486 ergo
2976 412 3371 469 resurrexisset
3395 429 3427 466 a
3457 414 3704 479 mortuis,
3735 431 3807 470 re-

2229 508 2436 562 cordati
2471 518 2598 561 sunt
2629 506 2878 575 discipuli
2911 505 3051 576 ejus,
3083 506 3207 574 quia
3234 504 3339 560 hoc
3365 504 3608 572 dicebat,
3631 517 3682 561 et
3707 522 3807 563 cre-

2229 602 2485 658 diderunt
2512 601 2822 671 scripturae,
2872 608 2926 655 et
2969 599 3208 655 sermoni
3247 613 3410 668 quem
3463 598 3601 655 dixit
3643 601 3804 657 Jesus.

2229 696 2363 750 Cum
2394 707 2570 752 autem
2601 705 2743 751 esset
2769 694 3123 765 Jerosolymis
3146 693 3200 749 in
3236 693 3434 764 pascha
3465 694 3518 748 in
3550 693 3634 750 die
3663 695 3806 762 festo,

2232 789 2383 844 multi
2416 790 2762 846 crediderunt
2806 789 2859 843 in
2908 789 3127 844 nomine
3173 787 3326 857 ejus,
3378 789 3628 846 videntes
3673 791 3805 863 signa

2231 884 2351 952 ejus
2397 899 2519 952 qua:
2567 883 2818 939 faciebat.
2861 882 2981 954 Ipse
3011 891 3191 937 autem
3235 867 3393 938 Jesus
3428 897 3536 938 non
3580 884 3807 941 credebat

2231 975 2583 1046 semetipsum
2612 975 2711 1044 eis,
2747 991 2814 1030 eo
2841 974 2984 1046 quod
3017 976 3133 1046 ipse
3164 983 3348 1030 nosset
3382 991 3597 1043 omnes,
3623 987 3676 1033 et
3701 979 3803 1046 quia

2232 1082 2369 1138 opus
2392 1068 2440 1124 ei
2471 1084 2578 1123 non
2609 1077 2748 1136 erat,
2781 1079 2840 1123 ut
2869 1069 2990 1139 quis
3034 1069 3399 1125 testimonium
3430 1069 3729 1141 perhiberet
3747 1074 3803 1130 de

2233 1161 2456 1217 homine
2487 1179 2499 1214 :
2532 1162 2647 1231 ipse
2683 1161 2826 1215 enim
2859 1161 3065 1216 sciebat
3092 1161 3217 1232 quid
3249 1171 3392 1217 esset
3422 1164 3476 1218 in
3520 1163 3744 1222 homine.

2317 1254 2469 1324 [ϐαρ.
2518 1250 2633 1322 Il|.]
2683 1254 2812 1308 Erat
2861 1264 3039 1310 autem
3092 1255 3252 1310 homo
3291 1270 3358 1310 ex
3402 1257 3697 1326 pliariswis,
3727 1257 3803 1313 Ni-

2233 1345 2492 1401 codemus
2521 1346 2736 1402 nomine
2756 1391 2769 1415 ,
2822 1345 3071 1416 princeps
3100 1346 3431 1402 Judmorum.
3463 1349 3562 1405 Hic
3583 1350 3718 1404 venit
3743 1350 3799 1405 ad

2233 1439 2416 1493 Jesum
2461 1446 2642 1506 nocte,
2668 1449 2723 1494 et
2752 1438 2889 1493 dixit
2917 1439 2965 1493 ei
2993 1457 3004 1490 :
3037 1437 3232 1505 Rabbi,
3261 1439 3464 1494 scimus
3505 1443 3624 1511 quia
3649 1456 3678 1497 a
3710 1443 3804 1498 Deo

2237 1531 2430 1586 venisti
2482 1531 2776 1601 magister:
2829 1546 2988 1586 nemo
3025 1531 3167 1586 enim
3203 1540 3382 1602 potest
3415 1532 3531 1588 haec
3571 1535 3714 1605 signa
3740 1537 3807 1588 la-

2236 1640 2380 1691 cere,
2415 1638 2540 1696 quae
2565 1633 2621 1678 tu
2652 1622 2802 1693 lacis,
2837 1625 2938 1679 nisi
2962 1625 3124 1679 fuerit
3154 1625 3296 1680 Deus
3323 1641 3440 1680 cum
3466 1641 3549 1681 eo.
3578 1625 3810 1698 Respon-

534 1731 671 1787 tum,
706 1730 761 1777 et
805 1722 1042 1789 Angelus
1085 1721 1178 1773 Dei
1219 1719 1609 1784 ascendentes,
1654 1727 1707 1772 et
1733 1717 2132 1774 descendentes
2161 1705 2314 1774 Bdit
2340 1719 2518 1784 Iesus,
2543 1727 2598 1774 et
2624 1718 2762 1773 dixit
2810 1718 2902 1773 ei:
2953 1720 3149 1784 Arnen,
3199 1734 3358 1774 amen
3391 1719 3508 1773 dico
3554 1719 3680 1786 tibi,
3707 1720 3805 1774 nisi

533 1829 697 1884 supra
725 1813 920 1867 Filium
946 1811 1197 1864 hominis.

609 1905 762 1975 [Cap.
799 1901 889 1973 ll.]
923 1902 985 1957 Et
1017 1902 1104 1956 die
1143 1900 1299 1955 tertia
1332 1903 1533 1971 nuptia:
1565 1902 1720 1957 fac-tie
1749 1911 1876 1958 sunt
1904 1904 1956 1957 in
1983 1901 2129 1957 Cana

534 1996 813 2052 Galilmaa:
849 2005 905 2050 et
935 2005 1050 2048 erat
1081 1993 1252 2048 Mater
1283 1993 1412 2049 Jesu
1443 1994 1537 2049 ibi.
1574 1995 1811 2051 Vocatus
1840 2006 1924 2050 est
1952 2007 2131 2052 autem

535 2098 590 2143 et
615 2087 797 2153 Jesus,
827 2094 885 2141 et
911 2085 1165 2154 discipuli
1191 2085 1340 2155 ejus,
1374 2084 1441 2139 ad
1471 2086 1706 2156 nuptias.
1754 2086 1822 2140 Et
1845 2086 2132 2143 deficiente

530 2179 684 2247 vino,
708 2178 840 2233 dicit
870 2187 1041 2232 mater
1065 2175 1195 2232 Jesu
1225 2175 1289 2230 ad
1320 2191 1442 2232 eum
1469 2193 1484 2233 :
1516 2177 1713 2232 Vinum
1747 2193 1855 2232 non
1888 2178 2127 2233 habent:

540 2273 614 2329 Et
662 2272 794 2328 dicit
821 2272 871 2327 ei
912 2271 1106 2327 Jesus:
1137 2269 1276 2337 Quid
1308 2269 1466 2337 mihi,
1517 2280 1572 2326 et
1624 2271 1718 2326 tibi
1761 2281 1863 2339 est,
1895 2271 2131 2327 mulier?

536 2365 778 2421 nondum
842 2364 992 2419 venit
1050 2363 1179 2416 liora
1244 2378 1384 2419 mea.
1444 2363 1583 2418 Dicit
1642 2374 1815 2419 mater
1860 2363 1977 2433 ejus
2033 2363 2134 2417 mi-

532 2459 762 2515 nistris:
815 2455 1206 2526 Quodcumque
1251 2456 1453 2512 dixerit
1503 2457 1678 2522 vobis,
1735 2458 1913 2514 facile.
1965 2458 2133 2512 Erant

531 2563 715 2607 autem
761 2551 830 2606 ibi
863 2551 1087 2621 lapidem
1129 2549 1340 2621 hydriae
1369 2567 1464 2606 sex
1488 2554 1677 2622 positae
1705 2555 2002 2609 secundum
2036 2570 2132 2624 pu-

531 2646 895 2701 rificationem
939 2643 1274 2711 Iudaeorum,
1312 2645 1587 2714 capientes
1617 2647 1845 2717 singulae
1877 2639 2132 2704 metretas

531 2738 685 2793 binas
713 2735 799 2791 vel
834 2745 1034 2792 ternas.
1089 2735 1230 2790 Dicit
1277 2737 1357 2791 eis
1403 2735 1594 2791 Jesus:
1644 2738 1868 2808 Implete
1914 2739 2132 2810 hydrias

531 2845 692 2900 aqua.
743 2830 809 2884 Et
861 2829 1229 2898 impleverunt
1277 2843 1371 2884 eas
1419 2844 1588 2899 usque
1633 2829 1700 2885 ad
1740 2847 2035 2886 summum.
2067 2833 2133 2890 Et

538 2920 668 2975 dicit
694 2921 774 2976 eis
804 2920 995 2975 Jesus:
1025 2919 1252 2975 lIaurite
1283 2936 1448 2986 nunc,
1477 2931 1528 2975 et
1576 2921 1711 2978 ferte
1739 2924 2128 2982 arcliitriclinn.

529 3012 598 3066 Et
625 3013 885 3067 tulerunt.
917 3011 982 3067 Ut
1006 3024 1187 3067 autem
1220 3014 1456 3083 gustavit
1483 3014 1892 3070 architriclinus
1931 3033 2129 3089 aquam

2234 1812 2351 1884 quis
2381 1821 2408 1849 ει
2436 1822 2656 1867 renatus
2701 1810 2866 1867 fuerit
2897 1811 3100 1875 denuo,
3147 1828 3254 1866 non
3305 1820 3484 1882 potest
3513 1811 3691 1867 videre
3731 1830 3810 1868 rc-

2233 1918 2397 1974 gnum
2431 1902 2548 1958 Dei.
2589 1902 2731 1958 Dicit
2757 1901 2823 1957 ad
2852 1918 2974 1958 eum
3023 1901 3387 1959 Nicodemus:
3425 1903 3701 1972 Quomodo
3725 1919 3809 1975 po-

2236 2007 2340 2052 test
2366 1996 2528 2052 homo
2559 1997 2729 2063 nasci,
2761 2011 2884 2052 cum
2914 1996 2986 2050 sit
3016 1997 3230 2052 senex?
3275 1996 3536 2066 numquid
3567 2005 3739 2068 potest
3763 1997 3806 2051 in

2235 2100 2481 2146 ventrem
2514 2089 2701 2144 matris
2745 2103 2858 2145 sum
2903 2089 3099 2144 iterato
3157 2088 3422 2156 introire,
3473 2097 3530 2146 et
3576 2090 3808 2146 renasci?

2236 2180 2534 2250 Respondit
2570 2179 2767 2236 Jesus:
2803 2181 3008 2248 Amen,
3044 2195 3204 2236 amen
3234 2180 3357 2236 dico
3387 2180 3527 2249 tibi,
3580 2181 3681 2236 nisi
3708 2182 3806 2252 quis

2234 2285 2456 2332 renatus
2485 2275 2646 2331 fuerit
2677 2290 2742 2331 ex
2773 2289 2911 2345 aqua
2941 2283 2996 2330 et
3016 2274 3220 2344 Spiritu
3251 2284 3466 2343 sancto,
3502 2292 3613 2332 non
3658 2285 3808 2347 potest

2236 2370 2461 2425 introire
2504 2371 2556 2423 in
2599 2383 2824 2441 regnum
2870 2369 2984 2425 Dei.
3036 2368 3190 2437 Quod
3215 2381 3398 2424 natum
3427 2380 3514 2426 est
3549 2385 3620 2426 ex
3646 2386 3804 2437 carne,

2235 2477 2364 2518 caro
2390 2471 2475 2518 est
2500 2480 2511 2515 :
2541 2470 2597 2517 et
2624 2462 2766 2533 quod
2795 2471 2979 2517 natum
3013 2470 3097 2518 est
3118 2477 3183 2518 ex
3213 2462 3434 2533 spiritu,
3473 2464 3696 2534 spiritus
3718 2473 3806 2520 est.

2235 2554 2351 2610 Non
2375 2555 2592 2611 mireris
2619 2556 2744 2626 quia
2767 2556 2881 2611 dixi
2905 2556 2999 2612 tibi
3028 2575 3038 2608 :
3071 2566 3284 2626 oportet
3313 2573 3412 2614 vos
3443 2559 3596 2614 nasci
3630 2557 3804 2614 denuo.

2234 2649 2461 2720 Spiritus
2492 2649 2580 2704 ubi
2622 2649 2741 2704 vult
2786 2650 2976 2720 spirat,
3030 2660 3086 2706 et
3133 2666 3321 2706 vocem
3353 2651 3476 2722 ejus
3519 2652 3695 2718 audis,
3725 2652 3807 2707 sed

2233 2741 2262 2780 ι’
2292 2742 2471 2797 nescis
2504 2741 2647 2798 unde
2677 2743 2884 2808 veniat,
2909 2751 3001 2798 aut
3031 2758 3138 2814 quo
3167 2743 3328 2799 vadat
3357 2761 3368 2796 :
3402 2744 3483 2799 sic
3523 2754 3613 2801 est
3636 2746 3811 2808 omnis,

2234 2833 2323 2904 qui
2357 2843 2515 2890 natus
2545 2844 2628 2890 est
2658 2850 2724 2890 ex
2754 2836 2974 2906 spiritu.
3043 2836 3346 2908 Respondit
3385 2837 3711 2895 Nicodemus
3731 2881 3744 2904 ,
3770 2847 3814 2893 et

2234 2925 2371 2983 dixit
2412 2927 2504 2982 ei:
2557 2928 2843 2997 Quomodo
2878 2940 3104 3000 possunt
3156 2929 3273 2986 haec
3321 2931 3485 2988 fieri?
3531 2930 3816 3002 Respondit

2235 3019 2418 3090 Jesus,
2453 3030 2509 3077 et
2533 3021 2672 3076 dixit
2700 3023 2750 3078 ei
2777 3039 2789 3077 :
2823 3021 2904 3077 Tu
2933 3037 2993 3078 es
3032 3023 3290 3094 magister
3321 3025 3375 3079 in
3406 3024 3612 3092 Israel,
3637 3034 3689 3080 et
3715 3025 3816 3080 lucc

530 3105 716 3157 vinum
746 3103 962 3168 factam,
1007 3113 1062 3160 et
1108 3121 1217 3159 non
1266 3105 1471 3161 sciebat
1519 3105 1664 3161 unde
1695 3117 1862 3174 esset;
1898 3109 2128 3165 ministri
2157 3093 2204 3158 C
2237 3112 2495 3184 ignoras?
2535 3113 2731 3181 Amen,
2763 3130 2921 3172 amen
2950 3115 3072 3170 dico
3103 3093 3220 3182 tibi,
3267 3116 3393 3186 quia
3424 3115 3568 3188 quod
3607 3119 3812 3183 scimus,

528 3209 709 3253 autem
742 3197 1005 3266 sciebant,
1032 3198 1124 3269 qui
1153 3198 1445 3253 hauserant
1493 3214 1724 3268 aquam:
1768 3212 1928 3257 vocat
1969 3219 2129 3274 spon-

529 3308 650 3348 sum
683 3290 1100 3356 architriclinus,
1131 3299 1186 3345 et
1211 3290 1344 3345 dicit
1369 3291 1419 3346 ei
1445 3309 1458 3344 :
1488 3293 1678 3348 Omnis
1707 3293 1869 3348 homo
1896 3296 2128 3365 primum

532 3385 735 3439 bonum
770 3383 956 3435 vinum
991 3384 1180 3451 ponit:
1229 3391 1436 3437 etcum
1467 3383 1715 3439 inebriati
1746 3385 1966 3456 fuerint,
2004 3396 2132 3444 tunc

529 3474 606 3539 id,
635 3472 778 3542 quod
807 3471 1048 3526 deterius
1079 3480 1194 3526 est:
1247 3480 1302 3525 tu
1335 3481 1516 3527 autem
1558 3477 1783 3528 servasti
1821 3477 2019 3532 bonum
2053 3480 2128 3534 vi-

530 3580 663 3622 num
692 3579 866 3635 usque
893 3562 1088 3618 adhuc.
1124 3562 1234 3617 Hoc
1264 3562 1397 3618 fecit
1425 3565 1636 3619 initittm
1669 3568 1944 3635 signorum
1972 3571 2129 3628 Jesus

531 3661 587 3716 in
613 3659 760 3714 Cana
787 3656 1060 3712 Galilaeae:
1094 3664 1150 3711 et
1199 3656 1560 3712 manifestavit
1601 3658 1828 3729 gloriam
1872 3677 2046 3730 suam,
2075 3675 2130 3720 et

527 3751 876 3808 crediderunt
906 3749 958 3804 in
985 3764 1110 3803 eum
1131 3747 1382 3818 discipuli
1411 3749 1550 3820 ejus.
1584 3749 1728 3822 ιω,
1763 3751 1840 3825 7.]
1869 3753 1998 3810 Post
2027 3756 2129 3814 hoc

529 3841 814 3897 descendit
834 3839 1212 3911 Capharnaum
1242 3839 1377 3910 ipse,
1403 3849 1456 3897 et
1488 3850 1661 3898 mater
1684 3844 1818 3914 ejus,
1847 3856 1902 3901 et
1930 3846 2129 3905 fratres

528 3933 672 4001 ejus,
706 3942 759 3985 et
785 3931 1035 4001 discipuli
1061 3931 1176 4002 ejus
1205 3949 1216 3984 :
1267 3941 1320 3987 et
1346 3933 1418 3988 ibi
1445 3947 1762 3991 manserunt
1801 3955 1908 3993 non
1942 3942 2127 3999 multis

528 4023 742 4080 diebus.
775 4021 901 4096 [xx,
936 4022 1012 4094 1.]
1046 4024 1112 4078 Et
1135 4039 1302 4094 prope
1331 4036 1449 4081 erat
1479 4028 1684 4085 Pascha
1713 4030 2044 4100 Iudaeorum,
2073 4046 2127 4092 ct

526 4112 773 4170 ascendit
796 4112 952 4168 Jesus
989 4113 1425 4186 Jerosolymam:
1475 4117 1610 4191 [xxi,
1645 4121 1722 4193 1,]
1746 4133 1799 4179 et
1838 4125 2040 4181 invenit
2071 4128 2122 4182 in

525 4207 731 4277 templo
767 4204 1064 4261 vendentes
1109 4205 1296 4275 boves,
1341 4217 1397 4264 et
1422 4223 1580 4277 oves,
1630 4223 1684 4269 et
1728 4217 2029 4288 columbas,
2071 4232 2127 4279 et

523 4300 861 4358 numularios
885 4297 1161 4354 sedentes.
1188 4300 1397 4356 Etcum
1423 4301 1646 4360 fecisset
1676 4310 1825 4378 quasi
1853 4309 2121 4382 ﬂagellum

523 4393 592 4449 de
617 4391 891 4460 funiculis,
923 4405 1114 4446 omnes
1141 4391 1299 4462 ejecit
1328 4392 1396 4450 de
1443 4397 1670 4467 templo,
1717 4415 1845 4458 oves
1870 4419 2118 4477 quoque,

2234 3206 2527 3276 loquimur,
2554 3215 2608 3261 et
2629 3207 2775 3277 quod
2796 3207 3031 3262 vidimus
3061 3215 3342 3272 testamur,
3372 3219 3428 3264 et
3458 3208 3814 3264 testimonium

2235 3308 2480 3354 nostrum
2505 3313 2614 3355 non
2648 3298 2918 3368 accipitis.
2949 3299 3004 3356 Si
3039 3310 3257 3356 terrena
3282 3299 3394 3355 dixi
3427 3299 3608 3370 vobis,
3640 3310 3693 3358 et
3721 3315 3814 3356 non

2233 3393 2455 3449 creditis
2481 3409 2495 3446 :
2525 3393 2824 3462 quomodo,
2858 3393 2901 3448 si
2934 3392 3125 3448 dixero
3156 3391 3311 3448 vobis
3341 3392 3616 3461 caelestia,
3645 3392 3816 3450 crede-

2234 3484 2348 3538 tis?
2379 3484 2446 3538 Et
2475 3498 2634 3540 nemo
2667 3482 2913 3540 ascendit
2960 3484 3012 3539 in
3061 3485 3281 3554 caelum,
3311 3485 3417 3539 nisi
3460 3485 3552 3556 qui
3603 3485 3814 3541 descen-

2232 3574 2399 3631 ditde
2414 3576 2576 3644 etelo,
2604 3576 2772 3632 Filius
2798 3576 3052 3643 hominis,
3080 3577 3170 3649 qui
3202 3587 3286 3634 est
3317 3576 3371 3632 in
3404 3579 3566 3634 etelo.
3599 3578 3668 3634 Et
3692 3578 3815 3632 sicut

2233 3669 2450 3740 Moyses
2478 3669 2737 3725 exaltavit
2763 3680 3077 3741 serpentem
3123 3671 3176 3725 in
3207 3670 3428 3727 deserto
3455 3689 3466 3725 :
3502 3672 3576 3726 ita
3606 3670 3813 3727 exaltari

2230 3763 2443 3833 oportet
2474 3763 2670 3820 Filium
2701 3764 2973 3831 hominis;
3021 3774 3080 3819 ut
3109 3766 3311 3834 omnis,
3343 3767 3435 3836 qui
3461 3765 3642 3822 credit
3666 3767 3717 3821 in
3745 3766 3813 3834 ip-

2229 3872 2385 3928 sum,
2417 3873 2524 3914 non
2562 3868 2780 3929 pereat,
2813 3859 2909 3915 sed
2965 3860 3163 3916 habeat
3203 3860 3374 3915 vitam
3426 3869 3706 3918 aeternam.
3733 3859 3809 3915 Sic

2230 3953 2373 4007 enim
2407 3952 2550 4008 Deus
2575 3952 2770 4008 dilexit
2811 3953 3095 4020 mundum,
3129 3963 3186 4008 ut
3213 3953 3411 4008 Filium
3442 3969 3601 4010 suum
3631 3953 3807 4024 unige-

2230 4047 2402 4102 nitum
2449 4046 2643 4102 daret:
2687 4056 2747 4102 ut
2794 4047 3003 4113 omnis,
3050 4046 3143 4116 qui
3189 4046 3364 4102 credit
3419 4045 3473 4101 in
3501 4062 3660 4115 eum,
3713 4060 3805 4100 non

2227 4145 2441 4208 pereat,
2471 4137 2566 4192 sed
2607 4137 2802 4194 habeat
2842 4138 3003 4193 vitam
3031 4148 3314 4193 :eternam.
3348 4137 3465 4193 Non
3501 4141 3646 4194 enim
3678 4137 3804 4193 misit

2227 4226 2371 4283 Deus
2401 4227 2596 4282 Filium
2625 4244 2782 4284 suum
2811 4229 2866 4284 in
2892 4228 3172 4295 mundum,
3203 4237 3262 4284 ut
3289 4229 3501 4299 judicet
3539 4230 3800 4288 tnundunt,

2225 4321 2322 4376 sed
2374 4331 2430 4376 ut
2475 4321 2718 4378 salvetur
2767 4321 2996 4378 mundus
3040 4337 3136 4392 per
3187 4322 3385 4391 ipsum.
3427 4323 3530 4391 Qui
3561 4322 3730 4379 credit
3758 4322 3802 4373 in

2225 4428 2373 4481 cum,
2403 4430 2508 4470 non
2537 4413 2849 4484 judicatur:
2892 4415 2984 4486 qui
3017 4423 3195 4471 autem
3226 4431 3332 4470 non
3375 4416 3567 4479 credit,
3595 4415 3702 4486 jam
3726 4413 3803 4482 ju-

521 4494 580 4542 ει
620 4486 818 4580 δονβεν
857 4494 915 4580 ξι
960 4486 1384 4580 ημηιυιδτίοτυιη
1431 4489 1621 4546 effudit
1663 4509 1758 4563 ωε,
1803 4505 1859 4552 et
1904 4514 2118 4557 mensas
2143 4486 2200 4549 Ῑ)
2223 4506 2436 4564 dicatus
2462 4518 2575 4564 est:
2604 4508 2727 4579 quia
2756 4523 2864 4564 non
2888 4509 3061 4564 credit
3084 4509 3134 4564 in
3159 4509 3380 4565 nomine
3408 4508 3662 4580 unigeniti
3687 4505 3800 4560 Filii

520 4579 809 4636 subvertit.
856 4578 921 4632 Et
970 4577 1079 4646 his,
1129 4580 1220 4649 qui
1273 4580 1552 4658 columbas
1583 4586 1906 4660 vendebant,
1940 4591 2112 4648 dixit:

520 4670 740 4728 Auferte
771 4670 873 4726 ista
921 4669 1083 4735 hinc,
1126 4680 1183 4726 et
1233 4672 1401 4728 nolite
1446 4673 1626 4732 facere
1672 4678 1892 4736 domum
1940 4683 2117 4742 Patris

519 4764 649 4829 mei,
679 4763 901 4819 domum
924 4764 1326 4834 negotiationis.
1353 4767 1507 4837 μω,
1537 4769 1651 4842 10.]
1681 4772 1969 4832 Recordati
1991 4791 2117 4836 sunt

516 4870 649 4911 vero
674 4855 928 4926 discipuli
969 4856 1085 4924 ejus
1116 4859 1242 4927 quia
1273 4860 1531 4929 scriptum
1565 4874 1684 4919 est:
1720 4867 1882 4924 Zelus
1923 4871 2115 4932 domus

518 4955 626 5003 tuae
651 4948 891 5003 comedit
915 4962 1022 5004 me.
1056 4948 1233 5020 [xxnt,
1280 4951 1363 5022 4.]
1407 4952 1822 5024 Responderunt
1850 4978 1980 5036 ergo
2023 4968 2118 5023 Ju-

515 5039 643 5107 daei,
683 5047 739 5094 et
781 5039 1034 5094 dixerunt
1082 5041 1169 5095 ei:
1225 5042 1380 5109 Quod
1430 5047 1641 5117 signum
1673 5055 1914 5111 ostendis
1957 5061 2114 5118 nobis

513 5133 638 5204 quia
668 5130 786 5186 haec
807 5130 984 5186 facis?
1007 5133 1178 5204 lxxiv,
1211 5134 1324 5205 10.]
1354 5135 1652 5208 Respondit
1679 5143 1856 5215 Jesus,
1892 5159 1946 5206 et
1974 5153 2114 5211 dixit

511 5227 627 5282 eis:
665 5225 873 5282 Solvite
917 5229 1174 5297 templum
1221 5229 1343 5298 hoc,
1377 5243 1431 5286 et
1462 5234 1514 5288 in
1544 5237 1715 5293 tribus
1750 5240 1939 5300 diebus
1964 5251 2110 5305 exci-

511 5319 642 5374 tabo
676 5319 834 5374 illud.
867 5319 1131 5376 Dixerunt
1153 5337 1284 5392 ergo
1305 5324 1515 5382 Judaei:
1549 5329 1914 5408 Quadraginta
1939 5351 1991 5396 et
2014 5358 2108 5400 sex

507 5410 666 5466 annis
713 5410 1038 5467 aediﬁcatum
1086 5421 1170 5469 est
1221 5418 1480 5486 templum
1513 5420 1635 5492 hoc,
1683 5437 1736 5482 et
1771 5439 1824 5484 tu
1855 5432 1908 5486 in
1939 5433 2108 5494 tribus

579 5544 812 5627 ald-ostri
837 5553 1172 5627 mss.mnatus
1203 5565 1572 5627 proferimus,
1623 5563 1858 5624 pressius
1899 5566 2093 5627 Graico

505 5616 942 5711 Enipﬂeg.
963 5615 1055 5674 Sic
1083 5615 1217 5675 mox
1249 5621 1413 5680 iidem
1460 5615 1581 5682 libri
1611 5615 2088 5711 ἐπινοίιέἷειῐὶἆὲἕιζ

504 5698 608 5756 pro
636 5701 855 5740 renasci.

2225 4600 2343 4655 Dei.
2405 4600 2518 4656 Hoc
2563 4609 2646 4657 est
2691 4608 2871 4656 autem
2925 4600 3223 4672 judicium:
3257 4602 3384 4672 quia
3441 4602 3524 4656 lux
3561 4598 3704 4654 venit
3744 4597 3796 4650 iit

2227 4693 2520 4761 mundum,
2565 4704 2620 4748 et
2662 4692 2970 4750 dilexerunt
3026 4693 3271 4750 homines
3319 4693 3487 4764 magis
3529 4689 3796 4754 tenebras,

2222 4801 2381 4857 quam
2414 4787 2587 4842 lucem
2617 4805 2630 4840 :
2664 4798 2820 4843 erant
2849 4788 2992 4843 enim
3025 4803 3213 4844 eorum
3243 4787 3381 4842 mala
3411 4801 3594 4854 Opera.
3624 4781 3799 4839 Omnis

2223 4881 2365 4936 enim
2414 4881 2508 4950 qui
2542 4891 2563 4919 ο
2597 4881 2737 4936 male
2767 4881 2904 4951 agit,
2933 4879 3047 4936 odit
3088 4881 3262 4935 lucem
3317 4887 3372 4934 et
3408 4895 3514 4936 non
3554 4876 3698 4933 venit
3735 4871 3796 4928 ad

2224 4971 2424 5039 lucem,
2451 4982 2509 5027 ut
2540 4987 2646 5028 non
2672 4983 2966 5044 arguantur
2988 4987 3150 5042 opera
3172 4972 3288 5042 ejus
3313 4988 3328 5027 :
3363 4971 3458 5044 qui
3484 4982 3658 5026 autem
3687 4966 3796 5023 facit

2223 5067 2504 5123 veritatem
2528 5109 2543 5134 ,
2589 5066 2738 5122 venit
2777 5066 2844 5122 ad
2872 5067 3068 5132 lucem,
3114 5075 3171 5121 ut
3203 5064 3619 5120 manifestentur
3646 5072 3794 5130 cpera

2220 5158 2359 5227 ejus,
2385 5159 2508 5229 quia
2542 5158 2592 5212 in
2629 5159 2738 5212 Deo
2768 5164 2894 5212 sunt
2932 5156 3093 5213 facta.
3127 5154 3258 5212 Post
3285 5155 3405 5212 hzrc
3447 5156 3589 5211 venit
3619 5151 3790 5210 Iesus.

2218 5261 2272 5307 et
2303 5252 2550 5320 discipuli
2581 5251 2722 5321 ejus,
2767 5252 2820 5306 in
2853 5259 3052 5304 terram
3076 5247 3316 5304 Judteatn
3343 5265 3356 5302 :
3389 5256 3447 5304 et
3486 5247 3592 5303 illic
3622 5245 3792 5300 demo-

2217 5344 2440 5400 rabatur
2466 5359 2588 5400 cum
2618 5345 2718 5409 eis,
2740 5353 2794 5398 et
2821 5341 3144 5412 baptizabat.
3178 5341 3327 5412 μιν,
3359 5339 3440 5413 5.]
3472 5340 3597 5395 Erat
3627 5346 3785 5390 autem

2217 5448 2270 5495 et
2293 5439 2530 5496 Joannes
2562 5438 2840 5507 baptizans
2889 5436 2940 5490 in
2973 5439 3222 5504 Aennon,
3251 5434 3405 5504 juxta
3449 5435 3614 5491 Salim
3643 5449 3655 5484 :
3680 5427 3785 5498 quia

2271 5575 2298 5615 δ
2342 5575 2502 5630 Iidem
2533 5588 2689 5642 mss.,
2711 5582 2756 5627 et
2784 5588 2888 5626 non
2911 5571 3011 5625 scis
3040 5569 3176 5642 unde
3206 5570 3397 5634 veniat,
3431 5581 3478 5624 et
3503 5583 3602 5639 quo
3626 5563 3783 5640 vadat.

2275 5657 2296 5685 ε
2338 5645 2421 5703 Ad
2445 5645 2692 5703 Graecum
2722 5642 3000 5716 exemplar
3053 5641 3266 5716 ὁφαῡλᾳ
3306 5643 3587 5715 πράσσων,
3619 5642 3783 5692 nostri

2196 5717 2362 5776 etiam
2391 5731 2552 5786 mss.,
2590 5716 2680 5787 qui
2699 5713 2841 5771 mala
2853 5711 2978 5785 agit,
3011 5711 3118 5783 pro'
3138 5711 3295 5781 male,
3324 5711 3433 5769 etc.
