3920 6200
170 268 266 327 657

1152 268 1605 326 EVANGELIUM
1643 267 2011 328 SECUNDUM
2050 272 2387 331 JOANNEM.

3309 279 3415 337 658

172 400 317 459 aqute
342 384 510 443 multa!
531 390 677 440 erant
715 382 855 449 illic,
885 391 940 438 et
968 392 995 419 ι
1023 384 1338 451 veniebant,
1386 395 1438 440 et
1477 385 1718 455 baptiza-
1745 386 1796 445 Α
1824 395 1881 440 ut
1912 358 2015 441 non
2060 389 2240 443 sitiam
2270 432 2284 455 ,
2315 404 2496 460 neque
2521 392 2733 446 veniam
2784 392 2888 447 huc
2924 393 3161 449 haurire.
3195 394 3338 449 Dicit
3364 396 3415 449 ei

171 480 373 535 bantur.
403 482 560 551 μω,
586 474 662 545 4.]
688 474 934 530 Nondum
956 475 1101 530 enim
1123 476 1322 532 missus
1353 476 1525 531 fuerat
1552 476 1715 532 Joan-

169 588 259 627 nes
287 572 336 625 in
362 584 633 625 carcerem.
666 566 859 638 [xxvtt,
895 565 1008 637 10.]
1037 566 1200 623 Facta
1243 576 1327 624 est
1362 580 1543 623 autem
1569 583 1714 639 qua:-

164 664 261 717 stio
280 678 339 717 ex
356 660 612 730 discipulis
627 658 851 714 Joannis
866 674 989 715 cum
1015 658 1161 714 Juda-
1174 660 1216 713 is
1232 660 1297 714 de
1318 661 1710 729 purificatione.

158 756 214 813 Et
241 765 491 811 venerunt
515 754 575 808 ad
604 754 892 822 Joannem,
926 763 981 809 et
1009 753 1266 809 dixerunt
1294 756 1371 808 ei:
1401 754 1592 819 Rabbi,
1620 753 1712 823 qui

155 858 255 905 erat
276 857 446 904 tecum
480 857 620 902 trans
644 846 959 911 Jordanem,
986 845 1073 901 cui
1112 855 1165 900 tu
1196 846 1561 899 testimonium
1588 860 1709 914 per-

158 940 385 1006 bibuisti,
418 953 540 995 ecce
574 938 660 993 hic
710 938 978 1008 baptizat,
1028 947 1084 993 et
1129 952 1321 992 omnes
1368 937 1592 991 veniunt
1643 934 1709 990 ad

152 1050 279 1090 eum.
308 1031 594 1102 Respondit
622 1030 883 1098 Joannes,
915 1040 971 1086 et
998 1031 1164 1085 dixit:
1191 1032 1303 1085 Non
1332 1040 1513 1099 potest
1546 1030 1710 1083 homo

152 1125 373 1192 accipere
418 1122 735 1193 quidquam,
788 1122 890 1176 nisi
944 1120 1107 1175 fuerit
1147 1122 1194 1176 ei
1224 1120 1408 1175 datum
1449 1120 1516 1173 de
1544 1120 1699 1175 coelo.

150 1220 333 1289 [xxvii],
365 1215 439 1287 1.]
484 1215 583 1283 lpsi
631 1230 728 1269 vos
778 1214 910 1268 mihi
958 1214 1324 1268 teStimonium
1375 1212 1705 1282 perhibetis,

147 1308 272 1381 quod
316 1308 577 1363 dixerim:
634 1307 748 1362 Non
798 1321 920 1361 sum
974 1320 1076 1375 ego
1107 1304 1395 1359 Christus:
1453 1304 1545 1357 sed
1580 1303 1703 1372 quia

145 1402 319 1457 missus
348 1414 465 1454 sum
487 1408 608 1455 ante
639 1400 810 1453 illum.
842 1396 1017 1470 [xxtx,
1059 1394 1171 1467 10.]
1203 1397 1305 1464 Qui
1352 1396 1516 1450 habet
1540 1410 1705 1464 spon-

143 1508 262 1561 sam,
288 1505 515 1563 sponsus
550 1501 673 1547 est:
722 1491 931 1546 amicus
973 1501 1153 1545 autem
1184 1489 1400 1559 sponsi,
1436 1488 1530 1558 qui
1560 1496 1702 1551 stat,

143 1600 186 1645 et
210 1588 350 1643 audit
377 1603 523 1657 eum,
550 1587 749 1659 gaudio
777 1588 976 1658 gaudet
1026 1596 1248 1657 propter
1273 1600 1460 1640 vocem
1492 1582 1700 1654 sponsi.

142 1682 237 1738 Hoc
262 1698 384 1754 ergo
407 1683 662 1753 gaudium
694 1697 873 1737 meum
916 1682 1195 1751 impletum
1227 1690 1330 1735 est.
1363 1679 1513 1733 Illum
1542 1692 1700 1747 opor-

1820 478 1978 533 Jesus
2017 497 2029 533 :
2062 480 2211 535 Vade
2235 524 2249 545 ,
2285 496 2415 535 voca
2446 484 2620 536 virum
2662 492 2808 537 tuum
2832 526 2846 550 ,
2889 496 2941 539 et
2974 487 3093 539 veni
3133 487 3258 540 huc.
3308 485 3415 540 Re~

1819 573 2037 641 Spondit
2065 574 2283 637 mulier,
2316 585 2371 629 et
2396 575 2537 629 dixit
2568 593 2580 629 :
2613 575 2727 630 Non
2764 575 2941 630 balteo
2964 579 3161 631 virum.
3192 578 3331 633 Dicit
3360 577 3414 633 ei

1816 664 1977 719 Jesus
2006 684 2019 720 :
2053 668 2196 722 Bene
2226 668 2406 722 dixisti
2436 686 2446 721 :
2490 670 2614 739 quia
2649 685 2754 723 non
2782 670 2956 725 habeo
2985 672 3163 724 virum
3202 688 3213 723 :
3246 672 3405 740 quin-

1816 770 1923 825 que
1949 760 2091 814 enim
2122 759 2270 813 viros
2303 759 2571 824 habuisti;
2599 770 2654 815 et
2685 778 2826 815 nunc
2853 777 3014 832 quem
3046 761 3213 817 habes
3243 806 3257 828 ,
3301 778 3412 818 non

1818 858 1901 904 est
1925 860 2044 904 tuus
2076 850 2161 904 vir
2192 868 2204 905 :
2238 850 2337 904 hoc
2366 865 2494 906 vere
2527 852 2731 908 dixisti.
2779 854 2917 908 Dicit
2952 854 3001 908 ei
3032 856 3227 910 mulier
3260 872 3273 907 :
3308 856 3413 909 Do-

1817 944 1961 999 mine
1984 989 1997 1012 ,
2028 944 2189 999 video
2220 945 2343 1013 quia
2378 946 2637 1016 pr0pheta
2690 962 2749 1002 es
2795 956 2872 1001 tu.
2909 948 3097 1002 Patres
3138 949 3309 1003 nostri
3354 948 3410 1003 in

1822 1047 2007 1093 monte
2042 1038 2148 1093 hoc
2177 1038 2568 1102 adoraveruut,
2604 1050 2659 1096 et
2682 1057 2777 1097 vos
2804 1042 2980 1096 dicitis
3002 1086 3015 1107 ,
3044 1043 3165 1112 quia
3194 1042 3414 1097 Jeroso-

1815 1131 1976 1203 lymis
2004 1144 2086 1187 est
2117 1134 2289 1197 locus,
2326 1134 2413 1187 ubi
2439 1135 2669 1190 adorare
2698 1144 2930 1205 oportet.
2955 1136 3098 1191 Dicit
3126 1138 3174 1191 ei
3206 1136 3365 1191 Jesus
3392 1155 3407 1193 :

1814 1223 2026 1291 Mulier,
2061 1224 2225 1279 crede
2253 1224 2381 1279 mihi
2412 1226 2535 1295 quia
2560 1226 2587 1263 b
2620 1228 2768 1282 venit
2792 1227 2945 1292 hora,
2988 1228 3205 1297 quando
3235 1244 3410 1299 neque

1812 1314 1866 1369 in
1894 1325 2078 1372 monte
2110 1317 2213 1373 hoc
2237 1362 2251 1382 ,
2302 1334 2475 1388 neque
2500 1320 2551 1373 in
2584 1319 2938 1391 Jcrosolymis
2980 1322 3276 1378 adorabitis
3314 1320 3410 1375 Pa-

1814 1417 1972 1463 trem.
2016 1408 2124 1463 Vos
2168 1410 2412 1464 adoratis
2460 1411 2605 1479 quod
2658 1413 2879 1467 nescitis
2926 1431 2937 1465 :
2975 1428 3074 1467 nos
3120 1414 3407 1468 adoramus

1811 1498 1951 1568 quod
1997 1500 2199 1553 scimus
2227 1543 2241 1565 ,
2275 1502 2396 1570 quia
2428 1503 2575 1556 salus
2619 1520 2684 1559 ex
2728 1504 2931 1559 Judzeis
2978 1514 3078 1559 est.
3114 1505 3219 1561 Sed
3262 1506 3409 1561 venit

1812 1589 1971 1657 hora,
2014 1601 2068 1647 et
2094 1608 2234 1647 nunc
2266 1603 2349 1649 est
2378 1636 2391 1659 ,
2441 1595 2658 1665 quando
2683 1597 2794 1651 veri
2841 1598 3163 1653 adoratores
3212 1600 3405 1653 adora-

1813 1688 1949 1743 bunt
1996 1686 2210 1741 Patrem
2255 1686 2307 1739 in
2355 1687 2547 1755 Spiritu
2590 1698 2645 1742 et
2675 1690 2925 1743 veritate.
2956 1690 3089 1744 Nam
3144 1700 3199 1745 et
3246 1692 3409 1747 Pater

142 1789 203 1833 tet
224 1791 478 1843 crescere,
511 1791 600 1832 me
628 1783 808 1830 autem
836 1776 1029 1829 minui.
1063 1774 1165 1841 Qui
1210 1773 1493 1827 desursum
1532 1771 1700 1835 venit,

1820 1780 1952 1834 tales
1980 1779 2211 1849 quaerit,
2244 1780 2331 1848 qui
2374 1778 2601 1833 adorent
2639 1796 2785 1833 eum.
2826 1780 3061 1850 Spiritus
3102 1793 3184 1833 est
3224 1783 3363 1835 Deus
3394 1801 3408 1837 :

138 1885 278 1940 super
301 1885 483 1925 omnes
510 1878 617 1924 est.
644 1869 745 1936 Qui
774 1880 856 1923 est
887 1868 955 1922 de
985 1880 1123 1921 terra
1146 1907 1161 1932 ,
1193 1866 1260 1921 de
1312 1876 1452 1919 terra
1480 1873 1589 1927 est,
1639 1872 1695 1916 et

138 1961 198 2017 de
232 1970 356 2017 terra
397 1962 661 2031 loquitur.
694 1960 795 2029 Qui
828 1959 894 2014 de
923 1958 1062 2014 cwlo
1092 1959 1265 2024 venit,
1308 1972 1471 2026 super
1508 1969 1697 2009 omnes

135 2065 227 2109 est.
252 2054 311 2107 Et
334 2053 470 2124 quod
503 2053 664 2119 vidit,
697 2062 751 2107 et
781 2050 1011 2117 audivit,
1048 2052 1147 2105 hoc
1177 2060 1427 2114 testatur,
1458 2058 1512 2102 et
1544 2048 1694 2102 testi-

134 2146 341 2201 monium
366 2145 481 2216 ejus
528 2160 693 2200 nemo
740 2144 956 2212 accipit.
990 2142 1095 2210 Qui
1140 2143 1350 2210 accepit
1390 2140 1509 2209 ejus
1539 2139 1693 2193 testi-

139 2236 370 2303 monium,
404 2237 643 2308 signavit
671 2235 795 2304 quia
840 2236 981 2289 Deus
1014 2248 1179 2288 verax
1220 2241 1321 2287 est.
1352 2231 1523 2297 Quem
1552 2229 1696 2283 enim

134 2332 256 2386 misit
276 2332 431 2396 Deus,
460 2330 634 2387 verba
663 2330 760 2386 Dei
807 2330 1046 2402 loquitur
1077 2348 1090 2382 :
1124 2346 1233 2383 non
1266 2330 1407 2384 enim
1440 2328 1505 2381 ad
1541 2342 1695 2382 men-

136 2439 286 2479 suram
311 2424 401 2479 dat
424 2424 574 2479 Deus
620 2424 890 2493 Spiritum.
918 2421 1065 2493 [xxx,
1096 2420 1581 2492 5.]{Paterudiligit
1612 2418 1697 2473 Fi-

136 2516 269 2571 lium:
303 2527 354 2573 et
382 2518 566 2571 omnia
597 2516 750 2571 dedit
772 2515 823 2569 in
856 2530 1014 2568 manu
1057 2512 1197 2583 ejus.
1243 2514 1415 2584 μιν,
1452 2510 1564 2581 10.]
1597 2508 1699 2576 Qui

139 2609 281 2664 credit
308 2611 359 2665 in
392 2608 619 2675 Filium,
656 2607 821 2662 habet
850 2606 1012 2659 vitam
1044 2616 1305 2659 aeternam
1349 2622 1361 2659 :
1396 2604 1487 2673 qui
1518 2612 1699 2657 autem

140 2699 416 2755 incredulus
442 2709 529 2755 est
561 2698 729 2764 Filio,
779 2713 888 2752 non
926 2695 1130 2751 videbit
1158 2695 1347 2763 vitam,
1376 2694 1469 2749 sed
1497 2694 1573 2747 ira
1610 2692 1702 2749 Dei

138 2803 293 2848 manet
319 2809 481 2863 super
506 2807 659 2846 eum.

197 2886 341 2959 [ϐαρ.
394 2885 524 2957 1V.]
583 2883 656 2941 Ut
704 2899 837 2955 ergo
880 2883 1137 2953 cognovit
1185 2884 1385 2949 Jesus,
1442 2882 1563 2951 quia
1611 2896 1707 2935 au-

138 2977 322 3033 dierunt
392 2978 652 3050 pbarisaai
733 2976 874 3047 quod
934 2976 1093 3032 Jesus
1162 2975 1344 3043 plures
1410 2974 1705 3042 discipulos

139 3069 280 3135 facit,
347 3081 401 3126 et
471 3070 757 3141 baptizat,
816 3084 975 3139 quam
1036 3068 1277 3123 Joannes
1340 3067 1705 3136 (quamquam

1808 1881 1862 1928 et
1887 1886 2005 1940 eos,
2028 1872 2116 1941 qui
2142 1871 2372 1925 adorant
2394 1885 2544 1937 cum,
2573 1872 2622 1923 in
2648 1870 2840 1939 spiritu
2866 1880 2922 1926 et
2943 1872 3167 1926 veritam:
3192 1883 3411 1941 oportet

1805 1963 2057 2018 adorare.
2088 1962 2228 2017 Dicit
2268 1964 2319 2017 ei
2366 1962 2561 2016 mulier
2597 1982 2608 2015 :
2644 1964 2771 2018 Scio
2813 1966 2935 2034 quia
2989 1964 3209 2019 Messias
3256 1965 3409 2020 venit

1798 2056 1913 2130 (qui
1954 2056 2151 2111 dicitur
2178 2054 2469 2127 Christus).
2501 2055 2637 2111 Cum
2666 2073 2794 2127 ergo
2850 2058 3059 2113 venerit
3090 2058 3178 2113 ille
3204 2102 3217 2122 ,
3252 2060 3409 2115 nobis

1802 2148 2150 2206 annuntiabit
2190 2147 2394 2201 omnia.
2427 2146 2565 2202 Dicit
2605 2149 2657 2203 ei
2708 2148 2867 2203 Jesus
2916 2168 2927 2205 :
2976 2150 3091 2220 Ego
3118 2166 3233 2205 sum
3265 2196 3277 2217 ,
3312 2152 3407 2222 qui

1802 2242 1995 2312 loquor
2024 2250 2221 2294 tecum.
2253 2238 2322 2292 Et
2350 2239 2608 2292 continuo
2639 2250 2913 2295 venerunt
2945 2241 3195 2308 discipuli
3241 2244 3399 2311 ejus:

1800 2342 1855 2389 et
1886 2330 2226 2387 mirabantur
2251 2330 2374 2398 quia
2416 2344 2536 2384 eum
2581 2330 2812 2386 muliere
2852 2332 3199 2400 loquebatur.
3230 2335 3402 2388 Nemo

1802 2434 1985 2481 tamen
2008 2422 2143 2477 dixit
2171 2440 2184 2475 :
2212 2421 2352 2489 Quid
2376 2422 2595 2491 quaeris,
2620 2431 2709 2475 aut
2737 2422 2863 2492 quid
2890 2424 3128 2493 loqueris
3152 2440 3272 2478 eum
3299 2427 3406 2480 ea?

1802 2518 2042 2588 Reliquit
2070 2530 2201 2585 ergo
2230 2514 2476 2586 hydriam
2512 2530 2663 2569 suam
2699 2516 2916 2579 mulier,
2950 2526 3003 2570 et
3033 2517 3162 2570 abiit
3193 2519 3243 2571 in
3273 2519 3407 2571 civi-

1806 2620 2007 2677 tatem,
2055 2618 2109 2664 et
2144 2606 2278 2663 dicit
2326 2607 2434 2661 illis
2478 2607 2824 2661 hominibus:
2860 2607 3049 2663 Venite
3078 2650 3092 2673 ,
3140 2618 3193 2662 et
3220 2609 3402 2665 videte

1807 2702 2080 2758 hominem
2110 2742 2124 2766 ,
2158 2700 2251 2769 qui
2294 2699 2435 2753 dixit
2473 2699 2605 2753 mihi
2650 2700 2830 2754 omnia
2862 2716 3218 2771 quaecumque
3248 2701 3351 2755 feci
3387 2719 3399 2755 :

1812 2794 2072 2865 numquid
2119 2797 2235 2864 ipse
2275 2802 2357 2848 est
2386 2791 2680 2847 Christus?
2725 2794 2983 2846 Exierunt
3012 2808 3142 2863 ergo
3174 2794 3241 2847 de
3271 2793 3404 2849 civi-

1811 2897 1960 2953 tate,
2003 2899 2056 2943 et
2086 2886 2379 2943 veniebant
2406 2887 2471 2940 ad
2521 2902 2663 2940 eum.
2717 2886 2925 2942 Interea
2970 2889 3234 2956 rogabant
3278 2901 3405 2945 eum

1811 2981 2087 3051 discipuli,
2112 2980 2354 3035 dicentes
2385 2998 2396 3033 :
2437 2978 2604 3033 Rabbi
2632 3020 2645 3043 ,
2672 2980 2961 3035 manduca.
2992 2980 3087 3034 llle
3115 2991 3294 3035 autem
3327 2979 3409 3035 di-

1814 3072 1883 3128 cit
1912 3073 1991 3127 eis
2021 3091 2033 3125 :
2068 3073 2180 3142 Ego
2210 3070 2390 3126 cibum
2425 3070 2599 3124 habeo
2630 3070 2974 3134 manducare,
3003 3086 3162 3140 quem
3188 3085 3283 3125 vos
3311 3085 3407 3127 ue-

138 3162 269 3217 Jesus
294 3180 393 3218 non
423 3164 757 3233 baptizaret,
786 3160 881 3215 scd
912 3160 1165 3229 discipuli
1208 3159 1372 3229 ejus),
1405 3162 1597 3231 Luxu.
1628 3158 1707 3228 7ο]
1736 3161 1781 3223 C
1815 3167 1983 3222 scitis.
2019 3165 2283 3220 Dicebant
2307 3178 2437 3233 ergo
2460 3163 2707 3233 discipuli
2733 3162 2799 3218 ad
2831 3164 3058 3217 invicem
3087 3182 3097 3215 :
3134 3162 3407 3232 Numquid

140 3254 326 3325 reliquit
376 3255 633 3311 Judzeam
664 3294 679 3320 ,
729 3262 785 3308 et
840 3252 975 3307 abiit
1047 3254 1243 3306 iterum
1296 3252 1350 3305 in
1403 3250 1705 3306 Galilaeam.

140 3346 330 3417 ]xxxut,
386 3348 500 3420 10.]
553 3347 863 3417 Oportebat
915 3356 1096 3399 autem
1150 3360 1272 3399 eum
1322 3345 1553 3399 transire
1610 3359 1710 3414 per

137 3440 427 3497 Samariam.
463 3442 637 3498 Venit
666 3456 796 3511 ergo
834 3441 885 3494 in
929 3441 1200 3495 civitatem
1254 3438 1548 3501 Samarim,
1588 3454 1708 3508 qua:

137 3534 307 3590 dicitur
352 3536 571 3603 Sicbar,
632 3534 781 3604 juxta
833 3532 1116 3602 praedium,
1158 3531 1302 3601 quod
1351 3531 1499 3586 dedit
1540 3530 1711 3585 Jacob

138 3626 313 3700 Joseph
344 3632 451 3688 lilio
496 3645 631 3687 suo.
683 3629 815 3683 Erat
844 3638 1022 3682 autem
1064 3628 1133 3681 ibi
1167 3626 1287 3682 fons
1326 3627 1511 3682 Jacob.
1554 3626 1711 3681 Jesus

140 3735 244 3790 ergo
265 3722 513 3793 fatigatus
541 3739 619 3779 ex
651 3722 845 3777 itinere
868 3762 883 3785 ,
914 3720 1139 3775 sedebat
1167 3719 1244 3775 sic
1275 3734 1435 3790 supra
1481 3718 1708 3773 fontem.

143 3812 263 3869 llora
303 3826 416 3871 erat
464 3817 626 3887 quasi
678 3823 850 3869 sexta.
888 3814 1047 3869 Venit
1097 3813 1291 3867 mulier
1338 3813 1405 3868 de
1463 3812 1711 3867 Samaria

142 3905 331 3963 haurire
363 3924 585 3981 aquam.
624 3908 763 3961 Dicit
790 3908 839 3961 ei
867 3906 1024 3961 Jesus
1055 3924 1067 3959 :
1102 3905 1178 3959 Da
1206 3905 1333 3959 mihi
1363 3905 1569 3959 bibere.
1601 3904 1713 3973 (Di-

139 3999 299 4068 scipuli
344 4004 485 4057 enim
514 4002 647 4071 ejus
689 4000 937 4056 abierant
982 4000 1037 4053 in
1087 3997 1403 4065 civitatem,
1459 4007 1517 4051 ut
1562 3997 1716 4052 cibos

139 4098 425 4167 emerent.)
471 4098 624 4151 Dicit
662 4109 791 4166 ergo
835 4097 884 4149 ei
933 4094 1129 4148 mulier
1176 4092 1271 4153 illa,
1313 4090 1647 4145 Samaritana
1699 4106 1713 4143 :

138 4186 393 4252 Quomodo
424 4202 478 4244 tu
519 4188 752 4244 Judaeus
777 4202 897 4241 eum
932 4188 1007 4241 sis
1031 4228 1046 4252 ,
1081 4186 1268 4240 bibere
1304 4203 1329 4237 a
1364 4199 1450 4239 me
1495 4184 1674 4253 poscis
1700 4223 1716 4251 ,

138 4297 239 4351 qua:
282 4300 395 4339 sum
439 4286 650 4340 mulier
693 4280 1069 4337 Samaritana?
1100 4294 1207 4334 non
1240 4279 1386 4334 enim
1426 4288 1719 4333 coutuntur

141 4372 293 4429 Judaei
325 4375 714 4433 Samaritanis.
750 4373 1051 4443 Respondit
1078 4372 1238 4427 Jesus
1258 4412 1273 4438 ,
1302 4380 1354 4423 et
1376 4370 1508 4424 dixit
1536 4370 1584 4424 ei
1619 4389 1629 4422 :
1658 4368 1718 4425 Si

142 4468 293 4523 scires
313 4471 513 4524 donum
544 4468 666 4531 Dei,
692 4476 746 4522 et
771 4466 892 4537 quis
919 4474 1023 4530 est,
1049 4464 1139 4535 qui
1158 4464 1287 4518 dicit
1321 4463 1411 4518 tibi
1439 4479 1451 4516 :
1488 4463 1562 4517 Da
1587 4461 1718 4516 mibi

1815 3257 2008 3321 aliquis
2039 3258 2219 3310 attulit
2250 3258 2297 3309 ei
2329 3254 2701 3309 manducare?
2734 3256 2869 3311 Dicit
2900 3256 2977 3310 eis
3017 3255 3175 3310 Jesus
3206 3274 3218 3309 :
3254 3254 3409 3311 Meus

1814 3350 1968 3405 cibus
1992 3359 2105 3413 est,
2136 3357 2192 3402 ut
2220 3347 2416 3401 faciam
2448 3348 2783 3403 voluntatem
2807 3348 2952 3416 ejus,
2984 3348 3073 3418 qui
3107 3348 3251 3403 misit
3279 3364 3364 3403 me
3387 3389 3405 3412 ,

1815 3450 1875 3496 ut
1926 3440 2203 3509 perficiam
2247 3454 2384 3507 opus
2432 3439 2569 3508 ejus.
2624 3440 2813 3495 Nonne
2842 3456 2941 3495 vos
2986 3442 3165 3495 dicitis
3194 3484 3207 3506 ,
3261 3441 3405 3511 quod

1816 3534 1991 3589 adhuc
2016 3545 2246 3604 quatuor
2269 3548 2485 3587 menses
2523 3540 2648 3587 sunt
2679 3533 2785 3605 [AL
2830 3534 2959 3603 sint]
2979 3576 2993 3599 ,
3020 3546 3069 3589 et
3102 3534 3293 3589 messis
3315 3549 3407 3590 ve-

1817 3628 1935 3682 nit?
1969 3628 2109 3682 Ecee
2133 3626 2256 3681 dico
2279 3625 2433 3680 vobis
2460 3642 2471 3679 :
2498 3624 2701 3681 Levate
2743 3627 2933 3680 oculos
2959 3636 3171 3679 vestros
3197 3666 3210 3688 ,
3238 3636 3291 3678 ct
3321 3626 3409 3678 vi-

1816 3721 1940 3775 dete
1966 3721 2217 3790 regiones
2242 3760 2255 3782 ,
2295 3719 2420 3788 quia
2460 3718 2599 3772 albae
2641 3728 2769 3771 sunt
2813 3718 2922 3785 jam
2951 3716 3014 3769 ad
3047 3730 3298 3770 messem.
3343 3716 3411 3770 Et

1819 3812 1908 3882 qui
1941 3813 2119 3874 metit,
2156 3809 2470 3865 mercedem
2510 3809 2741 3878 accipit,
2774 3821 2827 3863 et
2856 3818 3148 3879 congregat
3178 3809 3413 3865 fructum

1820 3904 1874 3959 in
1907 3904 2067 3957 vitam
2098 3912 2357 3957 aeternam
2390 3919 2403 3955 :
2440 3910 2533 3965 ut,
2566 3912 2619 3953 et
2658 3902 2748 3969 qui
2781 3901 3039 3963 seminat,
3086 3901 3245 3955 simul
3278 3917 3412 3971 gau-

1820 3997 1968 4060 deat,
1996 4003 2052 4049 et
2081 3993 2169 4063 qui
2202 3994 2373 4047 metit.
2408 3993 2465 4047 in
2496 3993 2600 4047 hoc
2636 3993 2778 4048 enim
2811 4003 2898 4047 est
2932 3995 3157 4050 verbum
3182 4010 3373 4049 verum
3402 4014 3415 4050 :

1823 4092 1947 4159 quia
1992 4087 2131 4142 alius
2160 4088 2359 4158 estqui
2388 4088 2653 4151 seminat,
2704 4096 2762 4142 et
2793 4088 2930 4143 alius
2980 4098 3065 4144 est
3106 4091 3195 4161 qui
3240 4090 3417 4144 metit.

1824 4181 1941 4251 Ego
1974 4179 2094 4234 misi
2126 4195 2222 4234 vos
2252 4190 2459 4233 metere
2499 4179 2642 4250 quod
2666 4196 2761 4234 vos
2810 4197 2917 4235 non
2960 4182 3250 4237 laborastis
3282 4200 3294 4236 :
3331 4182 3421 4236 alii

1825 4277 2225 4341 laboraverunt,
2262 4284 2315 4329 et
2344 4288 2438 4327 vos
2474 4273 2529 4327 in
2561 4274 2772 4329 labores
2808 4290 2991 4329 eorum
3023 4276 3305 4329 introistis.
3340 4275 3419 4328 Ex

1824 4370 2039 4422 civitate
2066 4376 2245 4421 autem
2282 4365 2369 4419 illa
2398 4366 2549 4420 multi
2575 4366 2921 4421 crediderunt
2956 4366 3006 4419 in
3035 4381 3155 4418 eum
3189 4364 3422 4417 Samari~

1826 4470 2098 4522 tanornm,
2133 4468 2351 4529 propter
2379 4459 2604 4512 verbum
2628 4458 2871 4512 mulieris
2902 4457 3265 4510 testimonium
3301 4472 3422 4523 per-

147 4557 312 4617 bibere
344 4578 357 4616 :
390 4573 446 4617 tu
478 4561 716 4617 forsitan
771 4560 1003 4629 petisses
1027 4558 1094 4611 ab
1124 4572 1220 4625 eo,
1253 4565 1309 4611 et
1334 4555 1576 4610 dedisset
1622 4555 1716 4609 tibi
1749 4553 1800 4614 Ι)
1825 4556 2061 4611 bibentis
2091 4571 2103 4607 :
2148 4554 2279 4620 Quia
2334 4553 2476 4607 dixit
2506 4552 2635 4605 mihi
2682 4550 2862 4603 omnia
2897 4564 3246 4618 qumcumque
3293 4548 3419 4603 feci.

146 4667 316 4723 aquam
346 4657 552 4712 vivam.
593 4654 741 4709 Dicit
771 4653 818 4709 ei
858 4652 1051 4707 mulier
1084 4670 1096 4705 :
1132 4650 1358 4706 Domine
1385 4694 1399 4719 ,
1442 4665 1618 4719 neque
1666 4651 1718 4704 in

148 4760 240 4815 quo
266 4749 482 4804 haurias
511 4747 694 4802 habes
718 4788 732 4811 ,
762 4755 816 4801 et
844 4754 1041 4815 puteus
1084 4744 1225 4798 altus
1255 4751 1340 4797 est
1374 4760 1383 4795 :
1419 4741 1563 4797 unde
1592 4756 1722 4811 ergo

148 4835 298 4895 habes
327 4856 522 4911 aquam
546 4837 770 4895 vivam?
794 4834 1065 4905 Numquid
1097 4842 1151 4888 tu
1179 4833 1353 4903 major
1376 4849 1432 4887 es
1459 4844 1608 4901 patre
1630 4848 1727 4887 no-

150 4938 248 4985 stro
290 4932 452 4989 Jaeob
474 4975 489 4997 ,
532 4934 626 5004 qui
657 4930 806 4987 dedit
838 4929 996 4985 nobis
1040 4935 1257 4997 puteum
1288 4970 1301 4992 ,
1344 4936 1397 4980 et
1425 4926 1539 4995 ipse
1567 4941 1633 4979 ex
1660 4939 1727 4979 eo

152 5022 291 5093 bibit,
323 5040 377 5084 et
407 5029 505 5085 filii
538 5029 693 5098 ejus,
727 5037 783 5081 et
814 5040 1007 5095 pecora
1043 5022 1193 5092 ejus?
1223 5020 1521 5089 ReSpoudit
1548 5018 1729 5086 Jesus,

153 5127 200 5172 et
225 5120 355 5177 dixit
379 5124 426 5179 ei
469 5142 481 5177 :
516 5123 710 5177 Omnis
740 5120 829 5191 qui
862 5118 998 5174 bibit
1024 5132 1090 5172 ex
1122 5131 1257 5184 aqua
1290 5114 1413 5180 hac,
1444 5114 1593 5167 sitiet
1628 5114 1729 5167 ite-

154 5226 257 5267 rum
289 5215 412 5280 :qni
448 5223 631 5269 autem
661 5213 860 5268 biberit
886 5227 950 5265 ex
982 5224 1141 5279 aqua,
1172 5221 1329 5277 quam
1360 5220 1462 5275 ego
1484 5204 1624 5259 dabo
1654 5205 1725 5269 ei,

157 5320 253 5359 non
281 5308 498 5363 sitietin
523 5318 789 5362 :eternum
821 5323 831 5357 :
862 5303 957 5358 sed
990 5318 1148 5372 aqua,
1177 5314 1337 5370 quam
1369 5312 1468 5368 ego
1494 5296 1634 5351 dabo
1656 5296 1727 5362 ei,

160 5396 243 5451 fiet
268 5397 316 5453 in
341 5415 404 5455 eo
432 5400 552 5456 fons
583 5414 737 5470 aqua:
765 5397 1008 5453 salientis
1038 5390 1091 5449 in
1125 5397 1286 5448 vitam
1316 5400 1598 5445 :eternam.
1645 5390 1734 5443 Di-

160 5489 306 5544 citad
335 5506 457 5548 eum
486 5491 687 5547 mulier
714 5509 728 5547 :
761 5490 991 5545 Domine
1014 5529 1030 5553 ,
1062 5486 1130 5543 da
1172 5484 1306 5542 mihi
1336 5484 1474 5553 hanc
1505 5496 1731 5551 aquam,

230 5704 253 5730 ι
288 5695 400 5751 Duo
432 5706 650 5763 mss.,et
671 5695 1025 5760 adveniebant,
1052 5707 1173 5763 qua:
1196 5686 1514 5763 praepositio
1546 5685 1597 5740 in
1628 5696 1735 5738 uno

166 5761 370 5833 Regina
396 5761 651 5825 secundis
679 5769 828 5824 curis
856 5761 1199 5837 expungitur.

1828 4646 1961 4701 Cum
1992 4646 2273 4700 venissent
2300 4658 2430 4713 ergo
2450 4642 2516 4696 ad
2538 4642 2689 4695 illum
2715 4640 3066 4703 Samaritani,
3092 4648 3423 4709 rogaverunt

1830 4756 1951 4795 eum
1980 4783 1994 4807 ,
2032 4750 2090 4795 ut
2134 4738 2205 4792 ibi
2237 4744 2501 4790 maneret.
2555 4734 2618 4787 Et
2648 4732 2845 4786 mansit
2885 4732 2954 4785 ibi
2992 4731 3127 4803 duos
3172 4732 3307 4786 dies.
3360 4733 3428 4787 Et

1832 4833 2001 4886 multo
2028 4833 2208 4900 plures
2241 4827 2589 4882 crediderunt
2619 4826 2669 4878 in
2702 4839 2823 4879 eum
2858 4832 3079 4893 propter
3116 4838 3425 4880 sermonem

1834 4923 1969 4993 ejus.
2014 4922 2080 4977 Et
2119 4918 2332 4975 mulieri
2365 4917 2619 4971 dicebant
2662 4934 2675 4969 :
2722 4914 2858 4982 Quia
2897 4915 3006 4983 jam
3054 4930 3159 4969 non
3207 4925 3429 4985 propter

1840 5023 1986 5069 tttam
2015 5013 2282 5081 loquelam
2323 5009 2593 5064 credimus
2634 5024 2647 5061 :
2696 5007 2796 5076 ipsi
2840 5008 2983 5061 enim
3009 5006 3346 5072 audivimus,
3379 5016 3436 5063 et

1839 5109 2059 5169 scimus,
2089 5104 2213 5173 quia
2241 5102 2331 5155 hic
2360 5109 2445 5155 est
2466 5114 2593 5154 vere
2615 5099 2859 5152 Salvator
2884 5099 3090 5152 mundi.
3126 5098 3330 5169 [ηςιῇ
3352 5096 3432 5169 7.]

1842 5200 1968 5255 Post
2009 5198 2144 5250 duos
2182 5203 2361 5249 autem
2405 5192 2520 5247 dies
2553 5192 2687 5245 exiit
2733 5190 2858 5245 inde
2889 5209 2901 5244 :
2936 5199 2991 5245 et
3021 5190 3151 5244 abiit
3191 5192 3243 5243 in
3290 5188 3438 5245 Gali-

1841 5293 2015 5346 latam.
2046 5290 2227 5360 ]xxxv,
2266 5285 2342 5355 1.]
2382 5284 2500 5353 Ipse
2533 5282 2676 5337 enim
2717 5282 2877 5337 Jesus
2915 5282 3280 5337 testimonium
3314 5296 3441 5351 per-

1841 5383 2035 5447 hibuit,
2067 5382 2188 5449 quia
2226 5378 2486 5446 propheta
2517 5377 2568 5429 iu
2600 5392 2695 5429 sua
2719 5377 2892 5446 patria
2916 5374 3175 5428 honorem
3212 5389 3317 5428 non
3343 5376 3439 5429 ha-

1846 5479 1955 5531 bet.
2002 5474 2214 5545 [xxxv1,
2252 5468 2363 5537 10.]
2399 5469 2529 5523 Cum
2572 5482 2702 5537 ergo
2728 5468 3002 5524 venissent
3032 5466 3083 5520 in
3116 5465 3391 5521 Galilzeam
3421 5510 3437 5535 ,

1915 5678 1944 5717 ι)
1971 5677 2031 5733 In
2059 5675 2261 5748 nostris
2289 5673 2797 5748 mss.,qu_ia__veniet.
2838 5677 3062 5732 Graecus
3102 5686 3279 5731 autem
3324 5677 3440 5748 ipse

1843 5759 2024 5807 textus
2058 5749 2219 5801 habet
2250 5745 2301 5799 in
2327 5742 2542 5801 instanti
2574 5742 2812 5813 ἔρχεται.
