3920 6200
485 252 590 307 6.39
1494 246 1551 299 S.
1595 243 1974 300 HIERUNYII
2016 243 2242 301 DIVI!“
2288 243 2766 300 BlBLlOTHECA.
3677 245 3773 300 ora

486 374 816 433 exceperunt
842 379 963 416 eum
992 361 1194 414 Galilmi
1224 400 1239 423 ,
1276 374 1400 413 cum
1438 360 1622 413 omnia
1651 359 1916 414 vidissent
1960 373 2082 428 qua
2110 363 2157 420 Α
2185 357 2404 428 spondit
2430 357 2610 426 itaque
2630 356 2810 420 Iesus,
2843 366 2896 412 et
2921 356 3058 411 dixit
3087 356 3169 411 eis
3200 373 3212 408 :
3247 357 3452 422 Amen,
3483 371 3635 414 amen
3657 362 3770 414 αὕτη

489 459 694 514 fecerat
724 452 1079 524 Jerosolymis
1109 451 1163 506 iu
1192 451 1283 507 die
1311 451 1454 506 festo
1480 469 1494 504 :
1524 462 1579 506 et
1611 452 1710 520 ipsi
1738 452 1886 506 enim
1917 466 2084 508 vene-
2184 451 2335 506 vobis
2361 468 2374 501 :
2410 466 2520 503 non
2552 458 2728 518 potest
2755 448 2924 503 Filius
2953 464 2982 503 a
3007 464 3068 503 se
3099 449 3281 503 facere
3310 449 3639 520 quidquam,
3674 458 3769 508 ni~i

491 563 610 607 rant
634 549 700 604 ad
730 549 868 603 diem
902 545 1123 602 festum.
1149 544 1309 600 Venit
1339 560 1469 615 ergo
1496 546 1690 599 iterum
1723 546 1774 598 in
1801 541 1947 598 Cana
1977 543 2085 598 Gao

491 645 644 699 lilzea:
668 684 684 706 ,
721 639 812 695 ubi
838 639 963 693 fecit
1003 653 1195 708 aquam
1233 639 1439 692 vinum.
1479 636 1680 707 [xxxvtt
1704 679 1718 700 ,
1748 637 1828 708 4.]
1871 637 1940 692 Et
1967 645 2087 693 erat

491 735 705 808 quidam
750 733 966 804 regulus
992 772 1008 796 ,
1053 732 1207 801 cujus
1238 731 1383 786 ﬁlius
1423 731 1796 785 ititirmabatur
1843 730 2086 800 Caphar-

495 842 671 884 naum.
712 825 806 880 llic
833 839 956 878 cum
985 824 1224 878 audisset
1253 824 1379 893 quia
1411 821 1570 877 Iesus
1598 822 1883 877 achniret
1914 837 1943 874 a
1983 823 2082 876 Ju-

492 921 606 975 ἀεί
643 919 694 972 in
733 916 1010 972 Galilaeam
1041 957 1056 979 ,
1084 915 1218 970 abiit
1238 915 1304 969 ad
1346 930 1469 970 eum
1495 959 1510 980 ,
1543 925 1596 969 et
1627 916 1852 983 rogabat
1881 930 2004 969 eum
2028 925 2088 969 ut

493 1009 874 1075 descenderet,
907 1016 963 1063 et
990 1017 1212 1063 sanaret
1239 1007 1406 1062 ﬁlium
1431 1007 1552 1075 ejus
1586 1027 1596 1060 :
1627 1008 1916 1076 incipiebat
1940 1009 2084 1062 cnim

495 1104 653 1159 mori.
685 1100 829 1156 Dixit
857 1115 986 1171 ergo
1011 1098 1169 1154 Jesus
1200 1099 1265 1154 ad
1297 1114 1423 1155 eum
1454 1117 1467 1152 :
1500 1098 1609 1153 Nisi
1642 1100 1791 1167 signa
1821 1108 1877 1154 et
1907 1099 2090 1169 prodi-

493 1198 579 1269 gia
616 1192 861 1249 videritis
887 1237 901 1261 ,
947 1207 1054 1246 non
1085 1191 1330 1247 creditis.
1369 1191 1510 1246 Dicit
1551 1191 1619 1245 ad
1661 1207 1783 1245 eum
1817 1193 2035 1263 regulus
2071 1211 2083 1246 :

495 1290 746 1356 Domine,
773 1285 1045 1342 descende
1076 1287 1225 1356 prius
1253 1300 1414 1356 quam
1449 1286 1713 1340 moriatur
1743 1284 1886 1339 ﬁlius
1912 1300 2084 1340 meus.

491 1383 633 1439 Dicit
660 1383 708 1438 ei
731 1383 891 1437 Jesus
917 1399 928 1437 ε
957 1380 1128 1447 Vade,
1162 1379 1304 1435 ﬁlius
1336 1389 1458 1433 ttttts
1488 1381 1634 1433 vivit.
1655 1379 1892 1434 Credidit
1925 1380 2090 1436 homo

491 1478 751 1543 sermoni,
784 1491 946 1548 quem
972 1474 1106 1529 dixit
1137 1474 1186 1528 ei
1216 1475 1397 1539 Jesus,
1428 1484 1479 1529 et
1511 1474 1638 1529 ibat.
1672 1473 1791 1530 Jam
1816 1484 1994 1530 autem
2022 1489 2090 1530 eo

492 1569 868 1625 descendente
893 1609 909 1635 ,
942 1570 1084 1623 servi
1110 1577 1472 1622 occurrerunt
1492 1569 1541 1622 ei
1567 1608 1582 1634 ,
1620 1577 1677 1623 et
1705 1570 2090 1624 nuntiaverunt

494 1663 740 1716 dicentes
761 1703 774 1726 ,
808 1661 932 1731 quia
962 1659 1101 1713 titius
1129 1659 1250 1728 ejus
1276 1659 1508 1714 viveret.
1558 1657 1933 1730 [interrogabat
1958 1673 2090 1729 ergo

2185 543 2328 614 quod
2360 543 2561 597 viderit
2592 542 2806 598 Patrem
2857 541 3145 598 facientem
3178 561 3194 596 :
3224 558 3588 615 quaecumque
3632 549 3769 604 enim

2184 639 2276 693 ille
2306 637 2539 702 fecerit,
2571 636 2688 691 hac
2716 645 2770 690 et
2797 635 2964 691 Filius
2994 637 3246 691 similiter
3269 638 3422 692 facit.
3455 637 3613 693 Pater
3639 644 3773 697 enim

2185 731 2362 802 diligit
2391 729 2612 795 Filium,
2642 738 2696 785 et
2721 729 2904 784 omnia
2935 729 3269 784 demonstrat
3295 733 3346 786 ei
3373 773 3389 797 ,
3415 747 3540 802 quae
3571 735 3680 801 ipse
3705 735 3778 790 ra-

2187 825 2260 878 cit
2303 843 2317 876 :
2361 833 2414 877 et
2448 823 2657 891 majora
2690 822 2773 876 his
2823 821 3222 876 demonstrabit
3270 823 3320 876 ei
3365 837 3531 893 opera
3557 867 3573 892 ,
3613 836 3668 879 ut
3687 842 3775 883 vos

2189 915 2482 970 miremini.
2507 914 2658 970 Sicut
2686 913 2832 968 enim
2865 913 3024 968 Pater
3054 913 3284 968 suscitat
3313 925 3596 980 mortuos,
3632 929 3682 972 ct
3707 920 3774 973 ri-

2190 1010 2369 1064 viﬁcat
2395 1027 2409 1062 :
2432 1009 2510 1063 sic
2531 1018 2582 1063 et
2610 1007 2802 1070 Filius,
2827 1021 2966 1078 quos
2986 1008 3126 1072 vult,
3153 1009 3413 1064 viviticat.
3439 1008 3616 1081 Neque
3637 1013 3765 1069 enim

2193 1101 2351 1156 Pa'er
2383 1101 2592 1172 judicat
2616 1114 2941 1170 quemquam
2977 1116 2996 1152 :
3023 1099 3116 1154 sed
3148 1114 3312 1156 omne
3343 1101 3604 1171 judicium
3633 1105 3770 1162 dedit

2194 1195 2350 1260 Filio,
2384 1202 2440 1248 ut
2466 1207 2659 1249 omnes
2687 1192 3053 1248 honoriﬁcent
3085 1191 3281 1247 Filium
3303 1235 3319 1260 ,
3353 1194 3497 1249 sicut
3528 1196 3772 1252 honoriﬁ-

2190 1298 2312 1342 cant
2346 1286 2561 1341 Patrem
2591 1303 2603 1338 :
2637 1285 2758 1357 {xL,
2792 1283 2867 1356 1.]
2922 1285 3013 1355 qui
3044 1301 3154 1340 non
3193 1285 3520 1342 honoriﬁcat
3549 1288 3727 1345 Filium
3752 1334 3767 1360 ,

2193 1396 2298 1434 non
2331 1377 2655 1433 honoriﬁcat
2683 1375 2900 1431 Patrem
2923 1418 2936 1440 ,
2969 1376 3062 1446 qui
3103 1376 3251 1431 misit
3284 1377 3461 1432 illum.
3497 1379 3631 1450 [th,
3669 1382 3768 1451 10.]

2193 1476 2362 1528 Amen
2388 1516 2404 1541 ,
2444 1487 2604 1528 amen
2650 1471 2774 1526 dico
2804 1469 2994 1537 vobis,
3033 1471 3160 1541 quia
3211 1471 3304 1542 qui
3335 1473 3561 1528 verbum
3601 1489 3769 1530 meum

2193 1567 2372 1632 audit,
2406 1577 2460 1621 ct
2489 1564 2664 1620 credit
2693 1565 2741 1618 ei
2777 1565 2866 1633 qui
2899 1564 3050 1618 misit
3079 1578 3201 1629 me,
3241 1563 3403 1618 habet
3435 1564 3589 1619 vitam
3614 1576 3768 1621 teter-

2195 1676 2335 1726 nam,
2368 1671 2422 1716 et
2453 1661 2504 1715 in
2532 1659 2795 1728 judicium
2823 1673 2928 1710 non
2961 1656 3129 1721 venit,
3164 1655 3260 1711 sed
3295 1656 3502 1711 transiit
3533 1670 3563 1709 a
3599 1668 3766 1713 morte

494 1754 684 1808 horam
716 1751 785 1805 ab
813 1751 892 1806 eis
918 1792 933 1818 ,
974 1751 1025 1804 in
1057 1764 1162 1819 qua
1195 1749 1391 1804 melius
1424 1749 1694 1804 habuerit.
1729 1751 1796 1804 Et
1836 1751 2090 1805 dixerunt
2121 1750 2169 1810 B
2197 1753 2248 1808 in
2279 1754 2463 1805 vitam.
2497 1753 2669 1806 Amen
2695 1792 2708 1814 ,
2738 1764 2895 1803 amen
2925 1748 3050 1803 dico
3080 1747 3265 1812 vobis,
3291 1747 3415 1817 quia
3437 1747 3578 1802 venit
3600 1748 3727 1802 hora
3754 1789 3767 1812 ,

497 1849 546 1903 ei
585 1867 595 1900 :
627 1847 766 1912 Quia
796 1845 910 1900 heri
946 1845 1073 1897 hora
1099 1844 1328 1913 septima
1363 1843 1582 1913 reliquit
1603 1857 1726 1898 eum
1763 1842 1951 1898 febris.
1981 1843 2090 1900 Coo

496 1939 685 2010 gnovit
713 1952 846 2007 ergo
873 1944 1045 2006 pater,
1072 1936 1196 2006 quia
1228 1936 1330 1990 illa'
1357 1935 1489 1989 hora
1528 1947 1678 2002 erat,
1721 1938 1774 1991 in
1813 1952 1916 2007 qua
1948 1938 2091 1992 dixit

497 2031 546 2086 ei
576 2030 734 2086 Jcsus
769 2048 781 2083 :
815 2027 986 2082 Filius
1018 2037 1138 2082 tuus
1168 2025 1299 2083 vivit
1329 2044 1343 2083 :
1375 2037 1428 2082 et
1455 2027 1685 2083 credidit
1721 2029 1836 2099 ipse
1858 2071 1873 2095 ,
1903 2041 1958 2086 et
1988 2029 2089 2085 do-

499 2136 621 2179 mus
661 2122 780 2192 ejus
814 2129 949 2176 tota.
991 2120 1102 2175 lloc
1143 2121 1337 2175 iterum
1385 2119 1681 2177 secundum
1721 2121 1931 2192 signum
1964 2122 2092 2180 fecit

499 2219 689 2283 Jesus,
720 2229 844 2270 cum
874 2213 1164 2269 venisseta
1201 2212 1384 2268 Judaia
1417 2214 1468 2268 in
1499 2212 1803 2272 Galilaeam.

569 2308 722 2379 [ϐαρ.
757 2306 820 2360 ν.
858 2321 1095 2373 xxxvrtt,
1131 2304 1209 2377 1.]
1255 2305 1386 2361 Post
1427 2306 1543 2361 haec
1589 2316 1707 2362 erat
1753 2307 1874 2363 dies
1923 2306 2092 2364 festus

499 2403 813 2457 Iudaeorum
838 2442 852 2467 ,
883 2409 940 2455 et
964 2401 1209 2456 ascendit
1234 2400 1392 2456 Jesus
1418 2400 1837 2474 Jerosolymam.
1871 2403 1966 2457 Est
1995 2417 2092 2458 au-

499 2508 607 2549 tem
637 2493 992 2564 Jerosolymis
1037 2493 1318 2548 Prnbatica
1359 2494 1566 2564 piscina
1595 2536 1611 2562 ,
1653 2509 1777 2564 quae
1811 2496 2095 2566 cognomi-

504 2596 664 2642 natur
690 2587 953 2643 Hehraice
981 2585 1297 2651 Betbsaida,
1328 2585 1568 2656 quinque
1591 2591 1833 2656 porticus
1863 2587 2086 2642 habens.

499 2682 557 2738 ltt
590 2682 674 2737 his
694 2681 907 2751 jacebat
940 2679 1230 2734 multitudo
1255 2694 1449 2750 magna
1480 2682 1846 2751 languentium
1876 2723 1891 2747 ,
1919 2697 2096 2737 caeco-

499 2789 657 2839 rum,
705 2772 1022 2827 claudorum
1046 2813 1060 2836 ,
1115 2770 1388 2826 atiduruni
1420 2811 1434 2836 ,
1464 2775 1892 2841 exspectantium
1939 2788 2093 2844 aqua:

500 2876 731 2924 motum.
764 2868 1004 2937 Angelus
1026 2876 1205 2920 autem
1242 2865 1457 2920 Domini
1509 2866 1872 2924 descendebat
1900 2881 2096 2924 secun-

499 2965 625 3018 dum
668 2975 881 3033 tempus
921 2963 972 3016 iu
1021 2964 1282 3031 piscinam
1321 2979 1333 3014 :
1375 2971 1431 3016 et
1469 2962 1788 3018 movebatur
1816 2977 1977 3033 aqua.
2027 2963 2095 3017 Et

499 3058 588 3126 qui
633 3056 779 3124 prior
816 3053 1188 3110 descendisset
1231 3052 1284 3108 iit
1329 3053 1593 3124 piscinam
1635 3065 1758 3124 post
1793 3056 2089 3112 motionem

2192 1858 2245 1903 et
2274 1860 2415 1901 nunc
2439 1855 2542 1912 est,
2567 1843 2785 1916 quando
2814 1843 3010 1898 mortui
3046 1842 3267 1897 audient
3290 1856 3482 1898 vocem
3510 1841 3624 1896 Filii
3649 1843 3768 1898 Dei:

2193 1951 2247 1994 et
2277 1939 2369 2010 qui
2395 1937 2672 1993 audierint
2699 1980 2712 2000 ,
2744 1938 2946 1991 vivent.
2979 1937 3130 1990 Sicut
3160 1935 3308 1990 enim
3340 1933 3503 1990 Pater
3526 1933 3680 1990 habet
3701 1935 3772 1989 vi-

2193 2038 2302 2085 tam
2341 2030 2393 2084 in
2444 2031 2739 2100 semetipso
2773 2046 2786 2083 :
2818 2030 2896 2083 sic
2929 2028 3077 2084 dedit
3123 2037 3179 2082 et
3225 2026 3367 2082 Filio
3399 2025 3599 2082 habere
3623 2028 3768 2081 vitam

2191 2121 2247 2178 in
2276 2123 2593 2192 semetipso,
2617 2130 2672 2176 et
2696 2129 3019 2190 poteStatem
3044 2118 3193 2174 dedit
3221 2121 3271 2175 ei
3293 2119 3560 2190 judicium
3591 2120 3767 2190 tacere,

2192 2215 2318 2286 quia
2351 2214 2493 2269 ﬁlius
2523 2213 2761 2268 hominis
2793 2225 2894 2267 cst.
2927 2213 3103 2268 Nolite
3123 2211 3311 2267 mirari
3341 2213 3465 2280 hoc,
3500 2213 3624 2283 quia
3644 2215 3772 2268 venit

2195 2309 2349 2374 hora,
2384 2307 2437 2361 in
2460 2322 2570 2377 qua
2591 2321 2782 2362 omnes
2808 2307 2898 2376 qui
2918 2306 2972 2362 in
3000 2305 3369 2362 monumentis
3398 2313 3549 2373 sunt,
3571 2306 3773 2361 audient

2193 2419 2384 2459 vocem
2415 2401 2537 2456 Filii
2574 2401 2776 2456 Deizet
2804 2399 3100 2470 procedeut
3128 2400 3222 2470 qui
3254 2400 3398 2456 bona
3430 2400 3694 2467 iecerunt,
3723 2399 3770 2453 in

2196 2498 2652 2554 resurrectionem
2681 2496 2838 2561 vitze;
2872 2495 2965 2567 qui
2995 2511 3124 2550 vero
3150 2494 3290 2550 mala
3320 2504 3572 2566 egerunt,
3621 2496 3664 2549 in
3702 2510 3771 2550 re-

2196 2590 2590 2646 surrectionem
2614 2587 2828 2658 judicii.
2862 2588 2977 2642 Non
3011 2603 3230 2656 possunt
3253 2602 3357 2657 ego
3387 2602 3418 2642 a
3449 2602 3535 2642 me
3563 2587 3682 2657 ipso
3708 2586 3775 2640 ia-

2195 2697 2322 2740 cere
2353 2683 2670 2753 quidquam.
2725 2684 2879 2738 Sicut
2928 2683 3094 2736 audio
3119 2723 3134 2749 ,
3174 2680 3360 2752 judico
3393 2700 3410 2738 :
3446 2689 3504 2738 et
3527 2682 3776 2752 judicium

2198 2793 2375 2832 meum
2401 2777 2607 2846 justum
2635 2783 2718 2831 est
2751 2793 2762 2828 :
2796 2776 2952 2847 [ηιμ
2985 2774 3060 2844 1.]
3093 2774 3219 2845 quia
3247 2789 3352 2828 non
3383 2789 3567 2845 quaero
3601 2776 3778 2830 volun-

2200 2881 2364 2928 tatem
2400 2885 2575 2926 meam
2605 2911 2620 2936 ,
2651 2868 2748 2924 sed
2777 2869 3115 2925 voluntatem
3162 2867 3282 2938 ejus
3309 2909 3327 2936 ,
3359 2870 3450 2939 qui
3492 2867 3643 2923 misit
3685 2882 3776 2924 me.

2199 2967 2371 3042 [thtt,
2407 2966 2517 3038 10.]
2547 2965 2607 3022 Si
2628 2979 2729 3036 ego
2758 2963 3126 3019 testimonium
3155 2962 3422 3034 perhibeo
3449 2961 3519 3018 de
3540 2977 3632 3018 me
3653 2963 3772 3032 ipso,

2199 3061 2570 3116 testimonium
2605 3072 2784 3113 meum
2816 3072 2923 3110 non
2949 3067 3030 3110 cst
3061 3069 3275 3110 verum.
3307 3055 3462 3110 Alius
3486 3063 3568 3110 est
3597 3055 3682 3126 qui
3712 3065 3778 3107 te-

498 3162 686 3219 aqum,
717 3161 884 3202 sanus
928 3146 1090 3202 ﬁebat
1117 3163 1143 3199 a
1177 3163 1518 3218 quacumque
1561 3147 1904 3204 detinebatur
1941 3149 2091 3204 intir-
2119 3136 2161 3197 Ο
2195 3156 2505 3210 stimonium
2540 3151 2788 3223 perhibet
2813 3149 2882 3205 de
2912 3165 3000 3205 tne
3034 3166 3046 3202 :
3090 3158 3147 3205 et
3183 3148 3302 3204 scio
3328 3149 3459 3220 quia
3485 3163 3676 3204 verum
3704 3156 3778 3202 est

496 3242 701 3296 mitatc.
735 3241 861 3294 Erat
891 3250 1070 3296 autem
1093 3241 1312 3311 quidam
1345 3241 1507 3295 homo
1531 3242 1628 3306 ibi,
1660 3243 1872 3312 triginta
1895 3251 1951 3298 et
1967 3250 2092 3298 octo

498 3349 668 3388 annos
707 3332 914 3389 habens
952 3334 1004 3386 in
1035 3334 1346 3387 inﬁrmitate
1377 3339 1494 3386 sua.
1530 3333 1684 3389 Hunc
1711 3349 1834 3390 cum
1865 3337 2092 3392 vidisset

494 3426 653 3482 Jcsus
681 3427 993 3495 jacentem,
1041 3433 1097 3478 et
1136 3425 1481 3492 cognovis-et
1527 3428 1649 3493 quia
1698 3427 1810 3495 jam
1859 3429 2087 3483 multum

491 3529 706 3587 tempus
742 3519 993 3579 haberet,
1018 3515 1150 3567 dicit
1177 3515 1226 3568 ei
1257 3532 1267 3566 :
1299 3513 1391 3568 Vis
1412 3529 1578 3568 sanus
1607 3515 1760 3571 ﬁeri?
1791 3517 2088 3588 ReSpondit

495 3615 546 3670 ei
577 3611 864 3683 languidus
898 3625 910 3661 :
946 3608 1189 3674 Domine,
1214 3606 1492 3664 hominem
1518 3625 1625 3663 non
1658 3609 1852 3677 haben,
1890 3625 1942 3666 ut
1966 3629 2086 3669 cum

492 3709 706 3764 turbata
739 3703 898 3759 fuerit
924 3717 1082 3773 aqua,
1117 3703 1294 3757 mittat
1325 3717 1412 3758 me
1433 3702 1486 3757 in
1511 3703 1771 3774 piscinam
1801 3723 1812 3757 :
1847 3704 1973 3760 dum
1997 3722 2089 3762 ve-

495 3802 588 3856 nio
618 3799 762 3852 cnim
791 3810 925 3868 ego,
959 3793 1097 3851 alius
1123 3805 1250 3850 ante
1280 3809 1366 3850 me
1396 3793 1700 3851 descendit.
1739 3795 1876 3851 Dicit
1913 3797 1962 3853 ei
1993 3798 2087 3854 Je-

494 3908 590 3949 sus
619 3910 630 3944 :
662 3891 858 3961 Surge,
885 3890 1013 3945 tolle
1035 3888 1315 3959 grabatum
1343 3899 1517 3958 tuum,
1547 3898 1604 3945 et
1624 3889 1861 3946 ambula.
1886 3891 1955 3947 Et
1976 3900 2089 3948 sta-

491 3986 587 4040 tim
615 3999 778 4038 satttts
811 3984 981 4037 tactus
1005 3993 1089 4038 est
1111 3981 1274 4038 homo
1302 3982 1392 4038 ille
1423 4000 1435 4036 :
1469 3991 1525 4037 et
1555 3985 1774 4038 sustulit
1804 3984 2084 4054 grabatum

494 4093 691 4139 suum,
726 4084 780 4129 et
809 4072 1141 4132 ambulabat.
1177 4073 1311 4126 Erat
1349 4082 1526 4128 autem
1569 4074 1850 4129 sabbatum
1903 4075 1956 4131 in
1998 4077 2086 4133 die

492 4172 611 4228 illo.
666 4167 922 4224 Dicebant
959 4180 1088 4236 ergo
1135 4164 1309 4221 Judaei
1358 4166 1433 4220 illi
1479 4167 1567 4235 qui
1607 4178 1827 4223 sanatus
1867 4168 2083 4225 fuerat:

494 4265 791 4324 Sabhatum
823 4271 928 4328 est,
963 4275 1068 4314 non
1095 4259 1221 4315 licet
1244 4257 1339 4314 tibi
1371 4258 1560 4314 tollere
1590 4261 1875 4330 grabatum
1910 4274 2081 4320 tuum.

491 4363 700 4435 [,xxxtx,
738 4353 851 4426 10.]
884 4353 1185 4425 Respondit
1226 4354 1305 4408 eis
1347 4369 1362 4408 :
1411 4351 1513 4420 Qui
1561 4368 1648 4409 me
1681 4369 1870 4410 sanum
1919 4356 2082 4426 fecit,

485 4453 582 4507 illc
621 4449 750 4504 mihi
789 4448 922 4504 dixit
963 4465 977 4502 ;
1013 4446 1168 4502 Tolle
1215 4445 1500 4518 grabatum
1535 4455 1722 4515 tuum,
1749 4457 1805 4503 et
1840 4449 2082 4505 ambula.

2200 3247 2568 3302 testimonium
2591 3291 2607 3316 ,
2641 3245 2783 3315 quod
2811 3243 3063 3314 perhibet
3093 3243 3162 3298 de
3187 3257 3294 3297 me.
3323 3241 3438 3298 Vos
3468 3242 3692 3297 misistis
3716 3240 3774 3295 ad

2196 3341 2459 3396 Joannem
2506 3357 2519 3392 :
2576 3347 2632 3394 et
2678 3336 3050 3392 testimonium
3100 3334 3376 3406 perhibuit
3402 3335 3638 3390 veritati.
3680 3335 3778 3403 Ego

2195 3446 2374 3488 autem
2405 3445 2511 3487 non
2541 3431 2612 3486 ab
2635 3429 2855 3486 homine
2878 3427 3248 3484 testimonium
3271 3427 3481 3498 accipio
3510 3443 3524 3484 :
3554 3429 3650 3484 sed
3676 3429 3776 3482 ha‘c

2194 3528 2319 3583 dico
2344 3535 2402 3581 ut
2432 3539 2528 3580 vos
2563 3524 2702 3580 salvi
2731 3523 2873 3580 sitis.
2907 3522 3002 3579 Ille
3042 3530 3162 3578 erat
3190 3521 3418 3578 lucerna
3452 3523 3651 3578 ardens
3673 3563 3688 3587 ,
3725 3529 3773 3575 et

2194 3619 2406 3674 lucens.
2455 3617 2560 3672 Vos
2587 3625 2769 3672 autem
2797 3615 3054 3672 voluistis
3081 3613 3148 3670 ad
3188 3613 3375 3670 horam
3418 3615 3688 3671 exsultare
3724 3613 3771 3669 in

2195 3711 2314 3766 luce
2367 3710 2508 3780 ejus.
2563 3709 2675 3781 Ego
2719 3719 2900 3764 autem
2963 3707 3138 3763 habeo
3189 3709 3560 3765 testimonium
3616 3707 3773 3777 majus

2192 3805 2420 3862 Joanne.
2446 3804 2626 3876 Opera
2651 3804 2838 3870 enim,
2870 3817 2992 3873 qua:
3020 3801 3172 3856 dedit
3201 3799 3331 3856 mihi
3359 3801 3522 3858 Pater
3546 3809 3608 3856 ut
3635 3800 3774 3872 perti-

2192 3895 2328 3952 ciam
2384 3909 2482 3962 ea,
2517 3893 2631 3965 ipsa
2655 3908 2840 3964 ,opera
2881 3908 3000 3963 qutc
3040 3908 3142 3963 ego
3188 3891 3369 3961 facio,
3413 3895 3763 3949 testimonium

2195 3988 2482 4060 perhibent
2507 3985 2576 4042 de
2607 4002 2725 4054 me,
2757 3987 2883 4058 quia
2912 3987 3077 4041 Pater
3105 3987 3251 4042 misit
3278 4002 3368 4043 me
3403 4006 3415 4042 :
3443 3999 3500 4044 et
3519 3989 3613 4060 qui
3643 3987 3769 4042 misit

2191 4096 2280 4136 me
2306 4079 2488 4148 Pater,
2517 4078 2634 4149 ipse
2658 4078 3029 4134 testimonium
3053 4079 3329 4150 perhibuit
3359 4080 3428 4137 de
3460 4096 3547 4136 me
3571 4097 3588 4139 ;
3616 4083 3760 4152 Irim,

2189 4169 2273 4242 4.]
2305 4186 2480 4243 neque
2507 4185 2698 4226 vocem
2727 4172 2845 4240 ejus
2875 4183 3128 4240 umquam
3165 4170 3396 4226 audistis
3417 4211 3432 4238 ,
3460 4187 3634 4243 neque
3659 4186 3764 4240 spe-

2189 4268 2329 4322 ciem
2369 4265 2489 4336 ejus
2513 4264 2742 4320 vidistis.
2794 4263 2940 4336 [va,
2978 4262 3090 4334 10.]
3147 4264 3213 4318 Et
3239 4264 3466 4320 verbum
3510 4266 3626 4335 ejus
3667 4278 3758 4319 non

2190 4357 2403 4412 habetis
2431 4357 2488 4413 in
2516 4356 2670 4412 vobis
2699 4370 2924 4411 manens
2959 4373 2971 4408 :
3003 4354 3128 4426 quia
3151 4370 3317 4427 quem
3356 4357 3506 4413 misit
3527 4357 3629 4423 ille,
3652 4356 3762 4411 huic

2190 4467 2288 4507 vos
2316 4467 2425 4506 non
2464 4450 2710 4507 creditis.
2757 4449 3086 4506 Scrutamini
3138 4449 3487 4521 Scriptttras,
3537 4450 3652 4520 quia
3673 4461 3760 4500 vos

487 4544 966 4612 lnterrogaverunt
995 4554 1125 4610 ergo
1157 4553 1284 4594 eum
1316 4555 1330 4592 :
1362 4537 1494 4607 Quis
1524 4548 1609 4594 est
1639 4539 1730 4595 ille
1759 4539 1922 4597 homo
1944 4583 1960 4610 ,
1986 4545 2077 4614 qui
2108 4530 2162 4592 D
2187 4546 2386 4617 putatis
2413 4544 2470 4600 in
2497 4544 2629 4616 ipsis
2658 4545 2824 4599 vitam
2853 4553 3112 4599 aeternam
3144 4542 3350 4600 habere
3380 4561 3394 4598 :
3423 4553 3475 4600 et
3502 4544 3601 4599 illa:
3618 4549 3751 4604 sunt,

487 4637 626 4691 dixit
657 4636 750 4690 tibi
778 4652 790 4688 :
823 4633 981 4688 Tolle
1008 4632 1292 4704 grabatum
1336 4642 1508 4700 tuum,
1541 4639 1595 4686 et
1617 4632 1876 4687 ambula?
1907 4634 1955 4689 ls
1985 4650 2081 4690 au-

483 4737 594 4785 tent
626 4773 640 4797 ,
681 4727 773 4799 qui
793 4741 960 4783 sanus
984 4724 1162 4781 fuerat
1188 4725 1436 4792 effectus,
1460 4724 1737 4781 nesciebat
1759 4728 1882 4798 quis
1913 4741 2076 4784 esset.

487 4825 648 4881 Jesus
696 4821 840 4878 enim
892 4819 1187 4886 declinavit
1239 4834 1269 4874 a
1317 4819 1471 4875 turba
1516 4819 1808 4875 constituta
1838 4819 1891 4875 in
1935 4821 2076 4876 loco.

488 4915 683 4971 Postea
709 4914 918 4970 invenit
948 4928 1072 4968 eum
1093 4911 1254 4968 Jesus
1284 4909 1337 4965 in
1365 4911 1656 4981 templo,et
1679 4910 1814 4966 dixit
1844 4910 1956 4968 illi:
1983 4912 2084 4967 Ec-

485 5023 550 5063 ce
583 5023 747 5063 sanus
775 5009 947 5060 tactus
976 5019 1067 5061 es:
1078 5004 1192 5076 jam
1227 5002 1340 5060 noli
1369 5019 1618 5074 peccare,
1645 5018 1714 5059 ne
1728 5003 1968 5060 deterius
1991 5005 2085 5060 tibi

482 5100 689 5172 aliquid
718 5099 1017 5170 contingat.
1050 5098 1201 5154 Abiit
1239 5097 1332 5154 ille
1371 5097 1568 5163 homo,
1597 5106 1653 5153 et
1681 5097 1948 5154 nuntiavit
1987 5097 2082 5154 Ju-

481 5193 615 5248 dzeis
645 5212 656 5248 :
685 5192 815 5265 quia
846 5191 1004 5247 Jesus
1038 5199 1226 5259 esset,
1258 5193 1348 5262 qui
1379 5192 1504 5248 fecit
1533 5206 1659 5246 eum
1698 5206 1913 5248 sanum.
1948 5193 2080 5248 Pro-

477 5296 668 5356 pterea
702 5284 1169 5356 persequebantur
1189 5282 1362 5339 Judaei
1381 5283 1589 5354 Jesum,
1621 5285 1746 5355 quia
1770 5285 1888 5342 hzec
1919 5286 2075 5342 facie-

479 5377 574 5433 bat
603 5376 659 5432 in
689 5377 936 5433 sabbato.
975 5375 1138 5433 Iesus
1165 5385 1344 5433 autem
1376 5378 1660 5448 reSpondit
1709 5380 1790 5434 eis
1846 5397 1858 5434 :
1910 5379 2073 5436 Pater

476 5485 635 5527 meus
686 5485 859 5540 usque
909 5470 1072 5526 modo
1124 5479 1401 5541 operatur,
1443 5480 1500 5527 et
1539 5487 1640 5544 ego
1683 5487 1904 5542 operor.
1938 5471 2070 5528 Pro-

478 5570 665 5631 pterea
693 5578 824 5634 ergo
854 5562 1024 5634 magis
1045 5564 1362 5634 quaerebant
1382 5580 1504 5620 eum
1531 5565 1705 5622 Judaei
1729 5567 2066 5624 interﬁcere:

476 5655 603 5723 quia
635 5673 740 5706 non
784 5655 958 5710 solum
991 5656 1233 5711 solvebat
1259 5658 1545 5714 sabbatum
1573 5701 1588 5727 ,
1621 5660 1716 5715 sed
1748 5670 1803 5717 et
1849 5661 2066 5719 Patrem

475 5761 634 5802 suum
665 5746 876 5799 diccbat
916 5746 1115 5814 Deum,
1147 5749 1410 5816 aequalem
1455 5774 1513 5813 se
1555 5757 1760 5813 faciens
1799 5759 1930 5814 υρο,
1960 5757 2065 5815 ne.

2185 4654 2304 4710 quze
2350 4638 2718 4694 testimonium
2763 4636 3054 4708 perhibent
3085 4636 3155 4692 de
3208 4651 3297 4692 me
3337 4655 3350 4691 :
3401 4645 3455 4692 et
3482 4633 3756 4692 nonvnltis

2186 4731 2371 4787 venire
2397 4730 2465 4786 ad
2498 4745 2584 4786 me
2604 4771 2619 4798 ,
2666 4736 2724 4784 ut
2749 4730 2914 4785 vitam
2945 4729 3218 4786 habeatis.
3248 4727 3558 4786 Claritatem
3587 4728 3650 4782 ab
3671 4728 3758 4782 lto-

2185 4824 2423 4880 minibus
2470 4839 2578 4878 non
2619 4823 2849 4894 accipio.
2884 4821 2993 4879 Sed
3030 4823 3262 4893 cognovi
3288 4839 3421 4893 vos,
3464 4827 3587 4894 quia
3633 4819 3753 4875 dile-

2184 4919 2422 4975 ctionem
2460 4917 2555 4973 Dei
2586 4932 2694 4972 non
2739 4917 2950 4974 habetis
2978 4917 3030 4972 in
3056 4918 3236 4974 vobis.
3267 4917 3380 4989 Ego
3412 4919 3534 4974 veni
3579 4919 3629 4972 in
3664 4928 3752 4968 no-

2189 5011 2335 5066 mine
2366 5011 2542 5066 Patris
2570 5011 2676 5066 mei
2700 5052 2716 5078 ,
2761 5018 2817 5066 et
2844 5025 2950 5066 non
2988 5010 3235 5080 accipitis
3275 5026 3364 5068 me
3397 5029 3411 5065 :
3444 5011 3491 5066 si
3520 5011 3652 5065 alius
3671 5023 3752 5060 ve-

2187 5107 2330 5160 nerit
2359 5104 2413 5159 in
2443 5105 2660 5159 nomine
2687 5120 2788 5160 suo
2807 5145 2823 5172 ,
2852 5104 3002 5160 illum
3034 5104 3340 5176 accipietis.
3372 5103 3649 5173 Quomodo
3672 5113 3752 5153 vos

2183 5199 2414 5266 potestis
2444 5197 2669 5253 credere
2694 5237 2709 5263 ,
2739 5196 2830 5268 qui
2859 5196 3090 5268 gloriam
3118 5197 3188 5252 ab
3215 5197 3450 5254 invicem
3481 5195 3746 5268 accipitis:

2180 5299 2236 5346 et
2258 5290 2510 5361 gloriam,
2541 5305 2664 5362 quae
2683 5306 2713 5345 a
2740 5291 2858 5347 Solo
2885 5290 2998 5348 Deo
3017 5299 3123 5359 est,
3154 5307 3260 5348 non
3286 5292 3572 5365 quaeritis?
3592 5289 3747 5346 Nolite

2178 5390 2372 5453 putare
2401 5384 2522 5455 quia
2552 5398 2654 5454 ego
2680 5394 3034 5440 accusaturus
3064 5388 3165 5440 sim
3195 5398 3294 5440 vos
3339 5385 3482 5456 apud
3508 5384 3742 5440 Patrem:

2176 5484 2260 5534 est
2286 5477 2376 5550 qui
2406 5487 2623 5534 accusat
2651 5477 2761 5551 [AL
2792 5480 3034 5552 accuset]
3070 5494 3165 5538 vos
3195 5481 3430 5554 Moyses,
3463 5481 3516 5536 in
3545 5494 3645 5552 quo
3663 5490 3742 5532 vos

2175 5572 2430 5643 speratis.
2461 5573 2518 5629 Si
2547 5573 2693 5629 enim
2725 5574 3022 5632 crederetis
3052 5575 3247 5648 Moysi,
3272 5577 3573 5633 crederetis
3602 5572 3741 5629 torsi—

2177 5676 2268 5722 tan
2300 5677 2352 5722 et
2383 5667 2512 5722 mihi
2534 5686 2547 5722 :
2567 5667 2635 5723 de
2660 5684 2745 5724 mc
2768 5671 2914 5725 enim
2949 5671 3044 5725 illc
3069 5671 3382 5741 scripsit.Si
3407 5683 3584 5727 autem
3614 5668 3739 5722 illius

2173 5763 2369 5822 litteris
2396 5779 2499 5822 non
2522 5765 2767 5837 creditis,
2795 5767 3070 5837 quomodo
3089 5766 3272 5826 verbis
3292 5768 3428 5826 meis
3456 5761 3715 5826 credetis?
