3920 6200
189 261 272 322 661

1218 258 1662 315 EVANGELIUM
1700 255 2068 314 SECUNDUM
2109 257 2446 313 JOANNEM.

3365 261 3472 318 662

256 376 410 446 ](.‘ap.
451 375 539 429 γι.
570 387 713 438 XLVI,
752 369 822 441 1.]
851 370 976 426 Post
1002 370 1121 426 haec
1147 372 1280 427 abiit
1311 371 1469 426 Jesus
1488 379 1634 426 trans
1657 385 1769 425 ma-
1797 370 1847 430 A
1874 385 1996 426 eum
2023 389 2035 424 :
2070 370 2209 439 Quid
2261 370 2518 426 faciemus
2560 379 2620 424 ut
2644 383 2941 440 cperemnr
2971 385 3137 442 Opera
3185 373 3321 430 Dei?
3369 377 3472 431 Re-

201 485 244 527 rc
275 468 543 532 Galilteze,
575 465 714 538 quod
744 473 828 522 est
853 463 1156 520 Tiberiadis
1182 483 1194 519 :
1226 474 1280 521 et
1304 466 1628 536 sequebatur
1649 480 1773 521 eum

202 562 478 619 multitudo
509 574 723 630 magna,
753 559 875 628 quia
908 559 1168 613 videbant
1190 559 1364 628 signa,
1398 572 1520 628 qua:
1547 558 1777 614 faciebat

197 671 340 726 super
373 656 459 709 his
497 655 589 723 qui
625 651 1062 707 infirmabantur.
1094 651 1280 723 [vau,
1308 651 1386 721 15.]
1419 649 1594 706 Subiit
1644 665 1774 722 ergo

198 753 234 805 in
259 757 500 805 montem
518 747 678 803 Jcsus
707 766 720 800 :
754 755 807 802 et
833 746 906 800 ibi
934 745 1160 800 sedebat
1183 760 1304 800 cum
1328 745 1610 814 discipulis
1636 746 1771 800 suis.

197 844 377 916 [mum
402 842 479 913 1.]
498 843 627 897 Erat
649 851 825 898 autem
852 843 1154 912 proximum
1185 843 1416 908 Pascha,
1439 842 1556 898 dies
1601 843 1774 898 festus

194 937 503 992 Jndreorum.
538 934 707 1007 [xux,
744 934 816 1006 1.]
856 935 993 991 Cum
1047 936 1390 993 sublevasset
1430 951 1559 1007 ergo
1587 937 1771 991 oculos

187 1031 346 1092 Jesus,
386 1037 442 1084 et
471 1028 703 1084 vidisset
748 1030 874 1100 quia
908 1030 1196 1085 multitudo
1247 1030 1478 1084 maxima
1515 1029 1662 1084 venit
1701 1029 1770 1094 ad

189 1137 315 1186 cum,
344 1122 485 1176 dixit
517 1123 583 1176 ad
612 1122 921 1193 Philippum
955 1141 966 1176 :
996 1122 1152 1178 Unde
1181 1138 1426 1178 ememus
1473 1138 1663 1193 panes,
1712 1134 1771 1179 ut

191 1215 505 1271 manducent
553 1215 648 1268 bi?
699 1217 805 1270 iloc
849 1224 1029 1271 autem
1083 1216 1297 1271 dicebat
1351 1224 1568 1272 tentans
1598 1232 1766 1273 eum:

186 1311 287 1379 ipse
316 1309 464 1363 enim
497 1308 705 1363 sciebat
737 1309 866 1378 quid
897 1317 1044 1364 esset
1093 1308 1352 1364 facturus.
1384 1308 1685 1380 Respondit
1715 1309 1765 1364 ei

179 1400 450 1470 Philippus
485 1419 496 1453 :
544 1400 909 1455 Ducentorum
939 1401 1290 1456 denariorum
1323 1416 1488 1472 panes
1517 1415 1624 1456 non
1646 1401 1764 1457 suf-

177 1493 483 1561 ficiunteis,
519 1502 576 1547 ut
623 1495 993 1564 unusquisque
1038 1496 1306 1551 modicum
1335 1494 1463 1564 quid
1511 1495 1761 1565 accipiat.

176 1586 305 1640 Dicit
327 1587 374 1641 ei
408 1601 548 1640 unus
596 1601 662 1640 ex
691 1586 978 1656 discipulis
1007 1586 1145 1658 ejus,
1194 1589 1440 1644 Andreas
1471 1589 1638 1644 frater
1676 1589 1760 1646 Si-

174 1681 343 1734 monis
374 1678 519 1734 Petri
555 1696 567 1733 :
615 1679 710 1734 Est
737 1694 872 1749 puer
902 1695 1038 1735 unus
1070 1681 1179 1745 hic,
1212 1683 1303 1751 qui
1335 1680 1492 1736 habet
1516 1683 1759 1752 quinque

1880 463 2099 534 Spondit
2127 463 2309 529 Jesus,
2357 472 2410 518 et
2453 463 2589 518 dixit
2635 464 2716 518 eis
2746 481 2759 518 :
2795 464 2908 521 Hoc
2949 477 3033 521 est
3078 480 3213 538 Opus
3260 469 3377 535 Dei,
3416 479 3476 524 ut

1879 559 2114 614 credatis
2144 559 2197 614 in
2229 574 2350 614 eum
2382 573 2542 630 quem
2578 560 2726 614 misit
2767 560 2879 616 ille.
2911 561 3051 632 hut,
3083 563 3163 634 4.]
3209 564 3476 621 Dixerunt

1878 666 2009 723 ergo
2038 653 2087 708 ei
2119 669 2132 705 :
2159 651 2313 719 Quod
2346 667 2476 723 ergo
2500 661 2555 707 tu
2585 653 2714 708 facis
2743 654 2975 725 signum,
3006 664 3062 710 ut
3090 657 3392 723 videamus,
3419 667 3476 714 et

1877 745 2162 801 credamus
2214 745 2309 801 tibi
2332 748 2355 799 Ἰ
2409 747 2538 816 qttid
2592 749 2885 816 Operaris?
2941 749 3226 822 [L1v,10.]
3283 752 3474 809 Patres

1877 839 2047 894 nostri
2081 838 2542 894 manducavcrunt
2576 855 2770 895 manna
2795 842 2846 895 in
2875 843 3128 908 deserto,
3159 846 3301 900 sicut
3333 849 3469 902 scri-

1876 940 2023 1000 ptum
2065 939 2194 984 est:
2246 931 2448 987 Panem
2493 931 2562 988 de
2608 932 2749 988 coelo
2799 934 2946 989 dedit
2996 936 3078 992 eis
3117 938 3466 996 manducare.

1875 1024 2019 1080 Dixit
2049 1042 2179 1097 ergo
2210 1027 2292 1083 eis
2317 1028 2476 1084 Jesus
2511 1045 2523 1082 :
2557 1030 2751 1097 Amen,
2785 1045 2943 1086 amen
2971 1032 3092 1088 dico
3121 1035 3274 1090 vobis
3311 1055 3321 1088 :
3352 1035 3468 1092 Non

1874 1117 2089 1190 Moyses
2116 1119 2263 1174 dedit
2293 1121 2443 1176 vobis
2475 1136 2668 1191 panem
2697 1122 2764 1177 de
2795 1125 2956 1188 ccelo,
2994 1126 3090 1181 sed
3128 1127 3287 1182 Pater
3315 1143 3469 1185 meus

1871 1210 1963 1264 dat
1991 1212 2149 1266 vobis
2174 1227 2364 1282 panem
2395 1213 2463 1270 de
2489 1215 2628 1270 coelo
2653 1231 2864 1272 verum.
2898 1218 3059 1274 Panis
3081 1221 3222 1276 enim
3245 1223 3335 1278 Dei
3361 1235 3465 1291 est,

1870 1304 1960 1373 qui
1991 1303 2058 1359 de
2090 1306 2228 1360 caelo
2262 1307 2546 1363 descendit
2576 1327 2590 1362 :
2624 1317 2680 1365 et
2710 1309 2800 1364 dat
2830 1311 2994 1365 vitam
3037 1314 3259 1368 mundo.
3309 1315 3468 1371 Dixe-

1869 1408 1996 1454 runt
2020 1414 2152 1470 ergo
2180 1401 2247 1455 ad
2287 1416 2410 1456 eum
2434 1420 2446 1456 :
2474 1401 2725 1467 Domine,
2751 1419 2968 1474 semper
2992 1405 3056 1460 da
3089 1406 3246 1462 nobis
3268 1424 3462 1479 panem

1870 1492 2034 1549 hunc.
2065 1489 2178 1563 [Lv,
2216 1492 2292 1563 1.]
2313 1493 2460 1547 Dixit
2487 1502 2668 1550 autem
2691 1495 2770 1550 eis
2797 1496 2985 1552 Jesus:
3017 1497 3130 1567 Ego
3160 1513 3278 1554 sum
3310 1501 3464 1570 panis

1866 1585 1988 1639 vita:
2027 1604 2037 1636 ε
2071 1586 2160 1655 qui
2194 1586 2339 1641 venit
2397 1587 2462 1641 ad
2495 1603 2599 1653 me,
2639 1603 2742 1643 non
2776 1591 2981 1645 esuriet
3015 1610 3025 1643 :
3061 1600 3116 1646 et
3154 1593 3244 1663 qui
3291 1593 3464 1651 credit

1865 1677 1916 1730 in
1949 1693 2056 1744 me,
2087 1692 2193 1732 non
2228 1678 2378 1734 sitiet
2420 1695 2694 1750 umquam.
2733 1681 2839 1736 Sed
2881 1682 2993 1737 dixi
3024 1685 3199 1750 vobis,
3235 1687 3357 1754 quia
3409 1695 3464 1742 et

172 1789 334 1843 panes
378 1774 736 1838 hordeaceos,
785 1783 836 1828 et
886 1773 1022 1829 duos
1067 1776 1284 1846 pisces:
1333 1775 1425 1831 sed
1470 1775 1586 1832 bmc
1631 1777 1757 1846 quid
1787 1771 1836 1832 B
1863 1770 2072 1825 Vidistis
2103 1785 2212 1837 me.
2244 1782 2297 1827 et
2338 1788 2444 1827 non
2487 1773 2732 1828 creditis.
2779 1774 3053 1847 [Lv1.10.]
3090 1777 3284 1845 Omne,
3317 1781 3461 1850 quod

169 1877 298 1922 sunt
327 1870 458 1922 inter
485 1868 713 1922 tantos?
741 1865 884 1922 Dixit
903 1882 1034 1938 ergo
1063 1867 1220 1924 Jesus
1249 1888 1259 1921 :
1293 1867 1477 1924 Facite
1509 1867 1760 1926 homines

166 1959 522 2016 discumbere.
545 1961 675 2015 Erat
705 1971 887 2017 autem
920 1961 1104 2018 fenum
1137 1965 1363 2018 multum
1389 1964 1443 2018 in
1473 1964 1615 2022 loco.
1637 1964 1756 2020 Dis-

167 2053 466 2109 cubuerunt
509 2069 641 2125 ergo
671 2053 772 2109 viri
819 2069 1048 2111 numero
1076 2056 1228 2126 quasi
1270 2056 1508 2126 quinque
1558 2057 1752 2113 millia.

167 2149 385 2217 Accepit
425 2163 554 2219 ergo
585 2147 744 2203 Jesus
773 2163 942 2218 panes
977 2168 986 2202 :
1037 2157 1244 2204 etcum
1284 2151 1486 2220 gratias
1531 2151 1755 2220 egisset,

163 2240 430 2294 distribuit
479 2240 990 2295 discumbentibus:
1034 2242 1286 2296 similiter
1326 2251 1380 2296 et
1410 2258 1475 2296 ex
1517 2243 1756 2311 piscibus

163 2345 420 2403 quantum
447 2335 724 2389 volebant.
762 2333 834 2388 Ut
861 2343 1041 2389 autem
1068 2335 1274 2404 impleti
1304 2345 1452 2399 sunt,
1483 2334 1619 2389 dixit
1639 2335 1753 2390 dis-

162 2428 356 2496 cipnlis
387 2429 499 2482 suis
529 2446 541 2482 :
573 2427 827 2496 Colligite
853 2443 971 2496 qnzc
999 2438 1396 2497 superaverunt
1427 2428 1749 2498 fragmenta,

161 2533 230 2572 ne
279 2529 515 2586 pereant.
549 2517 901 2588 Collegerunt
938 2533 1086 2589 ergo,
1118 2530 1175 2574 et
1204 2520 1566 2590 impleverunt
1611 2519 1751 2574 duo-

163 2611 335 2666 decim
364 2611 626 2681 cephinos
657 2612 1107 2682 fragmentorum,
1152 2628 1217 2668 ex
1247 2613 1487 2684 quinque
1519 2614 1752 2684 panibus

161 2705 494 2771 hordeaceis,
516 2721 634 2776 qurc
650 2704 1035 2774 superfuerunt
1054 2707 1132 2760 bis
1148 2707 1238 2775 qui
1265 2709 1746 2762 manducaverunt.

160 2800 236 2872 [ιη
265 2801 374 2874 10.]
401 2801 478 2856 llli
511 2817 641 2872 ergo
675 2800 924 2855 homines
964 2817 1088 2856 cum
1141 2800 1408 2855 vidissent
1433 2801 1572 2871 quod
1598 2803 1749 2857 Iesus

159 2896 360 2951 fecerat
390 2898 627 2968 signum,
675 2894 972 2950 dicebant:
1020 2894 1156 2962 Quia
1190 2894 1277 2949 hic
1319 2905 1402 2950 est
1447 2911 1575 2950 vere
1608 2895 1744 2951 Pro-

160 2988 343 3055 pheta,
375 2991 461 3058 qui
490 2997 751 3044 venturus
779 2998 862 3042 est
892 2988 942 3041 in
976 2987 1256 3042 mundum.
1289 2986 1446 3042 Jesus
1473 3003 1600 3058 ergo
1623 3003 1746 3045 cum

161 3081 522 3148 cognovisset,
561 3080 686 3150 quia
720 3078 938 3134 venturi
964 3089 1170 3148 essent,
1207 3088 1264 3134 ut
1295 3090 1551 3150 raperent
1597 3097 1742 3152 eum,

1864 1863 1952 1918 dat
1986 1865 2117 1919 mihi
2155 1865 2333 1931 Pater,
2367 1866 2432 1920 ad
2466 1883 2551 1922 me
2578 1869 2794 1924 veniet:
2822 1880 2877 1924 et
2909 1885 3054 1937 eum,
3089 1874 3178 1940 qui
3205 1875 3353 1928 venit
3393 1875 3461 1930 ad

1864 1972 1972 2022 me,
2000 1971 2107 2011 non
2153 1956 2365 2026 ejiciam
2407 1959 2584 2014 foras:
2617 1959 2877 2032 [Lvn,1.]
2911 1964 3032 2033 quia
3086 1963 3342 2020 descendi
3393 1967 3462 2024 de

1862 2048 2024 2116 coelo,
2055 2064 2163 2106 non
2195 2060 2253 2105 ut
2281 2051 2472 2108 faciam
2502 2055 2833 2112 voluntatem
2863 2071 3060 2125 meam,
3087 2059 3181 2113 sed
3213 2061 3460 2116 volunta-

1862 2152 1968 2198 tem
2002 2143 2141 2213 ejus,
2183 2145 2274 2214 qui
2319 2147 2464 2201 misit
2496 2164 2603 2203 me.
2632 2150 2804 2220 [LVII],
2843 2150 2954 2221 10.]
2987 2152 3114 2207 ll:rc
3152 2162 3236 2208 est
3281 2165 3459 2210 autem

1862 2237 2115 2292 voluntas
2153 2239 2290 2308 ejus,
2329 2243 2419 2312 qui
2448 2243 2589 2297 misit
2621 2261 2726 2312 me,
2761 2245 2968 2300 Patris:
3000 2256 3058 2301 ut
3089 2264 3268 2317 omne,
3304 2251 3450 2321 quod

1858 2329 2006 2384 dedit
2037 2331 2192 2397 mihi,
2227 2348 2334 2387 non
2368 2335 2591 2403 perdam
2626 2353 2693 2390 ex
2724 2353 2810 2400 eo,
2837 2342 2930 2394 sed
2955 2345 3278 2398 resuscitem
3303 2346 3453 2399 illum

1860 2426 1911 2478 in
1953 2427 2255 2481 novissimo
2300 2427 2407 2484 die.
2451 2428 2578 2482 Haec
2616 2443 2697 2485 est
2743 2441 2923 2486 autem
2980 2435 3233 2489 voluntas
3277 2436 3453 2494 Patris

1859 2520 1986 2582 mei,
2016 2519 2105 2588 qui
2148 2520 2296 2574 misit
2336 2536 2446 2587 me,
2476 2530 2534 2575 ut
2561 2523 2770 2586 omnis,
2819 2525 2908 2594 qui
2945 2525 3098 2582 videt
3144 2527 3367 2594 Filium,
3399 2539 3452 2585 et

1855 2611 2030 2666 credit
2061 2612 2112 2666 in
2142 2627 2290 2679 eum,
2324 2614 2523 2669 habeat
2553 2617 2718 2670 vitam
2747 2625 3031 2685 aeternam,
3063 2630 3117 2676 et
3140 2636 3242 2690 ego
3269 2638 3451 2677 resus-

1856 2705 2042 2759 citabo
2069 2720 2194 2760 eum
2222 2707 2275 2760 in
2312 2709 2615 2764 novissimo
2646 2710 2754 2765 die.
2792 2711 3020 2782 [th,1.]
3045 2713 3453 2773 Murmurabant

1854 2812 1984 2868 ergo
2013 2797 2184 2854 Judmi
2231 2800 2298 2855 de
2348 2801 2460 2866 illo,
2500 2806 2622 2872 quia
2674 2803 2946 2860 dixisset:
3000 2806 3112 2878 Ego
3144 2822 3264 2862 sum
3296 2812 3451 2878 panis

1857 2899 1880 2927 ι
1906 2891 2087 2958 vivus,
2119 2894 2210 2962 qui
2245 2893 2313 2948 de
2343 2894 2485 2950 coelo
2505 2895 2765 2951 descendi
2795 2915 2808 2960 ;
2840 2908 2897 2953 et
2925 2899 3178 2956 dicebant
3209 2919 3223 2955 :
3256 2901 3452 2960 Nonne

1855 2982 1941 3037 hic
1961 2992 2044 3038 est
2065 2983 2223 3038 Jesus
2246 2984 2622 3056 ﬁliusJoseph,
2655 2988 2809 3058 cujus
2824 3005 2923 3046 nos
2947 2992 3195 3047 novimus
3213 3003 3445 3064 patrem,

1853 3083 1905 3129 et
1939 3075 2200 3129 matrem?
2224 3075 2508 3144 Quomodo
2541 3093 2670 3149 ergo
2703 3078 2834 3134 dicit
2864 3081 2950 3136 hic
2981 3099 2993 3137 :
3038 3083 3174 3150 Quia
3215 3084 3282 3140 de
3307 3087 3448 3142 coelo

161 3181 212 3225 et
241 3172 475 3229 facerent
497 3189 622 3229 eum
647 3188 856 3243 regem,
893 3172 1027 3242 fugit
1058 3174 1252 3228 iterum
1283 3174 1333 3227 in
1357 3183 1596 3229 montem
1631 3176 1747 3246 ipse
1777 3165 1823 3228 C
1856 3166 1880 3205 δ
1905 3166 2198 3222 descendi?
2229 3167 2336 3238 [Lx,
2374 3167 2483 3239 10.]
2514 3169 2816 3240 Respondit
2845 3189 2977 3245 ergo
3016 3173 3195 3240 Iesus,
3230 3184 3284 3232 et
3311 3178 3444 3234 dicit

162 3268 328 3321 solus.
352 3268 439 3339 [L1,
467 3265 544 3338 6.]
577 3266 645 3322 Ut
690 3279 868 3322 autem
901 3282 1027 3320 sero
1073 3267 1271 3322 factum
1303 3276 1406 3333 est,
1450 3268 1747 3327 descende-

164 3370 284 3412 runt
316 3359 559 3430 discipuli
589 3360 705 3430 ejus
726 3360 792 3414 ad
825 3373 995 3415 mare.
1015 3360 1077 3414 Et
1103 3374 1227 3415 cum
1253 3359 1629 3418 ascendissent
1653 3379 1746 3419 na-

165 3451 288 3519 vim,
318 3463 581 3509 venerunt
614 3465 760 3508 trans
792 3469 940 3508 mare
969 3455 1022 3508 in
1067 3454 1447 3523 Capharnaum
1477 3472 1488 3507 :
1519 3464 1572 3510 et
1597 3466 1747 3512 tene-

168 3544 270 3599 brae
295 3547 400 3616 jam
427 3547 583 3601 facta:
612 3554 770 3601 erant
797 3556 851 3601 et
895 3560 999 3600 non
1047 3552 1274 3602 venerat
1312 3547 1380 3600 ad
1425 3562 1519 3602 eos
1565 3547 1741 3604 Jesus.

167 3637 309 3694 Mare
337 3650 538 3708 autem,
576 3648 740 3696 vento
766 3655 963 3709 magno
1006 3640 1196 3706 ﬂante,
1227 3642 1572 3712 cxsurgebat.
1605 3641 1741 3699 Cum

166 3733 510 3803 remigassent
558 3747 694 3804 ergo
723 3734 876 3803 quasi
919 3733 1094 3788 stadia
1137 3733 1328 3805 viginti
1376 3735 1612 3807 quinque
1652 3746 1745 3793 aut

165 3825 396 3894 triginta,
428 3826 615 3882 vident
660 3827 845 3883 Jesum
878 3828 1248 3884 ambulantem
1297 3843 1458 3900 supra
1487 3846 1660 3900 mare,
1689 3839 1746 3888 et

167 3922 461 3985 proximum
495 3926 614 3978 navi
649 3923 796 3995 ﬁeri,
828 3934 879 3979 et
912 3925 1232 3981 timuerunt.
1281 3924 1372 3980 Ille
1401 3936 1582 3981 autem
1613 3928 1746 3984 dicit

168 4011 240 4065 eis
274 4032 288 4068 :
318 4015 424 4085 Ego
449 4031 590 4081 sum,
621 4017 787 4072 nolite
814 4015 1027 4072 timere.
1060 4016 1512 4088 Volueruntergo
1533 4020 1746 4089 accipe-

170 4115 222 4156 re
254 4119 370 4160 eum
398 4108 449 4162 in
483 4108 663 4162 navim
695 4126 708 4162 :
736 4120 789 4164 et
818 4109 1000 4164 statim
1035 4111 1190 4164 navis
1219 4107 1318 4164 fuit
1342 4109 1408 4165 ad
1439 4119 1661 4177 terram,
1689 4113 1742 4168 in

170 4208 320 4262 quam
350 4200 516 4256 ibant.
546 4199 664 4272 [1.11,
699 4200 810 4272 10.]
857 4202 1043 4256 Altera
1091 4201 1201 4267 die,
1235 4200 1387 4256 turba
1420 4218 1539 4273 quae
1568 4203 1746 4261 stabat

170 4294 312 4347 trans
335 4308 501 4360 mare,
535 4294 669 4349 vidit
696 4294 818 4364 quia
849 4297 1090 4352 navicula
1121 4296 1223 4351 alia
1257 4312 1366 4352 non
1399 4307 1515 4354 erat
1537 4296 1611 4354 ibi
1641 4300 1744 4355 nisi

170 4395 290 4450 una,
319 4396 370 4442 et
395 4390 516 4459 quia
550 4405 656 4445 non
690 4387 969 4445 introisset
994 4403 1115 4444 cum
1145 4390 1424 4460 discipulis
1441 4391 1554 4446 suis
1585 4391 1743 4449 Jesus

169 4471 218 4527 in
249 4479 442 4548 navim,
476 4481 572 4536 sed
605 4481 708 4536 soli
729 4480 986 4551 discipuli
1010 4481 1128 4551 ejus
1159 4482 1426 4538 abiissent
1455 4502 1465 4535 :
1500 4485 1619 4539 aliae
1650 4501 1743 4541 ve-

1850 3263 1931 3318 eis
1959 3279 1972 3316 :
2007 3262 2183 3318 Nolite
2206 3278 2546 3319 murmurare
2574 3265 2626 3320 in
2647 3265 2877 3321 invicem
2912 3286 2924 3320 :
2952 3284 3110 3325 nemo
3139 3280 3324 3340 potest
3352 3289 3444 3328 ve-

1850 3355 1968 3409 nire
1994 3354 2060 3408 ad
2087 3369 2192 3419 me,
2229 3355 2330 3408 nisi
2359 3355 2544 3420 Pater,
2594 3357 2684 3426 qui
2717 3358 2863 3412 misit
2885 3374 2992 3424 me,
3014 3363 3250 3415 traxerit
3279 3377 3400 3418 eum
3427 3380 3441 3424 :

1848 3457 1903 3503 et
1929 3463 2031 3518 ego
2055 3448 2392 3503 resuscitabo
2428 3463 2550 3503 eum
2578 3450 2629 3502 in
2668 3451 2962 3506 novissimo
2992 3451 3100 3507 die.
3144 3452 3240 3508 Est
3267 3454 3446 3524 scrip-

1849 3552 1962 3598 tum
2017 3545 2068 3598 in
2110 3543 2429 3613 prophetis:
2465 3543 2532 3598 Et
2583 3553 2744 3600 erunt
2783 3561 2972 3600 omnes
3016 3546 3279 3603 docibiles
3325 3548 3444 3604 Dei.

1847 3638 2056 3705 Omnis,
2087 3639 2175 3707 qui
2207 3637 2413 3692 audivit
2438 3653 2466 3692 a
2500 3637 2684 3704 Patre,
2730 3647 2786 3694 et
2814 3638 3018 3706 didicit,
3057 3643 3205 3695 venit
3233 3642 3298 3695 ad
3333 3658 3440 3698 me.

1849 3733 1983 3805 [th,
2015 3730 2094 3803 5.]
2123 3731 2240 3785 Νοη
2283 3733 2405 3801 quia
2449 3732 2664 3787 Patrem
2711 3732 2847 3787 vidit
2877 3733 3185 3802 quisquam,
3221 3735 3326 3788 nisi
3369 3735 3439 3806 is,

1846 3825 1936 3896 qui
1965 3833 2048 3880 est
2086 3840 2114 3877 a
2161 3823 2292 3890 Deo,
2327 3823 2415 3877 hic
2449 3822 2583 3877 vidit
2616 3824 2849 3878 Patrem.
2894 3826 3042 3894 Iun,
3073 3824 3164 3880 10.
3193 3825 3210 3896 ]
3242 3826 3441 3898 Amen,

1845 3934 2002 3973 amen
2043 3917 2168 3972 dico
2220 3917 2379 3972 vobis
2410 3935 2422 3970 :
2453 3917 2553 3983 Qui
2591 3917 2766 3971 credit
2820 3918 2873 3972 in
2921 3935 3027 3985 me,
3074 3918 3239 3976 habet
3278 3921 3446 3978 vitam

1847 4021 2125 4067 arternam.
2165 4010 2340 4083 [LxItt,
2369 4010 2445 4081 1.]
2480 4011 2590 4082 Ego
2617 4025 2735 4065 sum
2770 4013 2922 4080 panis
2953 4013 3284 4087 vitm.[t.xtv,
3329 4014 3446 4090 10.]

1845 4103 2042 4159 Patres
2072 4102 2238 4159 vestri
2284 4103 2755 4159 manducaverunt
2787 4120 2980 4160 manna
3016 4106 3070 4161 in
3105 4107 3353 4174 deserto,
3385 4116 3444 4164 et

1845 4198 2043 4253 mortui
2069 4207 2215 4253 sunt.
2245 4196 2344 4252 Hic
2391 4207 2475 4253 est
2517 4198 2673 4269 panis
2701 4200 2768 4254 de
2793 4200 2936 4255 coelo
2980 4200 3358 4260 descendens:
3385 4212 3446 4260 ut

1845 4292 1890 4347 si
1956 4291 2079 4363 quis
2145 4306 2211 4346 ex
2291 4291 2410 4362 ipso
2485 4291 2914 4358 manducaverit,
2983 4309 3088 4350 non
3158 4297 3441 4352 moriatur.

1847 4386 1995 4457 μιν,
2033 4384 2102 4455 1.]
2134 4385 2246 4456 Ego
2275 4402 2394 4441 sum
2429 4388 2582 4457 panis
2613 4387 2787 4453 vivus,
2823 4388 2911 4457 qui
2947 4387 3015 4443 de
3043 4390 3186 4445 ctelo
3213 4390 3442 4446 descen-

1845 4479 1919 4534 di.
1950 4477 2006 4534 Si
2035 4479 2156 4549 quis
2185 4477 2588 4534 manducaverit
2618 4495 2682 4534 ex
2709 4480 2812 4534 hoc
2844 4494 3003 4549 pane,
3034 4480 3180 4535 vivet
3202 4481 3254 4535 in
3279 4493 3443 4537 mter-

168 4577 227 4618 ro
254 4581 677 4639 supervenerunt
709 4587 874 4627 naves
895 4572 1244 4640 aTiheriade,
1270 4573 1423 4642 juxta
1453 4575 1627 4630 locum
1651 4577 1741 4632 ubi
1775 4553 1823 4616 ί)
1855 4586 2011 4626 Itum:
2045 4582 2098 4626 et
2147 4571 2324 4641 panis,
2367 4587 2525 4642 quem
2569 4587 2670 4643 ego
2707 4573 2869 4642 dabo,
2902 4587 3029 4627 caro
3058 4589 3179 4628 mea
3220 4584 3302 4629 est
3344 4589 3444 4646 pro

172 4661 616 4719 manducaverant
646 4679 865 4733 panem,
885 4665 1086 4734 gratias
1113 4674 1305 4735 agente
1332 4665 1580 4721 Domino.
1604 4666 1739 4724 Cum

173 4762 290 4820 ergo
315 4754 534 4811 vidisset
566 4757 722 4810 turba
753 4757 876 4826 quia
921 4756 1078 4812 Jesns
1106 4771 1214 4814 non
1255 4767 1400 4814 esset
1427 4759 1523 4824 ibi,
1568 4776 1743 4832 neque

173 4839 397 4914 discipuli
426 4847 567 4918 ejus,
595 4849 960 4904 ascenderunt
985 4848 1038 4905 in
1070 4851 1367 4918 naviculas,
1392 4861 1448 4909 et
1476 4864 1744 4911 venerunt

173 4931 528 5005 Capharnaum
563 4952 870 5013 quaerentes
913 4944 1119 4999 Jesum.
1155 4945 1217 4998 Et
1246 4959 1367 4999 cum
1411 4945 1743 5003 invenissent

173 5043 280 5085 eum
311 5041 453 5090 trans
496 5051 645 5091 mare
672 5079 685 5101 ,
738 5035 995 5091 dixerunt
1039 5037 1087 5091 ei
1119 5055 1132 5092 :
1166 5037 1358 5104 Rabbi,
1393 5040 1610 5108 quando
1641 5040 1745 5096 huc

176 5125 393 5183 venisti?
440 5129 740 5198 Respondit
761 5131 840 5186 eis
864 5129 1042 5197 Jesus,
1075 5141 1125 5186 et
1149 5131 1327 5190 dixit:
1360 5134 1556 5199 Amen,
1588 5149 1744 5190 amen

177 5213 281 5272 dico
326 5221 476 5277 vobis
511 5243 524 5278 :
563 5224 808 5294 quteritis
858 5239 965 5289 me,
1016 5241 1120 5279 non
1167 5228 1293 5296 quia
1326 5226 1536 5282 vidistis
1568 5230 1741 5299 signa,

181 5311 261 5365 sed
290 5317 402 5384 quia
443 5318 811 5373 manducastis
834 5333 901 5373 ex
931 5319 1184 5387 panibus,
1235 5330 1288 5373 et
1333 5323 1560 5376 saturati
1593 5325 1745 5380 eStis.

183 5400 466 5470 Operamini
503 5424 608 5463 non
641 5407 819 5464 cibum
853 5409 940 5478 qui
995 5411 1152 5479 perit,
1199 5410 1293 5465 sed
1326 5411 1414 5480 qui
1469 5422 1751 5480 permanet

188 5491 231 5546 in
257 5495 408 5552 vitam
435 5508 721 5565 aeternam,
756 5516 912 5567 quem
939 5501 1105 5554 Filius
1137 5501 1372 5556 hominis
1403 5503 1546 5556 dabit
1577 5505 1751 5559 vobis.

188 5586 313 5646 llunc
339 5595 477 5649 enim
520 5595 684 5651 Pater
730 5597 964 5667 signavit
994 5597 1158 5652 Deus.
1215 5598 1480 5654 Dixerunt
1514 5615 1643 5670 ergo
1684 5600 1750 5657 ad

246 5716 266 5744 ⁸
293 5709 400 5767 Νοη
433 5714 638 5768 addunt
685 5715 862 5785 nostri
902 5729 1033 5769 mss.
1073 5715 1233 5779 vicus,
1269 5713 1410 5780 quod
1444 5713 1742 5785 epithetum

193 5793 344 5850 neque
374 5786 425 5840 in
457 5786 644 5842 Graeco
675 5795 823 5842 textu
854 5784 944 5841 hic
977 5785 1077 5842 loci
1109 5785 1404 5840 invenitur.

1851 4666 2033 4722 mundi
2058 4667 2183 4722 vita.
2219 4668 2388 4741 [um
2423 4667 2533 4738 10.]
2566 4668 2868 4739 Litigabant
2901 4683 3030 4738 ergo
3060 4667 3329 4725 Judaei'ad
3363 4671 3443 4725 in-

1851 4765 2050 4829 vicem,
2080 4763 2332 4819 dicentes
2359 4781 2369 4816 :
2398 4762 2681 4830 Quomodo
2712 4772 2893 4834 potest
2921 4761 3008 4818 hic
3039 4763 3196 4819 nobis
3226 4778 3446 4820 carnem

1853 4875 2004 4914 suam
2028 4859 2156 4913 dare
2186 4857 2254 4912 ad
2281 4858 2758 4913 manducandum?
2805 4858 2946 4912 Dixit
2982 4872 3111 4929 ergo
3141 4859 3220 4914 eis
3248 4858 3441 4915 Jesus:

1855 4954 2048 5017 Amen,
2081 4965 2238 5005 amen
2277 4950 2400 5005 dico
2447 4948 2598 5005 vobis
2635 4967 2646 5001 :
2691 4950 2791 5003 nisi
2822 4950 3282 5006 inanducaveritis
3327 4967 3446 5007 car-

1857 5061 1976 5098 nem
2007 5043 2128 5098 Filii
2162 5043 2418 5107 hominis,
2453 5051 2506 5096 et
2531 5041 2780 5096 biberitis
2811 5043 2929 5111 ejus
2958 5045 3300 5112 sanguinem,
3336 5060 3444 5100 non

1852 5135 2120 5190 habebitis
2154 5135 2316 5188 vitam
2347 5133 2397 5185 in
2430 5132 2604 5188 vobis.
2647 5132 2747 5199 Qui
2789 5135 3081 5188 manducat
3119 5150 3292 5189 meam
3320 5149 3443 5191 car-

1853 5244 1996 5294 nem,
2027 5237 2080 5282 et
2114 5227 2251 5281 bibit
2287 5241 2464 5281 meum
2512 5224 2853 5296 sanguinem,
2895 5227 3058 5282 habet
3090 5229 3256 5283 vitam
3289 5237 3448 5284 teter-

1857 5335 2020 5385 nam,
2081 5327 2135 5374 et
2183 5333 2284 5387 ego
2329 5316 2666 5373 resuscitabo
2716 5333 2837 5372 eum
2887 5320 2940 5372 in
2991 5320 3289 5375 novissimo
3338 5321 3448 5376 die.

1858 5411 2142 5485 [vatt,1.]
2168 5410 2309 5466 Caro
2334 5411 2477 5466 enim
2499 5425 2638 5474 mea,
2667 5425 2794 5466 vere
2822 5421 2903 5467 est
2924 5413 3074 5467 cibus
3100 5429 3114 5466 :
3147 5425 3200 5469 et
3231 5415 3451 5483 sanguis

1857 5521 2032 5569 mens,
2082 5519 2211 5559 vere
2261 5511 2342 5558 est
2375 5512 2552 5572 potus.
2606 5502 2960 5574 ]uvm,10.]
3007 5506 3107 5570 Qui
3165 5505 3454 5559 manducat

1859 5612 2032 5652 meam
2057 5610 2302 5663 carnem,
2334 5603 2389 5650 et
2421 5594 2754 5649 bibitmeum
2783 5596 3126 5666 sanguinem,
3154 5596 3205 5651 in
3227 5611 3311 5651 me
3342 5610 3454 5650 ma-

1863 5744 1869 5749 -
1931 5712 1960 5750 ³³
1990 5710 2048 5767 In
2081 5728 2187 5767 uno
2217 5710 2476 5766 Vaticano
2499 5706 2785 5774 descendit,
2819 5725 2915 5780 pro
2943 5709 3202 5764 descendi.
