3920 6200
477 224 584 283 663

1483 223 1545 278 S.
1585 218 1965 277 HIERONYMI
2003 219 2234 278 DIVINA
2277 217 2752 277 BIBLIOTHECA.

3673 216 3768 273 664

479 352 592 405 net,
627 351 681 395 et
709 355 810 410 ego
838 341 890 396 in
929 341 1041 395 illo.
1069 338 1224 394 Sicut
1260 339 1406 393 misit
1456 353 1543 393 me
1570 339 1760 392 vivens
1804 336 1984 401 Pater,
2020 347 2074 392 et
2103 348 2144 399 Α
2178 339 2335 392 Jesus
2363 339 2414 390 in
2446 336 2728 406 templum,
2757 346 2811 390 et
2835 334 3084 388 docebat.
3130 334 3198 388 Et
3218 334 3559 389 mirabantur
3585 331 3767 397 Juda-i,

481 453 583 507 ego
626 437 750 490 vivo
784 447 1002 505 prapter
1045 434 1299 488 Patrem:
1331 443 1387 488 et
1426 435 1516 503 qui
1557 433 1846 486 rnandueat
1884 446 1993 493 me,
2019 442 2073 486 et

485 530 603 598 ipse
650 530 794 582 vivet
833 536 1054 596 propter
1098 542 1204 581 me.
1249 526 1346 581 llic
1377 535 1460 581 est
1499 529 1672 594 panis,
1721 525 1810 591 qui
1839 524 1908 579 de
1936 525 2075 578 coelo

484 623 786 678 descendit.
827 620 946 676 Non
997 622 1136 676 sicut
1187 622 1658 675 rnanducaverunt
1695 630 1875 688 patres
1909 616 2076 672 vestri

485 730 705 780 manna,
731 726 784 770 et
808 716 1006 768 mortui
1036 723 1183 769 sunt.
1212 715 1314 780 Qui
1356 715 1648 768 manducat
1686 713 1828 767 hunc
1860 727 2077 780 panem,

488 810 630 864 vivet
651 808 702 861 iu
735 817 1023 860 aeternum.
1053 807 1178 861 llzec
1200 806 1339 860 dixit
1368 808 1420 859 in
1461 821 1730 876 synagoga
1774 805 2002 868 docens,
2025 804 2077 857 in

486 898 892 968 Capharuaum.
921 897 1071 951 Multi
1099 913 1228 967 ergo
1251 897 1533 950 audientes
1551 913 1614 952 ex
1641 896 1921 964 discipulis
1940 895 2080 962 ejus,

487 994 741 1049 dixerunt
772 1011 784 1045 :
812 991 993 1046 Durus
1034 1003 1118 1046 est
1149 992 1234 1046 hic
1266 1007 1468 1057 sermo,
1501 1002 1556 1046 et
1585 992 1706 1061 quis
1739 998 1920 1061 potest
1957 1004 2082 1043 eum

487 1087 714 1142 audire?
741 1086 932 1141 Sciens
954 1098 1136 1142 autem
1159 1085 1321 1140 JeSIts
1361 1085 1504 1152 apud
1544 1085 1920 1152 semetipsum,
1957 1083 2084 1151 quia

492 1187 898 1234 murmurarent
937 1178 1006 1232 de
1044 1178 1149 1232 hoc
1187 1176 1438 1245 discipuli
1481 1177 1620 1245 ejus,
1653 1175 1786 1230 dixit
1824 1175 1942 1229 eis:
1975 1174 2088 1227 Hoc

486 1287 586 1327 vos
625 1271 1000 1326 scandalizat?
1034 1271 1205 1343 [thx,
1253 1270 1331 1340 L]
1365 1271 1421 1324 Si
1448 1284 1578 1339 ergo
1610 1268 1860 1322 videritis
1885 1266 2084 1320 Filium

496 1365 734 1420 hominis
757 1365 1144 1420 ascendentem
1171 1365 1257 1419 ubi
1289 1373 1406 1418 erat
1438 1363 1620 1433 prius?
1649 1361 1797 1433 [Lxx,
1821 1360 1901 1431 4.]
1921 1361 2090 1432 Spiri-

496 1468 582 1514 lus
607 1470 628 1494 ⁸
657 1469 764 1524 est,
796 1459 888 1529 qui
911 1457 1149 1514 vivificat
1175 1475 1188 1509 :
1217 1473 1346 1511 caro
1379 1472 1486 1511 non
1525 1457 1746 1526 prodest
1770 1456 2088 1526 quidquam.

499 1552 671 1623 [t.xxt,
701 1551 814 1620 10.]
850 1551 1024 1606 Verba
1058 1566 1180 1619 qua:
1211 1566 1312 1621 ego
1337 1552 1548 1605 locutus
1575 1567 1692 1604 sum
1717 1551 1892 1617 vobis,
1925 1551 2091 1619 spiri-

498 1650 584 1695 tus
613 1652 668 1697 et
699 1644 804 1696 vita
832 1653 979 1697 sunt.
1012 1643 1117 1698 Sed
1149 1653 1276 1697 sunt
1304 1644 1526 1714 quidam
1557 1658 1624 1697 ex
1655 1643 1833 1705 vobis,
1865 1645 1955 1712 qui
1986 1659 2091 1697 non

2175 429 2447 483 dicentes:
2479 425 2762 494 Quomodo
2787 427 2870 480 hic
2898 426 3108 482 litteras
3136 425 3261 488 scit,
3288 441 3412 479 eum
3443 440 3552 478 non
3575 423 3770 480 didice-

2179 521 2290 574 rit?
2322 519 2620 589 Respondit
2642 518 2720 573 eis
2741 517 2921 584 Jesus,
2951 527 3006 572 et
3034 518 3200 571 dixit:
3233 516 3345 571 Mea
3381 516 3636 571 doctrina
3672 530 3770 570 non

2178 627 2261 672 est
2293 631 2434 681 mea,
2459 614 2553 669 sed
2584 614 2698 684 ejus
2726 614 2815 683 qui
2845 613 2990 667 misit
3021 628 3128 667 me.
3172 611 3228 668 Si
3265 612 3386 680 quis
3429 608 3668 666 voluerit
3689 625 3775 664 vo-

2181 711 2439 764 luntatem
2469 708 2590 777 ejus
2621 707 2801 762 facere
2827 749 2841 770 ,
2884 715 3178 776 cognoscet
3207 707 3274 760 de
3302 704 3577 771 doctrina,
3607 715 3776 759 utrum

2181 816 2247 856 ex
2281 799 2392 854 Deo
2422 799 2513 864 sit,
2545 815 2612 852 an
2645 813 2746 868 ego
2769 814 2796 851 a
2826 801 3034 867 meipso
3058 798 3263 866 loquar.
3296 796 3400 862 Qui
3432 811 3465 849 a
3494 797 3776 864 semetipso

2186 893 2444 962 loquitur,
2476 893 2705 962 gloriam
2733 891 3010 961 propriam
3039 891 3234 958 quaerit
3258 906 3274 946 :
3300 888 3396 959 qui
3423 899 3610 944 autem
3639 905 3774 960 qure-

2185 987 2256 1039 rit
2284 986 2511 1053 gloriam
2545 986 2685 1053 ejus,
2719 985 2810 1054 qui
2840 984 2983 1037 misit
3009 998 3154 1048 eum,
3189 983 3276 1037 hic
3307 998 3470 1037 verax
3493 993 3604 1048 est,
3635 984 3773 1039 etin-

2182 1078 2390 1147 justitia
2425 1080 2478 1131 in
2507 1079 2597 1130 illo
2631 1094 2736 1132 non
2771 1087 2875 1131 est.
2908 1077 3096 1131 Nonne
3116 1076 3327 1148 Moyses
3349 1077 3498 1131 dedit
3527 1077 3675 1131 vobis
3700 1077 3773 1131 le-

2187 1186 2307 1241 gem
2337 1189 2348 1224 :
2393 1183 2446 1225 et
2477 1186 2638 1226 nemo
2667 1188 2732 1225 ex
2768 1172 2918 1225 vobis
2949 1171 3072 1224 facit
3109 1171 3319 1239 legem?
3351 1171 3492 1233 Quid
3523 1186 3609 1225 me
3636 1186 3775 1240 qua:-

2191 1267 2309 1319 ritis
2357 1265 2706 1320 interficere?
2749 1266 3049 1335 Respondit
3082 1267 3264 1330 turba,
3291 1277 3344 1319 et
3376 1266 3551 1318 dixit:
3585 1264 3780 1320 Damo-

2193 1359 2339 1412 nium
2373 1357 2538 1411 habes
2561 1400 2576 1422 ,
2626 1359 2748 1428 quis
2785 1369 2834 1412 te
2875 1359 3069 1428 qumrit
3104 1359 3443 1413 interficere?
3495 1358 3781 1430 Respondit

2193 1451 2374 1515 Iesus,
2408 1461 2462 1504 et
2491 1449 2628 1503 dixit
2651 1453 2726 1504 eis
2755 1470 2765 1502 :
2810 1450 2987 1506 Unum
3016 1465 3151 1520 opus
3179 1450 3279 1505 feci
3299 1493 3315 1516 ,
3347 1463 3400 1505 et
3421 1467 3610 1507 omnes
3628 1453 3781 1506 mira-

2195 1544 2348 1600 mini.
2374 1545 2661 1612 Propterea
2703 1545 2915 1614 Moyses
2937 1543 3084 1598 dedit
3127 1543 3284 1598 vobis
3321 1544 3777 1600 circumeisionem

2199 1641 2328 1709 (non
2352 1640 2474 1708 quia
2500 1655 2562 1692 ex
2590 1639 2769 1710 Moyse
2791 1639 3004 1702 est,sed
3023 1654 3089 1692 ex
3113 1639 3395 1706 patribus),
3416 1647 3469 1692 et
3487 1641 3539 1693 in
3554 1637 3772 1692 sabbato

497 1735 750 1790 credunt.
777 1734 971 1805 [Lxxn,
992 1735 1075 1805 4.]
1104 1735 1326 1790 Sciebat
1359 1736 1507 1789 enim
1537 1735 1605 1790 ab
1632 1735 1785 1788 initio
1817 1736 1975 1789 Jesus
2002 1735 2091 1804 qui
2125 1726 2172 1784 B
2198 1732 2591 1789 circumeiditis
2639 1733 2933 1786 hominem.
2991 1729 3048 1786 Si
3089 1731 3556 1786 circumcisionem
3591 1731 3778 1801 accipit

499 1838 688 1883 essent
722 1845 828 1882 non
851 1829 1155 1894 credentes,
1188 1837 1243 1883 et
1284 1829 1405 1897 quis
1447 1828 1744 1882 traditurus
1774 1836 1919 1883 esset
1943 1843 2090 1882 eum.

501 1920 714 1992 [Lxxtn.
749 1919 861 1988 10.]
891 1920 957 1972 Et
995 1919 1251 1974 dicebat:
1283 1919 1573 1989 Propterea
1610 1920 1721 1974 dixi
1762 1920 1938 1983 vobis,
1971 1921 2095 1989 quia

500 2025 666 2065 nemo
698 2019 878 2080 potest
897 2011 1085 2065 venire
1108 2010 1175 2064 ad
1207 2025 1314 2075 me,
1343 2011 1444 2064 nisi
1469 2010 1628 2066 fuerit
1658 2011 1706 2066 ei
1729 2011 1913 2066 datum
1938 2027 1966 2065 a
1990 2012 2095 2066 Pa-

502 2111 586 2158 tre
637 2117 782 2157 meo.
816 2102 894 2156 Ex
939 2102 1044 2157 hoc
1075 2103 1230 2157 multi
1261 2103 1652 2171 discipulorum
1689 2106 1805 2172 ejus
1845 2106 2097 2161 abierunt

501 2203 654 2249 retro
688 2212 700 2248 :
744 2203 798 2250 et
821 2194 934 2263 jam
960 2210 1070 2249 non
1099 2210 1220 2250 cum
1250 2196 1341 2249 illo
1384 2196 1752 2250 ambulabant.
1791 2198 1934 2251 Dixit
1967 2213 2098 2269 ergo

504 2289 665 2343 Jesus
713 2288 780 2342 ad
825 2288 1114 2343 duodecim
1149 2306 1162 2342 :
1197 2288 1464 2358 Numquid
1515 2299 1570 2343 et
1598 2306 1690 2345 vos
1719 2291 1880 2357 vultis
1905 2291 2097 2347 abire?

506 2381 710 2452 [Lxxtv,
747 2381 823 2451 1.]
858 2381 1162 2450 Respondit
1191 2397 1320 2451 ergo
1352 2385 1398 2436 ei
1423 2381 1609 2438 Simon
1639 2383 1876 2440 Petrus:
1910 2385 2097 2439 Domi-

504 2490 595 2542 ne,
629 2474 694 2527 ad
723 2488 882 2544 quem
913 2474 1149 2528 ibimus?
1191 2475 1355 2530 verba
1383 2474 1508 2530 vita:
1537 2484 1762 2531 mternae
1797 2477 1985 2533 habes.
2033 2478 2101 2532 Et

501 2583 604 2623 nos
631 2567 990 2634 credidimus,
1021 2578 1077 2623 et
1102 2575 1478 2639 cognovimus,
1529 2569 1649 2640 quia
1680 2580 1738 2623 tu
1767 2585 1826 2625 es
1853 2570 2102 2627 Christus

502 2660 584 2718 Fil
608 2676 672 2716 us
704 2662 817 2718 Dei.
864 2663 1045 2732 [Lxxv,
1078 2661 1188 2732 10.]
1221 2661 1520 2732 Respondit
1551 2664 1634 2719 eis
1663 2663 1820 2718 Jesus
1852 2684 1864 2716 :
1911 2663 2101 2720 Nonne

505 2772 606 2829 ego
636 2773 734 2813 vos
774 2757 1058 2814 duodecim
1091 2757 1229 2827 elegi
1255 2774 1269 2815 :
1308 2767 1360 2812 et
1392 2773 1458 2813 ex
1489 2758 1644 2813 vobis
1673 2773 1812 2813 unus
1851 2758 2099 2813 diabolus

504 2849 632 2906 est?
698 2851 922 2907 Dicebat
985 2859 1166 2904 autem
1226 2850 1417 2905 Judam
1473 2850 1708 2906 Simonis
1787 2849 2097 2904 lscariotem

508 2943 615 3016 [ΑΙ.
650 2942 994 2998 Scariothem
1019 2953 1066 2997 et
1095 2941 1415 3012 Scariothis]
1448 2959 1461 2995 :
1495 2941 1584 2998 hic
1613 2941 1757 2997 enim
1787 2952 1903 2996 erat
1932 2942 2096 2996 tradi-

504 3044 657 3089 turus
687 3050 835 3100 eum,
857 3049 979 3089 cum
1010 3044 1152 3089 esset
1174 3051 1312 3089 unus
1333 3051 1400 3090 ex
1427 3035 1736 3090 duodecim.

2196 1827 2362 1882 homo
2397 1827 2451 1881 in
2479 1827 2704 1882 sabbato
2726 1873 2740 1896 ,
2787 1836 2844 1880 ut
2875 1842 2980 1882 non
3012 1827 3254 1881 solvatur
3283 1817 3367 1880 lex
3399 1826 3571 1897 Moysi
3592 1868 3607 1891 ,
3660 1826 3780 1879 mihi

2198 1919 2549 1989 indignamini
2581 1920 2704 1988 quia
2737 1929 2908 1973 totum
2934 1919 3207 1973 hominem
3241 1934 3432 1973 sanum
3459 1918 3562 1972 feci
3591 1917 3642 1972 in
3667 1918 3782 1972 sab-

2196 2013 2367 2067 bato?
2396 2012 2572 2066 Nolite
2596 2012 2842 2080 judicare
2868 2011 3164 2066 secundum
3196 2011 3391 2064 faciem
3413 2053 3430 2076 ,
3476 2008 3573 2064 sed
3597 2009 3782 2078 justutn

2193 2105 2457 2175 judicium
2481 2103 2743 2173 judicate.
2785 2102 3049 2157 Dicebant
3078 2118 3207 2172 ergo
3237 2101 3456 2172 quidam
3479 2116 3548 2156 ex
3575 2099 3782 2155 Jerow-

2202 2197 2399 2268 Iymis:
2457 2195 2648 2250 Nonne
2679 2196 2763 2250 hic
2805 2207 2886 2250 est
2909 2241 2923 2264 ,
2979 2209 3139 2265 quem
3170 2203 3420 2265 qumruut
3451 2193 3782 2249 interficere?

2201 2287 2228 2326 δ
2252 2288 2320 2341 Et
2336 2302 2462 2342 ecce
2481 2288 2654 2358 palam
2680 2288 2916 2357 loquitur
2942 2306 2956 2341 :
2980 2297 3035 2342 et
3063 2287 3196 2341 nihil
3224 2287 3273 2342 ei
3295 2288 3507 2342 dicunt.
3537 2286 3781 2356 Numquid

2202 2399 2328 2438 vere
2371 2389 2747 2453 cognoverunt
2789 2383 3056 2452 principes
3095 2383 3216 2450 quia
3265 2380 3352 2436 hic
3392 2391 3475 2436 est
3505 2378 3781 2435 Christus?

2200 2474 2306 2531 Sed
2338 2475 2480 2528 hunc
2510 2477 2715 2529 scimus
2742 2476 2885 2529 unde
2917 2475 3016 2529 sit:
3045 2475 3290 2528 Chrisrus
3332 2484 3516 2527 autem
3547 2488 3660 2528 cum
3695 2489 3778 2526 ve-

2204 2567 2375 2635 nerit,
2422 2582 2579 2621 nemo
2612 2567 2716 2621 scit
2744 2566 2890 2621 unde
2912 2567 2999 2620 sit.
3027 2568 3234 2638 [miva
3260 2564 3340 2634 5.]
3362 2564 3647 2620 Clamabat
3666 2578 3782 2633 ergo

2201 2657 2357 2713 Jesus
2385 2659 2436 2712 in
2468 2657 2674 2726 templo
2704 2657 2927 2722 docens,
2959 2667 3014 2711 et
3039 2656 3223 2712 dicens
3251 2676 3264 2710 :
3306 2659 3371 2710 Et
3395 2673 3482 2711 me
3516 2658 3696 2722 scitis,
3737 2664 3786 2710 et

2204 2751 2348 2808 unde
2375 2752 2476 2804 sim
2503 2749 2698 2806 scitis:
2733 2761 2785 2805 et
2815 2765 2842 2804 a
2874 2765 2960 2805 me
2990 2750 3107 2820 ipso
3140 2767 3245 2804 non
3276 2751 3437 2815 veni,
3468 2750 3564 2804 sed
3593 2760 3675 2805 est
3703 2765 3786 2804 ve-

2203 2864 2318 2916 rus,
2346 2850 2437 2920 qui
2468 2849 2614 2903 misit
2640 2863 2750 2914 me,
2781 2863 2939 2918 quem
2969 2863 3065 2902 vos
3095 2849 3336 2902 nescitis.
3369 2847 3485 2916 Ego
3506 2848 3622 2903 scio
3645 2861 3784 2901 eum:

2202 2944 2327 3014 quia
2357 2943 2427 2997 ab
2453 2941 2570 3012 ipso
2596 2957 2743 3011 sum,
2765 2953 2819 2997 et
2847 2944 2959 3012 ipse
2985 2956 3073 2996 me
3098 2941 3262 2996 misit.
3299 2941 3526 3011 μίμνει,
3554 2941 3630 3009 1.]
3649 2941 3791 3008 Quae-

2206 3038 2400 3094 rebant
2427 3053 2557 3108 ergo
2585 3053 2708 3093 eum
2733 3036 3173 3106 apprehendere:
3201 3045 3255 3091 et
3285 3052 3446 3091 nemo
3477 3035 3626 3090 misit
3657 3037 3705 3088 in
3733 3033 3789 3088 il-

582 3125 731 3197 ]Cap.
767 3127 899 3195 ιιι.)
932 3126 1061 3182 Post
1095 3127 1212 3183 htec
1244 3138 1420 3182 autem
1472 3128 1787 3182 ambulabat
1831 3127 1990 3182 Jesus
2045 3128 2098 3182 in
2127 3090 2173 3154 Ο
2209 3130 2318 3186 lum
2340 3090 2553 3196 manus,
2573 3131 2697 3199 quia
2719 3130 2956 3185 nondum
2979 3141 3205 3184 venerat
3228 3129 3362 3183 hora
3382 3130 3521 3198 ejus.
3551 3130 3784 3202 [LSSVHL

509 3219 832 3283 Galilaeam;
867 3237 971 3273 non
1001 3220 1144 3275 enim
1179 3222 1395 3274 volebat
1423 3222 1474 3275 in
1519 3221 1762 3276 Iudaeam
1793 3223 2099 3287 ambulare,

509 3312 633 3382 quia
662 3312 977 3382 quaerebant
1021 3328 1148 3368 eum
1179 3312 1349 3367 Judaei
1384 3314 1711 3370 interficere.
1754 3317 1880 3370 Erat
1922 3328 2101 3372 autem

507 3406 563 3460 in
596 3405 843 3473 proximo
872 3405 991 3460 dies
1020 3405 1187 3459 festus
1207 3406 1538 3472 Iudaeorum,
1567 3411 1920 3477 Scenopegia.
1944 3409 2102 3464 Dive-

509 3507 634 3551 runt
680 3505 868 3551 autem
900 3495 966 3550 ad
1015 3511 1138 3551 eum
1188 3496 1383 3552 fratres
1412 3497 1576 3568 ejus:
1633 3498 1826 3554 Transi
1873 3500 2018 3563 hinc.
2051 3512 2109 3556 et

513 3589 651 3646 vade
683 3591 735 3645 in
765 3589 1031 3658 Judaeam,
1069 3598 1126 3645 ut
1174 3598 1231 3646 et
1277 3590 1524 3659 discipuli
1576 3591 1653 3645 tui
1686 3591 1903 3645 videant
1939 3607 2105 3662 opera

510 3693 625 3753 tua,
676 3700 798 3757 qua:
853 3685 1002 3740 facis.
1060 3685 1233 3741 Nemo
1290 3685 1488 3756 quippe
1557 3687 1609 3740 in
1689 3686 1902 3742 occulto
1975 3688 2102 3758 quid

510 3776 682 3846 facit,
735 3785 791 3832 et
831 3779 1022 3848 quaerit
1069 3779 1184 3849 ipse
1212 3779 1263 3832 in
1298 3779 1472 3849 palam
1511 3793 1633 3834 esse
1664 3796 1677 3833 :
1712 3779 1756 3833 si
1787 3777 1902 3834 haec
1935 3779 2066 3834 facis
2089 3821 2104 3846 ,

509 3868 797 3925 manifesta
865 3872 1099 3940 teipsum
1175 3872 1398 3927 mundo.
1461 3871 1646 3942 Neque
1704 3873 1848 3928 enim
1911 3872 2104 3928 fratres

506 3961 626 4031 ejus
675 3961 967 4018 credebant
998 3964 1049 4018 iu
1081 3979 1226 4019 eum.
1272 3964 1413 4020 Dicit
1440 3980 1569 4036 ergo
1612 3965 1692 4022 eis
1719 3964 1913 4020 Jesus:
1948 3966 2107 4019 Tem-

507 4069 608 4126 pus
639 4069 816 4109 meum
857 4059 1097 4109 nondum
1128 4056 1380 4111 advenit:
1417 4066 1627 4125 tempus
1659 4066 1837 4114 autem
1867 4068 2102 4114 vestrum

508 4161 730 4216 semper
775 4155 858 4202 est.
910 4156 1175 4215 paratum.
1237 4147 1351 4202 Non
1402 4157 1583 4218 potest
1633 4151 1863 4204 mundus
1928 4149 2106 4206 odisse

505 4256 635 4297 vos:
672 4255 759 4296 me
788 4247 964 4295 autem
994 4240 1107 4295 odit
1132 4239 1317 4313 (Mart.
1347 4241 1516 4312 audit]
1544 4259 1558 4297 :
1587 4244 1708 4312 quia
1736 4258 1835 4313 ego
1867 4244 2105 4299 testimoo

507 4334 658 4390 nium
692 4332 952 4405 perbibeo
982 4333 1048 4387 de
1083 4333 1208 4399 illo,
1257 4334 1399 4404 quod
1430 4349 1591 4404 Opera
1621 4338 1737 4404 ejus
1778 4338 1914 4391 mala
1955 4348 2100 4394 sunt.

511 4426 617 4482 Vos
643 4425 923 4482 ascendite
947 4425 1012 4480 ad
1036 4425 1178 4482 diem
1211 4426 1406 4482 festum
1441 4426 1613 4494 hunc,
1657 4442 1757 4498 ego
1784 4438 1963 4483 autem
1995 4445 2099 4485 non

507 4518 744 4576 ascendo
781 4518 847 4573 ad
879 4519 1021 4575 diem
1062 4517 1292 4574 festum:
1347 4521 1472 4590 quia
1516 4535 1693 4576 meum
1725 4529 1935 4592 tempus
1963 4539 2099 4578 non-

506 4610 632 4666 dum
655 4611 936 4681 impletum
959 4611 1217 4680 estQuam
1244 4626 1365 4668 cum
1396 4612 1640 4677 dixisset,
1675 4611 1788 4683 ipse
1819 4615 2016 4670 mansit
2048 4617 2098 4670 in

505 4702 744 4760 Galiltea.
790 4703 859 4760 Ut
881 4714 1060 4759 autem
1087 4704 1448 4761 ascenderunt
1478 4705 1672 4762 fratres
1697 4706 1814 4776 ejus
1834 4749 1848 4774 ,
1889 4717 2016 4763 tunc
2050 4719 2105 4764 et

504 4799 622 4870 ipse
640 4799 885 4856 ascendit
907 4799 974 4855 ad
993 4799 1140 4856 diem
1160 4799 1358 4855 fesmm
1383 4814 1487 4855 non
1510 4801 1814 4869 manifeste,
1837 4803 1930 4858 sed
1952 4806 2102 4874 quasi

507 4895 558 4949 in
591 4894 824 4952 occulto.
854 4893 1023 4950 Judaai
1062 4907 1191 4966 ergo
1219 4893 1535 4964 quaarebant
1562 4909 1685 4950 eum
1724 4897 1775 4950 iu
1822 4898 1908 4952 die
1938 4897 2098 4965 festo,

503 4998 559 5045 et
585 4991 870 5048 dicebant:
896 4990 998 5048 Ubi
1028 5000 1112 5048 est
1141 4991 1268 5047 ille?
1297 4989 1365 5046 Et
1393 5007 1639 5046 murmur
1661 4993 1884 5048 multum
1910 4995 2098 5051 eratin

505 5085 661 5140 turba
691 5084 760 5141 de
785 5099 869 5141 eo.
900 5081 1129 5162 Quidam
1155 5085 1296 5141 enim
1321 5085 1604 5142 dicebant:
1637 5086 1768 5153 Quia
1795 5087 1966 5142 bonus
1994 5097 2101 5152 est.

502 5177 606 5234 Alii
629 5187 810 5234 autem
831 5177 1118 5234 dicebant:
1154 5177 1294 5246 Non,
1326 5179 1421 5236 sed
1450 5179 1662 5236 seducit
1691 5179 1893 5235 turbas.
1929 5178 2099 5236 Nemo

504 5280 684 5326 tamen
720 5271 895 5341 palam
928 5272 1246 5341 loquebatur
1275 5273 1341 5328 de
1373 5273 1495 5339 illo,
1527 5282 1748 5344 propter
1778 5284 1979 5329 metum
2008 5277 2103 5330 Ju-

501 5361 766 5421 dmorum.
817 5365 935 5420 Jam
979 5374 1158 5421 autem
1186 5364 1275 5421 die
1318 5363 1458 5422 festo
1499 5367 1806 5433 mediante,
1855 5368 2103 5425 ascet‘idit

576 5527 602 5554 "
630 5524 739 5578 Pro
758 5530 832 5576 est
857 5523 1022 5576 verbo
1043 5523 1152 5576 duo
1182 5540 1212 5578 e
1244 5524 1441 5578 nostris
1471 5541 1602 5580 mss.
1630 5526 1847 5581 obelum
1874 5543 1912 5581 -ξ
1945 5573 1957 5595 ,
1987 5528 2082 5581 mi-

503 5606 603 5647 nus
633 5604 816 5648 tamen
850 5602 1018 5659 recte,
1063 5594 1415 5649 interserunt.

573 5665 600 5703 ι»
631 5663 964 5737 Particulam
991 5662 1078 5729 Et,
1109 5665 1214 5737 duo
1241 5680 1272 5720 e
1294 5667 1494 5737 nostris
1516 5684 1643 5721 mss.
1668 5670 1949 5737 ignorant;
1981 5678 2092 5724 ter-

505 5732 613 5789 tius
645 5732 932 5787 Vaticanus
965 5735 1216 5791 secundis
1245 5735 1392 5790 curis
1430 5732 1712 5807 expungit.
1737 5739 1907 5794 Paulo
1937 5732 2089 5807 ante,

2209 3222 2321 3294 i0.]
2371 3224 2444 3279 De
2475 3223 2627 3278 turba
2658 3233 2836 3278 autem
2865 3223 3018 3278 multi
3045 3222 3393 3279 crediderunt
3439 3223 3497 3276 in
3539 3238 3662 3278 eum
3688 3263 3703 3286 ,
3741 3229 3788 3274 et

2207 3315 2490 3371 dicebant:
2515 3316 2765 3372 Christus
2783 3329 2906 3371 cum
2929 3317 3163 3382 venerit,
3188 3315 3447 3385 numquid
3475 3316 3626 3384 plura
3649 3315 3786 3383 signa

2207 3408 2369 3464 faciet
2397 3426 2556 3477 quam
2589 3425 2712 3481 qua:
2742 3410 2830 3465 hic
2869 3408 3041 3465 facit?
3082 3409 3383 3464 Audiernnt
3417 3408 3665 3478 pharisaei
3695 3419 3789 3459 tur—

2209 3504 2332 3557 bam
2367 3513 2795 3573 murmuranlem
2822 3503 2891 3559 de
2917 3503 3009 3558 illo
3038 3501 3184 3566 haec;
3215 3501 3421 3573 [Lxxix,
3456 3501 3530 3570 1.]
3559 3510 3616 3555 et
3641 3500 3790 3554 mise-

2208 3607 2336 3652 runt
2369 3597 2640 3667 principes
2671 3607 2720 3654 et
2753 3596 3008 3667 pharismi
3052 3597 3350 3660 ministros,
3399 3607 3461 3651 ut
3495 3594 3792 3665 apprehen-

2209 3688 2400 3743 dereut
2425 3703 2569 3743 eum.
2606 3688 2799 3760 [Lxxx,
2831 3688 2941 3760 f0.]
2975 3687 3119 3743 Dixit
3139 3702 3268 3757 ergo
3290 3688 3367 3742 eis
3388 3689 3580 3742 Jesus:
3614 3684 3792 3740 Adhuc

2211 3783 2485 3838 modicum
2527 3791 2741 3854 tempus
2781 3784 3060 3837 vobiscum
3101 3798 3256 3836 sum:
3306 3794 3358 3836 et
3405 3781 3543 3835 vado
3574 3782 3640 3834 ad
3677 3793 3788 3833 eum

2208 3877 2297 3946 qui
2325 3890 2409 3930 me
2438 3877 2604 3929 misit.
2631 3875 2837 3947 ]t.xxxt,
2866 3874 2978 3946 l0.]
3015 3885 3036 3913 ε
3057 3875 3324 3942 ρυτειειὶε
3355 3889 3464 3940 ιιιε,
3492 3884 3549 3929 et
3575 3889 3680 3928 non
3713 3873 3788 3926 iu-

2210 3969 2478 4024 venietis:
2524 3979 2576 4022 et
2607 3969 2693 4022 ubi
2735 3984 2834 4039 ego
2865 3984 3014 4034 sum,
3068 3983 3166 4022 vos
3195 3984 3298 4022 non
3336 3967 3563 4037 potestis
3592 3965 3784 4020 venire.

2205 4063 2478 4119 Dixerunt
2511 4079 2641 4134 ergo
2666 4064 2839 4118 Judaei
2875 4064 2940 4116 ad
2972 4063 3300 4131 semetipsos
3325 4078 3338 4114 :
3363 4062 3484 4128 Quo
3517 4061 3600 4114 hic
3630 4062 3785 4112 iturus

2211 4169 2316 4226 est,
2349 4157 2471 4228 quia
2518 4172 2625 4210 non
2658 4157 3001 4212 inveniemus
3030 4156 3186 4211 eum?
3218 4154 3478 4224 numquid
3509 4154 3559 4209 in
3591 4153 3784 4222 disper-

2210 4250 2416 4304 sionem
2443 4249 2681 4318 gentiqu
2716 4250 2889 4304 iturus
2915 4258 3018 4312 est,
3048 4258 3104 4302 et
3130 4247 3388 4302 docturus
3418 4248 3637 4317 gentes?
3663 4244 3783 4312 Quis

2210 4353 2294 4399 est
2323 4343 2411 4399 hic
2435 4359 2638 4407 sermo,
2668 4359 2828 4409 quem
2859 4343 3025 4398 dixit:
3068 4342 3337 4410 Qumrelis
3365 4358 3483 4407 me,
3509 4353 3560 4395 el
3584 4356 3682 4394 non
3711 4339 3783 4391 in-

2209 4437 2481 4493 venietis:
2529 4445 2582 4490 et
2611 4435 2697 4491 ubi
2731 4451 2848 4488 sum
2881 4451 3002 4506 ego,
3039 4451 3137 4489 vos
3181 4453 3286 4489 non
3329 4436 3551 4501 potestis
3588 4434 3777 4486 venire.

2212 4529 2266 4584 lu
2298 4529 2596 4585 novissimo
2638 4537 2817 4582 autem
2863 4529 2951 4582 die
2993 4543 3190 4599 magno
3231 4528 3563 4592 festivitatis,
3611 4522 3780 4578 stabat

2208 4622 2399 4690 Jesus,
2437 4629 2492 4676 et
2518 4621 2816 4687 clamabat,
2851 4621 3075 4676 dicens:
3117 4621 3173 4675 Si
3200 4622 3320 4690 quis
3351 4620 3494 4684 sitit,
3522 4617 3682 4672 veniat
3712 4611 3777 4666 ad

2211 4730 2320 4782 me,
2349 4722 2402 4770 et
2427 4713 2593 4768 bibat.
2620 4713 2720 4780 Qui
2749 4713 2924 4768 credit
2954 4715 3004 4767 iu
3039 4729 3145 4776 me,
3182 4714 3321 4767 sicut
3345 4712 3477 4768 dicit
3499 4710 3778 4778 Scriptura,

2208 4806 2428 4862 flumina
2459 4805 2527 4861 de
2554 4814 2739 4860 ventre
2770 4807 2888 4873 ejus
2920 4806 3090 4862 fluent
3123 4820 3276 4875 aqua:
3303 4809 3458 4859 vivaa.
3489 4804 3596 4858 Hoc
3616 4807 3778 4854 autem

2209 4903 2346 4959 divit
2373 4902 2438 4956 de
2469 4902 2708 4973 Spiritu,
2739 4918 2900 4972 quem
2934 4901 3207 4970 accepturi
3237 4909 3393 4954 erant
3422 4899 3701 4956 credentes
3732 4894 3778 4944 in

2208 5011 2334 5050 eum
2363 5013 2378 5050 :
2424 4994 2663 5050 nondum
2695 4995 2838 5049 enim
2864 5002 2982 5049 erat
3006 4994 3238 5063 Spiritus
3272 4991 3434 5046 datus
3454 5034 3466 5057 ,
3497 4991 3616 5062 quia
3635 4986 3777 5041 Iesus

2209 5088 2446 5144 nondum
2486 5097 2603 5142 erat
2637 5086 2990 5157 glorificatus.
3037 5088 3263 5158 quit,
3295 5083 3374 5156 7.]
3429 5085 3506 5138 Ex
3546 5083 3627 5137 illa
3657 5091 3775 5147 ergo

2209 5183 2363 5236 turba
2393 5196 2514 5236 cum
2543 5180 2822 5236 audissent
2854 5181 2950 5234 hos
2991 5193 3270 5234 sermones
3312 5179 3429 5248 ejus
3450 5223 3463 5244 ,
3513 5174 3769 5231 dicebant:

2209 5275 2306 5330 llic
2335 5283 2419 5329 est
2447 5288 2576 5329 vere
2608 5273 2900 5344 Propheta.
2943 5271 3046 5328 Alii
3088 5271 3370 5327 dicebant:
3409 5273 3504 5326 llic
3533 5278 3610 5324 est
3633 5264 3772 5321 Chri-

2205 5377 2344 5424 stus.
2373 5369 2624 5439 ]t.xxxm,
2652 5365 2734 5436 7.]
2764 5365 2993 5434 Quidam
3022 5374 3200 5419 autem
3226 5364 3504 5419 dicebant:
3529 5353 3768 5425 Numquid

2192 5543 2289 5598 pro
2308 5544 2381 5603 ex.
2392 5526 2750 5603 Jerosofguzis,
2779 5527 2830 5581 in
2854 5526 3044 5582 Graeco
3065 5535 3166 5590 est,
3186 5528 3239 5581 ἐκ
3261 5535 3359 5582 τῶν
3381 5526 3768 5603 Ἱεροσολυμιτῶν

2201 5614 2266 5652 ex
2293 5598 2323 5652 Ι
2333 5599 2691 5668 erosolymitis.

2277 5681 2298 5707 ε
2329 5667 2515 5723 Minus
2537 5679 2681 5724 recte
2711 5669 2761 5722 in
2794 5668 3009 5723 insuinti
3039 5667 3244 5722 habent
3272 5669 3484 5738 quidam
3520 5681 3638 5719 ιιιςε,
3667 5673 3765 5717 tum

2205 5741 2315 5808 hic,
2343 5754 2466 5796 cum
2497 5742 2655 5812 paulo
2683 5747 2822 5811 post,
2857 5739 3119 5806 Quwritia,
3153 5755 3252 5809 pro
3284 5740 3551 5804 Quereris.
