3920 6200
128 288 222 345 665
1084 275 1479 335 EVANGELIU
1492 277 1537 332 Μ
1577 272 1954 333 SECUNDUM
1996 272 2337 331 JOANNEM.

3270 270 3375 331 666

126 419 154 458 a
175 400 383 455 Galilzea
409 393 834 452 venitChristtts?
856 391 1040 447 Nonne
1058 394 1333 463 Scriptura
1355 394 1514 447 dicit:
1542 392 1673 459 Quia
1709 395 1749 451 Α
1784 390 1953 459 scitis,
1986 405 2159 459 neque
2186 389 2400 443 Patrem
2433 403 2611 443 meum
2646 405 2659 442 ;
2693 387 2740 441 si
2772 402 2860 442 me
2885 388 3117 455 sciretis,
3150 386 3373 443 [οι-είιθη

126 511 185 550 ex
218 492 416 547 semine
450 487 599 543 David
622 530 636 549 ,
685 494 737 540 et
766 485 831 541 de
860 485 1222 540 Beth~Lehem
1245 529 1257 547 ,
1290 486 1549 551 castello,
1586 485 1672 539 ubi

122 594 233 641 erat
263 580 447 645 David,
484 584 626 633 venit
649 578 926 632 Christus?
960 578 1209 649 [LXXXIV,
1244 578 1353 648 l0.]
1404 579 1674 633 Dissensio

120 678 288 746 itaque
320 674 451 727 facta
479 680 559 725 est
592 670 644 725 in
682 671 831 725 turba
865 680 1087 741 propter
1120 688 1263 725 eum.
1312 674 1513 743 [Lxxxv
1535 713 1550 738 ,
1596 671 1672 739 1.]

117 768 324 836 Quidam
354 773 527 819 autem
556 779 619 818 ex
647 764 774 832 ipsis
798 764 1049 819 volebant
1078 765 1485 834 apprehendere
1514 780 1672 821 eum:

118 860 200 914 Sed
220 873 367 913 nemo
388 856 531 911 misit
552 871 711 926 super
731 872 850 911 eum
878 872 1085 911 manus.
1110 860 1351 927 |Lxxxvt,
1372 858 1482 927 10.]
1509 857 1677 912 Vene-

118 960 227 1003 runt
263 964 385 1017 ergo
427 948 659 1001 ministri
699 947 762 1001 ad
796 947 1111 1017 pontiﬁces,
1154 959 1206 1002 et
1248 948 1560 1016 pltariszeos.
1612 952 1675 1004 Et

116 1043 342 1097 dixerunt
371 1042 449 1095 eis
484 1041 593 1094 illi:
642 1042 819 1106 Quare
852 1056 957 1094 non
1000 1041 1304 1095 adduxistis
1339 1042 1532 1096 illum?
1566 1043 1672 1097 Re-

114 1133 419 1201 sponderunt
451 1132 714 1186 ministri:
764 1131 1065 1202 Numquam
1102 1134 1179 1187 sic
1216 1134 1429 1189 locutus
1464 1145 1542 1188 est
1579 1134 1675 1187 ho-

115 1240 220 1289 mo,
256 1225 387 1277 sicut
416 1223 502 1277 hic
535 1222 716 1277 homo.
770 1224 1192 1293 Responderunt
1225 1242 1356 1295 ergo
1388 1228 1466 1279 eis
1495 1226 1677 1294 phati-

110 1317 220 1369 smi:
267 1314 529 1383 Numquid
582 1326 637 1369 et
683 1331 778 1371 vos
819 1317 1027 1371 seducti
1078 1318 1257 1371 estis?
1290 1318 1557 1387 Numquid
1608 1334 1673 1373 ex

114 1407 415 1477 principibus
453 1408 645 1476 aliquis
693 1408 922 1463 credidit
966 1410 1015 1463 in
1065 1425 1230 1476 eum,
1281 1420 1373 1465 aut
1423 1427 1490 1466 ex
1540 1411 1673 1482 pha-

115 1502 292 1554 riszcis?
336 1500 429 1555 sed
464 1501 611 1555 turba
645 1500 758 1556 haec
780 1544 794 1568 ,
844 1518 966 1572 qua:
993 1519 1100 1556 non
1131 1504 1275 1558 novit
1317 1505 1519 1574 legem,
1563 1522 1675 1559 tua-

117 1593 264 1646 ledicti
300 1602 444 1646 sunt.
513 1594 649 1650 Dixit
681 1594 1007 1649 Nicodemus
1045 1596 1109 1649 ad
1142 1611 1265 1665 eos,
1316 1598 1404 1651 ille
1443 1600 1533 1667 qui
1582 1614 1675 1654 ve-

117 1686 178 1740 tiit
212 1685 269 1740 ad
310 1702 428 1740 cum
476 1697 669 1753 nocte,
721 1689 815 1757 qui
853 1704 991 1741 unus
1036 1700 1153 1743 erat
1188 1706 1253 1745 ex
1294 1690 1457 1759 ipsis:
1510 1690 1675 1745 Num-

1780 493 1833 537 et
1864 482 2073 537 Patrem
2107 498 2287 536 meum
2322 482 2555 537 sciretis.
2602 480 2890 553 ]Lxxxvnt,
2932 484 2999 533 t.‘
3048 482 3175 537 llaec
3213 484 3375 537 verba

1778 577 1991 631 locutus
2015 585 2099 631 est
2122 576 2281 632 Jesus
2309 576 2359 630 in
2391 577 2796 647 gazOphylacio,
2830 576 3034 630 docens
3064 577 3117 630 in
3142 576 3374 646 templo:

1777 678 1831 724 et
1860 686 2017 724 nemo
2043 669 2401 736 apprehendit
2424 685 2571 733 eum,
2598 670 2718 739 quia
2746 670 2973 724 necdum
2999 678 3222 723 venerat
3245 669 3375 725 hora

1777 762 1913 829 ejus.
1951 761 2195 832 [Lxxxtx,
2232 761 2336 831 lO].
2372 762 2517 814 Dixit
2553 778 2683 831 ergo
2716 763 2909 817 iterum
2940 764 3017 817 eis
3041 762 3199 817 Jesus
3224 783 3233 816 :
3262 764 3373 833 Ego

1775 852 1934 909 vado:
1965 863 2019 906 et
2050 864 2071 891 ο
2106 854 2359 921 quaeretis
2394 870 2479 908 me
2501 898 2513 917 ,
2550 866 2602 907 et
2632 857 2680 906 in
2710 865 2933 923 peccato
2968 866 3147 909 vestro
3179 858 3374 910 morie-

1778 946 1932 1000 mini.
1978 947 2091 1012 Quo
2124 962 2224 1015 ego
2258 947 2417 1010 vado,
2448 963 2543 1000 vos
2575 963 2679 1000 non
2712 948 2939 1015 potestis
2972 949 3177 1002 venire.
3225 950 3375 1004 Dice—

1779 1037 1905 1091 bant
1942 1052 2073 1105 et'go
2103 1037 2272 1091 Judmi
2301 1056 2311 1090 :
2363 1037 2631 1105 Numquid
2676 1040 2960 1094 intetliciet
2992 1041 3367 1110 semetipsum,

1777 1130 1898 1195 quia
1932 1130 2111 1188 dixit;
2156 1132 2271 1196 Quo
2304 1146 2402 1199 ego
2435 1132 2590 1197 vado,
2637 1148 2729 1184 vos
2759 1150 2861 1184 non
2894 1133 3121 1200 potestis
3152 1133 3374 1193 venire?

1778 1221 1841 1274 lit
1862 1220 2079 1276 dicebat
2099 1222 2176 1275 eis
2200 1237 2213 1278 :
2240 1222 2347 1276 Vos
2369 1222 2435 1276 de
2459 1224 2714 1277 deorsum
2742 1226 2893 1291 estis,
2920 1240 3020 1293 ego
3037 1224 3103 1279 de
3123 1224 3371 1293 supernis

1776 1331 1915 1370 sum.
1960 1316 2069 1370 Vos
2107 1316 2173 1371 de
2200 1317 2402 1371 mundo
2430 1317 2531 1371 hoc
2559 1318 2721 1382 estis,
2753 1332 2854 1386 ego
2887 1334 2991 1370 non
3022 1334 3139 1371 sum
3172 1316 3239 1371 de
3268 1316 3372 1373 hoc

1777 1409 2001 1464 mundo.
2035 1410 2150 1463 Dixi
2182 1426 2311 1481 ergo
2343 1411 2525 1473 vobis,
2558 1413 2680 1480 quia
2719 1410 3024 1464 moriemini
3054 1411 3105 1464 in
3135 1411 3371 1481 peccatis

1778 1504 2007 1557 vestris:
2041 1504 2084 1557 si
2118 1504 2259 1557 enim
2292 1517 2395 1557 non
2423 1502 2767 1558 credideritis
2796 1504 2918 1572 quia
2948 1518 3047 1572 ego
3072 1518 3221 1568 sum,
3254 1519 3371 1558 mo-

1778 1594 1991 1648 riemini
2017 1595 2068 1647 iu
2095 1606 2314 1664 peccato
2348 1604 2550 1649 vestro.
2594 1594 2852 1649 Dicebant
2876 1609 3005 1663 ergo
3027 1596 3104 1647 ei:
3140 1594 3220 1648 Tu
3246 1593 3367 1664 quis

1777 1686 1875 1741 es?
1928 1686 2071 1740 Dixit
2100 1686 2179 1741 eis
2215 1686 2373 1741 Jesus
2403 1705 2413 1739 :
2454 1686 2815 1755 Principium,
2852 1688 2938 1756 qui
2970 1685 3097 1757 [Ms.
3134 1686 3283 1757 quia]
3316 1694 3370 1741 et

112 1780 217 1847 quid
246 1780 322 1834 lex
348 1790 532 1835 nostra
554 1780 760 1849 judicat
788 1782 1088 1850 hominem,
1126 1786 1223 1838 nisi
1257 1787 1403 1853 prius
1435 1785 1663 1840 audierit

1772 1780 1963 1849 loquor
1986 1780 2158 1835 vobis.
2180 1781 2339 1835 Multi
2366 1781 2537 1834 habeo
2558 1780 2625 1836 de
2654 1781 2805 1835 vobis
2830 1781 2997 1851 loqui,
3014 1792 3063 1834 et
3083 1781 3362 1850 judicare;

112 1875 169 1927 ab
207 1874 337 1943 ipso,
387 1884 439 1929 et
468 1879 784 1946 cognoverit
820 1878 946 1946 quid
982 1879 1181 1933 faciat?
1230 1880 1665 1950 Responderunt,

111 1978 155 2022 et
184 1968 408 2023 dixerunt
437 1969 488 2024 ei
517 1988 529 2023 :
584 1970 853 2041 Numquid
895 1984 950 2026 et
994 1984 1048 2026 tu
1074 1973 1331 2027 Galilaeus
1364 1975 1460 2026 es?
1504 1974 1669 2028 Scru-

111 2071 242 2115 lareﬂ
268 2061 593 2132 Scripturas,
622 2074 676 2119 et
697 2064 819 2120 vide
840 2066 964 2134 quia
988 2080 1015 2118 a
1038 2064 1254 2119 Galilara
1270 2067 1534 2136 Propheta
1562 2082 1665 2120 non

110 2156 269 2222 surgit.
302 2155 364 2208 Et
384 2156 594 2211 reversi
616 2168 740 2211 sunt
764 2156 1138 2226 unusquisque
1161 2158 1211 2211 in
1244 2160 1463 2212 domum
1491 2174 1664 2213 suam.

167 2244 296 2316 [Cap.
341 2246 494 2319 \’lll.]
534 2248 695 2304 Jesus
724 2257 903 2304 autem
933 2252 1173 2318 perrexit
1206 2250 1256 2303 in
1287 2260 1527 2305 montem
1553 2252 1665 2305 Oli-

109 2340 219 2391 vcti:
248 2351 296 2395 et
328 2340 568 2396 diluculo
603 2343 794 2398 iterum
830 2344 977 2398 venit
1004 2344 1057 2397 in
1096 2343 1377 2413 templum,
1410 2356 1463 2397 et
1493 2346 1667 2401 omnis

109 2430 299 2499 papirius
328 2433 472 2486 venit
496 2434 568 2487 ad
593 2449 739 2499 eum,
768 2444 823 2489 et
855 2434 1051 2489 sedens
1077 2435 1307 2489 docebat
1331 2451 1457 2490 eos:
1486 2436 1668 2490 Addu-

107 2533 208 2578 eunt
248 2533 416 2579 autem
448 2527 653 2579 scrihze
679 2536 732 2581 et
757 2526 1011 2596 pharisaei
1044 2527 1339 2595 mulierem
1372 2527 1425 2581 in
1460 2528 1666 2583 adulte-

108 2614 172 2666 rio
202 2616 622 2685 deprehensam:
668 2628 721 2674 et
760 2628 1063 2673 statuerunt
1102 2635 1220 2674 eam
1264 2620 1314 2674 itt
1356 2622 1562 2687 medio,
1614 2630 1668 2675 et

106 2706 315 2764 dixerunt
340 2713 385 2766 ei
418 2731 428 2764 :
463 2712 745 2781 Magister,
782 2713 896 2768 haec
926 2714 1121 2768 mulier
1143 2716 1306 2768 modo
1329 2715 1664 2784 deprehensa

105 2802 230 2853 estin
259 2802 547 2858 adulterio.
581 2804 638 2857 In
671 2804 785 2874 lege
812 2814 990 2859 autent
1022 2807 1236 2876 Moyses
1270 2807 1543 2861 mandavit
1570 2823 1666 2861 tto-

104 2891 419 2963 bisltujusmo
442 2897 475 2951 li
506 2898 771 2966 lapidare.
805 2898 883 2952 Tu
914 2914 1042 2967 ergo
1076 2900 1200 2969 quid
1228 2899 1410 2955 dicis?
1440 2901 1552 2955 iloc
1570 2917 1666 2955 au-

102 2994 186 3039 tem
228 2989 463 3045 dieebant
512 2999 794 3046 tentantes
836 3008 955 3045 eum
984 3033 999 3054 .
1052 3002 1107 3045 ttt
1153 3002 1371 3059 possent
1406 3009 1665 3049 accusare

100 3094 218 3134 eum.
246 3082 393 3135 Jestts
421 3094 614 3137 autem
660 3084 927 3137 inclinans
950 3100 1006 3138 se
1032 3084 1308 3150 deorsum,
1341 3085 1507 3154 digito
1530 3085 1665 3139 scri-

1772 1874 1865 1929 sed
1900 1875 1986 1945 qui
2012 1890 2099 1929 me
2122 1875 2287 1938 misit,
2318 1890 2481 1929 verax
2508 1884 2618 1929 est:
2644 1887 2694 1929 et
2718 1890 2818 1945 ego
2840 1891 2956 1944 quze
2981 1873 3159 1928 audivi
3184 1874 3251 1927 ab
3276 1888 3363 1939 eo,

1772 1968 1886 2021 licet:
1916 1969 2107 2037 loquor
2142 1970 2190 2022 in
2225 1968 2443 2023 mundo.
2486 1970 2550 2022 Et
2576 1983 2681 2023 non
2716 1977 3088 2039 cognoverunt
3114 1967 3236 2037 quia
3263 1966 3365 2020 Pa-

1773 2067 1907 2114 trem
1936 2060 2052 2129 ejus
2081 2060 2293 2116 dicebat
2325 2060 2514 2115 Deum.
2559 2061 2705 2115 Dixit
2735 2077 2864 2131 ergo
2897 2061 2978 2116 eis
3005 2060 3197 2115 Jesus:
3228 2058 3364 2114 Cum

1771 2153 2146 2207 exaltaveritis
2180 2154 2369 2207 Filium
2400 2155 2663 2218 hominis,
2702 2166 2824 2208 tunc
2861 2157 3201 2224 cognoscetis
3240 2153 3365 2224 quia

1772 2258 1871 2313 ego
1894 2258 2032 2307 sum,
2059 2254 2111 2297 et
2134 2259 2162 2296 a
2187 2246 2390 2311 nieipso
2418 2244 2556 2300 facio
2588 2244 2744 2308 nihil,
2776 2244 2870 2299 sed
2906 2248 3044 2299 sicut
3068 2246 3256 2299 docuit
3277 2260 3361 2301 me

1772 2335 1952 2401 Pater,
1984 2336 2112 2405 .bmc
2138 2336 2331 2403 loquor
2366 2356 2376 2389 :
2408 2346 2460 2390 et
2491 2338 2580 2407 qui
2614 2354 2696 2392 me
2724 2338 2893 2402 misit,
2920 2353 3128 2392 mecum
3155 2347 3258 2403 est,
3309 2346 3366 2393 et

1772 2444 1877 2484 non
1902 2429 2116 2501 reliquit
2149 2446 2231 2483 me
2255 2431 2457 2484 solum:
2479 2432 2599 2499 quia
2630 2446 2751 2500 ego,
2776 2446 2895 2499 quae
2921 2431 3113 2499 placita
3140 2438 3269 2483 sunt
3287 2431 3360 2495 ei,

1770 2524 1907 2578 facio
1935 2540 2173 2593 semper.
2210 2524 2333 2579 lla-c
2366 2524 2457 2578 illo
2488 2525 2780 2595 loquente,
2826 2525 2980 2578 multi
3012 2524 3364 2579 crediderunt

1771 2616 1824 2670 in
1858 2632 2003 2670 eum.
2052 2617 2271 2671 Dicebat
2300 2632 2431 2686 ergo
2458 2616 2617 2671 Jesus
2642 2618 2706 2672 ad
2738 2618 2980 2688 eos,'qui
3012 2617 3365 2673 crediderunt

1770 2712 1817 2767 ei
1839 2712 2089 2767 .ludteos:
2123 2712 2178 2767 Si
2206 2728 2300 2766 vos
2336 2712 2645 2767 tuanseritis
2680 2714 2731 2767 in
2766 2728 3017 2767 sermone
3048 2728 3201 2779 meo,
3237 2727 3362 2768 vere

1770 2804 2016 2871 discipuli
2051 2804 2153 2858 mei
2185 2805 2339 2859 eritis
2367 2822 2377 2856 :
2410 2813 2462 2857 et
2484 2804 2827 2873 cognoscetis
2857 2807 3161 2868 veritatem,
3188 2814 3241 2859 et
3265 2819 3360 2859 ve-

1770 2898 1903 2949 ritas
1928 2896 2179 2950 liberabit
2208 2913 2325 2951 vos.
2358 2897 2776 2966 Reqonderttut
2802 2898 2880 2951 ci:
2911 2897 3103 2951 Semen
3130 2898 3361 2952 Abraltm

1769 3004 1977 3054 smnus,
2008 2999 2061 3044 et
2093 2990 2293 3044 nemini
2317 2990 2637 3043 servivitntts
2670 3006 2958 3061 umquam:
3000 2990 3271 3059 quomodo
3306 2999 3360 3044 tu

1769 3082 1943 3145 dicis,
1992 3082 2173 3136 Liberi
2218 3082 2411 3135 erilis?
2460 3082 2760 3152 Respondit
2802 3083 2881 3138 eis
2921 3082 3077 3138 Jesus
3114 3100 3127 3136 :
3163 3086 3359 3151 Amen,

101 3170 230 3225 behat
250 3175 296 3227 in
321 3185 480 3229 tetra.
510 3176 654 3229 Cum
680 3191 807 3246 ergo
832 3187 1244 3245 perseverarent
1268 3180 1662 3248 interrogantes
1690 3164 1735 3231 C
1769 3189 1923 3228 amen
1950 3174 2072 3228 dico
2103 3176 2286 3228 vobis:
2318 3176 2437 3243 quia
2467 3177 2642 3229 omnis
2666 3177 2757 3246 qui
2787 3176 2909 3229 facit
2930 3184 3226 3245 peceatum,
3252 3191 3367 3230 ser-

101 3279 216 3329 cum,
244 3270 402 3323 erexit
426 3285 509 3333 se,
549 3280 599 3323 ει
629 3269 762 3322 dixit
788 3270 867 3323 eis
892 3288 903 3323 :
932 3269 1031 3335 Qui
1053 3270 1169 3323 sine
1194 3280 1412 3338 peccato
1437 3281 1519 3326 est
1543 3288 1661 3327 ves-

102 3367 243 3427 trum,
275 3364 475 3431 primus
508 3364 567 3419 in
600 3365 745 3420 illam
782 3366 1012 3434 lapidem
1044 3368 1241 3421 mittat.
1288 3368 1349 3421 Et
1383 3353 1573 3423 iterum
1602 3383 1660 3423 se

101 3453 351 3524 inclinans,
386 3459 671 3515 scribebat
700 3462 749 3513 in
782 3470 945 3515 terra.
992 3462 1284 3517 Audientes
1312 3472 1489 3517 autem
1524 3478 1660 3518 unus

98 3556 193 3611 post
219 3564 368 3603 unum
397 3552 661 3616 exibant,
711 3553 1033 3622 incipientes
1063 3570 1091 3607 a
1124 3555 1457 3609 senioribus:
1496 3564 1552 3609 et
1576 3572 1662 3609 re-

96 3643 258 3697 mansit
282 3645 423 3699 solus
455 3645 480 3683 δ
537 3644 718 3711 Jesus,
744 3654 798 3701 ct
831 3646 1023 3699 mulier
1055 3648 1106 3700 iit
1139 3647 1316 3701 medio
1343 3657 1514 3703 stans.
1543 3648 1658 3702 Eri-

98 3749 205 3802 gens
227 3750 394 3795 autem
428 3756 485 3795 se
530 3739 705 3805 Jesus,
742 3741 877 3795 dixit
908 3742 956 3796 ei
985 3760 995 3794 ε
1031 3744 1238 3807 Mulier,
1275 3743 1361 3796 ubi
1397 3755 1541 3807 sunt,
1570 3744 1659 3815 qui

98 3836 136 3879 te
158 3833 525 3887 accusabant?
574 3848 733 3886 nemo
769 3843 818 3886 te
849 3834 1273 3888 condemnavit?
1320 3835 1451 3903 Qum
1482 3836 1656 3890 dixit:

95 3915 253 3989 Nemo,
282 3922 540 3980 Domine.
578 3925 718 3979 Dixit
746 3934 927 3981 autem
957 3926 1116 3981 Jesus
1142 3946 1153 3980 :
1184 3928 1289 3983 Nec
1318 3946 1420 4000 ego
1449 3940 1499 3985 te
1526 3947 1656 3986 con-

92 4010 342 4072 demnabo.
377 4018 533 4073 Vade
556 4059 569 4083 ,
595 4020 775 4086 etiam
797 4022 1031 4091 amplius
1054 4022 1158 4075 noli
1187 4038 1429 4091 peccare.
1464 4025 1657 4081 lterum

95 4117 198 4175 ergo
225 4108 426 4165 loeutus
447 4120 543 4165 est
568 4111 646 4165 eis
670 4110 798 4165 Jcsu
817 4144 849 4177 -,
872 4113 1091 4167 dicens:
1120 4114 1232 4183 Ego
1252 4130 1368 4169 sum
1392 4116 1477 4170 lux
1506 4134 1661 4173 mun-

93 4195 160 4253 di:
194 4202 276 4269 qui
306 4205 564 4274 sequitur
593 4220 711 4266 me,
761 4221 866 4259 non
915 4208 1157 4263 ambulat
1182 4210 1230 4261 in
1262 4211 1531 4279 tenebris,
1566 4214 1659 4269 sed

92 4286 278 4348 habebit
301 4295 483 4351 lumen
521 4298 665 4351 vitte.
711 4298 970 4353 Dixerunt
1000 4315 1132 4370 ergo
1167 4300 1213 4355 ei
1244 4302 1493 4370 pharisrei
1528 4322 1540 4359 :
1580 4306 1659 4360 Tu

92 4380 143 4436 de
171 4394 214 4439 te
240 4387 350 4457 ipso
383 4389 761 4444 testimonium
797 4392 1081 4457 perhibes:
1113 4395 1477 4451 testimonium
1508 4407 1658 4453 tuum

93 4488 179 4529 non
206 4488 280 4533 est
308 4496 524 4536 verum.
568 4481 871 4552 Respondit
901 4484 1091 4553 Jesus,
1121 4499 1174 4542 et
1205 4488 1344 4542 dixit
1371 4492 1482 4543 eis:
1518 4492 1579 4545 Et
1614 4493 1656 4545 si

1764 3282 1862 3320 vus
1890 3274 1973 3321 est
2012 3270 2235 3335 peccati.
2274 3268 2477 3321 Servus
2501 3279 2679 3323 autem
2710 3284 2814 3321 non
2843 3278 3021 3323 manet
3046 3269 3095 3322 in
3124 3269 3357 3323 domoin

1764 3370 2023 3413 aeternum
2057 3377 2069 3414 :
2099 3360 2239 3413 [ilius
2276 3374 2453 3417 autem
2502 3373 2681 3416 manet
2724 3363 2774 3415 in
2808 3372 3088 3432 aeternum.
3142 3362 3197 3417 Si
3230 3377 3359 3432 ergo

1764 3469 1861 3507 vos
1906 3454 2045 3509 lilius
2087 3455 2431 3519 liberaverit,
2483 3470 2609 3509 vere
2650 3456 2800 3509 liberi
2843 3455 3012 3509 eritis.
3071 3453 3198 3510 Seio
3237 3456 3360 3525 quia

1765 3548 1861 3602 ﬁlii
1912 3549 2141 3603 Abraltte
2209 3549 2340 3603 estis
2386 3567 2398 3602 :
2445 3550 2536 3602 sed
2582 3551 2821 3619 quasritis
2875 3564 2961 3603 me
3019 3550 3357 3615 interlicere,

1764 3642 1887 3711 quia
1919 3657 2097 3696 sermo
2132 3657 2282 3696 meus
2314 3658 2416 3695 non
2450 3643 2590 3711 capit
2621 3644 2671 3696 itt
2704 3643 2873 3697 Vobis.
2928 3645 3037 3711 ligo
3066 3642 3207 3711 quod
3254 3642 3358 3695 vidi

1764 3734 1901 3802 apud
1934 3734 2145 3787 Patrem
2175 3749 2378 3798 meum,
2408 3735 2630 3802 loquor:
2659 3743 2709 3787 et
2732 3749 2826 3788 vos
2850 3749 2968 3802 quae
2991 3732 3197 3787 vidistis
3220 3732 3363 3802 apud

1767 3839 1969 3895 patrem
1988 3838 2249 3889 vestrum,
2275 3828 2464 3881 facitis.
2485 3829 2924 3897 Responderunt,
2943 3838 2997 3883 et
3013 3828 3360 3887 dixcrtttttei;

1764 3919 1921 3973 l’uter
1950 3933 2135 3975 noster
2172 3920 2443 3974 Abraham
2489 3931 2589 3974 est.
2635 3921 2770 3975 Dicit
2810 3923 2887 3975 eis
2936 3921 3134 3976 Jesus:
3173 3922 3229 3977 Si
3262 3922 3357 3976 lilii

1767 4013 2008 4066 Abrahae
2056 4014 2222 4080 estis,
2274 4029 2435 4083 opera
2483 4014 2714 4068 Abralne
2765 4015 2944 4069 facile.
2978 4016 3130 4074 Nunc
3177 4028 3360 4071 autem

1765 4110 2009 4177 quatritis
2042 4125 2126 4163 me
2160 4108 2487 4175 interﬁcere,
2515 4110 2790 4165 hominem
2824 4114 2912 4182 qui
2954 4112 3235 4168 veritatem
3270 4128 3363 4166 vo-

1764 4198 1847 4252 bis
1879 4199 2090 4252 locutus
2122 4214 2261 4260 sum,
2299 4217 2457 4267 quam
2486 4202 2669 4257 audivi
2703 4220 2728 4255 a
2761 4202 2871 4258 Deo
2906 4221 2919 4257 :
2954 4205 3054 4259 hoc
3083 4205 3359 4259 Abraham

1766 4304 1871 4342 non
1900 4288 2041 4343 fecit.
2078 4289 2184 4342 Vos
2218 4290 2394 4344 facitis
2436 4308 2597 4363 opera
2650 4294 2820 4363 patris
2872 4297 3057 4349 vesiri.
3094 4296 3363 4348 D.xc.uut

1766 4385 1947 4451 itaque
1979 4386 2025 4439 ei
2051 4384 2184 4439 :Nos
2212 4402 2274 4439 ex
2304 4387 2659 4441 furniCaIimte
2690 4404 2792 4440 non
2824 4404 3008 4441 sumus
3035 4390 3141 4440 nati
3162 4406 3172 4439 :
3193 4404 3358 4442 ttnttttt

1768 4488 1974 4541 patrem
2023 4478 2283 4531 habemus
2330 4479 2518 4532 liettttt.
2574 4480 2715 4532 Dixit
2758 4493 2888 4547 ergo
2936 4481 3014 4533 eis
3058 4481 3219 4533 Jesus
3254 4497 3266 4535 :
3300 4481 3353 4533 Si

94 4581 173 4636 ego
204 4576 572 4632 testimonium
604 4578 863 4646 perhibeo
894 4579 961 4633 de
989 4580 1214 4650 meipso,
1248 4598 1433 4635 verum
1468 4594 1552 4639 est
1582 4595 1659 4639 te-

1770 4566 1908 4620 Deus
1942 4580 2091 4637 pater
2123 4578 2300 4623 vester
2331 4585 2362 4623 e
2396 4582 2499 4635 set,
2549 4571 2847 4638 diligeretis
2883 4572 3063 4640 utique
3098 4588 3203 4625 me.
3242 4571 3355 4643 Ego

92 4662 373 4722 StitnOnium
405 4686 623 4725 meum:
655 4670 781 4741 quia
807 4672 918 4725 scio
942 4671 1081 4725 unde
1113 4673 1252 4737 veni,
1280 4684 1334 4727 et
1355 4690 1462 4743 quo
1488 4676 1654 4741 vado;

93 4766 173 4808 vos
196 4772 361 4816 autem
404 4763 628 4818 nescitis
664 4763 805 4819 unde
842 4766 1035 4830 venio,
1084 4776 1173 4819 aut
1204 4783 1311 4833 quo
1348 4770 1501 4823 vado.
1552 4769 1656 4823 Vos

90 4850 356 4907 secundum
386 4870 610 4909 carnem
631 4855 924 4924 judicatis;
970 4872 1068 4929 ego
1109 4875 1215 4913 non
1249 4860 1438 4929 judico
1471 4878 1655 4931 quem-

90 4953 257 5006 QIInm:
290 4955 343 4999 et
372 4948 416 5001 si
444 4947 633 5015 judico
661 4962 761 5018 ego
782 4994 795 5017 ,
830 4950 1091 5019 judicium
1123 4968 1299 5007 meum
1338 4968 1522 5009 verum
1552 4966 1654 5021 est,

90 5031 197 5097 quia
226 5036 370 5091 solus
393 5054 502 5093 non
530 5054 648 5094 sum
672 5058 684 5093 :
715 5042 807 5095 sed
836 5057 957 5112 ego,
982 5053 1035 5098 et
1056 5044 1145 5114 qui
1172 5046 1315 5099 misit
1341 5062 1445 5111 me,
1478 5048 1651 5103 Pater.

92 5120 150 5176 Et
173 5126 218 5179 in
248 5128 365 5199 lege
394 5143 575 5187 vestra
603 5135 864 5203 scriptum
897 5146 1016 5201 est,
1046 5138 1166 5207 quia
1205 5120 1655 5195 duorum-homi-

91 5228 201 5270 num
228 5223 595 5279 testimonium
628 5242 815 5281 verum
846 5238 947 5283 est.
990 5229 1102 5299 Ego
1123 5245 1265 5293 sum,
1296 5236 1382 5302 qui
1417 5236 1659 5289 testimo-

93 5308 224 5363 nium
254 5316 511 5382 perhibeo
538 5319 603 5375 de
627 5334 712 5374 me
742 5319 898 5389 ipso:
926 5331 981 5376 et
1010 5324 1379 5379 testimonium
1412 5329 1659 5396 perhibet

89 5403 149 5458 dc
177 5422 278 5476 me,
301 5412 390 5479 qui
414 5415 561 5470 misit
586 5431 671 5471 me
694 5416 873 5472 Pater.
901 5417 1161 5474 Dicebant
1183 5436 1313 5491 ergo
1338 5423 1419 5477 ei:
1448 5423 1547 5478 Ubi
1576 5432 1659 5480 est

93 5495 233 5554 Pater
255 5506 412 5559 tuus?
434 5506 728 5580 Respondit
750 5510 907 5566 Jesus
928 5528 943 5567 :
968 5513 1225 5585 [LXXXVI],
1250 5515 1329 5585 5.]
1358 5516 1540 5586 Neque
1570 5534 1657 5574 me

157 5623 178 5651 ⁸
202 5615 311 5697 Non
348 5620 553 5676 addunt
580 5608 879 5694 scripturas
906 5641 1038 5679 mss.
1070 5628 1261 5693 nostri,
1308 5643 1478 5697 neque
1505 5628 1653 5683 Crte—

91 5698 176 5771 ρυξ
204 5688 310 5771 ipse
338 5700 513 5771 textus
550 5713 564 5751 :
596 5688 899 5771 e’pedvnqov,
933 5701 1012 5751 mi
1042 5696 1135 5757 ἴδε.
1169 5688 1416 5757 scrutare.
1446 5709 1492 5752 et
1516 5702 1647 5755 vide.

155 5755 179 5793 ι)
210 5755 376 5831 Atque
413 5763 496 5819 hic
524 5755 721 5825 nomen
763 5755 922 5823 Jesu's
963 5755 1143 5825 tacent
1175 5786 1305 5825 mss.
1342 5755 1551 5836 nostri,
1595 5781 1650 5827 et

1765 4666 1908 4719 enini
1948 4680 2016 4719 ex
2058 4666 2165 4719 Deo
2195 4668 2468 4735 processi,
2508 4677 2561 4721 et
2598 4669 2717 4721 veni
2754 4682 2766 4719 :
2806 4683 2983 4736 neque
3027 4668 3170 4721 enim
3208 4687 3233 4719 a
3269 4684 3356 4725 me

1763 4759 1882 4827 ipso
1910 4759 2055 4823 veni,
2086 4758 2179 4813 sed
2209 4759 2301 4813 ille
2338 4776 2422 4813 me
2458 4761 2624 4814 misit.
2662 4760 2841 4827 Quare
2874 4761 3140 4831 loquelam
3180 4779 3354 4818 meam

1762 4867 1867 4905 non
1902 4851 2270 4921 cognoscitis?
2292 4852 2413 4919 quia
2441 4868 2544 4906 ttnn
2571 4853 2797 4921 potesﬁs
2824 4854 3013 4908 audire
3045 4869 3352 4910 sermonem

1761 4960 1963 4999 meum.
2001 4944 2108 4997 Vos
2136 4960 2199 4998 ex
2236 4956 2385 5012 patre
2420 4944 2639 4997 diabolo
2668 4947 2799 4998 estis
2834 4965 2843 4997 :
2872 4955 2921 4998 ct
2957 4946 3225 5000 deside-ria
3264 4964 3353 5016 pa-

1764 5035 1861 5090 tris
1888 5036 2054 5089 vestri
2085 5035 2247 5088 vultis
2276 5034 2476 5089 facere.
2509 5034 2601 5089 Ille
2627 5035 2896 5089 homicida
2931 5049 3048 5090 erat
3076 5036 3144 5090 ab
3175 5038 3353 5100 initio,

1763 5141 1819 5185 et
1852 5131 1901 5183 in
1925 5128 2157 5182 veritate
2190 5145 2293 5180 non
2324 5129 2475 5180 stetit
2509 5146 2522 5182 :
2551 5131 2673 5197 quia
2706 5145 2810 5181 non
2844 5139 2926 5181 est
2953 5130 3152 5183 veritas
3180 5130 3231 5181 in
3265 5146 3353 5184 eo.

1761 5221 1892 5275 Cum
1922 5220 2161 5289 loquitur
2188 5218 2553 5284 mendacium,
2586 5236 2648 5274 ex
2683 5224 2914 5289 propriis
2940 5212 3195 5290 loquitur,
3230 5224 3356 5292 quia

1762 5311 1989 5367 mendax
2022 5325 2102 5364 εει
2137 5321 2191 5364 ει
2221 5319 2370 5377 pater
2407 5312 2546 5378 ejus.
2597 5313 2709 5379 Ego
2752 5323 2932 5367 autem
2976 5314 3021 5368 si
3067 5315 3353 5368 veritatem

1760 5404 1906 5466 dicit,
1942 5420 2052 5457 non
2087 5404 2307 5457 creditis
2341 5403 2492 5459 tnilti.
2524 5406 2655 5472 Quis
2685 5423 2749 5460 ex
2781 5406 2936 5461 vobis
2962 5416 3151 5477 arguet
3182 5422 3266 5459 me
3289 5408 3358 5461 de

1763 5498 2029 5567 peccato?
2062 5496 2116 5552 Si
2150 5500 2436 5552 veritatem
2467 5500 2590 5553 dico
2630 5500 2805 5566 vobis,
2839 5517 3007 5570 quare
3040 5518 3147 5556 non
3178 5502 3358 5555 credi-

1761 5630 1948 5703 Gracca
1970 5630 2215 5698 qutedam
2246 5632 2539 5685 vetustiora
2570 5636 2922 5703 exemplaria.

1837 5711 1858 5739 ε
1893 5700 2007 5781 D_uo
2033 5718 2163 5756 mss.
2201 5704 2513 5781 quwritiajn
2553 5700 2795 5774 instanti,
2820 5708 3271 5779 quemadmodum
3302 5718 3357 5765 et

1761 5776 2008 5839 Superius
2034 5782 2276 5831 notatum
2299 5784 2403 5842 est,
2434 5776 2637 5845 legunt.
