3920 6200
87 302 182 359 66‘)

1081 285 1529 346 EVANGELIUM
1571 280 1945 340 SECUNDUM
1986 281 2321 339 JOANNEM.

3232 278 3339 332 6'10

83 435 193 475 eas.
239 418 301 471 Et
337 429 454 470 eum
493 408 727 480 proprias
762 420 889 462 oves
926 404 1201 469 emiserit,
1258 412 1382 457 ante
1418 414 1509 455 eas
1554 412 1644 453 va-
1672 396 1723 458 Δ
1754 406 1827 461 te,
1876 398 1970 454 sed
2013 398 2082 454 de
2126 395 2466 467 blaSpliemia
2497 412 2511 449 :
2544 403 2597 451 et
2637 395 2761 466 quia
2795 403 2848 448 tu
2889 394 3052 448 homo
3081 407 3205 448 cum
3240 393 3333 455 iis,

82 513 158 567 dit
191 529 201 564 :
231 518 285 564 et
336 520 460 560 oves
500 504 644 557 illum
696 508 1025 569 sequuntur,
1067 495 1191 566 quia
1230 495 1405 549 sciunt
1456 506 1643 548 vocem

79 603 215 673 ejus.
246 599 485 655 Alienum
518 604 687 648 autem
719 604 823 645 non
862 599 1181 659 sequuntur.
1210 585 1318 643 Sed
1346 586 1553 656 fugiunt
1576 584 1644 639 ab

78 709 141 751 eo
169 710 183 745 :
212 691 331 760 quia
365 703 470 743 non
501 692 762 740 noverunt
790 695 978 737 vocem
1014 681 1337 736 alienorum.
1374 679 1488 733 lloc
1521 692 1647 747 pro-

77 784 306 842 verbium
335 780 471 837 dixit
495 782 574 834 eis
600 777 774 833 Jesus.
803 774 889 831 llli
912 782 1094 829 autem
1126 788 1231 829 non
1265 780 1644 843 cognoverunt

76 879 186 949 quid
230 877 543 945 loqueretur
580 871 676 927 eis.
724 868 863 924 Dixit
907 882 1037 936 ergo
1078 866 1156 921 eis
1194 866 1391 921 iterum
1437 866 1640 920 Jesus:

75 975 249 1034 Amen,
268 982 427 1022 amen
454 964 578 1019 dico
604 963 772 1029 vobis,
796 965 920 1031 quia
948 975 1047 1031 ego
1070 974 1188 1014 sum
1211 958 1409 1013 ostium
1435 960 1638 1011 ovium.

74 1066 251 1119 Omnes
291 1066 559 1130 quotquot
589 1064 867 1121 venerunt,
908 1052 1054 1108 fures
1094 1060 1245 1120 sunt,
1280 1060 1333 1106 et
1363 1052 1637 1118 latrones,

76 1169 96 1196 η
119 1168 164 1213 et
200 1170 298 1211 non
335 1152 630 1208 audit-runt
659 1164 753 1205 eos
798 1163 953 1203 oves.
989 1148 1099 1215 Ego
1128 1162 1247 1200 sum
1285 1145 1503 1199 ostium.
1539 1144 1642 1198 Per

72 1266 146 1306 me
168 1250 208 1304 si
236 1249 353 1316 quis
384 1244 681 1308 introierit,
722 1241 1022 1297 salvabitur
1052 1258 1065 1291 :
1095 1248 1149 1293 et
1198 1239 1556 1307 ingredietur,
1587 1245 1642 1291 et

72 1342 379 1413 egredietur,
413 1347 467 1392 et
499 1350 695 1406 pascua
727 1332 985 1387 inveniet.
1022 1330 1129 1384 Fur
1168 1346 1272 1382 non
1317 1328 1484 1393 venit,
1534 1328 1639 1384 nisi

74 1444 119 1489 ut
141 1433 358 1497 furetur,
390 1437 447 1485 et
479 1435 705 1492 mactet,
733 1436 785 1480 et
815 1422 1027 1496 perdat.
1066 1423 1177 1493 Ego
1209 1422 1355 1487 veni,
1388 1429 1444 1474 ut
1470 1420 1636 1474 vitam

75 1527 301 1591 habeant,
346 1533 401 1578 et
437 1520 803 1576 abundantius
841 1516 1095 1571 habeant.
1143 1514 1252 1584 Ego
1292 1528 1411 1567 sum
1455 1521 1638 1581 pastor

76 1621 238 1675 bonus.
271 1617 455 1671 Bonus
500 1621 682 1684 pastor
723 1610 957 1665 animam
993 1622 1147 1662 suam
1176 1606 1269 1661 dat
1315 1620 1414 1675 pro
1444 1606 1636 1660 ovibus

76 1715 184 1770 suis.
206 1709 566 1768 Mercenarius
591 1714 795 1771 autem,
819 1712 876 1760 et
896 1702 988 1774 qui
1014 1717 1121 1757 non
1143 1709 1227 1757 est
1248 1708 1450 1771 pastor,
1481 1698 1633 1767 cujus

74 1823 163 1863 non
186 1815 299 1861 sunt
336 1817 471 1859 oves
503 1802 761 1871 propriae,
792 1797 939 1853 videt
980 1796 1165 1865 lupum
1214 1792 1541 1855 venientem,
1583 1789 1715 1852 etB

73 1900 271 1957 dimittit
296 1913 448 1965 oves,
482 1904 539 1952 et
584 1894 719 1964 fugit
749 1910 762 1946 :
788 1904 840 1947 et
888 1891 1044 1960 lupus
1092 1888 1254 1959 rapit,
1289 1896 1343 1941 et
1374 1884 1636 1955 dispergit

74 2008 222 2057 oves;
267 1989 635 2047 mercenarius
677 1993 858 2041 autem
907 1983 1062 2054 fugit,
1106 1981 1232 2052 quia
1264 1979 1634 2035 mercenarius

72 2095 157 2151 est,
182 2096 229 2141 et
256 2099 354 2140 non
378 2083 621 2155 pertinet
648 2079 715 2135 ad
741 2094 868 2135 eum
895 2078 963 2133 de
992 2075 1206 2131 ovibus.
1241 2074 1353 2143 Ego
1389 2089 1509 2129 sum
1540 2088 1636 2143 pa-

72 2189 166 2232 stor
199 2177 361 2233 bonus
394 2193 409 2231 :
447 2183 504 2229 et
549 2185 821 2243 cognosco
872 2183 1043 2232 meas,
1088 2176 1145 2223 et
1183 2172 1516 2236 cognoscunt
1545 2178 1633 2220 me

74 2286 198 2325 meze.
229 2270 348 2343 [xc,
374 2268 462 2341 5.]
486 2267 645 2324 Sicut
664 2266 815 2320 novit
843 2280 930 2320 me
952 2263 1132 2331 Pater,
1157 2271 1213 2318 et
1235 2276 1335 2331 ego
1362 2274 1634 2329 cognosco

75 2362 277 2417 Patrem:
306 2360 421 2433 [χοι
439 2402 453 2426 ,
471 2363 528 2416 4.
552 2360 571 2431 ]
614 2369 667 2414 et
690 2358 925 2411 animam
950 2371 1123 2409 meam
1161 2369 1300 2424 pono
1324 2369 1423 2423 pro
1444 2351 1634 2407 ovibus

74 2456 196 2520 meis,
224 2454 380 2523 ire",
413 2452 502 2508 10.
528 2449 554 2521 ]
577 2459 631 2505 et
659 2449 796 2504 alias
836 2463 968 2503 oves
998 2447 1196 2511 habeo,
1225 2460 1345 2515 qua:
1376 2458 1481 2498 non
1508 2450 1635 2499 sunt

74 2560 121 2599 ex
147 2546 233 2599 hoc
262 2544 382 2600 ovili
408 2560 423 2597 :
448 2552 507 2598 et
545 2542 665 2597 illas
691 2548 907 2611 oportet
930 2555 1015 2595 me
1043 2539 1334 2600 adducere,
1370 2545 1423 2593 et
1446 2551 1632 2591 vocem

72 2653 212 2695 meam
235 2639 467 2705 audient,
508 2648 575 2693 et
630 2637 722 2691 fiet
768 2649 932 2690 unum
965 2634 1128 2700 ovile,
1165 2643 1220 2689 et
1248 2648 1384 2686 unus
1424 2640 1631 2701 pastor.

74 2731 322 2802 Propterea
353 2748 439 2789 me
470 2731 660 2801 diligit
685 2729 877 2796 Pater,
920 2730 1046 2799 quia
1087 2743 1188 2797 ego
1219 2741 1358 2796 pono
1395 2726 1633 2780 animam

70 2840 229 2893 meam,
256 2836 310 2881 ut
332 2829 541 2882 iterum
564 2838 771 2878 sumam
794 2839 933 2880 eam.
968 2823 1137 2878 Nemo
1163 2822 1298 2875 tollit
1324 2836 1440 2875 eam
1468 2836 1496 2874 a
1522 2836 1633 2875 me:

72 2920 143 2973 sed
158 2935 242 2991 ego
266 2936 401 2990 pono
428 2935 603 2976 eama
623 2935 706 2973 me
739 2920 883 2987 ipso,
914 2927 967 2972 et
994 2926 1313 2985 potestatem
1346 2914 1519 2969 habeo
1538 2930 1634 2985 po-

76 3015 203 3069 nendi
221 3031 328 3071 eam
346 3034 360 3069 :
377 3025 428 3071 et
448 3022 782 3085 potestatem
808 3014 982 3068 habeo
1005 3012 1201 3066 iterum
1221 3010 1463 3063 sumendi
1489 3023 1629 3063 eam.

78 3108 164 3165 Hoc
189 3111 479 3167 mandatum
512 3108 706 3177 accepi
736 3122 765 3161 a
805 3106 965 3161 Patre
1011 3120 1154 3159 meo.
1206 3102 1480 3157 Dissensio
1528 3101 1633 3155 ite-

77 3218 170 3257 rum
209 3204 335 3260 facta
364 3216 445 3262 est
486 3206 637 3260 inter
670 3202 891 3258 Jud.cos
931 3213 1153 3271 propter
1182 3211 1460 3253 sermones
1505 3195 1625 3251 hos.
1656 3176 1703 3242 (ἶ

78 3294 293 3352 Dicebant
319 3308 498 3352 autem
530 3295 693 3351 multi
728 3310 797 3350 ex
829 3293 961 3363 ipsis
991 3310 1004 3345 :
1040 3290 1377 3345 Dceinonium
1428 3288 1628 3354 habet,

78 3392 119 3439 et
142 3388 314 3445 insanit
343 3406 356 3442 :
386 3388 516 3459 quid
551 3402 679 3442 eum
728 3385 970 3441 auditis?
1018 3382 1123 3438 Alii
1172 3381 1423 3436 dicebant
1458 3398 1470 3433 :
1505 3381 1630 3433 llasc

78 3480 205 3534 verba
231 3497 328 3535 non
361 3491 489 3537 sunt
519 3480 856 3536 daamonium
897 3476 1150 3531 habentis
1184 3491 1196 3527 ε
1228 3472 1487 3543 numquid
1520 3471 1629 3526 da:-

78 3572 268 3627 monium
296 3583 467 3642 potest
496 3585 776 3628 caecorum
807 3568 997 3623 oculos
1026 3552 1282 3637 aperire?
1312 3564 1473 3619 Facta
1504 3572 1630 3619 sunt

76 3676 214 3721 autem
256 3668 502 3723 Encmnia
547 3668 607 3721 in
637 3660 998 3731 Jerosolymis
1027 3680 1040 3714 :
1075 3670 1130 3715 et
1160 3659 1349 3732 hyems
1381 3666 1519 3714 erat.
1564 3658 1631 3713 Et

75 3759 338 3817 ambulabat
378 3762 540 3817 Jesus
577 3760 633 3813 in
678 3758 903 3827 templo,
950 3757 1002 3811 in
1044 3756 1256 3826 porticu
1296 3753 1625 3810 Salomonis.

73 3848 514 3910 Circumdederunt
560 3866 696 3921 ergo
736 3865 860 3906 eum
908 3848 1107 3915 Judazi,
1147 3858 1203 3903 et
1244 3848 1499 3903 dicebant
1536 3848 1627 3902 ei:

72 3940 316 4017 Quousque
342 3948 589 4003 animam
622 3954 864 4001 nostram
892 3944 1083 3998 tollis?
1111 3944 1154 3996 si
1181 3949 1236 3997 tu
1261 3956 1321 3997 es
1352 3941 1627 4011 Christus,

72 4037 137 4092 die
157 4042 289 4099 nobis
315 4044 509 4114 palam.
544 4039 855 4111 Respondit
885 4039 963 4095 eis
982 4040 1141 4094 Jesus
1167 4054 1181 4092 :
1207 4036 1424 4107 Loquor
1451 4036 1628 4104 vobis,

72 4136 214 4185 etnon
240 4135 452 4192 creditis
476 4152 491 4191 :
520 4148 715 4205 opera,
740 4147 863 4201 quae
893 4146 995 4202 ego
1018 4129 1159 4186 facio
1188 4130 1240 4185 in
1271 4130 1497 4186 nomine
1529 4129 1631 4186 Pa-

72 4222 148 4276 tris
170 4227 282 4293 mei,
310 4229 421 4285 haec
448 4227 830 4285 testimonium
857 4226 1149 4297 perhibent
1176 4224 1243 4281 de
1265 4240 1352 4280 me
1379 4243 1390 4278 :
1417 4225 1511 4280 sed
1535 4240 1630 4282 vos

72 4324 153 4365 non
179 4319 389 4376 creditis
411 4323 462 4387 δ,
500 4320 636 4392 quia
667 4335 773 4374 non
808 4319 941 4374 estis
968 4333 1035 4374 ex
1064 4318 1258 4374 ovibus
1297 4319 1454 4373 meis.
1488 4319 1631 4375 Oves

72 4415 174 4459 mea:
200 4424 373 4467 vocem
405 4428 588 4469 meam
617 4411 849 4467 audiunt
878 4429 889 4463 :
915 4419 971 4467 et
997 4426 1097 4482 ego
1124 4426 1395 4482 cognosco
1423 4427 1539 4482 eas,
1576 4420 1631 4469 et

72 4507 328 4565 sequuntur
370 4521 503 4562 me:
542 4514 603 4562 et
646 4520 750 4576 ego
781 4506 950 4561 vitam
998 4515 1260 4562 zeternam
1308 4507 1378 4561 do
1420 4508 1539 4561 eis:
1573 4517 1627 4562 et

72 4598 155 4643 non
180 4596 411 4660 peribunt
448 4599 502 4654 in
536 4608 829 4663 maternum,
872 4608 927 4654 et
974 4613 1081 4653 non
1127 4600 1301 4668 rapiet
1347 4614 1439 4655 eas
1468 4601 1621 4670 quis-

74 4694 201 4746 ‘luam
227 4687 288 4742 de
312 4706 470 4746 manu
507 4706 652 4747 mea.
687 4691 850 4746 Pater
888 4705 1043 4745 meus
1086 4692 1230 4761 quod
1271 4691 1423 4748 dedit
1463 4694 1622 4763 mihi,

72 4775 215 4843 majus
242 4784 486 4840 omnibus
509 4794 596 4841 est
625 4803 638 4839 :
665 4793 719 4841 et
746 4798 907 4839 nemo
931 4793 1107 4855 p0test
1139 4801 1329 4856 rapere
1358 4786 1425 4841 de
1463 4802 1624 4843 manu

69 4863 213 4924 Patris
239 4877 357 4930 mei.
383 4876 495 4949 Ego
520 4886 581 4934 et
607 4877 765 4933 Pater
798 4893 964 4932 unum
1010 4892 1219 4933 sumus.
1263 4879 1617 4936 Sustulerunt

70 4969 179 5057 ergo
223 4964 415 5036 lapides
452 4971 649 5036 Judaei,
689 4980 748 5025 ut
778 4970 1086 5041 lapidarent
1125 4988 1270 5027 eum.
1320 4973 1623 5044 Respondit

71 5053 135 5105 eis
156 5053 295 5113 Jesus
324 5062 524 5117 :Multa
558 5064 698 5118 bona
721 5077 891 5133 Opera
923 5064 1137 5118 ostendi
1178 5064 1331 5120 vobis
1364 5081 1429 5121 ex
1462 5068 1623 5124 Patre

70 5153 188 5209 meo,
218 5163 429 5222 propter
458 5156 605 5227 quod
648 5171 840 5213 eorum
894 5172 1029 5227 Opus
1061 5173 1146 5213 me
1180 5159 1463 5230 lapidatis?
1511 5162 1621 5217 Re-

72 5239 363 5303 sponderunt
384 5249 433 5303 ei
467 5248 636 5305 Judrei
666 5268 679 5304 :
706 5251 781 5306 De
808 5250 955 5306 bono
978 5265 1146 5322 opere
1180 5268 1288 5306 non
1322 5252 1625 5323 lapidamus

1652 4573 1706 4635 D

131 5450 155 5531 ἦ
167 5444 556 5531 ΔΙᾳξτιιηιϐιύεξρς)
568 5457 808 5529 pressius
830 5457 934 5514 ἀλλ’
956 5460 1047 5513 οὐκ
1067 5458 1317 5530 ἤκουσαν,
1342 5460 1539 5531 legitur
1555 5461 1607 5516 in

80 5522 252 5619 ηοξῐὶἰξ
272 5540 421 5619 mss,
449 5530 538 5581 sed
564 5522 663 5585 {ton
690 5530 994 5619 audierunt.

183 5588 460 5671 {tdditurin
489 5617 590 5657 uno
612 5613 773 5671 atque
800 5602 975 5656 altero
1005 5616 1034 5655 e
1064 5604 1263 5656 nostris
1296 5617 1426 5656 is.
1452 5604 1607 5670 mihi,

77 5658 702 5747 fitted-pronomenneque
730 5675 781 5728 in
810 5673 1002 5729 Grreco
1033 5685 1115 5727 est
1145 5683 1318 5743 textu,
1344 5690 1520 5747 neque
1553 5658 1607 5731 ni

78 5734 401 5821 Vetti~.‘ti:sitttt.i_
420 5734 854 5817 Lutinoiﬂegina-
889 5762 990 5800 ms.

143 5810 159 5833 ι’
185 5804 255 5859 Att
293 5810 523 5873 codicum
557 5804 901 5898 nostrorum,
952 5818 1291 5889 aliorumque
1332 5816 1605 5877 editorum

1746 500 1884 555 facis
1915 498 2146 569 teipsum
2197 498 2388 554 Deum.
2439 496 2742 567 Respondit
2782 495 2864 550 eis
2896 493 3058 549 Jesus
3092 511 3106 547 :
3148 492 3338 548 Nonne

1747 604 2007 672 scriptum
2030 611 2113 655 est
2139 602 2193 655 in
2227 602 2344 669 lege
2374 608 2553 655 vestra
2584 598 2748 669 :quia
2780 598 2892 667 Ego
2919 595 3051 661 dixi,
3081 594 3153 650 dii
3181 596 3340 650 estis?

1748 704 1803 761 Si
1832 704 1956 759 illos
1987 702 2121 758 dixit
2149 702 2305 767 deos,
2342 702 2407 755 ad
2443 716 2578 771 quos
2610 714 2793 757 sermo
2826 699 2921 754 Dei
2946 698 3119 753 factus
3147 708 3250 763 eSt,
3285 707 3339 752 et

1746 812 1852 851 non
1877 805 2058 867 potest
2081 795 2217 849 solvi
2244 796 2525 863 Scriptura
2551 810 2565 847 :
2590 808 2749 863 quem
2774 792 2933 848 Pater
2959 790 3336 857 sanctiﬁcavit,

1744 900 1797 945 et
1827 889 1972 943 misit
2001 890 2054 942 in
2086 887 2373 949 mundum,
2403 900 2500 939 vos
2531 885 2712 940 dicitis
2742 902 2754 938 :
2783 872 2921 953 Quia
2948 882 3289 953 blasphemas
3320 899 3335 935 :

1743 984 1868 1054 quia
1914 982 2067 1036 dixi:
2096 979 2270 1034 Filius
2306 979 2397 1031 liei
2430 977 2587 1031 sum?
2618 977 2672 1033 Si
2709 994 2815 1031 non
2849 976 2989 1030 facio
3034 989 3201 1044 opera
3234 974 3334 1028 Pa-

1744 1075 1843 1129 tris
1867 1073 1995 1139 mei,
2042 1071 2215 1126 nolite
2245 1070 2470 1125 credere
2502 1068 2655 1124 mihi.
2692 1067 2747 1124 Si
2774 1076 2954 1123 autem
2999 1067 3160 1124 facio.
3209 1075 3261 1119 et
3290 1066 3333 1120 si

1743 1166 1878 1221 mihi
1909 1180 2016 1219 non
2048 1164 2210 1219 vultis
2231 1162 2476 1227 credere,
2508 1162 2764 1231 operibus
2792 1161 3019 1227 credite,
3051 1166 3108 1213 ut
3137 1172 3339 1227 cogno-

1742 1257 1930 1326 scatis,
1963 1263 2019 1312 et
2063 1256 2299 1311 credatis
2328 1254 2451 1325 quia
2485 1254 2650 1309 Pater
2678 1253 2731 1307 in
2779 1267 2867 1308 me
2894 1261 3005 1316 est,
3056 1261 3111 1304 et
3140 1264 3238 1318 ego
3278 1251 3331 1304 in

1743 1352 1926 1408 Patre.
1944 1350 2549 1425 [sattt,4.]Quzerebant
2578 1364 2707 1419 ergo
2733 1363 2856 1403 eum
2882 1347 3294 1418 apprehendere
3318 1366 3328 1401 :

1741 1462 1795 1510 et
1830 1454 2005 1510 exivit
2034 1454 2103 1510 de
2135 1454 2386 1508 manibus
2434 1466 2643 1507 eorum.
2680 1451 2747 1506 Et
2778 1450 2907 1507 abiit
2939 1451 3134 1505 iterum
3185 1460 3330 1505 trans

1738 1546 2054 1614 Jordanem,
2090 1548 2142 1600 in
2167 1560 2290 1602 eum
2322 1546 2523 1610 locum,
2555 1544 2645 1598 ubi
2676 1552 2794 1599 erat
2835 1542 3076 1598 Joannes
3108 1553 3129 1580 ο
3159 1542 3336 1612 bapti-

1740 1656 1873 1696 zans
1919 1641 2150 1710 primum
2180 1657 2193 1696 :
2218 1650 2273 1695 et
2303 1639 2501 1693 mansit
2532 1638 2659 1694 illic.
2710 1638 2893 1709 μων,
2932 1637 3052 1708 10.]
3080 1636 3149 1691 Et
3176 1638 3329 1691 multi

1739 1740 2006 1788 venerunt
2031 1731 2098 1787 ad
2122 1747 2268 1796 eum,
2293 1739 2347 1786 et
2378 1730 2626 1786 dicebant
2651 1746 2667 1783 :
2689 1728 2823 1797 Quia
2853 1728 3088 1785 Joannes
3116 1729 3331 1799 quidem

1741 1826 1953 1897 signum
1991 1824 2121 1881 fecit
2166 1823 2399 1879 nullum.
2432 1823 2624 1877 Omnia
2656 1830 2835 1877 autem
2866 1835 3219 1891 qtnecumque
3248 1820 3332 1873 di-

1740 1920 2071 1975 xitJoannes
2096 1919 2159 1973 de
2188 1917 2309 1982 hoc,
2337 1931 2465 1971 vera
2488 1924 2659 1971 erant.
2696 1914 2765 1970 Et
2803 1915 2953 1970 multi
2982 1914 3330 1971 crediderunt

1740 2017 1791 2070 in
1820 2032 1964 2070 eum.

1811 2135 1963 2207 [.Cap.
1991 2132 2109 2203 XL]
2136 2132 2264 2187 Erat
2290 2139 2472 2187 autem
2493 2128 2713 2202 quidam
2747 2127 3009 2197 languens
3037 2123 3275 2179 Lazarus
3298 2140 3326 2179 a

1740 2226 2024 2292 Bethania,
2048 2225 2115 2280 de
2142 2225 2370 2281 castello
2391 2224 2592 2291 Mariae,
2620 2230 2676 2278 et
2704 2221 2929 2276 Martha:
2955 2220 3160 2275 sororis
3186 2220 3325 2288 ejus.

1738 2321 1929 2393 (Maria
1963 2328 2144 2375 autem
2181 2327 2321 2384 erat,
2348 2332 2470 2388 quae
2513 2315 2667 2371 unxit
2709 2314 2995 2367 Dominum
3030 2320 3325 2381 unguento,

1738 2426 1793 2474 et
1817 2417 2044 2473 extersit
2073 2414 2241 2486 pedes
2262 2414 2384 2484 ejus
2408 2412 2621 2482 capillis
2660 2411 2772 2464 suis
2806 2427 2820 2463 :
2850 2409 3006 2478 cujus
3036 2408 3200 2461 frater
3226 2404 3329 2459 La-

1739 2528 1897 2567 zarus
1927 2508 2351 2578 infirmabatur.)
2387 2506 2653 2561 Miserunt
2678 2518 2812 2575 ergo
2857 2514 3081 2557 sorores
3112 2498 3230 2567 ejus
3257 2496 3325 2551 ad

1737 2631 1859 2671 cum
1890 2614 2141 2669 dicentes
2171 2629 2182 2664 :
2216 2611 2468 2673 Domine,
2497 2622 2624 2665 ecce
2665 2621 2827 2678 quem
2870 2618 3042 2672 amas,
3089 2602 3326 2657 infirma-

1738 2717 1844 2764 tur.
1876 2706 2120 2765 Audiens
2160 2716 2342 2761 autem
2378 2702 2537 2760 Jesus
2568 2701 2703 2757 dixit
2725 2700 2804 2756 eis
2838 2718 2850 2756 :
2892 2697 3181 2754 lnﬁrmitas
3209 2694 3324 2750 haec

1738 2817 1844 2857 non
1879 2810 1962 2856 est
2003 2801 2071 2855 ad
2122 2808 2375 2865 mortem,
2407 2796 2503 2851 sed
2536 2810 2630 2865 pro
2658 2794 2827 2865 gloria
2869 2791 2987 2860 Dei,
3016 2799 3073 2846 ut
3118 2788 3326 2860 glorifi-

1736 2908 1890 2953 cetur
1942 2897 2112 2952 Filius
2161 2896 2255 2952 Dei
2308 2909 2403 2964 per
2455 2908 2599 2949 eam.
2636 2890 2904 2961 Diligehat
2952 2898 3132 2945 autem
3165 2886 3326 2943 Jesus

1736 2993 2021 3057 Martham,
2048 3000 2103 3046 et
2134 3003 2382 3046 sororem
2415 2988 2533 3058 ejus
2573 2986 2820 3047 Mariam,
2850 2994 2906 3040 et
2941 2983 3221 3038 Lazarum.
3256 2980 3328 3038 Ut

1735 3099 1866 3156 ergo
1891 3083 2098 3139 audivit
2127 3082 2250 3152 quia
2282 3080 2683 3147 infirmabatur,
2718 3086 2847 3133 tunc
2874 3076 3091 3146 quidem
3128 3076 3327 3130 mansit

1735 3182 1789 3236 in
1814 3178 2008 3235 eodem
2040 3176 2157 3231 loco
2187 3173 2403 3228 duobus
2432 3169 2870 3227 diebus.Deinde
2903 3178 3025 3237 post
3045 3166 3163 3221 hate
3184 3166 3328 3220 dixit

1734 3272 2015 3343 discipulis
2058 3270 2171 3327 suis
2204 3287 2216 3324 :
2255 3269 2455 3324 Eamus
2493 3268 2547 3321 in
2575 3266 2820 3322 Judaeum
2864 3265 3086 3320 iterum.
3128 3262 3325 3316 Dicunt

1734 3366 1785 3421 ei
1817 3364 2073 3435 discipuli
2107 3383 2120 3418 :
2152 3362 2343 3428 Rabbi,
2376 3375 2522 3416 nunc
2551 3359 2866 3431 quaerebant
2905 3367 2956 3412 te
2983 3356 3156 3411 Judaei
3191 3355 3326 3423 lapi-

1732 3469 1884 3535 dare,
1909 3477 1959 3524 et
1989 3469 2185 3523 iterum
2209 3466 2361 3520 vadis
2384 3464 2548 3519 illuc?
2574 3462 2876 3532 Respondit
2901 3460 3059 3516 Jesus
3096 3477 3107 3512 :
3132 3459 3324 3515 Nonne

1733 3559 2021 3616 duodecim
2070 3568 2197 3613 sunt
2255 3556 2405 3611 hora:
2457 3555 2602 3609 diei?
2635 3554 2839 3623 Siquis
2883 3551 3246 3607 ambulaverit
3270 3552 3322 3605 in

1733 3652 1845 3717 die,
1876 3667 1983 3705 non
2008 3649 2257 3716 offendit,
2282 3648 2401 3719 quia
2430 3648 2606 3701 lucem
2640 3646 2802 3715 hujus
2833 3643 3018 3700 mundi
3051 3642 3200 3697 videt
3235 3661 3247 3695 :
3277 3644 3322 3696 si

1732 3754 1915 3799 autem
1958 3742 2321 3797 ambulaverit
2348 3740 2401 3794 in
2435 3748 2617 3806 nocte,
2648 3738 2893 3807 offendit,
2923 3735 3045 3807 quia
3078 3736 3171 3790 lux
3213 3750 3324 3788 non

1733 3846 1817 3893 est
1854 3838 1906 3891 in
1933 3853 2019 3891 eo.
2052 3835 2180 3890 Haec
2218 3836 2311 3901 ait,
2339 3844 2394 3889 et
2439 3840 2567 3903 post
2594 3836 2707 3887 hare
2737 3832 2877 3886 dixit
2927 3831 3009 3885 eis
3043 3828 3321 3884 :Lazarus

1733 3930 1938 3985 amicus
1969 3939 2155 3984 noster
2182 3927 2385 3983 dormit
2414 3945 2429 3980 :
2458 3926 2552 3981 sed
2584 3925 2728 3979 vado
2756 3936 2814 3979 ut
2840 3939 2870 3979 a
2900 3936 3097 3979 somno
3122 3920 3148 3959 ἀ
3173 3922 3323 3979 exci-

1735 4032 1843 4079 tem
1865 4040 2012 4080 eum.
2038 4022 2309 4077 Dixerunt
2337 4034 2469 4091 ergo
2499 4018 2750 4086 discipuli
2789 4018 2908 4089 ejus
2941 4034 2954 4071 :
2989 4014 3242 4082 Domine,
3276 4013 3322 4070 si

1732 4118 1957 4183 dormit,
1988 4117 2175 4171 salvus
2221 4115 2347 4171 erit.
2374 4114 2599 4169 Dixerat
2642 4123 2825 4168 autem
2863 4113 3021 4169 Jesus
3052 4111 3122 4167 de
3152 4116 3324 4165 morte

1733 4210 1851 4281 ejus
1893 4227 1905 4264 :
1952 4209 2032 4265 illi
2084 4217 2265 4266 autem
2312 4216 2645 4280 putaverunt
2693 4206 2818 4277 quia
2874 4206 2941 4261 de
2995 4205 3326 4261 dormitione

1732 4306 1913 4362 somni
1938 4305 2169 4361 diceret.
2203 4303 2358 4360 Tunc
2382 4318 2515 4375 ergo
2541 4302 2701 4359 Jesus
2728 4301 2866 4357 dixit
2891 4300 2970 4355 eis
2994 4298 3281 4355 manifeste
3305 4312 3319 4349 :

1734 4402 1972 4457 Lazarus
1998 4410 2242 4456 mortuus
2267 4408 2372 4466 est,
2403 4408 2456 4454 et
2482 4397 2695 4469 gaudeo
2722 4402 2941 4465 propter
2963 4406 3081 4459 vos,
3109 4398 3167 4444 ut
3198 4403 3321 4443 cre-

1734 4499 1870 4554 datis
1904 4514 1917 4553 :
1946 4498 2205 4568 quoniam
2256 4511 2364 4552 non
2395 4508 2543 4549 eram
2576 4491 2669 4546 ibi.
2695 4488 2802 4545 Sed
2839 4500 3028 4541 eamus
3058 4482 3127 4538 ad
3173 4494 3318 4537 eum.

1733 4594 1877 4650 Dixit
1906 4607 2039 4664 ergo
2062 4592 2324 4656 Thomas,
2356 4589 2446 4660 qui
2479 4586 2676 4643 dicitur
2698 4585 2980 4654 Didymus,
3007 4578 3072 4634 ad
3104 4574 3324 4633 condis-

1731 4688 1942 4759 cipulos
1975 4705 1987 4741 :
2022 4686 2223 4742 Eamus
2249 4695 2305 4741 et
2328 4700 2448 4746 nos,
2484 4692 2539 4735 ut
2564 4679 2865 4735 moriamur
2894 4690 3015 4730 cum
3040 4687 3129 4729 eo.
3162 4670 3323 4727 Venit

1730 4783 1916 4849 itaque
1961 4780 2141 4845 Jesus,
2194 4788 2249 4834 et
2293 4774 2505 4832 invenit
2532 4788 2655 4829 eum
2702 4779 2937 4840 quatuor
2973 4766 3092 4821 dies
3132 4766 3240 4835 jam
3267 4763 3321 4818 in

1732 4883 2083 4931 monumento
2117 4872 2430 4927 habentem.
2475 4866 2631 4938 (Erat
2659 4872 2838 4919 autem
2870 4858 3132 4916 Bethania
3164 4858 3319 4927 juxta

1652 4956 1665 4961 θ
1727 4971 2118 5041 Jerosolymam
2147 4963 2304 5035 quasi
2332 4960 2525 5017 stadiis
2552 4955 2911 5028 quindecim.)
2945 4952 3097 5009 Multi
3128 4960 3311 5007 autem

1729 5080 1793 5120 ex
1824 5062 2027 5117 Judazis
2055 5064 2317 5112 venerant
2346 5052 2412 5106 ad
2446 5050 2708 5104 Martinam
2735 5057 2790 5102 et
2828 5044 3074 5111 Mariam,
3109 5052 3165 5096 ut
3189 5056 3319 5096 cun-

1731 5158 2038 5213 solarentur
2060 5165 2153 5206 eas
2175 5150 2241 5205 de
2268 5147 2436 5201 fratre
2463 5159 2583 5199 suo.
2611 5141 2822 5198 Martha
2845 5154 2995 5210 ergo,
3030 5144 3089 5193 ut
3110 5135 3321 5191 audivit

1732 5253 1853 5324 quia
1876 5250 2032 5306 Jesus
2057 5246 2225 5310 venit,
2258 5241 2498 5298 occurrit
2526 5238 2635 5295 illi:
2661 5238 2827 5295 Maria
2852 5245 3030 5294 autem
3058 5234 3203 5291 domi
3232 5247 3321 5287 se-

1722 5456 1975 5524 fidem,in
2004 5452 2199 5522 quibus
2221 5456 2539 5524 constanter
2565 5455 2650 5503 est
2677 5444 3139 5524 baptizan_s,j_uxta
3166 5441 3318 5497 Grie-

1718 5547 1841 5587 cum
1877 5516 2077 5582 textum
2106 5524 2132 5580 ὁ
2164 5526 2444 5597 βαπτίζων,
2480 5522 2550 5575 ita
2583 5528 2639 5574 et
2668 5516 3160 5597 nos-restituimus,
3193 5527 3316 5568 cum

1715 5614 1873 5659 antea
1903 5590 2455 5668 penesMa'rtianAzeum
2486 5601 2632 5668 esset
2661 5590 2972 5668 baptizatus.

1785 5673 1811 5711 ά
1844 5659 1954 5725 litio
1986 5683 2118 5723 mss.
2152 5666 2321 5723 nostri
2352 5663 2896 5721 exsuscitentncrtius
2927 5659 3173 5716 absolute
3197 5674 3310 5712 sus-

1712 5749 1880 5817 citem,
1913 5751 2179 5812 expuncto
2211 5755 2274 5794 ex
2303 5737 2686 5811 prtcpos'ttione
2712 5732 2964 5791 secundis
2991 5732 3160 5789 curis.

1965 6001 2005 6009 ..ι
