3920 6200
551 255 654 313 671

1570 254 1629 312 s.
1672 251 2056 311 BIERONYMI
2093 253 2327 312 DIVINA
2371 252 2846 312 BIBLIOTHECA.
3172 228 3179 230 ”
3401 230 3424 244 ³
3726 257 3818 313 67?.

555 373 736 429 debat.
763 370 906 428 Dixit
927 384 1057 442 ergo
1083 368 1291 426 Martha
1314 367 1381 425 ad
1409 369 1595 427 Iesum
1626 386 1639 422 :
1665 369 1918 438 Domine,
1948 371 1992 423 si
2017 369 2140 423 t‘uis-
2169 371 2217 430 Α
2245 370 2358 424 cit?
2381 370 2436 425 Si
2462 370 2784 425 dimittimus
2812 385 2936 427 eum
2958 372 3059 436 sic,
3078 385 3270 426 omnes
3287 372 3519 428 credent
3546 373 3597 426 in
3623 385 3817 431 eumzet

555 479 646 520 ses
691 465 797 528 hic,
836 462 1002 517 frater
1045 476 1202 517 meus
1242 475 1348 516 non
1401 460 1592 516 fuisset
1633 469 1919 516 mortuus:
1948 460 2043 516 sed
2093 469 2147 514 et

557 569 702 613 nunc
726 554 856 620 scio,
891 554 1017 624 quia
1043 568 1400 625 quaecumque
1431 553 1752 625 poposceris
1779 569 1809 607 a
1843 554 1972 620 Deo,
1997 552 2148 608 dabit

558 651 652 707 tibi
689 650 846 704 Deus.
883 649 1019 704 Dicit
1046 650 1122 704 illi
1149 649 1307 704 Jesus
1347 666 1362 703 :
1396 648 1659 720 Resurget
1691 650 1857 704 frater
1885 657 2029 704 tuus.
2062 649 2148 702 Di-

557 742 630 797 cit
658 741 708 796 ei
745 739 951 796 Martha
986 758 1001 797 :
1043 741 1168 798 Scio
1195 743 1321 812 quia
1354 753 1598 812 resurget
1630 742 1684 794 in
1744 743 2150 796 resurrectione

562 835 613 889 in
643 834 940 890 novissimo
970 834 1076 889 die.
1120 835 1266 890 Dixit
1297 836 1349 891 ei
1369 835 1528 891 Jesus
1561 853 1576 888 :
1612 836 1727 907 Ego
1749 852 1867 890 sum
1901 851 2148 890 resurre-

557 926 690 992 ctio,
716 935 770 980 et
812 927 917 980 vita
954 943 968 980 :
999 928 1090 997 qui
1140 927 1316 983 credit
1353 927 1408 982 in
1463 943 1572 995 me,
1621 929 1782 983 etiam
1814 929 1856 982 si
1904 937 2151 982 mortuus

560 1019 746 1083 fuerit,
776 1021 919 1076 vivet
954 1038 966 1074 :
999 1028 1052 1075 et
1080 1023 1284 1086 omnis,
1316 1023 1406 1092 qui
1457 1021 1614 1089 vivit,
1645 1032 1701 1076 et
1730 1022 1904 1077 credit
1951 1021 2000 1075 in
2039 1037 2145 1090 me,

563 1129 670 1168 non
703 1113 970 1169 morietur
993 1114 1045 1168 in
1073 1125 1360 1168 maternum.
1387 1113 1578 1170 Credis
1608 1115 1741 1170 hoc?
1768 1115 1856 1168 Ait
1882 1114 1957 1168 illi
1989 1132 2002 1169 :
2033 1115 2152 1170 Uti-

561 1221 687 1277 que,
717 1206 966 1274 Domine,
998 1222 1098 1278 ego
1129 1206 1356 1273 credidi,
1377 1209 1500 1278 quia
1542 1215 1597 1261 tu
1626 1221 1686 1262 es
1715 1207 1963 1261 Christus
1986 1206 2154 1261 Filius

565 1297 658 1353 Dei
685 1299 817 1365 vivi,
851 1300 940 1369 qui
973 1301 1024 1354 in
1075 1299 1219 1354 hunc
1251 1299 1512 1354 mundum
1542 1300 1756 1355 venisti.
1788 1299 1857 1353 Et
1889 1314 2010 1354 cum
2037 1298 2156 1354 hate

563 1390 816 1457 dixisset,
846 1391 1004 1457 abiit,
1035 1402 1088 1447 et
1120 1391 1334 1447 vocavit
1364 1392 1587 1447 Mariam
1632 1407 1878 1448 sororem
1909 1406 2060 1446 suam
2093 1392 2158 1446 si-

567 1481 763 1546 lentio,
788 1483 975 1538 dicens
1010 1484 1308 1555 :Magister
1337 1486 1512 1548 adest,
1544 1495 1600 1538 et
1641 1492 1801 1538 vocat
1854 1495 1926 1538 te.
1958 1483 2052 1536 llla
2100 1491 2160 1535 ut

567 1575 771 1630 audivit
802 1577 977 1647 surgit
1014 1578 1145 1642 cito,
1178 1586 1233 1631 et
1259 1578 1407 1632 venit
1445 1577 1511 1630 ad
1540 1591 1663 1631 eum
1693 1593 1708 1641 ;
1741 1575 1981 1630 nondum
2014 1579 2158 1631 enim

566 1677 792 1724 venerat
819 1667 980 1724 Jesus
1012 1671 1065 1724 in
1103 1670 1387 1724 castellum
1417 1711 1433 1735 ,
1458 1669 1554 1724 sed
1609 1679 1731 1726 erat
1770 1671 1950 1723 adhuc
1980 1670 2033 1723 in
2066 1669 2160 1723 illo

2250 463 2465 516 venient
2485 462 2796 528 Romani,et
2819 465 3008 518 tollent
3029 475 3274 518 nostrum
3307 466 3519 532 locum,
3534 477 3590 522 et
3603 479 3812 538 gentem.

2252 553 2404 610 Unus
2424 564 2600 611 autem
2628 571 2694 611 ex
2713 556 2843 626 ipsis
2860 556 3093 627 Caiphas
3124 559 3362 625 nomine,
3390 574 3517 613 cum
3547 570 3691 616 esset
3705 576 3816 631 pon-

2255 649 2384 703 tifex
2407 650 2531 704 anni
2556 650 2872 716 illius,dixit
2891 651 2970 705 eis
2992 669 3004 703 :
3023 650 3131 705 Vos
3153 651 3376 707 nescitis
3405 653 3712 724 quidquam,
3736 670 3816 712 nec

2252 742 2500 810 cogitttis
2521 742 2646 812 quia
2669 741 2887 810 expedit
2911 737 2936 776 ά
2962 741 3132 805 vobis,
3157 752 3214 796 ut
3236 758 3374 798 unus
3402 745 3663 800 moriatur
3680 745 3819 803 homo

2255 847 2352 902 pro
2376 833 2592 902 populo,
2621 843 2794 888 etnon
2824 843 2931 888 tota
2960 851 3087 902 gens
3120 847 3326 909 pereat.
3359 836 3473 892 lloc
3493 849 3671 894 autem
3695 857 3722 895 a
3744 857 3817 898 se-

2258 927 2486 995 metipso
2509 941 2616 980 non
2639 927 2775 980 dixit
2799 931 2918 984 :sed
2945 945 3066 985 cum
3092 937 3235 984 esset
3260 929 3503 998 pontifex
3527 931 3653 985 anni
3677 932 3817 999 illius,

2257 1021 2619 1089 propltelavil,
2648 1020 2789 1088 quod
2817 1020 2974 1075 Jesus
3015 1022 3310 1076 moriturus
3356 1030 3476 1076 erat
3526 1037 3623 1092 pro
3661 1034 3814 1094 gente,

2257 1119 2312 1164 et
2340 1125 2444 1163 non
2476 1119 2684 1166 tantum
2710 1128 2807 1179 pro
2831 1123 3016 1183 gente,
3040 1112 3134 1167 sed
3166 1123 3224 1166 ut
3251 1112 3392 1167 filios
3424 1113 3542 1180 Dei,
3567 1115 3654 1184 qui
3689 1124 3822 1172 erant

2258 1200 2511 1269 diSllCrSi,
2544 1213 2898 1273 eongregaret
2931 1206 2982 1258 in
3015 1219 3205 1258 unum.
3238 1204 3386 1276 [xcv,
3421 1202 3503 1275 4.]
3532 1205 3614 1260 Ab
3639 1205 3722 1261 illo
3750 1223 3823 1262 cr-

2260 1309 2326 1363 go
2345 1294 2433 1348 die
2453 1295 2854 1364 cogitaverunt,
2871 1307 2926 1349 nt
2960 1296 3330 1352 interficerent
3354 1311 3502 1351 enm.
3522 1297 3674 1353 Jesus
3691 1315 3823 1370 ergo,

2256 1386 2366 1456 jam
2414 1402 2518 1442 non
2552 1389 2725 1458 palam
2769 1390 3082 1444 ambulabat
3113 1389 3258 1459 apud
3303 1389 3525 1444 Judaaos
3547 1434 3562 1458 ,
3591 1391 3682 1447 sed
3709 1393 3828 1446 abiit

2264 1477 2318 1531 in
2348 1481 2622 1548 regionem
2643 1480 2797 1549 juxta
2830 1480 3107 1535 desertum
3133 1521 3149 1546 ,
3195 1480 3249 1536 in
3278 1480 3552 1536 civitatem
3579 1482 3828 1553 quaedici-

2272 1580 2360 1624 tur
2398 1571 2655 1642 Ephrem,
2683 1582 2739 1626 et
2773 1573 2843 1626 ibi
2888 1573 3203 1628 morabatur
3232 1589 3354 1628 cum
3396 1574 3664 1644 discipulis
3699 1576 3829 1630 suis.

2272 1664 2435 1736 μανι,
2477 1663 2546 1733 1.]
2579 1665 2894 1720 Proximum
2923 1675 3103 1721 autem
3131 1676 3250 1721 erat
3281 1667 3479 1722 Pascha
3505 1667 3829 1722 Iudaeorum:

569 1761 706 1827 loco,
747 1763 836 1816 ubi
890 1773 1206 1818 occurrerat
1255 1765 1303 1817 ei
1362 1763 1594 1818 Martha.
1641 1763 1812 1819 ,ιιιόωί
1856 1778 2010 1834 ergo,
2071 1764 2160 1832 qui
2193 1763 2240 1823 B
2268 1757 2280 1828 [
2307 1771 2467 1822 XCVII,
2499 1756 2584 1812 10.
2615 1756 2623 1826 l
2655 1768 2708 1811 et
2757 1761 3127 1813 ascenderunt
3168 1760 3326 1814 multi
3366 1759 3744 1831 Jerosolymam
3771 1759 3831 1815 de

568 1861 721 1907 erant
750 1867 872 1907 cum
916 1870 977 1909 ea
1013 1855 1064 1909 in
1107 1855 1290 1921 domo,
1327 1865 1380 1910 et
1410 1856 1829 1912 consolabantur
1859 1871 2001 1924 eam,
2035 1871 2159 1911 cum

573 1944 834 2000 vidissent
863 1947 1089 2001 Mariam
1115 1949 1236 2019 quia
1272 1951 1381 2003 cito
1421 1951 1659 2005 surrexit
1712 1961 1767 2005 et
1796 1951 1948 2017 exiit,
1987 1953 2159 2007 secuti

573 2051 697 2094 sunt
725 2055 843 2094 eam
873 2041 1118 2096 dicentes
1146 2061 1159 2097 :
1193 2043 1329 2111 Quia
1365 2045 1513 2098 vadit
1540 2045 1606 2099 ad
1641 2054 2074 2111 monumentum,
2105 2056 2163 2101 ut

573 2134 749 2201 ploret
779 2132 872 2188 ibi.
909 2134 1074 2188 Maria
1116 2151 1274 2205 ergo,
1304 2151 1426 2192 cum
1451 2139 1695 2194 venisset
1717 2140 1807 2193 ubi
1839 2148 1958 2194 erat
1983 2139 2158 2202 Jesus,

573 2225 764 2280 videns
795 2241 941 2292 eum,
972 2227 1171 2282 cecidit
1197 2229 1261 2280 ad
1298 2229 1463 2298 pedes
1507 2231 1648 2300 ejus,
1681 2240 1734 2285 et
1761 2231 1892 2286 dicit
1922 2233 1970 2286 ei
2003 2249 2017 2285 :
2053 2232 2161 2286 Do-

574 2318 740 2383 mine,
773 2318 815 2372 si
847 2317 1044 2374 fuisses
1075 2321 1183 2384 hic,
1209 2334 1314 2374 non
1339 2331 1487 2376 esset
1513 2332 1756 2378 mortuus
1787 2322 1954 2379 frater
1986 2339 2160 2380 meus.

2262 1850 2484 1916 regione
2510 1860 2636 1904 ante
2665 1849 2895 1916 Pascha,
2921 1861 2979 1905 ut
3003 1850 3411 1906 sanctificarent
3438 1853 3667 1922 seipsos.
3690 1852 3829 1920 Quaa-

2263 1943 2458 1996 rebant
2498 1957 2630 2011 ergo
2657 1941 2845 1997 Jesum
2883 1961 2894 1994 :
2925 1953 2980 1998 et
3010 1943 3466 2013 colloquebantur
3497 1945 3567 2000 ad
3599 1945 3824 2011 invicem,

2264 2034 2317 2089 in
2353 2036 2556 2105 templo
2595 2046 2842 2092 stantes:
2878 2037 3017 2104 Quid
3061 2038 3428 2109 putatis,quia
3476 2053 3584 2093 non
3612 2037 3747 2093 venit
3771 2036 3828 2093 ad

2263 2133 2407 2188 diem
2436 2133 2954 2188 festum?Dederant
2975 2142 3155 2187 autem
3197 2133 3480 2202 pontifices
3515 2143 3570 2188 et
3606 2133 3827 2204 pharistei

2265 2226 2606 2292 mandatum,
2639 2237 2695 2281 ut
2719 2228 2764 2282 si
2792 2228 2911 2297 quis
2939 2228 3260 2299 cognoverit
3285 2228 3378 2283 ubi
3424 2229 3518 2295 sit,
3544 2227 3752 2294 indicet,
3782 2235 3830 2282 ut

2264 2319 2676 2391 apprehendant
2701 2335 2846 2375 eum.

573 2410 731 2464 Jesus
773 2427 938 2483 ergo,
986 2421 1044 2467 ut
1094 2414 1228 2469 vidit
1272 2431 1391 2470 eam
1440 2416 1784 2484 plorantem,
1844 2428 1897 2472 et
1947 2417 2166 2473 Judaeos

573 2504 663 2573 qui
694 2515 952 2559 venerant
987 2517 1110 2560 cum
1141 2519 1226 2571 ea,
1261 2506 1560 2576 plorantes,
1597 2507 1878 2562 infremuit
1903 2506 2030 2579 [Μδ.
2058 2507 2167 2564 fre-

576 2595 729 2668 muit]
757 2597 970 2667 spiritu,
1001 2609 1054 2654 et
1085 2600 1321 2654 turbavit
1353 2601 1620 2670 seipsum,
1655 2612 1709 2657 et
1733 2603 1866 2656 dixit
1899 2621 1912 2656 :
1945 2603 2044 2659 Ubi
2072 2619 2167 2674 po-

573 2688 962 2756 suisﬁsfeum?
995 2688 1191 2745 Dicunt
1221 2691 1268 2745 ei
1308 2708 1322 2747 :
1356 2691 1604 2761 Domine,
1641 2695 1798 2759 veni,
1827 2706 1876 2749 et
1923 2695 2066 2749 vide.
2101 2695 2170 2750 Et

578 2779 910 2851 lacrymatus
957 2791 1042 2837 est
1081 2781 1261 2838 Jesus.
1297 2785 1561 2840 Dixerunt
1605 2800 1735 2856 ergo
1781 2786 1952 2842 Judaei
1989 2788 2168 2842 :Ecce

575 2871 852 2939 quomodo
875 2873 1095 2928 amabat
1117 2889 1264 2929 eum.
1291 2874 1520 2943 Quidam
1551 2888 1730 2933 autem
1756 2893 1822 2933 ex
1854 2879 1988 2948 ipsis
2018 2879 2170 2935 dixe-

583 2973 711 3016 runt
741 2980 754 3017 :
781 2963 897 3018 Non
931 2974 1143 3033 poterat
1169 2968 1275 3032 ltic,
1303 2969 1393 3038 qui
1418 2970 1634 3039 aperuit
1659 2971 1848 3026 oculos
1879 2971 2011 3026 caeci
2032 2981 2056 3009 ι
2085 2989 2171 3027 na-
2273 2967 2424 3034 Jesu,
2451 2978 2506 3024 et
2539 2970 2774 3024 extersit
2809 2970 2974 3038 pedes
3007 2971 3128 3040 ejus
3157 2971 3368 3040 capillis
3404 2970 3519 3024 suis
3549 2988 3561 3024 :
3588 2979 3640 3024 et
3671 2971 3840 3024 domus

585 3059 646 3124 ti,
682 3058 860 3114 facere
889 3071 947 3115 ut
977 3061 1065 3116 hic
1097 3079 1204 3117 non
1239 3065 1762 3122 moreretur?.lesus
1783 3082 1914 3136 ergo
1956 3083 2168 3122 rursum
2276 3060 2499 3130 impleta
2537 3070 2709 3116 estex
2750 3062 2918 3118 odore
2957 3063 3239 3135 unguenti.
3271 3062 3412 3118 Dixit
3442 3078 3576 3134 ergo
3624 3077 3747 3116 unus
3788 3077 3840 3118 ex

580 3149 818 3206 fremens
861 3152 912 3206 in
939 3156 1254 3223 semetipso,
1287 3159 1437 3211 venit
1464 3157 1531 3211 ad
1573 3168 2005 3213 monumentum.
2044 3159 2170 3214 Erat
2195 3140 2242 3204 C
2273 3154 2556 3224 (ιὶεοίρυιίε
2581 3155 2723 3222 eius.
2747 3154 2914 3209 Jlldas
2944 3156 3230 3212 [ScariOleS
3262 3155 3740 3230 [MS-Scarimhisls
3763 3156 3836 3226 (ιυῖ

581 3251 762 3298 autem
795 3245 1050 3313 spelunca
1085 3265 1098 3301 :
1133 3258 1185 3302 et
1225 3248 1362 3317 lapis
1409 3252 1786 3321 superpositus
1817 3261 1936 3306 erat
1981 3254 2052 3308 ei.
2083 3253 2175 3308 Ait
2281 3258 2400 3305 erat
2431 3263 2552 3303 eum
2585 3249 3108 3318 tradituruszQuare
3138 3249 3243 3305 hoc
3267 3259 3601 3320 unguentum
3627 3265 3724 3305 non
3757 3265 3835 3303 ve.

581 3336 741 3391 Jesus
773 3355 785 3389 :
820 3335 1018 3393 Tollite
1045 3339 1306 3408 lapidem.
1343 3342 1484 3396 Dicit
1521 3345 1568 3398 ei
1605 3344 1836 3410 Martha,
1871 3360 2029 3399 soror
2056 3345 2174 3414 ejus
2276 3341 2377 3396 niit
2408 3341 2664 3396 trecentis
2713 3341 2974 3410 denariis,
3002 3350 3056 3397 et
3102 3341 3286 3396 datum
3324 3351 3407 3397 est
3451 3343 3674 3412 egenis?
3704 3340 3836 3395 Dixit

588 3429 678 3496 qtti
736 3434 980 3481 mortuus
1013 3427 1190 3482 fuerat
1221 3447 1234 3483 :
1260 3431 1508 3497 Domine,
1536 3435 1647 3501 jam
1678 3434 1828 3495 fetet,
1860 3436 2177 3505 quatridna-
2277 3445 2456 3487 autem
2492 3433 2620 3499 hoc,
2656 3450 2760 3488 non
2794 3434 2921 3502 quia
2964 3434 3033 3489 de
3072 3435 3260 3505 egenis
3285 3435 3592 3503 pertinebat
3618 3435 3682 3488 ad
3709 3448 3839 3494 eum,

590 3537 692 3576 nus
721 3532 804 3577 est
831 3521 992 3575 enim.
1023 3522 1164 3578 Dicit
1201 3524 1250 3577 ei
1276 3524 1433 3579 Jesus
1466 3544 1478 3579 :
1511 3525 1703 3581 Nonne
1731 3528 1842 3582 dixi
1893 3529 2010 3595 tibi,
2039 3545 2177 3599 quo-
2278 3525 2372 3580 sed
2406 3526 2529 3594 quia
2566 3523 2649 3579 fur
2676 3534 2816 3588 erat,
2850 3532 2904 3580 et
2930 3526 3145 3581 loculos
3189 3525 3417 3590 habens,
3453 3541 3514 3580 ea
3546 3541 3664 3595 qua:
3693 3526 3847 3578 mitte-

593 3616 736 3670 niam
770 3615 816 3670 si
845 3615 1164 3684 credideris,
1198 3615 1410 3672 videbis
1446 3619 1674 3689 gloriam
1731 3621 1861 3674 Dei?
1909 3622 2180 3678 Tulerunt
2279 3617 2497 3681 bantur,
2533 3615 2549 3654 ί
2582 3618 2855 3687 portabat.
2892 3617 3038 3672 Dixit
3079 3634 3210 3689 ergo
3248 3619 3408 3674 Jesus
3438 3637 3450 3673 :
3484 3620 3657 3676 Sinite
3699 3618 3842 3680 illam.

591 3725 719 3776 ergo
751 3707 984 3780 lapidem
1016 3726 1028 3762 :
1059 3708 1218 3764 Jesus
1250 3718 1430 3765 autem
1461 3713 1688 3767 elevatis
1729 3727 1944 3768 sursum
1979 3715 2174 3783 oculis,
2281 3720 2334 3765 ut
2367 3710 2416 3762 in
2446 3709 2590 3764 diem
2637 3711 2934 3778 sepulturae
2979 3725 3114 3766 mea:
3164 3721 3346 3767 servet
3399 3711 3555 3766 illttd.
3601 3712 3844 3781 Paulicres

595 3800 734 3854 dixit
767 3818 779 3854 :
814 3802 994 3870 Pater,
1029 3803 1232 3874 gratias
1265 3817 1366 3874 ago
1402 3803 1498 3858 tibi
1548 3805 1802 3873 quoniam
1840 3805 2036 3861 audisti
2069 3822 2176 3863 me.
2282 3803 2425 3858 enim
2457 3817 2670 3871 semper
2703 3802 2910 3857 habetis
2940 3805 3245 3870 vobiscum,
3267 3820 3353 3859 me
3384 3813 3563 3859 autem
3597 3820 3700 3859 non
3726 3818 3843 3858 sem-

601 3894 708 3963 Ego
734 3901 761 3940 ι,
786 3895 1024 3951 sciebam
1056 3897 1182 3967 quia
1225 3912 1444 3968 semper
1475 3914 1560 3954 me
1606 3900 1783 3966 audis,
1816 3901 1908 3955 sed
1959 3910 2180 3971 propter
2284 3913 2378 3968 per
2401 3897 2632 3951 habetis.
2657 3898 2825 3968 μω,
2854 3896 2962 3967 10.]
2989 3898 3259 3966 Cognovit
3283 3913 3414 3966 ergo
3437 3899 3591 3954 turba
3624 3898 3772 3952 multa
3794 3910 3842 3949 ex

589 3985 850 4056 pepulum
881 3989 970 4056 qui
1014 3992 1354 4056 circumstat,
1386 3991 1505 4046 dixi
1541 4012 1554 4048 :
1589 4003 1647 4048 ut
1687 3995 1912 4049 credant
1955 3996 2080 4066 quia
2121 4007 2178 4052 tu
2281 3993 2482 4050 JlldiBlS
2509 3992 2634 4062 quia
2668 3992 2777 4046 illic
2807 4003 2890 4046 est
2927 4009 2940 4046 :
2970 4001 3024 4046 et
3057 4003 3347 4059 venerunt,
3384 4009 3492 4047 non
3542 4004 3750 4064 propter
3773 3990 3843 4044 le-

590 4093 678 4133 me
703 4078 922 4133 misisti.
944 4080 1069 4135 llmc
1097 4097 1216 4137 cum
1243 4085 1492 4152 dixisset,
1513 4101 1644 4142 voce
1670 4104 1862 4159 magna
1891 4089 2176 4146 clamavit:
2281 4103 2400 4145 sum
2433 4097 2662 4154 tantum,
2697 4087 2793 4142 sed
2825 4096 2880 4141 ιιι
2913 4086 3174 4141 Lazarum
3201 4085 3468 4148 viderent.
3504 4103 3664 4157 quem
3695 4083 3840 4141 susci-

591 4172 819 4239 Lazare,
853 4174 976 4230 veni
998 4174 1164 4231 foras.
1191 4177 1256 4232 Et
1283 4182 1461 4233 statim
1495 4181 1802 4253 prodiitqui
1831 4183 2010 4239 fuerat
2035 4201 2180 4240 mor-
2285 4181 2415 4236 lavit
2451 4195 2480 4234 a
2521 4180 2770 4234 mortuis.
2823 4179 3216 4249 Cogitaverunt
3257 4191 3437 4235 autem
3485 4181 3742 4250 plinCij‘eS
3782 4191 3847 4232 sa-

597 4274 741 4331 tnns,
778 4267 974 4337 ligatus
1006 4267 1193 4338 pedes,
1223 4280 1275 4324 et
1299 4285 1493 4328 manus
1523 4273 1813 4341 inStitis,et
1845 4279 2009 4332 facies
2033 4278 2180 4333 illius
2283 4275 2594 4337 cerdotnm,
2633 4282 2690 4328 ut
2720 4282 2774 4328 et
2801 4273 3062 4327 Lazarum
3108 4273 3483 4329 interficerent
3514 4291 3526 4328 :
3559 4273 3682 4344 quia
3722 4266 3845 4325 multi

587 4359 939 4416 sudarioerat
971 4361 1154 4433 ligata.
1191 4363 1336 4418 Dixit
1362 4365 1442 4419 eis
1465 4364 1622 4421 Jesus
1649 4385 1660 4419 :
1691 4367 1895 4424 Solvite
1934 4385 2056 4425 eum
2080 4413 2094 4437 ,
2126 4380 2181 4426 et
2285 4380 2508 4440 promer
2560 4370 2715 4424 illum
2744 4368 2967 4424 abibant
3011 4383 3077 4423 ex
3127 4367 3354 4436 Judmis,
3398 4376 3454 4423 et
3496 4367 3778 4423 credebant
3804 4363 3845 4415 in

588 4453 754 4508 sinite
774 4455 947 4510 abire.
981 4455 1133 4511 Multi
1173 4472 1306 4529 ergo
1335 4475 1401 4515 ex
1430 4458 1654 4524 Judzeis,
1689 4464 1782 4532 qui
1816 4476 2082 4520 venerant
2112 4467 2176 4520 ad
2209 4524 2253 4533 _
2286 4463 2492 4518 Iesum.
2547 4462 2630 4533 lc,
2679 4458 2766 4531 1.]
2814 4460 2871 4514 In
2923 4460 3218 4515 crastinum
3250 4470 3452 4527 autem,
3487 4459 3638 4514 turba
3687 4457 3848 4518 mulza,

586 4549 809 4604 Mariam
837 4562 890 4605 et
923 4549 1212 4620 Marlham,
1244 4564 1299 4608 et
1337 4554 1586 4611 viderant
1628 4573 1747 4628 qua:
1786 4557 1914 4614 fecit
1949 4571 1970 4598 c
1998 4561 2179 4630 Jesus,
2209 4524 2262 4585 D
2290 4571 2409 4625 qute
2438 4561 2668 4608 venerat
2694 4552 2760 4606 ad
2807 4552 2951 4606 diem
2985 4551 3179 4607 festum
3203 4593 3218 4615 ,
3270 4566 3393 4606 cum
3441 4550 3708 4606 audissent
3748 4547 3850 4616 quia

585 4644 937 4700 crediderunt
965 4645 1016 4701 iu
1046 4661 1192 4702 eum.
1213 4647 1443 4716 Quidam
1468 4660 1647 4706 autem
1677 4669 1742 4707 ex
1773 4653 1906 4724 ipsis
1932 4656 2186 4714 abierunt
2287 4649 2435 4705 venit
2463 4647 2624 4702 Jesus
2645 4644 3066 4716 Jerosolymam,
3111 4655 3446 4714 acceperunt
3475 4657 3652 4698 ramos
3672 4641 3849 4712 palma-

589 4735 657 4790 ad
692 4736 1014 4806 pharismos,
1045 4747 1098 4794 et
1129 4738 1382 4794 dixerunt
1413 4742 1493 4796 eis
1525 4759 1647 4814 quae
1691 4747 1817 4800 fecit
1845 4745 2024 4801 Jesus.
2059 4747 2185 4804 Col-
2289 4757 2442 4810 rum,
2493 4748 2549 4793 ct
2596 4748 2979 4808 processerunt
3018 4739 3233 4793 Obviam
3275 4739 3324 4794 ei
3359 4779 3374 4802 .
3427 4747 3484 4793 ει
3531 4736 3843 4794 Clamabam:

591 4829 838 4898 legerunt
865 4846 997 4902 ergo
1019 4833 1304 4902 pontifices
1328 4835 1652 4904 etpltarisrri
1683 4840 2010 4907 concilium,
2035 4844 2186 4898 etdi-
2292 4835 2566 4901 "osanna,
2591 4835 2933 4902 benediclUS.
2959 4836 3052 4906 qui
3089 4836 3239 4890 Venit
3279 4837 3331 4890 in
3378 4835 3604 4892 nomine
3637 4829 3845 4898 ιδοιιιὶηίο

588 4923 784 4981 cebant
815 4945 827 4979 :
857 4926 996 4995 Quid
1011 4928 1259 5001 facimus,
1284 4931 1408 5001 quia
1440 4929 1528 4987 hic
1551 4930 1714 4988 homo
1737 4933 1903 4989 multa
1923 4935 2076 5006 signa
2106 4936 2186 4993 fa-
2291 4947 2385 4990 rex
2416 4930 2600 4986 Israel.
2637 4930 2712 5004 [et
2736 4971 2750 4997 ,
2783 4930 2862 5002 7.]
2895 4929 2962 4984 Et
2997 4927 3205 4985 invenit
3229 4929 3390 4984 Jesus
3421 4928 3676 4994 asellum,
3715 4935 3762 4981 et
3782 4936 3848 4976 se-

2340 2413 2494 2485 fCap.
2526 2412 2668 2484 Xll.]
2692 2414 2852 2470 Jesus
2877 2429 3007 2485 ergo
3035 2423 3163 2469 ante
3193 2429 3288 2470 sex
3309 2415 3431 2470 dies
3458 2414 3679 2470 Pasclne
3703 2415 3830 2469 venit

2267 2505 2614 2572 Bethaniam,
2648 2506 2740 2562 ubi
2773 2505 3010 2562 Lazarus
3034 2509 3206 2563 fuerat
3248 2517 3521 2574 mortuus,
3551 2522 3698 2577 quem
3721 2521 3832 2560 sns-

2268 2597 2454 2652 citavit
2473 2597 2652 2653 Jesus.
2683 2599 2888 2671 ]ιιονιιι,
2916 2598 2994 2669 1.]
3025 2608 3047 2636 ε
3071 2599 3343 2655 Fecerunt
3373 2609 3556 2654 autem
3578 2601 3623 2655 ei
3646 2613 3830 2654 orenam

2270 2689 2343 2744 ibi
2383 2707 2393 2741 :
2422 2700 2478 2745 et
2509 2689 2721 2744 Martha
2751 2691 3118 2759 ministrabat,
3149 2691 3389 2747 Lazarus
3419 2707 3550 2748 vero
3579 2707 3713 2747 unus
3738 2702 3834 2747 erat

2270 2798 2339 2838 ex
2381 2783 2850 2839 discumbentibus
2903 2799 3027 2839 cum
3075 2800 3163 2840 eo.
3196 2784 3366 2839 Maria
3391 2800 3523 2856 ergo
3550 2787 3751 2855 accepit
3788 2786 3834 2839 li-

2272 2873 2422 2930 bram
2458 2877 2714 2944 unguenti
2747 2875 2903 2929 nardi
2934 2876 3111 2945 pistici
3143 2875 3389 2946 pretiosi,
3417 2885 3472 2931 et
3502 2877 3655 2931 unxit
3697 2876 3836 2946 pedes

2293 5137 2555 5180 canonem
2605 5122 2631 5175 1
2684 5117 3052 5174 revocandum
3105 5127 3208 5180 est,
3253 5119 3306 5172 in
3359 5132 3469 5186 quo
3520 5133 3642 5172 cum
3690 5109 3846 5186 Matth:

2292 5178 2542 5258 ccum,
2581 5192 2744 5247 Marc.
2792 5206 2971 5257 CLvtu,
3024 5189 3155 5244 Luc.
3199 5178 3390 5252 xxxiv,
3439 5187 3706 5243 consentit
3738 5205 3750 5238 -.
3778 5178 3848 5235 sed

2293 5270 2454 5320 etiam
2495 5265 2560 5317 ad
2604 5278 2868 5319 canoncm
2899 5263 2952 5327 lt,
2998 5263 3051 5313 in
3084 5277 3190 5326 quo
3214 5275 3335 5314 cum
3391 5259 3582 5314 Matth.
3614 5266 3846 5331 calami.

2297 5338 2458 5392 Marc.
2489 5351 2635 5397 Cth,
2677 5333 2948 5401 congruit.
2983 5331 3088 5385 Nos
3121 5331 3238 5385 hec
3284 5341 3584 5403 annotasse
3618 5333 3846 5403 conn-nu.

2295 5423 2416 5479 qua:
2447 5409 2496 5461 in
2529 5407 2911 5473 manuscriptis
2951 5403 3240 5469 habentur,
3283 5403 3448 5471 plena
3480 5401 3588 5458 ﬁde
3611 5401 3844 5470 expressi-

2300 5496 2439 5535 tuus.
2473 5479 2650 5533 ΜΑιιτ.

2377 5549 2396 5588 ί
2433 5550 2547 5604 Duo
2587 5564 2616 5602 e
2659 5547 2860 5601 nostris
2914 5561 3045 5600 mss.
3075 5560 3196 5599 cum
3250 5547 3636 5614 prtepmitinne
3677 5538 3840 5611 Imb-"Il!

2301 5622 2623 5690 asportabat.
2652 5618 2785 5672 Tum
2816 5617 2965 5690 juxta
2988 5618 3238 5690 Crmcunt
3279 5617 3640 5689 archetypum
3689 5620 3841 5667 mum“

2305 5687 2552 5758 numero,
2577 5689 2728 5754 Sine,
2759 5704 2857 5758 pro
2880 5687 3068 5744 Sinite.

661 5126 685 5152 α
709 5115 844 5194 l_l|u_d
869 5118 1000 5186 nati,
1034 5132 1209 5194 neque
1235 5119 1286 5172 in
1317 5119 1519 5174 nosuis
1543 5118 1774 5194 habetur
1815 5137 1948 5194 mss.
1995 5139 2169 5194 neque

592 5187 646 5243 in
665 5190 949 5262 plerisque
977 5187 1216 5244 melioris
1247 5200 1390 5246 nota:
1411 5193 1814 5262 exemplaribus
1845 5193 2072 5250 Gt'mcis.

665 5259 693 5299 δ
721 5259 1050 5334 Α-ᾱνειὶιίιιηι
1096 5271 1269 5334 autem
1323 5259 1792 5334 pleriqtte'omnes
1831 5281 1953 5320 cum
2009 5267 2180 5322 Latini

595 5340 706 5386 tum
737 5330 910 5387 (ἓτωοί
945 5347 1074 5386 mss.
1107 5330 1332 5387 addunt.

634 5413 694 5528 h°
724 5402 932 5459 Nomen
958 5401 1108 5458 Jesus
1130 5419 1162 5459 a
1185 5404 1406 5472 nostris,
1431 5405 1811 5478 nonnullisque
1832 5408 2036 5466 Graecis
2053 5424 2185 5465 mss.

672 5486 777 5528 est.

672 5486 777 5529 (⁵81.

598 5489 917 5612 θῃὲεὲθοὺὶε,
963 5549 1107 5618 quod
1144 5559 1199 5604 et
1246 5548 1506 5620 pleraque
1536 5549 1710 5605 Grmci
1755 5560 1932 5606 textus
1986 5553 2191 5608 habent

604 5619 960 5689 exemplaria,
1011 5621 1180 5676 nostri
1232 5619 1449 5691 quoque
1498 5622 1612 5690 pari
1666 5637 1934 5678 consensu
1999 5624 2192 5696 prmio.

607 5702 728 5742 ῐιιιιι
753 5704 882 5744 mss.

685 5767 706 5791 ο
729 5757 1034 5825 Capitulum
1086 5761 1226 5816 istud
1255 5759 1481 5817 Joannis
1513 5777 1699 5826 xcvut,
1757 5781 1862 5819 non
1909 5767 2086 5821 solum
2123 5759 2191 5820 ad
