3920 6200
88 238 179 293 675

1053 225 1499 283 ΕνΑΝΟΕΙΔυΜ
1536 224 1907 285 SECUNDUM
1946 227 2283 286 JOANNEM.

3215 234 3321 293 674

84 349 153 403 dit
179 360 333 416 super
348 358 486 408 eum,
518 348 653 396 sncut
684 342 939 411 scriptum
970 351 1051 395 est
1078 359 1090 392 :
1123 340 1245 395 Noli
1274 342 1487 407 timere,
1516 339 1623 394 ﬁlia
1650 341 1701 402 Α
1732 349 1934 407 tantur,
1981 351 2037 397 et
2082 356 2268 397 sanem
2314 354 2429 397 eos.
2473 342 2563 413 [cx
2588 386 2602 411 ,
2640 342 2754 414 10.]
2796 341 2923 399 llaec
2950 343 3087 399 dixit
3114 342 3279 400 Isaias
3300 388 3315 410 ,

83 442 206 495 Sion
238 456 251 491 :
279 452 393 492 ecce
412 450 499 489 rex
533 443 648 488 tuus
670 434 815 487 venit
844 432 1038 488 sedens
1079 448 1246 503 super
1270 433 1473 502 pullum
1521 433 1627 486 asi-

84 548 178 587 nae.
204 530 323 603 ιω,
355 526 457 598 10.]
504 526 623 581 Ilzec
652 540 757 580 non
807 536 1181 597 cognoverunt
1227 526 1477 595 discipuli
1508 525 1627 594 ejus

81 622 293 693 primum
319 638 331 673 :
357 618 443 673 sed
468 617 675 686 quando
705 616 1033 687 gloriﬁcatus
1065 627 1147 693 est
1176 617 1358 681 Jesus,
1391 628 1519 672 tunc
1544 632 1629 672 re-

84 712 269 769 cordati
294 720 429 779 sunt,
482 711 601 781 quia
636 709 751 764 hcce
787 718 941 764 erant
982 709 1180 778 scripta
1213 708 1280 763 de
1307 724 1394 771 eo,
1427 718 1482 763 et
1515 707 1629 763 haec

79 807 292 862 fecerunt
318 804 384 859 ei.
410 802 795 858 Testimonium
819 818 947 873 ergo
971 801 1288 872 perhibebat
1309 803 1485 866 turba,
1510 818 1628 872 quae

80 908 177 953 erat
214 910 326 951 cum
352 909 418 950 eo
456 936 471 962 ,
507 893 716 965 quando
758 892 1023 949 Lazarum
1074 895 1288 949 vocavit
1327 894 1393 948 de
1438 909 1630 948 monu-

80 999 272 1056 mento,
320 999 373 1044 et
416 987 696 1043 suscitavit
725 1003 849 1043 eum
879 1003 909 1042 a
942 989 1190 1043 mortuis.
1238 989 1527 1059 Propterea
1576 999 1631 1044 et

81 1084 260 1139 obviam
299 1082 441 1137 venit
465 1082 513 1136 ei
548 1081 700 1136 turba
732 1098 745 1134 :
778 1082 903 1151 quia
952 1080 1238 1136 audierunt
1273 1097 1394 1137 eum
1436 1081 1630 1136 fecisse

80 1178 169 1232 hoc
193 1178 405 1247 signum.
434 1174 691 1229 Pharisaei
719 1189 850 1245 ergo
886 1175 1140 1229 dixerunt
1168 1175 1234 1229 ad
1265 1175 1585 1244 semetipsos
1614 1191 1627 1227 :

83 1267 253 1323 Videtis
272 1268 388 1336 quia
407 1266 540 1320 nihil
560 1266 869 1337 proﬁcimus
890 1267 914 1319 ’ἰ
942 1282 1070 1321 cccc
1095 1267 1326 1322 mundus
1347 1276 1488 1321 totus
1511 1276 1632 1336 post

81 1378 179 1418 eum
206 1361 346 1416 abiit.
382 1360 551 1417 Erant
587 1371 766 1416 autem
792 1360 1011 1431 quidam
1058 1361 1312 1430 gentiles,
1344 1378 1405 1415 ex
1434 1361 1516 1414 his
1542 1361 1628 1429 qui

78 1455 413 1520 ascenderant,
448 1464 507 1509 ut
547 1454 834 1509 adorarent
875 1454 926 1508 in
967 1453 1054 1508 die
1086 1455 1244 1507 festo.
1274 1454 1335 1507 lli
1368 1469 1496 1523 ergo
1538 1468 1626 1506 ac-

79 1556 320 1604 cesserunt
347 1546 411 1601 ad
464 1546 795 1615 Philippum,
849 1546 941 1615 qui
974 1557 1143 1600 erata
1178 1545 1463 1599 Bellisaida
1486 1544 1633 1598 Gali-

81 1643 186 1705 lmze,
211 1651 261 1698 et
288 1640 545 1711 rogabant
574 1655 722 1705 eum,
770 1638 1051 1693 dicentes:
1085 1638 1333 1702 Domine,
1379 1637 1631 1689 volumus

1730 434 1943 504 quando
1966 436 2097 490 vidit
2126 436 2356 507 gloriam
2386 434 2502 505 ejus
2522 476 2537 499 ,
2567 444 2622 491 et
2654 434 2865 492 locutus
2895 437 3069 493 estde
3096 452 3184 493 eo.
3218 438 3323 492 Vc-

1732 539 2032 583 rumtameu
2086 538 2141 584 et
2181 545 2252 584 ex
2298 528 2635 599 principibus
2664 528 2816 584 multi
2870 529 3223 586 crediderunt
3264 530 3318 585 in

1730 635 1852 675 eum
1885 639 1898 674 :
1929 620 2023 675 sed
2057 630 2277 690 propter
2322 620 2623 691 phariszeos
2653 636 2761 676 non
2794 622 3230 689 conﬁtebantur,
3266 632 3324 678 ut

1731 728 1762 768 e
1792 728 2061 784 synagoga
2085 728 2189 767 non
2216 714 2559 783 ejicereutur.
2586 712 2900 768 Dilexerunt
2929 714 3069 768 enim
3091 714 3319 783 gloriam

1733 805 2014 859 hominum
2041 806 2211 874 magis
2254 820 2413 875 quam
2442 806 2670 875 gloriam
2724 805 2844 861 Dei.
2876 805 3016 877 ιω,
3062 806 3139 878 1.]
3168 805 3325 862 Jesus

1731 908 1912 955 autem
1942 900 2223 964 clamavit,
2274 908 2328 954 et
2374 899 2505 953 dixit
2542 920 2553 953 :
2609 900 2709 966 Qui
2738 900 2912 955 credit
2952 901 3003 953 in
3038 915 3162 967 me,
3214 914 3323 955 non

1732 994 1907 1047 credit
1935 992 1988 1047 in
2021 1007 2130 1059 me,
2162 991 2259 1046 sed
2291 993 2344 1047 in
2372 1008 2495 1047 eum
2517 1033 2532 1059 ,
2560 993 2651 1062 qui
2687 992 2837 1046 misit
2873 1007 2982 1046 me.
3015 992 3081 1046 Et
3128 992 3216 1062 qui
3250 993 3327 1046 vi-

1733 1084 1823 1138 det
1854 1099 1961 1151 me,
1996 1083 2140 1138 videt
2160 1099 2282 1139 eum
2312 1084 2402 1154 qui
2433 1082 2578 1137 misit
2624 1098 2730 1139 me.
2766 1084 2917 1157 [cxu,
2953 1082 3063 1152 10.|
3092 1084 3203 1155 Ego
3234 1083 3325 1139 lux

1734 1177 1786 1231 in
1814 1177 2070 1231 mundum
2109 1178 2231 1231 veni
2260 1194 2273 1230 :
2326 1186 2383 1231 ut
2412 1176 2588 1232 omnis
2614 1177 2705 1247 qui
2735 1178 2903 1233 credit
2938 1179 2991 1231 in
3018 1192 3134 1243 me,
3162 1178 3217 1232 iu
3248 1187 3325 1232 te-

1734 1268 1921 1323 nebris
1944 1284 2050 1324 non
2086 1281 2319 1323 maneat.
2345 1270 2411 1325 Et
2438 1271 2484 1324 si
2506 1272 2629 1340 quis
2658 1270 2892 1325 audierit
2917 1272 3075 1327 verba
3106 1286 3247 1336 mea,
3275 1282 3332 1328 et

1737 1378 1841 1415 non
1871 1361 2213 1428 custodierit,
2242 1378 2343 1432 ego
2367 1377 2478 1418 non
2515 1363 2700 1433 judico
2729 1378 2874 1417 eum.
2904 1364 3022 1419 Non
3049 1365 3195 1419 enim
3227 1380 3323 1420 ve-

1736 1455 1813 1521 ni,
1843 1454 2155 1525 utjudicem
2187 1456 2445 1511 mundum
2474 1498 2489 1522 ,
2513 1456 2605 1511 sed
2636 1465 2692 1511 ut
2713 1457 3007 1512 salviﬁcem
3042 1459 3323 1514 mundum.

1735 1546 1834 1613 Qui
1857 1549 2065 1615 spernit
2093 1563 2201 1611 me,
2230 1557 2283 1602 et
2314 1564 2421 1603 non
2451 1550 2646 1620 accipit
2675 1549 2840 1605 verba
2863 1566 3015 1617 mea,
3049 1550 3213 1606 habet
3238 1552 3329 1621 qui

1732 1637 1936 1704 judicet
1963 1654 2109 1693 eum.
2140 1639 2333 1694 Sermo
2354 1684 2368 1709 ,
2393 1656 2555 1711 quem
2582 1642 2795 1697 locutus
2826 1657 2969 1709 sum,
3005 1644 3095 1699 ille
3120 1643 3331 1713 judica-

79 1736 229 1791 Jesum
277 1733 478 1791 videre.
530 1732 691 1787 Venit
714 1731 996 1801 Philippus
1021 1772 1034 1794 ,
1084 1741 1135 1786 et
1182 1729 1312 1785 dicit
1360 1730 1624 1784 Andrem:
1660 1704 1707 1763 Β
1735 1729 1809 1783 bit
1835 1746 1958 1785 eum
2008 1732 2063 1786 in
2094 1732 2393 1789 novissimo
2420 1734 2527 1787 die.
2559 1733 2695 1799 Quia
2734 1750 2835 1804 ego
2863 1751 2927 1790 ex
2951 1750 3037 1790 mc
3070 1704 3187 1805 ipso
3220 1754 3326 1792 non

78 1828 280 1881 Andreas
305 1840 513 1881 rursum
537 1834 592 1879 et
614 1822 891 1892 Philippus
916 1822 1169 1877 dixerunt
1188 1821 1341 1877 Jesu.
1368 1823 1514 1892 1cm,
1556 1818 1625 1890 1.]

77 1918 213 1973 lesus
232 1928 389 1973 autem
423 1916 708 1987 respondit
754 1916 856 1983 eis,
907 1916 1094 1971 dicens
1130 1932 1143 1967 :
1177 1915 1335 1971 Venit
1364 1915 1519 1981 hora,
1572 1924 1625 1969 ut

79 2010 403 2066 |clarificetur
425 2009 567 2064 ﬁlius
612 2008 866 2063 hominis.
906 2008 1017 2080 [civ
1048 2007 1199 2077 ,10.]
1248 2015 1442 2073 Amen,
1469 2023 1626 2063 amen

80 2102 180 2157 dico
202 2103 361 2169 vobis,
387 2102 489 2158 nisi
534 2117 764 2173 granum
799 2100 1053 2155 frumenti
1084 2100 1285 2155 cadens
1317 2102 1369 2154 in
1404 2108 1626 2165 terram,

81 2205 305 2252 mortuum
328 2196 519 2264 fuerit,
554 2197 732 2265 ipsum
757 2194 933 2249 solum
959 2203 1158 2248 manet.
1190 2194 1245 2248 Si
1271 2202 1450 2247 autem
1486 2208 1628 2247 mor-

80 2302 197 2350 tuum
243 2293 413 2361 fuerit,
465 2294 698 2348 multum
750 2292 983 2347 fructum
1034 2291 1208 2347 allert.
1256 2292 1376 2363 ιω,
1426 2289 1631 2359 5]ρυί

83 2399 195 2443 amat
214 2388 431 2443 animam
459 2402 650 2451 suam,
703 2385 898 2457 perdet
939 2400 1056 2439 eam
1090 2403 1102 2438 :
1144 2394 1198 2438 et
1241 2386 1329 2453 qui
1356 2384 1468 2436 odit
1508 2384 1630 2436 ani-

83 2495 192 2535 mam
234 2494 375 2535 suam
405 2480 461 2534 in
493 2478 602 2533 hoc
630 2478 850 2546 mundo,
887 2479 940 2531 in
970 2478 1133 2532 vitam
1169 2487 1426 2531 mter-nam
1450 2485 1633 2529 custov

84 2571 139 2624 dit
162 2588 282 2629 eam.
309 2574 413 2645 [CVI
432 2616 447 2641 ,
486 2570 601 2641 10.]
630 2570 685 2625 Si
710 2571 830 2641 quis
852 2569 980 2623 mibi
1006 2569 1302 2634 ministrat,
1331 2583 1415 2623 me
1438 2583 1632 2636 sequa-

85 2672 177 2717 tur:
205 2672 251 2719 et
277 2664 360 2719 ubi
388 2679 510 2719 sum
543 2678 669 2732 ego,
702 2661 812 2716 illic
842 2672 895 2715 et
945 2660 1194 2715 minister
1226 2676 1377 2715 meus
1413 2660 1538 2713 erit.
1576 2659 1634 2715 Si

84 2758 175 2825 quis
221 2758 340 2813 mibi
388 2756 837 2821 ministraverit,
872 2754 1423 2809 bonoriﬁcabit‘eum
1474 2754 1634 2809 Pater

83 2863 219 2907 meus.
256 2850 415 2923 [αν-ιι,
466 2850 549 2923 4.]
594 2847 750 2904 Nunc
776 2850 953 2903 anima
1005 2863 1125 2903 mea
1181 2848 1387 2903 turbata
1432 2858 1536 2902 est.
1572 2848 1636 2901 Et

84 2941 183 3009 quid
203 2943 395 2997 dicam?
416 2944 607 3007 Pater,
633 2942 869 2997 salviﬁca
899 2957 984 2996 me
1030 2958 1095 2996 ex
1138 2942 1238 2997 hac
1271 2942 1424 2996 hora.
1466 2943 1633 3014 [cvut,

86 3032 171 3103 10.]
205 3032 296 3089 Sed
325 3046 613 3108 propterea
639 3033 761 3089 veni
792 3034 845 3088 iu
870 3033 1061 3089 horam
1106 3034 1245 3089 hanc
1272 3053 1283 3089 :
1312 3035 1501 3101 Pater,
1526 3036 1635 3089 cla-

86 3124 199 3179 rifica
222 3142 400 3184 nomen
431 3138 612 3183 tuum.
649 3127 958 3198 Venitergo
990 3142 1094 3181 vox
1126 3127 1193 3181 de
1220 3128 1361 3183 cmlo
1388 3145 1401 3182 :
1432 3128 1493 3181 Et
1526 3127 1635 3182 cla-

86 3214 249 3272 riﬁcavi
274 3260 287 3284 ,
313 3228 365 3275 et
394 3221 596 3276 iterum
631 3219 966 3273 clariﬁcabo.
1010 3218 1190 3273 Turba
1218 3234 1348 3288 ergo
1376 3235 1496 3290 qua:
1527 3228 1638 3273 sta-

87 3304 170 3372 bat,
193 3321 239 3365 et
263 3312 518 3379 audierat,
550 3311 773 3367 dicebat
804 3312 1098 3365 tonitruum
1134 3325 1254 3366 esse
1285 3310 1505 3371 factum.
1536 3312 1639 3367 Alii

89 3399 292 3458 dicebant
318 3423 331 3459 :
360 3406 609 3477 Angelus
660 3405 710 3460 ei
740 3406 955 3461 locutus
985 3411 1091 3459 est.
1131 3404 1430 3475 Respondit
1456 3406 1639 3473 Jesus,

87 3492 284 3551 etdixit:
314 3497 423 3553 Non
473 3505 709 3569 propter
754 3512 841 3552 me
882 3497 999 3552 haec
1028 3513 1129 3552 vox
1170 3498 1337 3561 venit,
1370 3499 1464 3553 sed
1518 3514 1642 3567 pro—

91 3592 178 3649 pter
200 3602 305 3643 vos.
334 3588 488 3645 Nunc
530 3589 803 3659 judicium
836 3597 921 3644 est
949 3590 1131 3645 mundi
1168 3609 1181 3645 :
1217 3606 1358 3645 nunc
1391 3591 1642 3661 princeps

89 3673 211 3747 hujus
240 3683 412 3738 mundi
438 3682 695 3753 cjicietur
726 3682 893 3737 foras.
926 3684 991 3738 Et
1023 3698 1125 3754 ego
1156 3686 1202 3738 si
1234 3686 1502 3741 exaltatus
1530 3686 1643 3741 fue-

95 3781 180 3823 roa
207 3781 359 3841 terra,
389 3776 575 3830 Omnia
628 3775 837 3828 traham
864 3774 931 3828 ad
964 3775 1253 3845 meipsum.
1288 3777 1425 3847 (lloc
1459 3785 1641 3833 autem

90 3857 293 3931 dicebat,
354 3866 674 3938 signiﬁcans
723 3880 826 3935 qua
877 3874 1053 3921 morte
1102 3876 1247 3922 esset
1299 3869 1642 3939 moriturus.)

89 3948 339 4023 Respondit
377 3958 427 4013 ei
470 3958 631 4015 turba
665 3976 675 4010 :
733 3956 845 4013 Nos
885 3958 1192 4014 audivimus
1241 3975 1307 4014 ex
1348 3960 1489 4030 lege,
1521 3963 1643 4029 quia

89 4042 293 4106 Christus
315 4063 500 4109 manet
532 4054 591 4107 in
634 4061 896 4107 azternum
933 4069 946 4105 :
992 4059 1048 4107 et
1074 4053 1349 4123 quomodo
1387 4062 1442 4108 tu
1469 4054 1642 4110 dicis:

92 4134 271 4206 Oportet
296 4146 521 4202 exaltari
554 4144 726 4199 ﬁlium
757 4144 1037 4200 hominis?
1067 4144 1196 4212 Quis
1241 4154 1327 4200 est
1364 4145 1465 4201 iste
1505 4146 1647 4201 ﬁlius

92 4227 323 4293 hominis?
349 4239 489 4295 Dixit
534 4252 673 4309 ergo
704 4238 784 4293 eis
812 4240 973 4295 Jesus
1018 4256 1031 4293 :
1062 4239 1252 4295 Adhuc
1276 4239 1545 4295 modicum
1566 4241 1648 4295 lu-

93 4335 186 4377 men
207 4326 251 4381 in
274 4331 421 4385 vobis
469 4342 580 4387 est.
617 4330 908 4386 Ambulate
953 4330 1081 4385 dum
1110 4332 1285 4387 lucem
1322 4332 1560 4397 habetis,
1592 4341 1649 4387 ut

95 4431 175 4475 non
204 4438 292 4482 vos
330 4428 570 4485 tenebras
618 4429 1081 4499 comprehendant
1128 4449 1141 4484 :
1189 4439 1244 4487 et
1281 4432 1371 4502 qui
1410 4433 1647 4489 ambulat

94 4508 391 4586 intenebris,
425 4523 602 4578 nescit
649 4538 756 4592 quo
799 4522 979 4577 vadat.
1015 4522 1149 4577 Dum
1192 4526 1365 4580 lucem
1408 4526 1642 4596 habetis,

94 4605 255 4664 credite
280 4611 549 4681 iulucem,
585 4622 644 4668 ut
670 4614 765 4668 lilii
808 4614 944 4669 lucis
991 4614 1128 4669 sitis.
1165 4616 1291 4671 llaec
1322 4618 1533 4673 locutus
1564 4628 1649 4674 est

94 4690 218 4754 Jcsus
246 4720 255 4753 :
279 4713 331 4758 et
378 4706 535 4775 abiit,
563 4716 621 4762 et
646 4706 934 4763 abscondit
965 4723 1025 4763 se
1075 4708 1145 4762 ab
1171 4707 1269 4764 eis.
1300 4706 1436 4764 Cum
1467 4722 1644 4766 autem

96 4794 211 4846 tanta
230 4794 370 4868 signa
393 4798 811 4857 fecissetcoram
835 4801 936 4867 eis,
964 4816 1070 4856 non
1095 4802 1386 4857 credebant
1406 4804 1458 4857 in
1484 4818 1605 4858 eum
1630 4821 1643 4858 :

94 4889 140 4933 ut
164 4898 324 4945 sermo
344 4892 494 4950 Isaia:
545 4894 829 4964 prophetae
860 4893 1184 4963 impleretur
1210 4937 1224 4960 ,
1254 4910 1415 4965 quem
1466 4897 1603 4951 dixit
1629 4912 1643 4951 :

93 4972 308 5049 Domine,
349 4988 466 5057 quis
496 4987 733 5044 credidit
769 4987 975 5043 auditui
1007 4990 1239 5043 nostro?
1280 4998 1332 5044 et
1365 4988 1648 5044 brachium

96 5062 278 5127 Domini
302 5076 383 5131 cui
412 5079 714 5134 revelatum
741 5086 825 5133 est
852 5078 874 5132 ?
904 5078 1013 5150 [cxx
1034 5119 1049 5142 ,
1092 5074 1169 5146 1.]
1200 5078 1494 5148 Propterea
1541 5094 1647 5135 non

96 5168 311 5223 poterant
351 5169 605 5236 credere,
649 5172 775 5242 quia
829 5170 1023 5225 iterum
1054 5168 1188 5224 dixit
1212 5169 1419 5225 Isaias:
1454 5171 1645 5228 Exeat-

95 5254 409 5316 cavitoculos
438 5278 646 5333 eorum,
681 5275 736 5320 et
764 5264 1036 5319 induravit
1081 5278 1179 5319 cor
1208 5278 1391 5319 eorum
1418 5282 1432 5319 ι
1456 5275 1513 5321 ut
1540 5282 1649 5322 non

99 5340 285 5405 videant
306 5354 495 5425 oculis,
518 5369 572 5413 et
596 5374 701 5413 non
753 5357 1056 5429 intelligant
1094 5357 1261 5413 corde
1283 5398 1297 5425 ,
1334 5366 1391 5415 et
1424 5374 1649 5415 conver-

102 5516 105 5547 ῖ
159 5508 183 5605 ἓ
217 5503 701 5605 Ῐὶιλξηολίιιίωηο,
732 5512 1154 5605 utgloIi/icetur,
1179 5527 1280 5583 pro
1310 5510 1651 5605 clariﬁcetur,

104 5634 127 5654 ,ν
161 5576 205 5654 δη
221 5576 422 5635 Addunt
458 5598 586 5639 mss.
631 5576 830 5640 nostri"
852 5576 1168 5640 adverbium
1182 5576 1393 5653 'autem,
1424 5576 1567 5654 quod
1594 5592 1648 5637 et

104 5642 149 5692 in
174 5642 346 5723 Graaco
373 5667 583 5711 resonat
612 5665 758 5713 textu
776 5697 791 5723 ,
826 5655 903 5711 δὲ.

166 5724 185 5750 ε
222 5718 327 5778 Duo
348 5736 379 5781 e
404 5726 598 5785 nostris
620 5742 755 5788 mss.
777 5718 978 5787 nomen
1006 5726 1234 5786 Simonis
1256 5770 1271 5800 ,
1299 5742 1423 5785 cum
1443 5724 1647 5785 Graecis

1674 4468 1729 4530 D

1730 1835 1849 1874 sum
1884 1821 2097 1877 locutus
2126 1864 2140 1888 ,
2192 1826 2285 1877 sed
2332 1824 2421 1893 qui
2468 1824 2617 1878 misit
2664 1840 2749 1880 me
2793 1826 2977 1893 Pater,
3030 1826 3150 1897 ipse
3198 1828 3333 1881 mihi

1732 1912 2040 1967 mandatum
2061 1913 2212 1968 dedit
2238 1914 2367 1984 quid
2390 1916 2601 1983 dicam,
2636 1925 2688 1971 et
2717 1916 2846 1985 quid
2878 1918 3089 1988 loquar.
3121 1918 3187 1973 Et
3216 1920 3331 1974 scio

1727 2005 1851 2074 quia
1882 2004 2194 2060 mandatum
2223 2006 2340 2075 ejus
2369 2006 2477 2061 vita
2513 2016 2717 2062 aeterna
2755 2016 2855 2063 est.
2894 2008 3025 2076 Qua:
3071 2024 3201 2081 ergo
3231 2025 3331 2080 ego

1731 2098 1950 2168 loquor,
1982 2100 2120 2154 sicut
2152 2101 2285 2153 dixit
2316 2100 2445 2154 mihi
2478 2101 2658 2165 Pater,
2691 2102 2770 2156 sic
2797 2102 3008 2171 loquor.

1806 2191 1961 2261 [ϐαρ.
1995 2190 2162 2261 Χ111.]
2214 2190 2355 2246 Ante
2382 2190 2409 2229 δ
2448 2192 2591 2247 diem
2632 2194 2827 2248 festum
2868 2194 3111 2261 Pascltze,
3154 2197 3335 2252 sciens

1732 2286 1890 2339 .lesus
1918 2282 2044 2353 quia
2070 2285 2222 2339 venit
2242 2284 2373 2339 hora
2403 2285 2542 2354 ejus,
2572 2293 2631 2340 ut
2656 2294 2897 2341 transeat
2917 2303 2983 2340 ex
3004 2289 3105 2343 hoc
3133 2290 3333 2343 mundo

1733 2377 1798 2431 ad
1824 2376 2038 2432 Patrem
2072 2393 2085 2429 :
2118 2392 2243 2432 cum
2275 2377 2551 2433 dilexisset
2574 2392 2723 2445 suos,
2752 2379 2842 2447 qui
2894 2388 3053 2433 erant
3089 2382 3140 2433 in
3179 2396 3335 2436 mun-

1736 2468 1835 2535 do,
1884 2469 1937 2523 in
1969 2468 2130 2523 ﬁnem
2159 2469 2347 2525 dilexit
2376 2484 2491 2524 eos.
2552 2470 2701 2541 |cxut
2722 2511 2736 2535 ,
2771 2466 2850 2538 9.]
2901 2469 2967 2525 Et
2987 2485 3139 2526 ctena
3168 2472 3331 2541 facta,

1736 2576 1859 2615 cum
1889 2560 2138 2616 diabolus
2164 2562 2275 2632 jam
2304 2562 2545 2618 misisset
2590 2564 2643 2618 in
2691 2577 2817 2628 cor,
2853 2573 2910 2619 ut
2945 2564 3184 2621 traderet
3208 2581 3333 2621 eum

1735 2652 1904 2707 Judas
1932 2653 2171 2709 Simonis
2206 2665 2227 2693 ε
2281 2654 2553 2710 Iscariota:
2582 2673 2595 2708 :
2646 2655 2789 2727 [cxrv
2816 2697 2831 2721 ,
2862 2654 2940 2727 5.]
2991 2657 3168 2712 sciens
3211 2658 3335 2729 quia

1738 2745 1920 2800 omnia
1952 2745 2101 2801 dedit
2128 2746 2178 2802 ei
2205 2746 2368 2802 Pater
2400 2747 2454 2801 in
2484 2763 2701 2815 manus,
2732 2748 2931 2818 etquia
2959 2748 3118 2804 aDeo
3137 2750 3328 2817 exivit,

1738 2847 1792 2892 et
1817 2837 1885 2893 ad
1919 2839 2086 2895 Deum
2120 2840 2268 2895 vadit
2296 2859 2306 2894 :
2348 2840 2469 2913 [cxv
2494 2882 2509 2908 ,
2541 2839 2655 2910 10.]
2684 2842 2856 2911 surgit
2877 2856 2906 2895 a
2931 2856 3088 2896 creua
3110 2883 3124 2907 ,
3154 2852 3206 2897 et
3236 2856 3333 2912 po-

1740 2935 1819 2989 nit
1848 2934 2165 2988 vestimenta
2189 2948 2287 2988 sua
2320 2952 2330 2985 :
2359 2944 2561 2990 etcum
2589 2935 2893 3004 accepisset
2917 2934 3163 3003 linteum,
3197 2952 3337 3006 pra:-

1740 3027 1912 3081 cinxit
1938 3041 2016 3082 se.
2050 3026 2257 3081 Deinde
2288 3022 2311 3063 ἀ
2344 3027 2515 3081 mittit
2539 3042 2733 3098 aquam
2765 3027 2817 3081 in
2843 3028 3064 3098 pelvim,
3094 3038 3149 3085 et
3172 3031 3337 3099 coepit

1746 3120 1928 3174 lavare
1954 3117 2120 3188 pedes
2149 3116 2565 3189 discipulorum,
2613 3129 2668 3175 et
2696 3127 2983 3189 extergere
3010 3119 3197 3186 linteo,
3230 3136 3337 3191 quo

1744 3222 1862 3267 erat
1903 3212 2249 3281 praecinctus.
2300 3211 2461 3267 Venit
2508 3227 2637 3281 ergo
2680 3212 2749 3267 ad
2780 3212 3059 3268 Simonem
3092 3213 3332 3270 Petrum.

1747 3309 1811 3361 Et
1839 3307 1970 3363 dicit
1998 3308 2046 3364 ei
2087 3307 2325 3362 Petrus:
2357 3306 2603 3374 Domine,
2641 3314 2692 3360 tu
2737 3305 2867 3361 mihi
2917 3306 3066 3362 lavas
3120 3307 3285 3377 pedes
3313 3309 3338 3362 ἲ

1744 3401 2047 3473 Respondit
2070 3401 2251 3468 Jesus,
2280 3410 2333 3456 et
2354 3402 2489 3456 dixit
2512 3401 2561 3456 ei
2591 3418 2604 3455 :
2629 3400 2784 3469 Quod
2814 3418 2913 3472 ego
2947 3402 3112 3472 facio,
3148 3413 3201 3458 tu
3247 3419 3341 3459 ne-

1744 3494 1852 3551 scis
1882 3495 2065 3561 modo,
2096 3496 2236 3551 scies
2266 3503 2446 3549 autem
2472 3502 2678 3563 postea.
2705 3493 2849 3549 Dicit
2878 3495 2926 3549 ei
2954 3494 3149 3549 Petrus
3181 3512 3192 3546 :
3222 3493 3341 3550 Non

1744 3590 1952 3646 lavabis
1979 3589 2111 3644 mihi
2144 3588 2307 3659 pedes
2340 3589 2391 3642 in
2420 3597 2709 3644 aeternum.
2742 3587 3041 3657 Respondit
3070 3588 3119 3642 ei
3140 3588 3300 3644 Jesus
3326 3604 3338 3641 :

1747 3685 1803 3742 Si
1837 3700 1942 3740 non
1975 3684 2161 3740 lavero
2185 3694 2259 3749 te,
2288 3697 2395 3737 non
2428 3681 2654 3737 habebis
2682 3690 2891 3752 partem
2936 3696 3169 3735 mecum.
3198 3679 3340 3734 Dicit

1746 3779 1794 3832 ei
1827 3777 2019 3833 Simon
2050 3778 2279 3831 Petrus:
2314 3774 2564 3841 Domine,
2592 3788 2697 3827 non
2723 3781 2928 3827 tantum
2962 3771 3129 3841 pedes
3157 3785 3340 3839 meos,

1747 3868 1841 3924 sed
1870 3878 1923 3924 et
1953 3882 2171 3932 manus,
2196 3876 2249 3921 et
2268 3874 2449 3935 caput.
2477 3866 2622 3920 Dicit
2651 3866 2701 3919 ei
2725 3864 3041 3931 JesuszQui
3066 3866 3207 3920 lotus
3234 3874 3340 3934 est,

1748 3977 1855 4016 non
1911 3960 2115 4030 indiget
2168 3968 2228 4013 ut
2272 3958 2439 4028 pedes
2492 3957 2662 4023 lavet,
2710 3958 2804 4013 sed
2849 3966 2933 4013 est
2988 3959 3223 4015 mundus
3264 3969 3345 4015 to-

1751 4063 1854 4108 tus.
1885 4053 1953 4107 Et
1991 4066 2088 4105 vos
2135 4050 2323 4105 mundi
2368 4048 2521 4114 estis,
2570 4050 2664 4105 sed
2712 4064 2820 4106 non
2872 4066 3082 4106 omnes.
3128 4050 3348 4107 Sciebat

1750 4150 1890 4205 enim
1920 4148 2166 4219 quisnam
2194 4155 2341 4202 esset
2369 4146 2459 4216 qui
2484 4144 2727 4201 traderet
2751 4161 2875 4201 eum
2904 4163 2919 4201 :
2947 4156 3233 4219 propterea
3262 4146 3344 4201 di-

1751 4243 1832 4297 xit
1865 4260 1878 4297 :
1909 4240 2026 4295 Non
2056 4239 2190 4295 estis
2241 4239 2431 4294 mundi
2462 4254 2673 4295 omnes.
2718 4238 3011 4310 Postquam
3058 4255 3189 4309 ergo
3218 4241 3349 4295 lavit

1752 4336 1914 4408 pedes
1943 4350 2155 4400 eorum,
2189 4343 2243 4389 et
2270 4334 2477 4401 accepit
2505 4333 2831 4389 vestimenta
2869 4346 2965 4387 sua
2994 4348 3005 4384 :
3038 4346 3158 4385 cum
3190 4345 3347 4385 recu-

1755 4432 1958 4487 buisset
1986 4431 2204 4493 iterum,
2233 4427 2370 4483 dixit
2403 4428 2482 4483 eis
2510 4444 2522 4480 :
2556 4426 2721 4482 Scitis
2742 4424 2869 4495 quid
2902 4422 3126 4478 fecerim
3148 4420 3347 4476 vobis?

1754 4527 1897 4598 [cxvr
1918 4568 1931 4591 ,
1961 4522 2039 4593 5.]
2073 4522 2178 4577 Vos
2206 4521 2413 4577 vocatis
2460 4535 2545 4574 me
2586 4518 2871 4588 Magister,
2906 4523 2962 4570 et
2991 4512 3216 4567 Domine
3244 4529 3257 4565 :
3291 4522 3348 4568 et

1752 4621 1891 4675 bene
1920 4618 2135 4675 dicitis:
2178 4633 2296 4673 sum
2342 4614 2562 4671 etenim.
2598 4614 2799 4686 [cxvu,
2852 4608 2961 4679 10.]
2991 4608 3048 4664 Si
3087 4622 3216 4679 ergo
3244 4622 3347 4678 ego

1755 4712 1863 4765 lavi
1888 4710 2055 4781 pedes
2078 4718 2312 4776 vestros,
2340 4708 2623 4773 Dominus,
2647 4713 2702 4759 et
2726 4703 2983 4773 Magister
3010 4718 3023 4755 :
3052 4710 3107 4757 et
3129 4715 3224 4755 vos
3252 4701 3348 4758 de-

1754 4803 1893 4859 betis
1936 4806 2075 4861 alter
2126 4802 2347 4857 alterius
2390 4800 2569 4853 lavare
2621 4794 2806 4866 pedes.
2839 4792 3158 4864 Exemplum
3199 4794 3345 4848 enim

1754 4896 1877 4952 dedi
1904 4896 2082 4962 vobis,
2113 4905 2167 4948 ut
2198 4889 2653 4964 quemadmodum
2686 4902 2786 4958 ego
2808 4886 2911 4942 feci
2951 4884 3126 4951 vobis,
3179 4886 3250 4939 ita
3294 4893 3350 4941 et

1755 5005 1851 5044 vos
1874 4988 2105 5044 faciatis.
2157 4986 2377 5057 [cxvm,
2420 4981 2498 5053 5.]
2530 4984 2739 5044 Amen,
2784 4993 2941 5034 amen
2983 4976 3108 5032 dico
3155 4975 3345 5031 vobis:

1755 5081 1873 5140 Non
1904 5089 1988 5137 est
2018 5092 2209 5134 servus
2237 5075 2412 5144 major
2440 5074 2663 5127 domino
2690 5085 2792 5127 suo
2822 5087 2835 5123 :
2863 5084 3038 5140 neque
3064 5068 3348 5139 apostolus

1757 5175 1930 5243 major
1974 5179 2061 5227 est
2111 5184 2198 5233 eo,
2242 5166 2333 5237 qui
2365 5164 2514 5221 misit
2559 5164 2729 5218 illum.
2760 5162 2818 5219 Si
2848 5162 2965 5217 haec
2993 5161 3164 5227 scitis,
3202 5160 3347 5216 beati

1756 5265 1907 5321 eritis
1945 5263 1988 5317 si
2023 5259 2258 5316 feceritis
2301 5272 2386 5313 ea.
2421 5254 2566 5329 [cxtx
2597 5296 2613 5321 ,
2662 5252 2775 5325 10.]
2820 5254 2938 5310 Non
2987 5253 3055 5310 de
3094 5252 3347 5309 omnibus

1758 5356 1911 5413 vobis
1938 5354 2061 5410 dico
2090 5370 2101 5407 :
2133 5366 2232 5422 ego
2264 5349 2377 5407 scio
2407 5360 2543 5420 quos
2591 5344 2849 5415 elegerim
2878 5361 2893 5402 :
2926 5346 3022 5402 sed
3052 5354 3114 5402 ut
3169 5344 3345 5400 adim-

1761 5506 2080 5579 quibusdam
2110 5503 2517 5579 exemplaribus
2542 5501 2831 5579 nesciunt,
2874 5499 2989 5569 pari
3016 5508 3196 5559 autem
3216 5513 3346 5557 con-

1754 5574 1921 5638 sensu
1952 5579 2020 5635 de
2059 5592 2210 5634 more
2239 5577 2421 5647 legunt
2450 5574 2761 5647 Scariotlu's.

1825 5650 1852 5690 ιι
1890 5651 2055 5709 [idem
2102 5663 2234 5710 mss.
2283 5643 2423 5707 mea
2447 5687 2464 5717 ,
2508 5660 2608 5720 pro
2634 5645 2791 5701 mittit
2820 5643 3026 5714 legunt.
