3920 6200
585 224 692 281 675

1599 218 1655 274 5.
1699 209 2084 273 "IERONYMI
2122 207 2356 268 DIVINA
2395 208 2869 269 BlBLlOTllECA.
3769 214 3850 272 676

590 339 798 404 ιιτιτςιιυτ
842 335 1124 404 Scriptura
1182 351 1194 383 :
1227 329 1327 397 Qui
1378 330 1670 386 manducat
1717 344 1927 383 mecum
1959 343 2170 396 panem,
2201 321 2257 381 Α
2279 327 2618 393 cognoscetis
2644 340 2788 387 eum,
2821 333 2875 378 et
2900 323 3112 378 vidiStis
3141 334 3290 377 eum.
3316 320 3459 378 Dicit
3490 321 3545 378 ei
3575 319 3846 393 Philippus:

587 431 785 484 levabit
811 437 998 483 contra
1033 440 1119 481 me
1140 425 1454 480 calcaneum
1483 438 1662 478 suum.
1694 421 1907 476 Amodo
1937 419 2061 475 dico
2085 435 2177 471 τοι

584 522 686 582 his.
722 522 1033 590 priusquam
1067 519 1157 571 fiat
1189 535 1204 572 :
1233 527 1291 571 ut
1331 531 1454 572 cum
1485 516 1684 571 factum
1716 516 1909 581 fuerit,
1941 513 2178 569 credatis

581 613 705 682 quia
737 626 836 681 ego
867 625 982 664 sum
1017 610 1172 680 '_cxx,
1199 608 1278 680 1.]
1310 611 1501 679 Amen,
1532 625 1686 662 anteit
1713 609 1837 662 dico
1859 606 2050 662 vobis:
2077 606 2176 674 Qui

584 705 778 773 accipit
807 705 850 757 si
880 716 1042 772 quem
1084 702 1311 768 misero,
1354 717 1441 756 me
1472 704 1673 770 accipit
1720 720 1730 753 :
1761 702 1852 770 qui
1884 709 2063 756 autem
2093 715 2178 755 me

579 797 800 866 accipit,
832 797 1030 864 accipit
1060 811 1184 850 eum
1217 795 1307 862 qui
1357 811 1444 850 me
1472 794 1641 849 misit.
1685 793 1836 864 [cxx]
1860 837 1873 860 ,
1929 793 2008 865 1.]
2040 794 2177 848 Cum

581 889 694 945 haec
720 889 950 943 dixisset
970 889 1153 953 Jesus,
1203 888 1450 942 turbatus
1482 897 1566 942 est
1615 889 1808 956 spiritu
1837 903 1850 939 :
1879 897 1934 941 et
1967 895 2174 956 protes-

581 989 724 1035 tatus
747 990 864 1042 est,
895 989 953 1035 et
998 977 1140 1032 dixit
1173 995 1186 1031 :
1221 979 1416 1042 Arnen,
1453 994 1611 1031 anicn
1658 978 1784 1033 dico
1833 978 2017 1042 vobis,
2049 977 2176 1046 quia

579 1087 717 1127 unus
739 1088 808 1128 ex
835 1071 990 1126 vobis
1022 1071 1198 1126 tradet
1229 1088 1336 1127 me.
1366 1071 1536 1144 [cxxn
1558 1113 1573 1137 ,
1603 1070 1681 1140 4.]
1708 1070 2064 1139 ASpiciebant
2090 1085 2179 1125 er-

576 1179 645 1236 go
673 1166 740 1218 ad
770 1164 1003 1219 invicem
1032 1164 1319 1234 discipuli,
1373 1163 1690 1218 haesitantes
1719 1164 1788 1218 de
1816 1177 1924 1235 quo
1946 1163 2172 1219 diceret.

573 1257 758 1322 [cxxni
780 1298 793 1322 ,
827 1254 941 1325 10.]
975 1255 1104 1310 Erat
1123 1271 1255 1326 ergo
1280 1256 1611 1311 recumbens
1632 1270 1776 1310 unus
1796 1269 1865 1310 ex
1893 1253 2175 1325 discipulis

576 1352 692 1420 ejus
725 1351 777 1405 in
812 1351 933 1404 sinu
957 1347 1108 1416 Jesu,
1140 1364 1300 1419 quem
1327 1347 1594 1418 diligebat
1621 1348 1802 1404 Jesus.
1838 1343 2019 1401 lnnuit
2043 1361 2175 1416 ergo

575 1442 699 1496 huic
728 1442 921 1496 Simon
971 1439 1165 1496 Petrus
1217 1456 1232 1492 :
1266 1450 1321 1494 et
1347 1439 1496 1494 dixit
1543 1442 1592 1495 ei
1621 1455 1634 1491 :
1667 1439 1798 1506 Quis
1823 1447 1929 1504 est,
1971 1436 2040 1492 de
2067 1451 2174 1505 quo

572 1535 748 1589 dicit?
775 1534 961 1604 Itaque
984 1547 1109 1588 cum
1134 1532 1480 1588 recubuisset
1505 1531 1597 1586 ille
1621 1544 1784 1599 supra
1808 1540 1999 1600 pectus
2020 1527 2168 1594 Jesu,

571 1629 704 1684 dicit
724 1627 773 1684 ei
800 1645 814 1684 ε
851 1629 1103 1695 Domine,
1134 1628 1256 1698 quis
1285 1638 1374 1683 est
1404 1627 1427 1680 ἳ
1457 1635 1481 1662 ι·
1513 1623 1814 1694 ReSpondit
1848 1622 2008 1678 Jesus
2034 1639 2045 1674 :
2077 1621 2172 1677 llle

2282 415 2529 479 Domine,
2555 415 2780 470 ostende
2803 417 2959 470 nobis
2985 415 3222 478 Patrem,
3248 424 3304 470 et
3324 414 3532 470 sufﬁcit
3559 415 3728 470 nobis.
3746 417 3850 473 Dicit

2280 507 2329 560 ei
2344 506 2501 561 Jesus
2522 506 2713 561 :Tanto
2732 516 2973 576 tempore
2993 508 3269 561 vobiscum
3293 517 3502 572 sum,et
3519 522 3628 561 non
3641 513 3849 578 cognovi-

2280 597 2377 651 stis
2403 599 2511 651 me?
2534 596 2948 669 Pbilippe,quib
2966 597 3394 659 videtme.videt
3423 610 3480 652 et
3505 600 3849 667 l’atrem.Quo

2282 692 2447 746 modo
2478 702 2532 746 tu
2558 692 2694 747 dicis
2723 709 2738 746 :
2767 692 3003 747 Ustende
3030 692 3187 746 nobis
3209 691 3471 747 Patrem?
3497 692 3618 747 Non
3647 695 3849 756 creditis.

2279 788 2403 855 quia
2426 802 2525 856 ego
2549 787 2601 840 in
2626 786 2805 852 Patre,
2832 796 2887 841 et
2908 785 3069 840 Pater
3094 787 3146 839 in
3177 801 3261 840 me
3282 786 3399 840 est!
3429 786 3629 852 Verba,
3646 803 3756 858 qua:
3777 805 3853 859 ego

2282 880 2475 949 loquor
2503 882 2690 948 vobis,
2723 895 2754 933 a
2796 895 2885 936 me
2915 881 3035 950 ipso
3066 896 3170 935 non
3203 881 3417 951 loquor.
3451 881 3619 938 Pater
3635 892 3796 940 autem
3816 885 3856 939 ia

2282 987 2368 1027 me
2397 987 2642 1037 manens,
2670 974 2787 1038 ipse
2816 973 2948 1027 facit
2970 988 3163 1042 opera.
3191 977 3312 1028 Non
3329 973 3590 1041 creditis,
3639 976 3752 1046 quia
3775 991 3855 1047 ego

2282 1068 2332 1120 in
2364 1066 2546 1133 Patre,
2570 1077 2626 1122 et
2651 1066 2813 1122 Pater
2844 1068 2894 1120 in
2929 1083 3016 1123 me
3037 1068 3152 1122 est?
3174 1067 3433 1138 Alioquin
3465 1077 3692 1140 propter
3712 1085 3852 1139 opera

2281 1159 2393 1228 ipsa
2423 1159 2650 1214 credite.
2680 1161 2886 1225 Amen,
2934 1173 3094 1215 amen
3125 1160 3249 1216 dico
3274 1161 3433 1216 vobis
3453 1203 3469 1227 ,
3501 1163 3596 1233 qui
3624 1163 3786 1218 credit
3807 1165 3852 1219 in

2280 1269 2366 1307 me
2391 1293 2407 1320 ,
2445 1268 2612 1323 opera
2651 1269 2772 1325 quas
2812 1267 2911 1324 ego
2939 1253 3100 1315 facio.
3143 1262 3199 1310 et
3225 1253 3343 1325 ipse
3374 1256 3558 1324 faciet,
3589 1268 3644 1312 et
3674 1258 3853 1326 majora

2279 1345 2473 1402 horum
2503 1347 2695 1401 faciet:
2729 1347 2851 1416 quia
2879 1361 2981 1417 ego
3010 1345 3075 1401 ad
3101 1345 3314 1402 Patrem
3339 1347 3501 1402 vado.
3537 1345 3855 1420 [cxxvnt,4.]

2280 1439 2348 1494 Et
2386 1441 2766 1510 quodcumque
2808 1439 3071 1509 petieritis
3109 1439 3322 1495 Patrem
3362 1441 3416 1495 in
3466 1441 3687 1497 nomine
3732 1457 3858 1507 meo,

2280 1530 2381 1586 hoc
2411 1532 2601 1586 faciam
2627 1542 2717 1587 :ut
2747 1532 3078 1600 gloriﬁcetur
3099 1531 3258 1587 Pater
3280 1532 3334 1586 in
3363 1531 3518 1588 Filio.
3543 1533 3602 1589 Si
3628 1535 3752 1604 quid
3781 1549 3859 1604 pe-

2279 1625 2470 1679 tieritis
2515 1640 2602 1680 me
2629 1625 2681 1679 in
2716 1625 2934 1678 nomine
2962 1639 3085 1680 meo
3110 1665 3125 1689 ,
3167 1624 3272 1679 hoc
3297 1623 3503 1679 faciam.
3557 1623 3616 1680 Si
3646 1624 3858 1696 diligitis

575 1730 682 1786 est,
705 1721 792 1774 cui
816 1733 920 1790 ego
948 1719 1235 1774 intinctum
1261 1732 1458 1787 panem
1492 1730 1812 1786 porrexero.
1847 1714 2026 1785 [cxxiv
2049 1754 2064 1780 ,
2094 1711 2172 1782 9.]
2204 1711 2250 1772 B
2279 1731 2389 1782 me,
2429 1717 2681 1770 mandata
2736 1731 2854 1770 mea
2885 1725 3122 1772 servate.
3154 1715 3227 1771 Et
3279 1730 3380 1786 ego
3404 1717 3598 1787 rogabo
3629 1717 3856 1784 Patrem,

577 1814 642 1867 Et
668 1828 789 1867 cum
823 1812 1138 1868 intinxisset
1163 1826 1380 1880 partem,
1411 1809 1562 1866 dedit
1587 1810 1741 1864 Iuda:
1763 1808 2005 1864 Simonis
2036 1805 2174 1860 [sca-

573 1904 749 1959 riotm.
785 1903 914 1975 [ML
949 1903 1296 1972 Scariothis.j
1321 1903 1387 1958 Et
1425 1912 1546 1972 post
1571 1901 1893 1964 buccellam,
1932 1899 2175 1954 introivit

572 1998 627 2050 in
656 2012 779 2052 eum
811 1999 1061 2050 Satanas.
1090 1995 1252 2066 [cxxv
1275 2036 1289 2060 ,
1315 1993 1430 2066 10.]
1464 1995 1528 2047 Et
1557 1993 1688 2047 dixit
1722 1994 1770 2048 ei
1801 1992 1959 2047 Jesus
1981 2010 1993 2044 :
2019 1990 2172 2059 Quod

571 2087 728 2154 facis,
761 2088 846 2142 fac
879 2087 1061 2142 citius.
1091 2088 1204 2142 lloc
1229 2098 1410 2142 autem
1447 2101 1608 2140 nemo
1643 2084 1803 2140 scivit
1830 2083 2174 2138 discumben-

569 2185 700 2234 tium
733 2179 800 2235 ad
831 2180 962 2250 quid
997 2179 1195 2235 dixerit
1215 2179 1286 2234 ei.
1313 2179 1544 2246 Quidam
1564 2175 1710 2232 enim
1737 2175 2023 2246 putabunt,
2049 2176 2171 2244 quia

571 2273 782 2328 loculos
806 2272 1046 2329 habebat
1089 2271 1279 2339 Judas,
1305 2271 1451 2342 quod
1477 2269 1705 2325 dixisset
1731 2271 1782 2324 ei
1804 2269 1963 2325 Jesus
1995 2285 2008 2320 :
2042 2267 2172 2321 Eme

565 2379 651 2432 ea,
678 2379 799 2435 quae
827 2379 962 2434 opus
986 2375 1112 2419 sunt
1137 2363 1294 2418 nobis
1343 2363 1408 2418 ad
1440 2361 1585 2417 diem
1620 2361 1815 2417 festum
1853 2378 1866 2414 :
1900 2367 1994 2415 aut
2035 2375 2169 2430 ege-

570 2457 676 2522 nis,
709 2465 768 2510 ut
806 2455 1011 2526 aliquid
1043 2455 1215 2510 daret.
1247 2453 1383 2510 Cum
1435 2468 1566 2525 ergo
1593 2454 1896 2523 accepisset
1925 2451 2018 2506 ille
2039 2451 2172 2504 buc—

564 2549 781 2616 ocllam,
816 2551 986 2605 exivit
1017 2550 1304 2603 continuo.
1350 2547 1478 2602 Erat
1503 2555 1686 2602 autem
1712 2561 1844 2601 nox.
1879 2544 2013 2600 Cum
2038 2557 2168 2613 ergo

564 2646 794 2711 exisset,
820 2643 966 2698 dixit
998 2641 1157 2699 Jesus
1180 2661 1195 2696 ς
1220 2641 1372 2697 Nunc
1399 2640 1726 2695 clarificatus
1755 2647 1840 2694 est
1866 2635 2035 2692 Filius
2064 2635 2166 2690 ho-

564 2738 728 2794 minis
763 2757 775 2793 :
804 2745 860 2793 et
887 2737 1032 2792 Deus
1061 2737 1390 2792 clarificatus
1412 2743 1495 2790 est
1527 2734 1582 2788 in
1627 2748 1715 2787 eo.
1747 2730 1805 2786 Si
1833 2730 1981 2786 Deus
2009 2729 2170 2784 clari-

564 2830 758 2886 licatus
779 2839 869 2886 est
897 2831 949 2885 in
975 2844 1041 2886 eo
1061 2874 1074 2896 ,
1107 2837 1164 2885 et
1207 2828 1352 2884 Deus
1381 2825 1706 2882 clarificabit
1738 2823 1870 2898 [.lfs.
1900 2821 2169 2878 clarifica-

562 2923 657 2992 vitl
686 2939 809 2979 eum
842 2923 894 2977 in
929 2922 1258 2993 semetipso:
1288 2929 1343 2977 et
1379 2921 1640 2976 continuo
1676 2915 1996 2974 clarificahit
2019 2929 2162 2970 eum.

565 3015 769 3082 Filioli,
823 3015 998 3070 adhuc
1053 3013 1322 3068 modicum
1374 3012 1658 3066 vobiscum
1702 3024 1844 3066 sum.
1898 3006 2166 3076 Qumretis

2276 1817 2330 1861 et
2352 1807 2516 1861 alium
2541 1808 2868 1862 Paraclitum
2895 1806 3046 1862 dabit
3065 1807 3249 1873 vobis,
3275 1817 3334 1862 ut
3358 1818 3574 1864 maneat
3593 1809 3856 1864 vobiscum

2275 1899 2328 1954 in
2377 1911 2665 1969 aeternum,
2699 1900 2960 1970 Spiritum
2988 1899 3254 1968 veritatis,
3283 1915 3447 1971 quem
3495 1901 3729 1957 mundus
3769 1917 3854 1957 non

2276 2002 2450 2062 potest
2481 1994 2754 2064 accipere,
2786 1994 2909 2064 quia
2951 2009 3057 2048 non
3105 1994 3252 2049 videt
3289 2009 3439 2062 eum,
3470 2009 3574 2050 nec
3601 1995 3703 2050 scit
3730 2010 3855 2050 eum.

2274 2085 2383 2140 Vos
2414 2097 2598 2142 autem
2630 2099 2651 2125 ε
2684 2088 3029 2159 cognoscetis
3049 2102 3171 2144 eum
3197 2105 3211 2154 ;
3241 2089 3365 2160 quia
3392 2088 3540 2158 apud
3570 2104 3666 2146 vos
3694 2106 3855 2146 mane-

2275 2177 2370 2242 bit,
2404 2189 2456 2232 ct
2488 2180 2539 2232 in
2569 2179 2722 2232 vobis
2762 2180 2887 2233 erit.
2941 2179 3058 2233 Non
3093 2181 3398 2250 relinquam
3427 2196 3529 2237 vos
3555 2181 3815 2252 orphanos
3842 2200 3851 2235 :

2275 2272 2485 2324 veniam
2516 2271 2581 2324 ad
2613 2286 2730 2324 vos.
2754 2271 2948 2326 Adhuc
2973 2271 3281 2326 modicum:
3315 2281 3369 2328 et
3394 2272 3634 2328 mundus
3661 2289 3743 2329 me
3763 2274 3855 2343 jam

2274 2377 2381 2418 non
2425 2363 2588 2416 videt.
2624 2363 2731 2417 Vos
2760 2372 2943 2418 autem
2971 2363 3167 2419 videtis
3203 2378 3328 2419 me:
3359 2365 3490 2434 quia
3520 2378 3624 2436 ego
3647 2366 3788 2430 vivo,
3812 2374 3856 2420 et

2273 2471 2370 2511 vus
2399 2457 2613 2511 vivetis.
2633 2457 2690 2510 ln
2722 2457 2814 2512 illo
2843 2457 2932 2512 die
2960 2473 3054 2511 vos
3075 2459 3445 2529 cognoscetis,
3476 2460 3604 2528 quia
3626 2473 3725 2529 ego
3752 2473 3857 2514 sum

2271 2549 2325 2604 in
2367 2550 2524 2604 Patre
2560 2565 2717 2612 meo.
2759 2560 2815 2605 et
2856 2565 2954 2605 vos
2991 2550 3046 2605 in
3084 2565 3193 2614 me.
3234 2560 3288 2606 et
3317 2566 3420 2622 ego
3466 2551 3524 2607 in
3552 2551 3717 2607 vobis.
3760 2549 3856 2617 Qui

2274 2642 2436 2696 habet
2466 2641 2717 2696 mandata
2751 2658 2894 2711 mea,
2925 2652 2980 2697 et
3008 2652 3194 2697 servat
3214 2659 3278 2698 ea
3307 2684 3322 2709 ,
3357 2643 3450 2698 ille
3479 2653 3564 2700 est
3592 2643 3681 2714 qui
3700 2641 3857 2712 diligit

2274 2750 2379 2790 me.
2414 2736 2616 2806 [cxxix,
2651 2734 2727 2805 1.]
2759 2735 2859 2802 Qui
2886 2745 3067 2792 autem
3097 2737 3271 2805 diligit
3298 2752 3410 2806 me,
3435 2737 3691 2807 diligetur
3716 2751 3746 2792 a
3773 2737 3856 2791 Pa-

2271 2837 2353 2881 tre
2377 2844 2527 2882 meo:
2567 2839 2621 2883 et
2645 2843 2748 2898 ego
2777 2827 2998 2898 diligam
3041 2815 3187 2892 eum,
3212 2840 3267 2884 et
3295 2829 3657 2886 manifestabo
3684 2831 3733 2886 ei
3756 2844 3855 2885 me-

2269 2919 2467 2989 ipsum.
2505 2920 2689 2990 [,cxxx,
2717 2920 2829 2988 10.]
2863 2921 3003 2974 Dicit
3031 2922 3079 2975 ei
3108 2921 3294 2986 Judas,
3326 2937 3433 2976 non
3468 2922 3559 2978 ille
3591 2921 3856 2978 lscariotes

2272 3009 2400 3080 [.lIs.
2432 3011 2771 3081 Seariothis]:
2803 3011 3054 3078 Domine,
3083 3013 3208 3081 quid
3241 3011 3444 3068 factum
3465 3024 3578 3081 est,
3607 3014 3728 3084 quia
3757 3027 3856 3067 tua-

568 3105 701 3178 μισ.
732 3105 1011 3176 Quaeritis]
1047 3121 1131 3162 me
1166 3123 1180 3159 :
1211 3117 1265 3162 et
1293 3105 1434 3160 sicut
1483 3105 1592 3160 dixi
1623 3103 1826 3159 Judxis
1858 3120 1868 3155 :
1913 3102 2031 3169 Quo
2061 3113 2162 3169 ego
2189 3091 2234 3154 C
2269 3103 2620 3160 nifestaturus
2657 3121 2716 3160 es
2774 3107 2928 3159 nobis
2972 3105 3225 3175 teipsum,
3258 3115 3317 3162 et
3360 3122 3468 3162 non
3497 3107 3738 3164 mundo!
3765 3107 3858 3164 Re-

570 3200 730 3267 vado,
760 3216 857 3255 vos
892 3216 997 3255 non
1029 3201 1257 3271 potestis
1288 3200 1474 3254 venire
1510 3216 1523 3252 :
1552 3206 1607 3253 et
1637 3197 1790 3252 vobis
1820 3195 1943 3251 dico
1980 3195 2161 3249 modo.

564 3292 875 3348 Mandatum
933 3308 1133 3348 novum
1184 3291 1255 3347 do
1287 3292 1444 3346 vobis
1475 3307 1487 3344 :
1537 3289 1607 3345 Ut
1636 3288 1876 3360 diligatis
1906 3289 2163 3351 invicem,

570 3385 717 3440 sicut
742 3384 915 3441 dilexi
948 3400 1061 3452 vos,
1098 3394 1158 3440 ut
1183 3393 1237 3440 et
1281 3397 1377 3437 vos
1407 3383 1645 3452 diligatis
1671 3382 1922 3436 ἰιιιιιιςοιιι.
1974 3379 2029 3433 lii
2064 3381 2167 3433 hoc

564 3488 897 3549 Cognoscent
920 3492 1112 3533 omnes
1137 3476 1265 3546 quia
1297 3474 1552 3542 discipuli
1598 3474 1705 3526 mei
1736 3473 1894 3536 estis,
1922 3472 1968 3526 si
1998 3470 2166 3526 dilec-

565 3570 765 3626 tionem
799 3567 1106 3624 habueritis
1131 3567 1197 3621 ad
1251 3566 1510 3619 invicem.
1541 3565 1758 3635 luxu,
1812 3562 1888 3633 1.]
1940 3563 2078 3618 Dicit
2114 3563 2164 3618 ei

561 3660 749 3716 Simon
786 3661 1018 3716 Petrus:
1057 3658 1306 3720 Domine,
1356 3670 1463 3726 quo
1493 3655 1698 3708 vadis?
1746 3653 2047 3724 Respondit
2075 3655 2167 3709 Je-

561 3767 654 3805 sus
686 3769 698 3806 :
732 3753 852 3820 Quo
881 3765 986 3819 ego
1021 3747 1185 3814 vado,
1219 3764 1328 3802 non
1359 3756 1513 3817 potes
1544 3761 1630 3801 me
1657 3745 1819 3802 modo
1845 3747 1997 3815 sequi
2028 3763 2041 3798 :
2072 3762 2163 3801 se-

561 3842 750 3910 queris
774 3852 956 3896 autent
1002 3849 1210 3910 postea.
1262 3840 1402 3894 Dicit
1431 3841 1479 3895 ei
1528 3839 1721 3895 Petrus
1765 3857 1778 3893 :
1826 3840 2005 3906 Quare
2054 3856 2162 3894 non

564 3947 785 4002 possum
821 3942 870 3986 te
900 3933 1055 4000 sequi
1101 3933 1264 3988 modo
1297 3936 1319 3987 ?
1347 3934 1582 3988 animam
1616 3949 1792 3989 meam
1842 3948 1941 4004 pro
1987 3940 2039 3988 te
2067 3948 2160 4004 po-

560 4041 708 4080 nam.
760 4027 1063 4095 Respondit
1114 4029 1162 4083 ei
1197 4027 1355 4084 Jesus
1395 4046 1409 4083 :
1443 4029 1690 4084 Animam
1747 4039 1893 4083 tuam
1947 4043 2045 4099 pro
2075 4043 2161 4084 me

559 4119 777 4189 pones?
809 4118 1006 4185 Amen,
1038 4135 1203 4177 amen
1224 4121 1350 4177 dico
1380 4122 1477 4177 tibi
1506 4122 1654 4176 :Non
1688 4121 1932 4178 cantabit
1959 4123 2155 4192 gallus,

553 4214 732 4270 donec
761 4222 843 4270 ter
861 4230 949 4271 me
975 4229 1160 4285 neges.

629 4304 783 4379 [ϐαρ.
812 4305 949 4362 XIV.
981 4322 1165 4362 cxxvn
1183 4350 1197 4375 ,
1224 4306 1339 4378 10.]
1362 4307 1478 4363 Non
1505 4309 1751 4365 turbetur
1772 4325 1869 4365 cor
1888 4319 2155 4368 vestrum.

561 4400 798 4456 Creditis
832 4402 885 4456 in
917 4400 1109 4468 Deum,
1139 4408 1197 4457 et
1228 4401 1282 4456 iu
1312 4417 1399 4457 me
1440 4402 1669 4457 credite.
1699 4403 1754 4456 ln
1785 4403 1949 4458 domo
1981 4403 2158 4459 Patris

2270 3198 2489 3267 spondit
2510 3198 2702 3264 Jesus,
2729 3210 2780 3253 et
2805 3199 2943 3254 dixit
2971 3201 3051 3254 ei:
3084 3199 3141 3256 Si
3171 3201 3291 3269 quis
3318 3200 3494 3271 diligit
3522 3217 3632 3270 me,
3660 3217 3856 3258 sermo-

2269 3306 2394 3346 nem
2421 3306 2601 3347 meum
2635 3291 2893 3359 servabit,
2929 3303 2986 3346 et
3014 3291 3173 3347 Pater
3211 3308 3366 3349 meus
3408 3293 3604 3365 diliget
3631 3311 3781 3360 eum,
3813 3303 3857 3350 et

2269 3383 2334 3437 ad
2361 3398 2483 3438 eum
2505 3384 2879 3448 veniemus,et
2910 3384 3248 3440 mansionem
3278 3385 3421 3455 apud
3440 3403 3570 3442 eum
3592 3387 3854 3444 faciemus:

2267 3473 2357 3542 qui
2385 3490 2491 3528 non
2517 3474 2690 3543 diligit
2710 3488 2817 3540 me,
2833 3488 3115 3530 sermones
3138 3492 3286 3532 meos
3312 3492 3418 3531 non
3434 3488 3636 3533 servat.
3658 3478 3855 3549 [cxxxt,

2270 3564 2344 3633 1.]
2378 3566 2440 3618 Et
2465 3581 2774 3621 sermonem
2803 3583 2964 3638 quem
2994 3569 3243 3635 audistis,
3273 3586 3381 3626 non
3429 3581 3516 3626 est
3543 3587 3717 3638 meus,
3771 3570 3857 3626 sed

2266 3659 2408 3727 ejus,
2441 3660 2532 3729 qui
2576 3660 2724 3714 misit
2756 3675 2864 3728 me,
2898 3661 3090 3716 Patris.
3119 3661 3251 3717 llaec
3296 3663 3512 3718 locutus
3542 3679 3663 3720 sum
3691 3663 3852 3728 vobis,

2265 3749 2405 3818 apud
2445 3766 2542 3806 vos
2597 3767 2843 3808 manens.
2898 3755 3140 3824 lcxxxn,
3177 3752 3287 3823 10.]
3337 3754 3643 3813 Paraclitus
3687 3768 3855 3813 autem

2264 3842 2498 3912 Spiritus
2523 3853 2764 3911 sanctus,
2797 3859 2956 3915 quem
2989 3850 3164 3902 mittet
3195 3847 3355 3902 Pater
3386 3848 3440 3903 in
3469 3851 3693 3906 nomine
3719 3863 3850 3912 meo,

2265 3936 2357 3992 ille
2403 3952 2498 3992 vos
2546 3937 2765 3994 docebit
2815 3941 3030 4007 omnia,
3079 3951 3133 3995 et
3161 3952 3418 4012 suggeret
3463 3944 3620 4000 vobis
3659 3945 3850 4008 omnia,

2263 4045 2621 4102 quaecumque
2643 4031 2830 4088 dixero
2853 4033 3028 4088 vobis.
3055 4033 3248 4090 Pacem
3280 4035 3535 4106 relinquo
3563 4037 3735 4104 vobis,
3767 4051 3852 4107 pa-

2262 4138 2382 4181 cem
2414 4141 2589 4181 meam
2612 4126 2682 4180 do
2713 4126 2899 4181 vobis:
2930 4142 3040 4180 non
3063 4133 3336 4198 quomodo
3364 4129 3604 4186 mundus
3631 4131 3738 4194 dat,
3757 4142 3851 4199 ego

2262 4221 2334 4275 do
2363 4219 2669 4276 vobis.Non
2699 4219 2945 4275 turbetur
2964 4235 3059 4275 cor
3084 4230 3345 4287 vestrum,
3371 4236 3549 4292 neque
3580 4219 3842 4278 formidet.

2261 4312 2503 4368 Audistis
2526 4315 2648 4384 quia
2680 4329 2780 4384 ego
2809 4312 2922 4368 dixi
2952 4313 3105 4368 vobis
3123 4330 3144 4384 _:
3172 4312 3347 4383 Vado,
3374 4326 3428 4370 et
3459 4317 3618 4373 venio
3647 4315 3710 4371 ad
3739 4329 3849 4370 vos.

2262 4405 2320 4464 Si
2343 4381 2640 4478 diligeretis
2661 4381 2772 4474 me,
2795 4406 3103 4478 gauderetis
3123 4381 3340 4480 ‘utique,
3362 4411 3488 4481 quia
3512 4411 3651 4468 vado
3673 4410 3734 4465 ad
3757 4409 3852 4463 Pa-

555 4497 661 4550 mei
695 4493 1007 4551 mansiones
1048 4496 1232 4551 multa:
1255 4505 1408 4552 sunt.
1444 4495 1501 4552 Si
1527 4509 1635 4567 quo
1663 4497 1864 4562 minus,
1889 4497 2146 4552 dixissem
2175 4489 2230 4552 D
2257 4507 2391 4557 trem
2417 4519 2430 4556 :
2464 4501 2591 4571 quia
2620 4500 2780 4556 Pater
2809 4500 2981 4571 major
3007 4517 3094 4557 me
3137 4513 3240 4558 est.
3273 4503 3340 4558 Et
3380 4519 3524 4561 nunc
3553 4504 3670 4560 dixi
3700 4503 3851 4560 vobis

549 4590 702 4645 vobis
736 4608 748 4644 :
780 4591 916 4658 Quia
945 4591 1084 4647 vado
1125 4607 1322 4662 parare
1350 4592 1503 4647 vobis
1534 4592 1731 4647 locum.
1765 4593 1832 4648 Et
1858 4594 1902 4649 si
1933 4594 2142 4660 abiero,

548 4693 602 4738 et
633 4699 1011 4755 prmparavero
1041 4686 1198 4742 vobis
1223 4686 1403 4742 locum
1435 4703 1449 4740 :
1483 4687 1678 4743 iterum
1702 4689 1895 4755 venio,
1928 4699 1984 4744 et
2005 4690 2147 4746 acci-

549 4777 690 4848 piam
717 4795 810 4836 vos
827 4780 894 4836 ad
914 4782 1216 4851 meipsum,
1242 4782 1404 4837 utubi
1421 4796 1541 4837 sum
1560 4795 1684 4854 ego,
1713 4792 1768 4838 et
1789 4797 1886 4838 vos
1912 4784 2052 4840 sitis.
2077 4785 2146 4840 Et

544 4889 652 4939 quo
680 4889 782 4942 ego
810 4874 970 4939 vado,
1001 4875 1174 4943 scitis,
1209 4882 1265 4930 et
1293 4873 1434 4930 viam
1461 4876 1631 4931 scitis.
1654 4875 2142 4935 Dicitei'l‘homas:

543 4962 792 5032 Domine,
815 4967 1086 5022 nescimus
1107 4981 1216 5037 quo
1244 4965 1398 5022 vadis
1431 4983 1446 5022 :
1483 4974 1540 5022 et
1561 4969 1832 5036 quomodo
1862 4984 2150 5039 possumus

546 5057 687 5113 viam
702 5061 865 5115 scire?
885 5059 1256 5115 DiciteiJesus
1275 5076 1288 5113 :
1305 5059 1421 5132 Ego
1436 5074 1556 5116 sum
1576 5061 1685 5130 via,
1701 5070 1758 5117 et
1773 5062 1996 5128 veritas,
2010 5064 2150 5120 etvi-

544 5161 617 5207 ta.
631 5153 800 5209 Nemo
815 5155 963 5210 venit
976 5154 1041 5210 ad
1058 5155 1300 5226 Patrem,
1316 5157 1421 5211 nisi
1443 5173 1536 5226 per
1558 5172 1664 5212 me.
1681 5156 1737 5213 Si
1756 5160 2149 5230 cognovissetis

543 5260 631 5302 me
654 5286 669 5314 ,
701 5257 753 5302 et
775 5247 988 5304 Patrem
1011 5263 1194 5304 meum
1225 5248 1408 5320 utique
1432 5251 1852 5323 cognovissctis,
1878 5259 1933 5308 et
1953 5254 2151 5311 amodo

614 5438 639 5466 α
667 5429 725 5505 ln
752 5432 962 5505 nostris
990 5445 1150 5495 mss.,
1178 5429 1278 5485 Cui
1307 5434 1572 5505 respondit
1593 5435 1771 5492 Iesus.
1804 5437 2026 5494 Addunt
2053 5456 2144 5496 ve-

542 5512 603 5576 ro
629 5501 872 5576 plerique
901 5517 1093 5556 omnes
1119 5511 1242 5576 turtc
1272 5501 1613 5576 particulam,
1644 5509 1736 5563 ubi
1756 5508 1958 5565 dicitur
1980 5553 1994 5576 ,
2025 5519 2144 5567 tunc

541 5568 850 5653 aquatius.
878 5590 1016 5640 eum,
1044 5583 1149 5628 etc.
1169 5568 1346 5653 Paulo
1370 5585 1493 5644 post
1521 5568 1685 5653 iidem
1721 5596 1882 5649 mss.,
1913 5568 2035 5653 quia
2063 5583 2146 5638 di-

543 5641 623 5714 cit_
640 5645 686 5696 ei
717 5641 870 5698 Iesus
893 5688 905 5711 ,
942 5659 1038 5712 pro
1067 5645 1206 5713 quod
1235 5641 1455 5714 dixisset
1483 5650 1556 5714 ei,
1583 5659 1690 5706 etc.

611 5709 638 5747 ι’
679 5709 908 5782 Propius
943 5709 1177 5771 fortasse
1220 5713 1413 5772 Graeco
1435 5709 1635 5776 habent
1663 5722 1839 5779 nostri
1876 5723 2146 5796 mss.,qui

2255 4595 2565 4665 priusquam
2599 4595 2693 4649 ﬁat
2725 4612 2736 4647 :
2773 4602 2830 4650 ut
2855 4609 2977 4650 cum
3007 4594 3205 4650 factum
3235 4596 3417 4664 fuerit,
3451 4596 3696 4652 credatis.
3725 4596 3850 4651 Jani

2254 4702 2361 4742 non
2413 4687 2582 4741 multa
2628 4686 2820 4757 loquar
2863 4685 3167 4743 vobiscum.
3204 4687 3366 4744 Venit
3411 4689 3553 4745 enim
3603 4688 3849 4758 princeps

2253 4783 2441 4839 mundi
2480 4783 2676 4853 hujus,
2723 4793 2780 4839 et
2818 4783 2874 4838 in
2906 4798 2994 4839 me
3032 4799 3140 4839 non
3189 4783 3352 4840 habet
3389 4784 3702 4858 quidquam.
3741 4780 3846 4840 Sed

2254 4888 2313 4934 ut
2337 4887 2630 4950 cognoscat
2679 4877 2916 4933 mundus
2962 4879 3088 4947 quia
3149 4877 3314 4950 diligo
3343 4878 3560 4936 Patrem
3593 4921 3607 4946 ,
3645 4888 3698 4935 et
3743 4878 3850 4933 sic-

2253 4980 2312 5026 ut
2356 4968 2667 5025 inandatum
2694 4967 2846 5025 dedit
2893 4968 3024 5024 mihi
3068 4968 3249 5037 Pater,
3291 4969 3372 5027 sic
3417 4970 3578 5029 facio.
3611 4971 3841 5042 Surgite,

2252 5081 2441 5124 eamus
2472 5065 2619 5120 hinc.

2327 5158 2478 5232 [Cap.
2524 5156 2667 5229 XV.]
2699 5156 2816 5229 Ego
2859 5171 2977 5213 sum
3025 5156 3150 5213 vitis
3203 5172 3367 5214 vera:
3409 5167 3466 5215 et
3512 5158 3666 5215 Pater
3694 5172 3841 5214 meus

2254 5253 2489 5326 agricola
2517 5262 2620 5309 est.
2651 5252 2880 5309 Omnem
2912 5252 3190 5324 palmitem
3220 5253 3274 5309 in
3313 5267 3404 5310 me
3430 5269 3542 5310 non
3584 5253 3842 5309 ferentem

2247 5441 2373 5495 vidit
2399 5456 2502 5505 me,
2533 5439 2664 5494 vidit
2687 5448 2731 5494 et
2759 5440 2989 5507 Patrem,
3011 5452 3116 5499 etc.
3137 5441 3273 5496 Tum
3292 5440 3475 5498 eidem
3503 5441 3665 5500 textui
3695 5454 3840 5511 pres-

2247 5513 2391 5582 sius,
2417 5528 2520 5566 non
2561 5513 2750 5580 credis,
2786 5527 2884 5582 pro
2907 5529 3006 5568 non
3032 5513 3261 5568 creditis.

2321 5595 2343 5622 c
2380 5581 2438 5637 ln
2471 5583 2695 5638 instanti
2735 5581 2857 5638 cum
2887 5586 3077 5658 Grieco
3109 5592 3258 5640 textu
3290 5586 3468 5642 nostri
3508 5599 3721 5658 quoque
3749 5584 3838 5641 hac

2249 5654 2381 5713 bent
2405 5667 2562 5722 mss.,
2591 5669 2695 5710 non
2723 5655 3055 5728 cognoscitis.
