3920 6200
94 198 183 256 677
1062 194 1517 253 EVANGELIUM
1556 192 1933 253 SECUNDUM
1969 193 2307 255 JOANNEM.

3219 210 3324 268 678

93 312 299 366 fructum
331 352 343 373 ,
389 307 535 362 tollet
598 322 711 361 cum
742 322 755 360 :
806 313 863 363 et
908 320 1124 364 omnem
1196 312 1285 378 qui
1329 310 1433 365 fert
1489 310 1632 366 truc»
1657 325 1705 380 Α
1734 311 2060 368 dalizemini.
2091 314 2311 385 Absque
2339 319 2625 388 synagogis
2654 318 2849 375 facient
2872 335 2994 377 vos:
3026 323 3225 394 [cum
3251 330 3325 399 1.]

91 398 456 470 tuin,purgabit
502 411 622 454 eum
650 439 663 461 ,
713 408 767 454 ut
812 398 1045 455 fructum
1094 399 1211 469 plus
1256 400 1465 458 allevat.
1512 400 1630 458 ιω

93 508 177 547 vos
219 492 383 546 mundi
419 490 541 545 estis
582 500 800 561 propter
835 506 1177 561 sermonem,
1216 509 1375 565 quem
1419 493 1631 550 locutus

82 598 191 637 sum
218 582 368 637 vobis.
415 580 620 637 Mauete
657 580 861 649 inme,
916 591 974 639 et
1027 598 1130 654 ego
1178 584 1236 639 in
1279 585 1452 641 vobis.
1512 585 1630 642 Sic-

72 685 122 730 ut
162 674 353 745 palmes
400 688 512 729 non
559 682 735 743 potest
780 675 918 731 lerre
970 675 1204 732 fructum
1243 694 1270 732 a
1302 680 1628 749 semetipso,

62 766 151 823 nisi
171 765 404 822 manserit
436 765 500 819 in
531 767 675 822 vite:
708 766 787 822 sic
816 782 919 824 nec
948 783 1047 823 vos
1075 812 1089 836 ,
1146 771 1247 825 nisi
1280 771 1332 825 in
1364 786 1453 827 me
1476 786 1631 827 mau-

60 858 229 915 seritis.
258 858 365 929 Ego
392 872 528 913 sum
578 856 737 925 vitis,
788 873 886 915 vos
914 861 1163 929 palmites
1192 880 1205 916 :
1238 862 1330 934 qui
1362 876 1543 920 manet
1574 866 1625 921 in

60 972 151 1019 tne,
168 964 215 1009 et
235 970 327 1024 ego
351 954 405 1010 in
424 966 531 1020 eo,
556 951 643 1008 hic
674 952 779 1008 lert
810 953 1044 1010 fructum
1070 956 1330 1016 multum;
1355 959 1476 1029 quia
1509 958 1627 1016 sine

72 1064 141 1103 me
166 1048 282 1103 nihil
302 1048 532 1117 potestis
560 1046 759 1106 facere.
782 1047 841 1103 Si
865 1050 984 1119 quis
1008 1051 1061 1104 in
1081 1066 1172 1107 me
1200 1066 1307 1106 non
1335 1053 1623 1121 manserit,

74 1141 284 1197 mittetur
306 1140 450 1195 foras
472 1140 610 1197 sicut
631 1141 863 1211 palmes,
887 1150 945 1198 et
964 1150 992 1179 λ
1020 1153 1255 1211 arescet,
1285 1152 1343 1199 et
1371 1143 1630 1216 colligent

73 1246 195 1299 eum,
219 1240 270 1288 et
306 1234 355 1286 iu
384 1232 558 1303 ignem
600 1234 853 1303 mittent,
880 1243 934 1290 et
962 1233 1137 1291 ardet.
1179 1237 1428 1308 luxurii,
1456 1237 1538 1306 1.]
1567 1236 1628 1294 Si

72 1324 338 1380 manseritis
367 1322 426 1381 in
452 1338 561 1391 me,
590 1332 647 1381 et
665 1324 833 1381 verba
864 1340 987 1383 mea
1017 1327 1073 1382 in
1101 1328 1258 1384 vobis
1289 1328 1625 1385 manserint:

70 1418 407 1489 quodcumque
434 1418 713 1475 volueritis
736 1419 953 1490 petetis,
980 1428 1037 1475 et
1060 1419 1155 1476 ﬁet
1175 1419 1352 1476 vobis.
1386 1419 1626 1492 [cxxxtv,

74 1511 163 1584 10.]
209 1513 259 1567 in
288 1512 387 1569 hoc
412 1513 739 1570 elarilicatus
765 1523 848 1570 est
888 1513 1050 1570 Pater
1095 1528 1271 1581 meus,
1303 1522 1365 1569 ut
1390 1514 1627 1572 fructum

1731 402 1828 459 sed
1856 404 2177 473 venithora,
2212 417 2267 462 ut
2294 409 2474 465 omnis
2499 411 2591 480 qui
2624 410 3009 475 interﬁcitvos.
3029 417 3325 473 arbitretur

1731 494 2047 568 obsequium
2094 513 2155 554 se
2192 509 2449 569 praestare
2480 502 2612 559 Deo.
2639 504 2707 558 Et
2746 504 2863 560 haec
2912 506 3110 563 facient
3147 510 3323 579 vobis,

1732 588 1854 658 quia
1885 604 1993 646 non
2033 600 2303 648 noverunt
2328 594 2564 661 Patrem,
2593 611 2766 667 neque
2814 612 2920 653 me.
2952 599 3059 655 Sed
3089 599 3204 655 btrc
3246 602 3327 657 lo-

1731 690 1889 737 cutus
1916 697 2037 739 sum
2060 684 2216 740 vobis
2240 702 2253 739 :
2279 696 2337 741 ut
2367 702 2487 743 cum
2516 689 2721 744 venerit
2752 688 2883 744 hora
2911 705 3120 759 eorum,
3160 693 3324 749 remi-

1730 776 2017 832 niscamini
2038 776 2163 849 quia
2193 794 2294 850 ego
2324 780 2434 836 dixi
2456 782 2634 837 vobis.
2672 784 2891 856 [CLXVI],
2921 785 3033 857 10.]
3074 784 3198 840 Haec
3232 801 3327 841 au-

1731 874 1839 923 tem
1866 866 2016 925 vobis
2061 870 2131 923 ab
2168 870 2324 927 initio
2356 890 2461 928 non
2490 874 2628 941 dixi,
2676 876 2801 946 quia
2834 877 3115 933 vobiscum
3142 893 3323 934 eram:

1728 957 1799 1013 Et
1824 974 1968 1015 nunc
1999 960 2137 1016 vado
2158 961 2222 1017 ad
2252 978 2398 1032 eum,
2432 967 2518 1035 qui
2549 967 2692 1022 misit
2720 982 2836 1031 me;
2866 977 2919 1023 et
2949 983 3109 1024 nemo
3137 984 3205 1025 ex
3233 985 3329 1026 vo-

1729 1049 1814 1106 bis
1841 1052 2138 1124 interrogat
2167 1071 2254 1110 me
2288 1057 2437 1126 :Quo
2466 1059 2652 1115 vadis?
2682 1061 2789 1117 Sed
2818 1063 2942 1133 quia
2970 1064 3087 1119 time
3115 1063 3327 1121 locutus

1727 1155 1849 1196 sum
1878 1144 2059 1215 vobis,
2095 1146 2307 1202 tristitia
2347 1150 2595 1221 implevit
2638 1168 2734 1209 cor
2778 1164 3044 1210 vestrum.
3087 1155 3196 1213 Sed
3227 1173 3327 1228 ego

1727 1233 2011 1293 veritatem
2034 1238 2158 1295 dico
2186 1240 2371 1308 vobis;
2397 1245 2620 1314 expedit
2644 1246 2798 1303 vobis
2815 1258 2873 1304 ut
2898 1264 2998 1319 ego
3027 1249 3216 1305 vadam
3240 1268 3253 1306 :
3280 1251 3329 1307 si

1729 1326 1875 1381 enim
1908 1343 2014 1383 non
2063 1330 2283 1398 abiero,
2314 1333 2616 1392 Paraclitus
2657 1353 2765 1393 non
2799 1340 2978 1396 veniet
3002 1341 3068 1395 ad
3101 1356 3228 1396 vos:
3280 1341 3327 1398 si

1728 1423 1910 1473 autem
1945 1420 2154 1490 abiero,
2186 1424 2394 1481 mittam
2434 1442 2556 1483 eum
2588 1430 2654 1485 ad
2684 1445 2802 1486 vos.
2853 1434 2919 1486 Et
2959 1448 3081 1489 cum
3113 1434 3329 1490 venerit

1727 1509 1841 1577 ille,
1865 1522 2058 1584 arguet
2079 1517 2338 1573 mundum
2365 1520 2434 1575 de
2461 1534 2705 1592 peccato,
2726 1535 2781 1580 et
2803 1526 2871 1581 de
2894 1528 3101 1591 justitia
3121 1570 3134 1593 ,
3166 1537 3218 1583 et
3259 1528 3328 1584 de

71 1604 317 1673 plurimum
343 1604 599 1674 sacratis,
619 1617 676 1663 ei
700 1606 1014 1663 efﬁciamini
1039 1608 1145 1663 mei
1178 1605 1448 1678 discipuli.
1474 1608 1627 1665 Sicut
1720 1600 1954 1672 judicio.
1982 1606 2062 1662 De
2092 1620 2316 1678 peccato
2345 1610 2373 1649 δ
2402 1613 2640 1683 quidem,
2680 1618 2802 1686 quia
2836 1636 2941 1672 non
2975 1621 3329 1676 crediderunt

69 1695 223 1752 quem
244 1712 327 1755 me
350 1697 544 1766 pater,
574 1708 631 1754 ει
668 1711 772 1769 ego
809 1698 973 1755 dilexi
1007 1713 1125 1755 vos.
1155 1698 1370 1756 Manere
1399 1700 1453 1755 in
1487 1700 1623 1757 dile-
1653 1707 1698 1765 Β
1729 1696 1782 1749 in
1810 1714 1897 1753 me
1919 1715 1932 1751 :
1956 1700 2022 1755 de
2042 1700 2251 1771 justitia
2281 1720 2436 1774 vero,
2460 1709 2586 1778 quia
2615 1710 2681 1765 ad
2710 1711 2922 1767 Patrem
2956 1714 3113 1782 vado,
3137 1725 3191 1769 et
3214 1714 3325 1785 jam

66 1791 215 1848 ctione
233 1807 368 1849 mea.
388 1791 448 1849 Si
488 1803 760 1863 praecepta
787 1808 907 1849 mea
944 1793 1312 1863 servaveritis,
1334 1795 1621 1851 manebitis

64 1885 109 1939 in
134 1883 393 1944 dilectione
416 1900 541 1942 mea
559 1925 575 1953 ,
605 1886 750 1943 sicut
777 1896 833 1942 et
870 1901 973 1952 ego
1009 1886 1185 1943 Patris
1214 1889 1319 1944 mei
1351 1896 1619 1959 prtecepta

62 1979 273 2046 servavi,
306 1988 357 2035 et
404 1993 607 2036 maneo
659 1980 714 2036 in
755 1980 873 2050 ejus
899 1979 1215 2038 dilectione.
1252 1981 1621 2038 Haeclocutus

64 2085 160 2126 sum
185 2072 349 2142 vobis,
380 2084 440 2130 ut
475 2074 737 2145 gaudium
768 2090 947 2131 meum
978 2077 1031 2131 in
1054 2076 1231 2145 _vobis
1260 2078 1351 2145 sit,
1383 2086 1438 2133 et
1481 2092 1619 2147 gau-

61 2164 183 2221 dium
199 2178 428 2224 vestrum
460 2168 778 2238 impleatur.
827 2168 939 2224 Hoc
962 2179 1293 2239 praeceptum
1326 2184 1529 2236 meum,
1562 2177 1622 2224 ut

63 2256 258 2327 diligatis
286 2260 547 2327 invicem,
578 2261 722 2316 sicut
748 2260 917 2317 dilexi
945 2276 1065 2318 vos.
1098 2264 1319 2336 μωσιν,
1341 2262 1419 2333 4.]
1450 2261 1622 2331 Majo-

62 2364 151 2405 rem
174 2350 267 2407 hac
291 2353 645 2411 dilectionem
678 2369 839 2411 nemo
883 2353 1078 2421 habet,
1112 2363 1173 2411 ut
1200 2355 1439 2411 animam
1466 2368 1619 2410 suam

64 2455 191 2513 ponat
211 2448 325 2517 quis
353 2463 454 2519 pro
491 2448 687 2505 amicis
722 2448 856 2505 suis.
901 2449 1140 2522 [cxxxvt,
1172 2449 1283 2519 10.]
1324 2448 1434 2505 Vos
1460 2448 1620 2505 amici

62 2540 140 2595 mei
176 2542 317 2609 estis,
345 2544 393 2599 si
436 2542 688 2601 feceritis
733 2558 854 2614 qua:
884 2559 985 2615 ego
1014 2545 1269 2615 praecipio
1297 2543 1469 2623 vobis.
1500 2543 1619 2599 Jam

60 2646 144 2687 non
166 2633 325 2692 dicam
349 2651 449 2693 vos
475 2649 702 2693 servos:
726 2637 851 2707 quia
878 2651 1069 2693 servus
1095 2638 1272 2693 nescit
1295 2636 1427 2708 quid
1458 2636 1621 2692 faciat

57 2726 262 2787 dominus
304 2733 444 2803 ejus.
475 2732 595 2789 Vos
623 2742 805 2789 autem
852 2732 966 2789 dixi
1008 2734 1245 2801 amicos,
1281 2734 1404 2803 quia
1436 2734 1617 2789 omnia

56 2836 364 2897 Quaecumque
388 2827 581 2883 audivi
602 2842 629 2880 a
655 2827 815 2883 Patre
841 2842 985 2896 meo,
1014 2837 1141 2883 nota
1167 2826 1270 2884 ieci
1300 2827 1475 2883 vobis.
1500 2826 1618 2883 Non

56 2930 131 2971 vos
155 2934 230 2975 me
265 2920 544 2993 elegistis:
572 2920 670 2976 sed
700 2936 803 2992 ego
840 2920 979 2993 elegi
1016 2934 1135 2988 vos,
1162 2930 1214 2977 et
1244 2922 1397 2990 posui
1424 2935 1520 2976 vos
1561 2929 1622 2975 ut

55 3010 179 3078 eatis,
198 3022 249 3068 et
267 3013 504 3070 fructum
542 3012 813 3080 ali'eratis;
845 3022 900 3070 et
930 3014 1136 3070 fructus
1166 3022 1344 3069 vester
1371 3022 1617 3068 maneat:

1726 1805 1835 1844 non
1864 1791 2122 1850 videbitis
2154 1813 2241 1851 me
2273 1816 2283 1851 :
2336 1799 2404 1853 de
2438 1799 2643 1868 judicio
2676 1810 2889 1871 autem,
2922 1806 3045 1875 quia
3076 1806 3329 1876 princeps

1725 1881 1885 1954 hujus
1915 1887 2104 1942 mundi
2145 1888 2257 1958 jam
2292 1891 2565 1961 judicatus
2602 1905 2706 1951 est.
2736 1896 2929 1953 Adhuc
2960 1899 3125 1954 multa
3155 1899 3329 1957 habeo

1723 1977 1881 2034 vobis
1904 1978 2087 2037 dicere
2116 1996 2136 2035 :
2177 1985 2272 2038 sed
2316 2001 2423 2040 non
2467 1989 2697 2057 potestis
2737 2000 2955 2059 portare
2988 1992 3170 2049 modo.
3196 1992 3328 2048 Cum

1725 2077 1903 2126 autem
1950 2074 2165 2129 venerit
2219 2076 2311 2132 ille
2362 2079 2599 2149 Spiritus
2648 2084 2929 2151 veritatis,
2970 2084 3192 2142 docebit
3236 2103 3332 2144 vos

1726 2176 1940 2220 omnem
1974 2167 2279 2223 veritatem.
2309 2170 2424 2224 Non
2453 2174 2597 2227 enim
2644 2175 2900 2244 loquetur
2928 2193 2959 2231 a
2986 2180 3289 2249 semetipso
3315 2198 3328 2235 :

1724 2255 1823 2310 sed
1868 2270 2225 2328 quaecumque
2266 2262 2447 2317 audiet
2476 2305 2489 2328 ,
2516 2266 2787 2336 loquetur,
2846 2276 2903 2323 et
2941 2286 3061 2338 quae
3102 2281 3327 2326 ventura

1724 2363 1872 2419 sunt,
1896 2356 2242 2412 annuntiabit
2274 2360 2448 2414 vobis.
2488 2360 2581 2416 Ille
2610 2378 2697 2416 me
2722 2363 3041 2419 clariﬁcabit
3065 2381 3081 2420 :
3106 2368 3229 2435 quia
3263 2367 3331 2421 de

1729 2459 1856 2501 meo
1882 2447 2131 2517 accipiet,
2165 2456 2221 2503 et
2250 2453 2598 2506 annuntiabit
2623 2454 2799 2509 vobis.
2830 2456 3067 2527 [circvitu
3096 2459 3173 2528 5.]
3198 2458 3328 2513 0m-

1727 2535 1816 2592 nia
1838 2553 2199 2610 quaecumque
2235 2542 2398 2598 habet
2442 2544 2623 2611 Pater,
2657 2562 2774 2603 mea
2802 2558 2945 2604 sunt.
2984 2550 3184 2620 [cum
3216 2551 3328 2621 10.]

1724 2628 2021 2699 Propterea
2050 2630 2196 2687 dixi:
2229 2636 2352 2704 quia
2380 2636 2448 2690 de
2473 2652 2598 2693 meo
2628 2641 2876 2709 accipiet,
2906 2650 2963 2697 et
2983 2644 3330 2699 annuntiabit

1724 2720 1898 2777 vobis.
1934 2723 2226 2791 Modicum,
2252 2736 2307 2780 et
2329 2726 2441 2795 jam
2471 2744 2579 2785 non
2611 2730 2865 2789 videbitis
2893 2750 3007 2790 me:
3042 2744 3098 2790 et
3129 2736 3323 2791 iterum

1724 2816 2026 2885 modicum,
2061 2827 2115 2875 et
2145 2819 2396 2876 videbitis
2446 2838 2535 2878 me
2569 2842 2582 2879 :
2630 2826 2755 2896 quia
2802 2828 2944 2884 vado
2990 2830 3057 2885 ad
3088 2830 3325 2888 Patrem.
3360 2868 3361 2871 η

1725 2907 1995 2965 Dixerunt
2036 2926 2167 2982 ergo
2212 2928 2280 2968 ex
2305 2913 2591 2985 discipulis
2616 2918 2734 2987 ejus
2765 2920 2831 2974 ad
2862 2920 3091 2978 invicem
3123 2941 3134 2976 :
3186 2924 3326 2992 Quid

1726 3010 1813 3056 est
1856 3000 1981 3067 hoc,
2010 3003 2155 3074 quod
2184 3004 2318 3059 dicit
2360 3007 2545 3062 nobis:
2581 3009 2888 3081 Modicum,
2947 3022 2999 3069 et
3037 3030 3143 3070 non
3180 3016 3330 3073 vide-

53 3100 359 3176 [cxxxvtt,4.]
390 3105 863 3178 utquodcumque
890 3106 1156 3177 petieritis
1186 3106 1403 3162 Patrem
1427 3106 1481 3160 in
1512 3120 1613 3161 no-
1647 3086 1695 3153 ο
1724 3092 1853 3149 bilis
1909 3112 1999 3151 me
2037 3111 2052 3151 τ
2100 3109 2151 3152 et
2209 3099 2404 3154 iterum
2450 3101 2754 3167 modicum,
2798 3115 2855 3160 et
2902 3106 3154 3163 videbitis
3196 3113 3326 3183 me],

54 3195 167 3250 mine
188 3212 320 3265 meo,
348 3200 438 3255 det
462 3199 654 3255 vobis.
690 3200 973 3272 [cxxxvttt,
1006 3199 1119 3273 10.]
1142 3201 1270 3256 Haec
1298 3200 1495 3256 mando
1519 3215 1617 3257 vo-

52 3286 201 3355 bis,ut
221 3294 448 3366 diligatis
482 3296 745 3352 invicem.
779 3296 840 3352 Si
869 3295 1102 3351 mundus
1130 3310 1228 3353 vos
1258 3296 1394 3362 odit,
1419 3296 1617 3354 scitote

51 3382 145 3450 quia
181 3400 261 3442 me
297 3390 552 3459 priorem
583 3389 738 3446 vobis
792 3390 920 3446 odio
968 3390 1173 3446 habuit.
1222 3390 1279 3447 Si
1317 3390 1384 3447 de
1415 3391 1618 3448 mundo

49 3470 275 3545 fuissetis,
323 3483 576 3539 mundus
618 3481 763 3552 quod
789 3497 947 3538 suum
979 3492 1125 3551 erat,
1167 3482 1446 3554 diligeret:
1492 3484 1619 3554 quia

50 3581 148 3625 vero
168 3572 229 3629 de
245 3576 445 3632 mundo
463 3590 588 3632 non
616 3577 772 3642 estis,
788 3576 883 3633 sed
901 3592 1003 3647 ego
1026 3577 1164 3649 elegi
1186 3592 1281 3634 vos
1302 3578 1370 3633 de
1392 3578 1614 3645 mundo,

47 3673 285 3734 propterea
311 3669 431 3726 odit
468 3684 579 3724 vos
615 3668 869 3724 mundus.
903 3669 1143 3743 [cxxxtx,
1173 3669 1251 3741 5.]
1289 3669 1620 3725 Mementote

46 3762 267 3817 sermonis
292 3764 420 3830 mei,
447 3776 628 3835 quem
669 3776 772 3831 ego
799 3760 915 3817 dixi
952 3762 1141 3817 vobis:
1172 3761 1288 3817 Non
1320 3770 1405 3818 est
1429 3774 1620 3818 servus

45 3850 188 3919 ιιιδὶοῐ
223 3854 445 3912 domino
476 3874 501 3911 s
525 3869 611 3911 uo.
644 3855 786 3928 [ch,
821 3853 936 3925 10.]
967 3854 1024 3910 Si
1051 3868 1137 3910 me
1164 3855 1430 3924 persecuti
1469 3862 1616 3923 sunt,

49 3948 90 3993 et
102 3957 184 3999 vos
202 3955 637 4020 persequentur:
656 3947 701 4002 si
721 3961 1033 4002 sermonem
1049 3960 1228 4001 meum
1244 3955 1617 4012 servaverunt,

50 4042 91 4088 ct
117 4050 333 4097 vestrum
364 4040 696 4100 servabunt.
760 4039 937 4111 [cxu,
976 4037 1071 4109 1.]
1118 4037 1225 4094 Sed
1276 4037 1393 4093 haec
1440 4039 1620 4093 omnia

51 4128 209 4188 facient
236 4137 387 4193 vobis
416 4143 651 4208 propter
690 4148 887 4190 nomen
918 4146 1129 4187 meum:
1162 4132 1345 4204 [cxut,
1381 4130 1461 4203 5.]
1497 4132 1623 4201 quia

50 4226 419 4295 nesciunteum,
450 4230 547 4299 qui
581 4228 731 4282 misit
758 4240 865 4281 me.
902 4226 919 4299 [
947 4239 1135 4292 CXLIII,
1159 4222 1273 4294 10.]
1304 4224 1358 4280 Si
1390 4238 1497 4279 non
1524 4238 1621 4280 ve-

50 4314 234 4385 nissem,
266 4331 319 4376 et
348 4320 574 4377 locutus
606 4317 829 4374 fuissem
856 4318 958 4385 eis,
992 4326 1275 4388 peccatum
1316 4332 1422 4372 non
1454 4315 1623 4373 babe-

53 4419 171 4463 rent:
204 4428 341 4469 nunc
369 4424 566 4471 autem
591 4414 998 4468 excusationem
1031 4426 1139 4467 non
1167 4410 1368 4467 habent
1398 4409 1467 4465 de
1493 4424 1623 4480 pec-

1724 3193 1801 3254 et,
1829 3186 1964 3253 Quia
1997 3189 2137 3243 vado
2178 3189 2245 3244 ad
2286 3192 2536 3247 Patrem?
2570 3194 2835 3251 Dicebant
2875 3213 3040 3269 ergo:
3075 3200 3214 3267 Quid
3244 3213 3329 3257 est

1724 3278 1849 3344 hoc,
1876 3280 2019 3349 quod
2051 3280 2204 3346 dicit,
2251 3282 2519 3339 Modicum
2544 3287 2565 3338 ?
2592 3288 2867 3344 nescimus
2896 3290 3026 3360 quid
3067 3292 3325 3362 loquitur.

1726 3374 1993 3445 Cognovit
2014 3383 2195 3432 autem
2214 3378 2533 3449 Jesus,quia
2556 3381 2809 3438 volebant
2830 3398 2951 3439 eum
2968 3385 3334 3458 interrogare,

1725 3478 1780 3521 et
1802 3469 1939 3523 dixit
1960 3469 2071 3525 eis:
2100 3470 2177 3525 De
2201 3471 2302 3526 hoc
2327 3474 2576 3543 quaeritis
2606 3476 2745 3531 inter
2767 3492 2885 3545 vos,
2911 3480 3036 3549 quia
3062 3480 3195 3550 dixi,
3218 3482 3333 3537 Mo-

1724 3560 2011 3629 dicum,fet
2034 3579 2143 3618 non
2160 3564 2411 3621 videbitis
2444 3582 2529 3621 me
2563 3584 2577 3620 :
2610 3575 2665 3622 et
2702 3570 2896 3625 iterum
2917 3572 3188 3627 modicum
3216 3616 3231 3641 ,
3275 3584 3332 3629 et

1726 3652 1982 3711 videbitis
2009 3670 2117 3711 me.
2146 3658 2342 3725 Amen,
2374 3674 2532 3714 arnen
2561 3660 2685 3715 dico
2720 3663 2906 3719 vobis:
2941 3667 3065 3735 quia
3093 3667 3330 3736 plorabi-

1731 3747 1822 3813 tis,
1845 3755 1900 3801 et
1920 3747 2120 3803 ﬂebitis
2134 3763 2251 3814 vos;
2273 3750 2507 3805 mundus
2528 3760 2709 3808 autem
2732 3755 3008 3825 gaudebit,
3025 3773 3122 3814 vos
3146 3768 3330 3816 autern

1727 3840 2220 3904 contristabimini,
2254 3841 2347 3895 sed
2388 3843 2604 3897 tristitia
2632 3855 2809 3900 vestra
2841 3856 3087 3904 vertetur
3115 3850 3169 3905 in
3195 3867 3329 3923 gau-

1728 3930 1899 3987 dium.
1933 3933 2125 3988 Mulier
2153 3948 2274 3988 cutn
2318 3935 2480 4005 parit,
2509 3937 2779 3993 tristitiam
2804 3939 2987 4007 habet,
3030 3946 3155 4014 quia
3182 3950 3332 4003 venit

1730 4027 1863 4083 hora
1905 4029 2053 4098 ejus:
2088 4044 2211 4085 cum
2242 4040 2422 4087 autem
2474 4038 2746 4104 pepererit
2787 4053 3033 4107 puerum,
3079 4040 3191 4111 jatn
3221 4058 3330 4100 non

1730 4120 1978 4176 meminit
2026 4135 2293 4189 pressura:
2326 4130 2547 4193 propter
2587 4127 2839 4197 gaudium
2867 4169 2882 4193 ,
2913 4130 3037 4199 quia
3066 4145 3221 4189 natus
3249 4143 3334 4189 est

1730 4213 1897 4270 homo
1926 4215 1978 4270 in
2018 4216 2301 4272 mundum.
2331 4216 2400 4272 Et
2429 4232 2525 4273 vus
2560 4218 2726 4289 igitur
2771 4239 2916 4280 nunc
2944 4226 3161 4295 quidem
3206 4228 3331 4281 tris-

1730 4308 1903 4363 titiam
1933 4308 2177 4375 babetis;
2198 4309 2394 4365 iterum
2424 4318 2605 4365 autem
2635 4314 2829 4369 videbo
2854 4329 2972 4381 vos,
2998 4325 3053 4369 et
3074 4315 3332 4384 gaudebit

1730 4420 1825 4461 cor
1848 4415 2089 4462 vestrum
2116 4422 2129 4458 :
2174 4413 2229 4460 et
2257 4406 2508 4476 gaudium
2539 4417 2777 4463 vestrum
2806 4423 2965 4463 nemo
2992 4408 3145 4463 tollet
3176 4424 3204 4461 a
3229 4423 3325 4464 vo-

51 4509 145 4555 cato
164 4517 272 4557 suo.
305 4505 508 4578 [cxuv,
545 4503 626 4573 1.]
666 4504 766 4572 Qui
797 4517 884 4559 me
912 4502 1024 4558 odit
1055 4520 1069 4557 :
1099 4510 1157 4558 et
1181 4502 1397 4559 Patrem
1436 4516 1616 4557 meum
1647 4480 1702 4541 D
1728 4499 1832 4556 bis.
1865 4500 1931 4554 Et
1963 4501 2016 4554 in
2064 4499 2160 4555 illo
2189 4499 2277 4555 die
2306 4515 2393 4556 me
2433 4514 2539 4555 non
2572 4501 2833 4570 rogabitis
2872 4500 3187 4571 quidquam.
3215 4501 3321 4571 ]cr.,

49 4593 155 4649 odit.
191 4596 363 4669 [σιω
393 4598 518 4665 10.]
564 4597 627 4653 Si
655 4610 819 4667 opera
851 4610 960 4651 non
991 4595 1237 4650 iecissent
1279 4594 1335 4650 in
1362 4594 1463 4661 eis,
1493 4609 1618 4665 quae

49 4698 180 4742 nemo
207 4691 340 4746 alius
372 4691 528 4756 fecit,
566 4698 844 4759 peccatum
878 4703 987 4742 non
1016 4687 1315 4743 baberent:
1350 4702 1495 4743 nunc
1523 4700 1618 4743 att-

48 4786 133 4835 tem
153 4792 203 4837 et
220 4783 501 4849 viderunt,
536 4792 592 4837 et
619 4780 850 4837 oderunt
871 4789 927 4837 et
949 4795 1057 4850 me,
1082 4789 1137 4837 et
1164 4779 1381 4835 Patrem
1409 4794 1613 4836 meum.

46 4868 133 4927 Sed
154 4885 208 4928 ut
232 4877 604 4947 adimpleatur
623 4888 824 4939 sermo,
839 4874 930 4945 qui
965 4874 1018 4928 in
1041 4873 1160 4943 lege
1175 4887 1362 4927 eorum
1384 4872 1620 4943 scriptus

46 4971 140 5018 est:
168 4965 295 5034 Quia
324 4968 453 5023 odio
481 4967 795 5022 habuerunt
823 4980 911 5021 me
933 4965 1124 5035 gratis.
1153 4964 1289 5020 Cum
1317 4974 1496 5019 autem
1528 4979 1621 5021 ve-

47 5059 167 5113 nerit
203 5062 509 5116 Paraclitus
538 5100 554 5126 ,
595 5075 757 5131 quem
804 5074 906 5131 ego
945 5057 1154 5115 mittam
1181 5058 1337 5115 vobis
1374 5074 1405 5113 a
1434 5058 1615 5128 Patre,

48 5148 267 5215 Spiritum
295 5152 572 5220 veritatis,
603 5153 695 5222 qui
723 5168 755 5207 a
776 5151 939 5209 Patre
968 5151 1234 5222 procedit,
1265 5152 1356 5208 ille
1377 5151 1619 5209 testimo-
1658 5210 1661 5213 .

47 5240 173 5297 nium
193 5246 505 5315 perhibebit
530 5243 601 5301 de
620 5260 735 5300 me:
760 5254 815 5300 et
844 5259 942 5300 vos
968 5244 1340 5300 testimonium
1368 5246 1623 5315 perbibe-

48 5328 173 5400 bitis,
205 5339 329 5409 quia
358 5341 429 5394 ab
461 5336 617 5393 initio
650 5351 865 5393 mecum
891 5337 1045 5394 estis.

107 5427 249 5500 ]Cap.
281 5429 453 5501 XVI.]
489 5430 616 5486 Haec
646 5430 855 5486 loeutus
884 5445 1002 5486 sum
1040 5429 1208 5498 vobis,
1246 5438 1308 5485 ut
1334 5445 1441 5485 non
1462 5444 1621 5487 scan-

108 5563 384 5689 “.PtiOpiuS
412 5566 609 5622 Graeco
620 5566 881 5641 ἐξηράνθη,
899 5563 1007 5622 duo
1025 5565 1186 5622 etiam
1210 5582 1241 5624 e
1268 5568 1471 5625 nostris
1486 5582 1620 5625 mss.

108 5642 169 5686 tut
226 5648 411 5689 ecum.

48 5642 176 5708 aruit
185 5704 194 5708 _
206 5642 411 5708 legunt.

109 5701 135 5741 ι’
161 5701 322 5766 tidem
350 5721 490 5765 mss.
537 5708 903 5777 praetermissa
929 5706 1119 5768 vocula
1161 5709 1401 5783 quidem,
1451 5707 1634 5784 inju-

1728 4591 1811 4661 4.]
1834 4593 2029 4659 Arnen,
2051 4606 2207 4647 amen
2241 4591 2362 4647 dico
2383 4590 2568 4648 vobis:
2590 4592 2638 4646 si
2662 4592 2790 4663 quid
2824 4593 3084 4662 petieritis
3111 4592 3325 4648 Patrem

1728 4684 1783 4739 in
1830 4686 2051 4741 nomine
2087 4701 2236 4752 meo,
2281 4684 2435 4741 dabit
2474 4685 2645 4740 vobis.
2695 4685 2876 4755 Usque
2903 4686 3065 4740 modo
3093 4700 3200 4740 non
3232 4700 3327 4755 pe-

1730 4780 1871 4836 tistis
1893 4781 2187 4852 quidquam
2219 4781 2273 4835 in
2299 4778 2519 4836 nomine
2546 4794 2699 4836 meo:
2724 4780 2919 4847 Petite,
2948 4787 3004 4833 et
3027 4779 3326 4848 accipietis,

1733 4882 1792 4928 ut
1835 4874 2093 4944 gaudium
2123 4882 2364 4928 vestrum
2402 4873 2475 4928 sit
2511 4872 2754 4942 plenum.
2790 4872 2924 4943 [cu,
2955 4870 3065 4941 10.]
3117 4871 3242 4926 Haec
3274 4872 3327 4926 in

1732 4969 2036 5038 proverbiis
2060 4968 2275 5023 locutus
2307 4983 2429 5023 sum
2459 4966 2639 5021 vobis.
2676 4965 2837 5021 Venit
2864 4965 3019 5033 hora,
3065 4981 3189 5025 cum
3216 4967 3326 5035 jam

1732 5075 1841 5116 non
1871 5062 1923 5115 in
1964 5059 2270 5132 proverbiis
2314 5061 2503 5129 loquar
2529 5059 2703 5126 vobis,
2730 5058 2825 5114 sed
2855 5060 3029 5128 palam
3059 5059 3127 5115 de
3166 5058 3327 5114 Patre

1734 5152 2068 5206 annuntiabo
2094 5152 2267 5207 vobis.
2295 5151 2352 5205 In
2381 5149 2533 5222 [Μδε.
2560 5160 2662 5205 tac.
2690 5149 2769 5221 In]
2798 5148 2893 5205 illo
2914 5150 3005 5208 die
3036 5153 3088 5206 in
3113 5152 3329 5208 nomine

1736 5262 1862 5303 meo
1892 5245 2085 5316 petetis
2118 5262 2133 5304 :
2173 5254 2228 5300 et
2257 5260 2362 5299 non
2389 5243 2512 5300 dico
2541 5243 2695 5299 vobis
2723 5242 2849 5314 quia
2875 5259 2976 5314 ego
3004 5246 3209 5314 rogabo
3230 5244 3334 5299 Pa-

1735 5348 1878 5396 trem
1906 5338 1975 5395 dc
1996 5337 2149 5394 vobis
2180 5352 2195 5393 :
2245 5338 2361 5408 ipse
2402 5337 2546 5393 enim
2580 5337 2741 5393 Pater
2768 5347 2915 5393 amat
2936 5352 3053 5405 vos,
3081 5340 3203 5410 quia
3234 5352 3333 5394 vos

1732 5446 1823 5487 me
1848 5429 2070 5486 amastis
2097 5428 2226 5501 [Μδ.
2273 5429 2488 5499 amatis]
2514 5470 2543 5511 ,.
2580 5438 2636 5485 et
2662 5428 2972 5486 credidistis
3016 5433 3140 5503 quia
3171 5447 3272 5505 ego
3302 5449 3335 5488 a

1734 5568 1919 5655 stanti,
1959 5566 2157 5623 habent
2206 5565 2425 5655 propius
2455 5566 2645 5655 Gratco
2699 5569 2894 5655 textui,
2921 5588 3041 5655 ¹ῃοη
3098 5574 3337 5655 credunt,

1738 5639 2107 5767 τᾶιῖιςερουσινε
2138 5654 2264 5699 mox
2302 5641 2637 5698 cobzerenter
2666 5656 2770 5697 non
2798 5641 2981 5700 videtis
3006 5658 3106 5716 pro
3136 5661 3240 5703 non
3264 5639 3341 5702 vi;

1783 5726 1809 5769 e
1842 5720 1949 5768 tm.
