3920 6200
595 230 701 286 679

1617 216 1675 272 S.
1721 207 2094 269 HIERONYMI
2133 202 2359 264 DIVINA
2403 201 2876 261 BIBLIOTHECA.
3771 195 3851 250 680

598 347 710 401 Deo
731 340 895 399 exivi.
924 338 1074 395 Exivi
1103 353 1130 391 a
1154 337 1333 400 Patre,
1359 340 1413 387 ct
1439 330 1564 386 veni
1593 330 1646 385 in
1677 328 1963 384 mundum:
1995 327 2190 380 iterum
2217 328 2273 384 Α
2297 319 2496 375 lexisti.
2529 319 2721 383 Pater,
2777 330 2913 386 quos
2945 311 3139 368 dedisti
3173 309 3334 375 mihi,
3365 308 3490 363 volo
3537 316 3599 361 ut
3628 307 3712 362 ubi
3759 325 3850 363 sum

599 439 850 508 relinquo
896 431 1154 488 mundum
1181 471 1196 494 ,
1229 440 1285 483 et
1343 427 1479 481 vado
1520 423 1584 479 ad
1630 425 1866 478 Patrem.
1918 420 2115 474 Dicunt
2142 417 2191 471 ei

599 528 848 600 discipuli
879 527 1032 594 ejus:
1058 523 1196 576 Ecce
1223 534 1366 574 nunc
1397 519 1572 589 palam
1602 517 1857 586 loqueris,
1893 520 1947 565 ct
1973 526 2192 581 prover-

601 617 747 676 bium
778 617 986 673 nullutn
1024 613 1180 669 dicis.
1225 612 1379 667 Nunc
1427 611 1630 664 scimus
1670 609 1793 678 quia
1837 606 1946 662 scis
1991 604 2192 668 omnia,

600 713 782 780 etjnon
807 723 944 781 opus
963 715 1048 763 est
1074 705 1193 773 tibi,
1219 713 1274 758 ut
1299 704 1422 773 quis
1445 713 1496 758 te
1522 697 1920 768 interroget;in
1948 695 2051 750 hoc
2078 710 2196 748 crc-

602 807 780 862 dimus
807 802 932 875 quia
957 817 987 857 a
1013 801 1123 856 Deo
1153 798 1334 854 existi.
1367 799 1520 869 lecti,
1553 793 1631 863 4.]
1670 788 1966 860 Respondit
2003 790 2082 843 eis
2109 786 2198 842 Ic-

602 916 698 959 sus
731 917 744 952 :
783 895 942 955 Modo
971 893 1194 950 creditis
1224 891 1247 944 ?
1286 891 1426 946 Ecce
1453 889 1600 944 venit
1628 889 1754 940 hora
1778 929 1791 952 ,
1821 897 1871 940 et
1896 882 2004 952 jam
2030 882 2196 946 venit,

606 1003 666 1050 ut
687 988 1074 1062 dispergamini
1101 983 1475 1054 unusquisque
1501 981 1553 1036 in
1581 979 1818 1050 pmpria,
1843 984 1897 1031 et
1918 989 2005 1029 me
2026 974 2196 1028 solum

606 1085 927 1156 relinquatis
951 1101 965 1138 :
985 1093 1041 1138 et
1063 1097 1170 1136 non
1193 1094 1312 1134 sum
1340 1074 1650 1143 solus,quia
1682 1072 1844 1127 Pater
1858 1085 2066 1124 mecum
2096 1077 2196 1122 e-t.

607 1180 774 1250 [cum
805 1173 920 1245 10.]
957 1175 1082 1229 llaec
1107 1173 1472 1234 locutusjsum
1502 1165 1689 1230 vobis,
1713 1171 1770 1217 ut
1798 1162 1850 1215 in
1893 1175 1981 1214 me
2015 1173 2197 1228 pacem

606 1271 872 1327 habeatis.
896 1268 955 1324 ln
976 1264 1176 1321 mundo
1206 1277 1512 1334 pressumn
1543 1257 1838 1313 habebitis:
1892 1253 1985 1309 sed
2027 1252 2198 1306 cunti-

610 1365 743 1432 dite,
776 1378 878 1435 ego
907 1362 1011 1418 vici
1043 1359 1324 1415 mundum.

679 1457 846 1531 [Cap.
867 1453 1032 1509 XVII.
1057 1451 1076 1524 ]
1107 1450 1468 1506 Haeclocutus
1495 1456 1577 1502 est
1605 1444 1762 1500 Iesus
1788 1458 1799 1494 :
1829 1448 1886 1496 et
1913 1435 2204 1494 sublevatis

605 1529 778 1606 oculis
808 1548 861 1602 in
891 1546 1088 1602 ccelum
1110 1589 1122 1612 ,
1150 1541 1322 1596 dixit:
1355 1540 1536 1604 Pater,
1570 1535 1719 1590 venit
1759 1535 1911 1597 liora,
1967 1529 2204 1584 clariiica

608 1642 805 1698 Filium
859 1651 1050 1706 tuum,
1097 1646 1152 1690 ιιι
1190 1634 1359 1690 Filius
1417 1645 1538 1686 tnus
1593 1627 1855 1683 clariﬁcet
1918 1633 2008 1678 te:
2056 1623 2209 1676 Sicut

2297 427 2418 484 ego,
2450 421 2505 466 et
2525 411 2599 464 illi
2633 410 2740 464 sint
2764 422 2973 463 mecum
2997 423 3010 459 :
3035 415 3093 460 ut
3114 403 3333 459 videant
3363 401 3670 456 claritatem
3692 416 3848 466 meam,

2296 518 2457 572 quam
2486 500 2684 557 dedisti
2724 499 2855 555 mihi
2881 515 2896 553 :
2947 498 3069 567 quia
3102 494 3338 551 dilexisti
3368 509 3456 548 me
3481 501 3611 549 ante
3635 495 3853 549 constitu-

2301 596 2500 651 tionem
2537 594 2745 648 mundi.
2803 593 2819 663 1¹
2845 607 2998 656 cuv,
3029 593 3080 645 5.
3116 591 3129 660 |
3162 589 3321 643 Pater
3365 587 3518 658 juste
3545 630 3560 653 ,
3593 587 3852 643 munduste

2301 704 2406 744 non
2438 688 2726 758 cognovit:
2789 700 2891 756 ego
2917 693 3097 740 autem
3130 691 3180 736 te
3227 681 3458 752 cognovi
3507 699 3520 733 :
3579 678 3852 752 [CLv,1U.‘;

2299 790 2356 837 et
2378 783 2430 836 hi
2463 787 2878 851 cognoverunt,
2940 776 3067 846 quia
3114 785 3166 829 tu
3207 788 3295 830 me
3326 773 3546 828 misisti.
3609 772 3668 826 Et
3711 782 3854 825 notum

2301 874 2402 930 feci
2433 875 2514 929 eis
2539 886 2737 934 nomen
2773 880 2920 925 tuum
2942 910 2957 933 ,
2990 877 3044 923 et
3073 878 3257 921 notum
3289 866 3484 919 faciam
3512 881 3525 916 :
3569 872 3627 918 ut
3650 863 3852 930 dilectio,

2301 981 2405 1035 qua
2437 963 2675 1019 dilexisti
2703 976 2822 1027 me,
2855 961 2909 1015 in
2937 961 3066 1030 ipsis
3090 958 3181 1023 sit,
3213 967 3384 1027 etego
3412 956 3464 1012 in
3491 956 3643 1026 ipsis.

2374 1056 2546 1129 [Cap.
2571 1055 2760 1112 XVIII.
2792 1070 2946 1121 CLVI,
2974 1052 3069 1123 1.]
3122 1053 3250 1107 Hmc
3277 1067 3400 1106 cum
3433 1051 3661 1108 dixisset
3697 1050 3855 1112 Iesus,

2309 1164 2567 1221 egressus
2631 1158 2713 1203 est
2762 1163 2884 1203 cum
2935 1146 3216 1216 discipulis
3265 1144 3381 1199 suis
3411 1154 3560 1200 trans
3609 1154 3858 1199 torrentem

2305 1245 2518 1302 Cedron
2544 1287 2559 1312 ,
2595 1245 2681 1299 ubi
2705 1253 2820 1298 erat
2852 1242 3071 1305 hortus,
3102 1243 3154 1295 in
3183 1256 3343 1305 quem
3373 1239 3620 1294 introivit
3647 1241 3754 1310 ipse
3779 1281 3792 1304 ,
3823 1248 3861 1293 et

2306 1337 2560 1407 discipuli
2589 1336 2726 1406 ejus.
2759 1337 2778 1411 [
2805 1350 2977 1402 CLVII,
3011 1334 3098 1389 10.
3126 1331 3144 1404 ]
3169 1331 3385 1388 Sciebat
3413 1340 3593 1387 autem
3620 1339 3673 1386 et
3698 1329 3858 1396 Iudas,

2306 1433 2398 1502 qui
2425 1430 2678 1486 tradebat
2698 1445 2843 1496 eum,
2870 1430 3046 1483 locum
3069 1442 3084 1480 :
3109 1427 3232 1497 quia
3263 1425 3577 1496 frequenter
3599 1424 3748 1481 Iesus
3763 1439 3864 1479 cou-

2307 1534 2530 1581 venerat
2560 1524 2691 1578 illuc
2717 1537 2840 1577 cum
2863 1519 3145 1591 discipulis
3176 1519 3309 1575 suis.
3348 1517 3571 1591 [curm
3600 1516 3685 1584 1.]
3732 1516 3865 1572 Iudas

2309 1634 2440 1690 ergo
2491 1634 2614 1672 cum
2661 1617 2961 1686 accepisset
2988 1615 3304 1680 cohortem,
3335 1623 3388 1668 et
3414 1628 3440 1666 ι
3469 1610 3801 1682 pontificibus
3818 1619 3860 1664 et

606 1732 804 1790 dedisti
858 1732 908 1786 ei
986 1737 1310 1800 potestatem
1371 1723 1549 1780 omnis
1607 1721 1823 1785 carnis,
1897 1725 1956 1771 ut
2013 1730 2208 1778 omne,
2246 1711 2288 1770 Β
2317 1711 2600 1782 pharisazis
2645 1708 2954 1777 ministros,
2989 1708 3140 1763 venit
3182 1707 3315 1762 illuc
3342 1721 3457 1761 cum
3502 1704 3782 1767 lanternis,
3829 1712 3868 1755 et

608 1823 753 1893 quod
785 1821 981 1879 dedisti
1014 1820 1097 1885 ei,
1151 1819 1244 1873 det
1289 1816 1368 1871 eis
1413 1817 1578 1867 vitam
1627 1821 1908 1867 aeternam.
1957 1808 2081 1860 llzcc
2128 1815 2210 1859 est

607 1926 789 1973 autem
853 1915 960 1970 vita
1030 1922 1298 1968 aeterna:
1366 1917 1423 1961 nt
1490 1914 1823 1976 cogatisCant
1894 1911 1980 1965 te,
2033 1901 2207 1955 solum

610 2009 779 2065 Deum
803 2021 1014 2072 verum,
1045 2016 1100 2060 et
1131 2019 1290 2074 quem
1315 2000 1528 2067 misisti,
1559 1998 1740 2053 Iesum
1769 1994 2065 2049 Christum.
2095 1991 2209 2061 Ego

612 2111 664 2158 te
693 2099 985 2155 clariﬁcavi
1016 2111 1179 2166 super
1204 2103 1438 2155 terram;
1475 2105 1610 2160 opus
1641 2086 2044 2152 consummavi,
2065 2082 2207 2154 quod

609 2194 806 2252 dedisti
837 2191 969 2247 mihi
1007 2199 1065 2246 ut
1111 2187 1340 2251 faciam;
1394 2195 1450 2240 et
1496 2197 1640 2238 nunc
1692 2180 1929 2237 clariﬁt‘a
1981 2192 2067 2232 me
2119 2185 2205 2243 tn,

611 2293 808 2357 Pater,
857 2287 998 2358 apud
1059 2282 1442 2352 temetipsum,
1500 2279 1786 2341 claritate,
1843 2290 2002 2342 quam
2047 2272 2207 2326 habui

610 2386 926 2456 priusquam
968 2378 1205 2434 mundus
1235 2384 1410 2440 esset,
1443 2371 1585 2442 apud
1634 2381 1704 2426 te.
1744 2367 2079 2424 Manifestavi
2113 2381 2208 2418 no-

608 2492 732 2534 men
764 2483 916 2530 tuum
941 2470 1252 2527 horninibus
1275 2509 1289 2533 ,
1315 2481 1454 2537 quos
1479 2464 1677 2520 dedisti
1709 2460 1842 2516 tnihi
1865 2460 1932 2515 de
1961 2457 2161 2513 mundo
2192 2475 2204 2508 :

607 2571 684 2627 tui
733 2575 923 2631 erant,
981 2575 1036 2620 et
1085 2563 1215 2617 mihi
1248 2575 1344 2616 eos
1371 2558 1592 2620 dedisti,
1622 2566 1676 2611 et
1696 2565 2006 2610 sermonem
2056 2561 2206 2604 tuum

606 2668 981 2720 servaverunt.
1033 2655 1192 2712 Nunc
1239 2658 1636 2722 cognoverunt,
1685 2648 1808 2716 quia
1857 2644 2038 2698 omnia
2087 2657 2207 2710 quae

606 2753 806 2811 dedisti
830 2750 997 2817 mihi,
1024 2749 1120 2804 abs
1151 2755 1206 2803 te
1233 2753 1361 2800 sunt
1392 2763 1404 2797 :
1437 2743 1562 2814 quia
1610 2740 1809 2805 verba,
1841 2753 1961 2808 qua:
2008 2733 2205 2790 dedisti

607 2847 775 2912 mihi,
809 2844 931 2901 dedi
963 2842 1073 2898 eis:
1103 2849 1160 2896 et
1203 2837 1305 2909 ipsi
1339 2843 1700 2906 acceperunt,
1733 2838 1790 2887 et
1834 2833 2208 2899 cognoverunt

606 2953 734 2995 vere
764 2936 889 3007 quia
919 2949 947 2988 a
978 2942 1031 2988 te
1061 2931 1202 2988 exivi
1227 2970 1243 2996 ,
1269 2939 1323 2984 et
1344 2927 1699 2983 crediderunt
1724 2923 1845 2992 quia
1879 2931 1934 2975 tu
1961 2935 2049 2976 me
2097 2917 2204 2973 mi-

607 3031 748 3086 sisti.
785 3031 896 3100 Ego
919 3042 1018 3098 pro
1058 3027 1138 3081 eis
1170 3039 1301 3094 rogo
1331 3040 1343 3076 :
1377 3038 1484 3078 non
1516 3035 1614 3090 pro
1655 3016 1855 3073 mundo
1895 3028 2056 3086 rogo,
2107 3013 2204 3068 sed

2314 1803 2550 1871 facibus,
2602 1809 2659 1856 et
2692 1801 2876 1855 armis.
2905 1800 3063 1870 [ωλι
3086 1840 3101 1866 ,
3146 1797 3280 1869 10.]
3323 1796 3479 1853 Iesus
3519 1797 3697 1865 itaque
3721 1793 3867 1849 sciens

2314 1896 2494 1951 omnia
2516 1938 2530 1961 ,
2568 1911 2688 1966 quae
2716 1903 2940 1950 ventura
2969 1902 3128 1948 erant
3149 1907 3318 1962 super
3337 1906 3494 1960 eum,
3525 1888 3806 1959 processit,
3831 1897 3866 1942 et

2313 1990 2452 2045 dixit
2478 1990 2558 2045 eis
2590 2007 2600 2038 :
2631 1990 2802 2054 Quem
2833 1985 3117 2057 quazritis?
3144 1980 3634 2054 Responderuntei
3663 1999 3676 2034 :
3720 1979 3865 2036 Iesum

2312 2082 2686 2136 Nazaracnum.
2750 2079 2891 2134 Dicit
2917 2079 3000 2132 eis
3042 2079 3241 2133 Iesus:
3275 2077 3386 2148 Ego
3429 2090 3570 2130 sum.
3603 2073 3775 2130 Stabat
3797 2087 3866 2126 au-

2315 2184 2420 2228 tem
2451 2183 2505 2228 et
2535 2171 2733 2237 Judas,
2759 2170 2851 2241 qui
2881 2169 3132 2225 tradebat
3157 2184 3279 2225 eum
3299 2210 3316 2236 ,
3342 2185 3464 2224 cum
3503 2166 3658 2238 ipsis.
3681 2165 3747 2222 Ut
3768 2179 3863 2234 ergo

2313 2267 2446 2321 dixit
2473 2266 2551 2320 eis
2585 2283 2597 2319 :
2630 2265 2742 2335 Ego
2772 2278 2927 2318 sum:
2957 2262 3208 2318 abierunt
3233 2270 3532 2316 retrorsum
3551 2301 3567 2327 ,
3594 2268 3646 2313 et
3687 2255 3860 2313 cecide-

2315 2368 2444 2414 runt
2473 2359 2527 2413 in
2562 2367 2784 2412 terram.
2820 2356 3023 2410 lterum
3047 2369 3177 2424 ergo
3200 2353 3552 2424 interrogavit
3576 2365 3702 2407 eos:
3730 2350 3864 2418 Quem

2313 2452 2601 2524 quaeritis?
2649 2450 2729 2505 llli
2769 2458 2949 2504 autem
2979 2449 3232 2504 dixerunt
3262 2468 3274 2502 ;
3323 2447 3513 2504 Iesum
3541 2446 3866 2501 Nazarzcnum.

2317 2543 2614 2614 Respondit
2635 2542 2794 2598 Iesus
2821 2559 2836 2595 :
2875 2541 2992 2596 Dixi
3021 2542 3175 2598 vobis
3199 2584 3214 2608 ,
3243 2540 3370 2612 quia
3401 2557 3505 2611 ego
3532 2554 3641 2596 sum
3663 2556 3676 2592 :
3698 2537 3741 2593 si
3759 2551 3868 2606 ergo

2314 2659 2400 2698 me
2429 2643 2672 2714 quaeritis
2691 2684 2706 2708 ,
2739 2642 2903 2698 sinite
2933 2646 3030 2697 hos
3051 2641 3222 2696 abire.
3250 2641 3318 2698 Ut
3350 2640 3663 2712 impleretur
3687 2655 3865 2705 sermo,

2313 2751 2471 2806 quem
2523 2734 2702 2792 dixit:
2735 2735 2870 2803 Quia
2921 2749 3059 2806 quos
3087 2733 3284 2790 dedisti
3315 2732 3449 2787 mihi
3477 2774 3492 2800 ,
3537 2748 3641 2788 non
3694 2730 3866 2799 perdidi

2311 2843 2375 2883 ex
2413 2829 2492 2882 eis
2531 2841 2880 2898 quemquam.
2941 2827 3081 2899 [ch
3107 2825 3245 2896 ,1.]
3302 2826 3489 2882 Simon
3541 2840 3668 2896 ergo
3715 2825 3867 2879 Petrus

2313 2921 2516 2976 habens
2543 2920 2779 2989 gladium
2811 2920 3000 2976 eduxit
3034 2935 3159 2976 eum
3189 2936 3201 2972 :
3250 2928 3305 2974 et
3337 2919 3608 2988 percussit
3646 2915 3867 2988 pontiﬁcis

2312 3031 2526 3071 servum
2556 3032 2568 3069 :
2598 3029 2653 3070 et
2681 3015 2910 3070 abscidit
2936 3014 3235 3069 auriculam
3269 3011 3389 3084 ejus
3431 3011 3727 3068 dexteram.
3772 3010 3868 3065 Erat

608 3138 707 3194 pro
739 3093 857 3186 his:
882 3093 1018 3190 quos
1048 3093 1253 3174 dedisti?
1275 3115 1406 3171 mihi
1434 3133 1446 3168 :
1500 3114 1622 3183 quia
1652 3113 1726 3166 tui
1769 3117 1894 3166 sunt
1924 3127 1936 3162 :
1984 3117 2039 3163 et
2087 3121 2205 3162 mea
2233 3093 2278 3156 Ο
2310 3121 2489 3164 autem
2519 3123 2716 3164 nomen
2739 3122 2899 3162 servo
2931 3105 3196 3162 Malchus.
3225 3107 3236 3179 [
3264 3120 3383 3162 cut
3406 3147 3420 3170 ,
3453 3105 3540 3161 10.
3567 3103 3584 3175 ]
3615 3105 3743 3160 Dixit
3773 3118 3867 3174 ergo

607 3211 788 3269 omnia
815 3219 902 3266 tua
934 3222 1095 3279 sunt,
1142 3220 1197 3265 et
1247 3218 1333 3263 tua
1384 3222 1502 3262 mea
1559 3213 1686 3260 sunt
1724 3222 1738 3257 :
1781 3214 1835 3258 et
1882 3199 2206 3256 clariﬁcatns

606 3321 726 3361 sum
761 3305 813 3359 in
837 3303 936 3358 eis.
970 3303 1035 3356 Et
1075 3302 1186 3372 jam
1229 3315 1338 3355 non
1385 3315 1505 3354 sum
1562 3299 1612 3352 in
1671 3296 1902 3361 mundo,
1959 3301 2014 3349 et
2050 3292 2104 3346 hi
2151 3291 2204 3346 in

605 3396 808 3452 mundo
844 3403 1010 3460 sunt,
1067 3401 1122 3448 et
1166 3407 1268 3462 ego
1317 3391 1384 3445 ad
1434 3400 1488 3444 te
1543 3391 1721 3443 venio.
1779 3388 1938 3442 Pater
1977 3393 2199 3449 sancte,

605 3504 763 3546 serva
790 3501 888 3544 eos
919 3487 970 3540 in
995 3484 1215 3540 nomine
1244 3491 1339 3537 tuo
1359 3523 1373 3547 ,
1408 3497 1546 3550 quos
1572 3479 1769 3534 dedisti
1807 3476 1939 3532 mihi
1969 3495 1981 3529 :
2016 3483 2074 3530 ut
2096 3474 2205 3528 sint

606 3596 804 3647 unum,
854 3579 996 3634 sicut
1017 3583 1074 3632 et
1099 3589 1222 3629 nos.
1251 3571 1383 3628 Cum
1425 3587 1601 3626 essem
1633 3584 1753 3623 cum
1780 3568 1862 3622 eis
1883 3607 1896 3632 ,
1950 3581 2051 3635 ego
2089 3580 2202 3620 ser-

603 3679 793 3734 vabam
822 3689 922 3731 eos
943 3672 998 3729 in
1032 3672 1252 3727 nomine
1279 3675 1393 3723 tuo.
1419 3666 1568 3733 Quos
1599 3662 1796 3719 dedisti
1824 3660 1960 3716 mihi
1980 3702 1994 3726 ,
2023 3669 2202 3715 custoo

599 3771 712 3826 divi
741 3788 756 3825 :
795 3779 850 3826 et
872 3781 1031 3824 nemo
1056 3780 1128 3821 ex
1161 3763 1243 3820 eis
1285 3760 1492 3832 periit,
1520 3757 1626 3813 nisi
1669 3756 1816 3810 filius
1843 3753 2196 3825 perditionis,

603 3871 664 3918 ut
691 3863 970 3933 Scriptura
1000 3857 1309 3929 impleatur.
1343 3853 1496 3910 Nunc
1521 3862 1702 3906 autem
1736 3848 1802 3903 ad
1834 3859 1885 3903 te
1909 3847 2069 3902 venio
2103 3863 2115 3900 :
2145 3854 2202 3901 et

601 3955 720 4010 haec
743 3953 934 4023 loquor
961 3953 1013 4007 in
1059 3950 1295 4018 mundo,
1355 3955 1417 4002 ut
1451 3945 1686 4001 habeant
1737 3940 1990 4013 gaudium
2019 3953 2198 3995 meum

602 4047 888 4120 impletum
939 4046 994 4099 in
1044 4041 1373 4112 semetipsis.
1431 4039 1547 4110 Ego
1595 4037 1721 4092 dedi
1767 4035 1849 4090 eis
1889 4047 2198 4089 sermonem

604 4149 757 4197 tuum
778 4181 794 4207 ,
824 4147 879 4195 et
904 4136 1139 4192 mundus
1168 4148 1263 4190 eos
1289 4133 1414 4190 odio
1446 4131 1632 4186 habuit
1653 4172 1666 4196 ,
1689 4129 1813 4200 quia
1841 4145 1949 4184 non
1975 4136 2100 4184 sunt
2130 4125 2199 4182 de

601 4233 826 4304 mundo,
857 4233 997 4288 sicut
1025 4239 1080 4286 et
1112 4243 1212 4299 ego
1243 4242 1350 4282 non
1382 4239 1499 4281 sum
1529 4225 1599 4280 de
1621 4224 1840 4279 mundo.
1874 4222 1988 4279 Non
2020 4237 2152 4291 rogo
2178 4262 2194 4289 ,

599 4337 661 4384 ut
683 4326 839 4383 tollas
866 4339 961 4394 eos
989 4323 1059 4378 de
1089 4318 1420 4386 mundo,sed
1449 4326 1504 4372 ut
1535 4331 1720 4372 serves
1743 4330 1838 4371 eos
1865 4330 1896 4369 a
1929 4315 2089 4369 malo.
2121 4313 2198 4369 De

600 4419 800 4478 mundo
835 4433 940 4474 non
987 4422 1138 4483 sunt,
1187 4413 1329 4468 sicut
1353 4418 1407 4466 et
1435 4425 1535 4479 ego
1584 4423 1690 4463 non
1725 4423 1844 4461 sum
1873 4407 1941 4462 de
1969 4404 2190 4461 mundo.

2310 3200 2467 3257 Iesus
2512 3201 2720 3256 Petro:
2772 3199 2924 3255 Mitte
2969 3197 3206 3269 gladium
3264 3207 3290 3234 ει
3334 3207 3482 3252 ιιιιιιιι
3527 3198 3579 3251 in
3633 3195 3862 3266 vaginam.

2310 3294 2576 3358 Calicem,
2620 3308 2779 3364 quem
2805 3291 2954 3346 dedit
2980 3289 3114 3346 mihi
3147 3290 3339 3359 Pater,
3370 3303 3479 3345 non
3509 3289 3685 3344 bibam
3715 3283 3862 3342 illum?

2311 3387 2490 3457 [cun
2515 3428 2530 3452 ,
2585 3389 2635 3442 1.
2677 3388 2689 3458 ]
2723 3386 2932 3441 Cohors
2959 3400 3120 3456 ergo,
3172 3393 3230 3440 et
3259 3383 3541 3448 tribunus,
3570 3392 3625 3439 et
3672 3380 3863 3438 ministri

2306 3479 2620 3535 Iudaeorum
2646 3479 3180 3549 comprehenderunt
3233 3478 3419 3533 Iesum
3443 3521 3457 3546 ,
3496 3486 3553 3532 et
3600 3475 3865 3548 ligaverunt

2307 3589 2430 3628 enm
2466 3574 2738 3646 :[cnxm,
2774 3571 2906 3644 10.]
2934 3573 3003 3628 Et
3031 3572 3378 3627 adduxerunt
3420 3586 3544 3627 eum
3593 3571 3662 3627 ad
3692 3575 3862 3628 Annam

2308 3665 2576 3735 primum;
2607 3677 2725 3722 erat
2747 3667 2892 3722 enim
2921 3680 3078 3721 socer
3105 3665 3359 3736 Caiphas,
3391 3665 3485 3736 qui
3513 3673 3634 3721 erat
3661 3663 3863 3736 pontifex

2305 3760 2432 3815 anni
2481 3759 2646 3815 illius.
2682 3761 2817 3816 Erat
2855 3770 3035 3816 autem
3064 3760 3297 3830 Caiphas
3319 3800 3336 3825 ,
3373 3761 3465 3831 qui
3493 3759 3769 3816 consilium
3791 3757 3860 3810 de-

2304 3852 2461 3908 derat
2487 3851 2693 3908 Iudzcis
2734 3870 2747 3908 :
2788 3851 2922 3921 Quia
2949 3852 3200 3922 expedit,
3231 3867 3398 3906 unum
3436 3851 3712 3908 hominem
3759 3845 3862 3904 mori

2305 3962 2402 4017 pro
2431 3947 2656 4018 p0pulo.
2687 3946 2708 4019 [
2735 3963 2892 4003 Cl.le
2912 3988 2927 4012 ,
2955 3947 3011 4002 4.
3043 3945 3061 4018 ]
3104 3944 3444 4017 Sequebatur
3489 3955 3668 4002 autem
3713 3943 3860 4000 Iesum

2301 4040 2488 4095 Simon
2521 4039 2748 4108 Petrus,
2770 4048 2825 4094 et
2851 4039 2990 4094 alius
3007 4038 3324 4109 discipulus.
3355 4037 3556 4110 [ccxv,
3588 4035 3696 4107 10.]
3728 4037 3860 4092 Disci-

2301 4131 2458 4201 pulus
2498 4140 2680 4187 autem
2729 4130 2822 4187 ille
2850 4140 2969 4186 erat
3017 4139 3182 4186 notus
3228 4130 3470 4200 pontiﬁci
3499 4172 3514 4196 ,
3565 4141 3620 4186 et
3658 4126 3860 4184 introivit

2301 4240 2423 4280 cum
2465 4223 2593 4281 Iesu
2642 4225 2695 4279 in
2741 4224 2936 4278 atrium
2973 4222 3266 4292 pontiﬁcis.
3316 4223 3549 4295 lcum,
3588 4222 3636 4276 1.
3661 4219 3676 4292 J
3705 4221 3858 4275 Petrus

2297 4327 2481 4374 autem
2532 4317 2712 4373 stabat
2767 4316 2833 4372 ad
2880 4316 3080 4372 ostium
3109 4315 3264 4371 foris.
3296 4316 3543 4388 [cum],
3579 4315 3664 4388 1.]
3712 4311 3859 4370 Exivit

2300 4426 2432 4482 ergo
2461 4411 2762 4480 discipulus
2784 4410 2922 4466 alius
2948 4453 2962 4478 ,
3018 4412 3110 4481 qui
3152 4417 3270 4465 erat
3309 4416 3471 4465 notus
3517 4407 3738 4478 pontiﬁci
3764 4447 3776 4471 ,
3815 4413 3858 4457 et

597 4513 884 4572 Sanctifica
907 4510 1072 4568 eosin
1094 4505 1550 4563 vcritate.Sermo
1571 4515 1692 4558 tuus
1719 4501 1919 4557 veritas
1949 4511 2051 4556 est.
2075 4500 2193 4556 Sic—
2222 4484 2274 4544 Ῐ)
2297 4503 2435 4559 dixit
2461 4503 2698 4560 ostiariae
2719 4544 2733 4570 ,
2777 4510 2833 4559 et
2881 4501 3184 4558 introduxit
3228 4501 3469 4558 Petrum.
3505 4504 3512 4573 |
3543 4514 3754 4563 curui,
3784 4494 3854 4560 1.]

595 4615 655 4662 ιιι
677 4615 733 4661 ιιι
764 4619 852 4660 me
877 4601 1075 4658 misisti
1107 4600 1160 4654 in
1183 4597 1465 4662 mundum,
1497 4604 1552 4651 et
1578 4609 1677 4665 ego
1703 4593 1826 4648 misi
1847 4608 1944 4648 eos
1960 4593 2011 4648 in
2035 4608 2191 4647 mun-

594 4697 745 4753 dum.
774 4697 842 4752 Et
865 4711 962 4766 pro
982 4695 1061 4750 eis
1081 4707 1182 4764 ego
1205 4689 1484 4748 sanctiﬁco
1510 4687 1774 4758 meipsum
1829 4701 1843 4738 :
1886 4696 1946 4740 nt
1992 4686 2102 4740 sint
2138 4695 2191 4740 et

593 4790 697 4860 ipsi
733 4786 1053 4845 sanctiﬁcati
1104 4785 1159 4840 in
1199 4784 1448 4840 veritate.
1476 4781 1594 4838 Non
1629 4796 1726 4851 pro
1756 4779 1835 4834 eis
1879 4778 2038 4853 [Μδε.
2075 4778 2190 4852 his]

592 4894 773 4941 autem
801 4897 934 4954 rogo
957 4889 1188 4948 tantum,
1212 4877 1306 4936 sed
1335 4886 1390 4934 et
1413 4892 1510 4948 pro
1539 4876 1642 4942 eis,
1667 4875 1759 4946 qui
1781 4873 2036 4929 credituri
2065 4884 2193 4929 sunt

592 4997 689 5053 per
718 4980 936 5037 verbum
960 4991 1148 5033 eorum
1175 4975 1229 5030 in
1261 4989 1380 5029 me:
1411 4981 1670 5028 utomnes
1695 4984 1859 5025 unum
1890 4969 2020 5036 sint,
2052 4971 2192 5023 sicut

592 5084 670 5141 tu,
699 5075 877 5140 Pater,
899 5070 954 5126 in
982 5077 1161 5138 me,et
1180 5082 1282 5140 ego
1309 5068 1364 5123 in
1388 5077 1460 5133 te,
1488 5073 1550 5120 ut
1569 5074 1625 5121 et
1645 5064 1746 5135 ipsi
1773 5065 1824 5118 in
1841 5063 1997 5119 nobis
2023 5077 2188 5118 unum

591 5167 700 5224 sint
725 5183 739 5222 :
766 5176 825 5222 ut
852 5164 1037 5221 credat
1060 5162 1324 5230 mundus,
1356 5159 1478 5232 quia
1502 5167 1558 5214 tu
1584 5172 1670 5214 me
1717 5156 1933 5212 misisti.
1968 5156 2036 5211 Et
2088 5171 2189 5226 ego

588 5259 894 5316 claritatem
923 5271 1084 5327 quam
1098 5252 1296 5311 dedisti
1317 5251 1470 5320 mihi,
1489 5249 1613 5307 dedi
1639 5249 1749 5305 eis:
1785 5257 1841 5303 ut
1862 5249 1970 5303 sint
2000 5263 2186 5313 unum,

587 5350 732 5408 sicut
752 5358 810 5408 et
840 5364 942 5405 nos
969 5363 1135 5404 unum
1161 5359 1368 5403 sumus.
1401 5343 1516 5414 Ego
1545 5344 1601 5398 in
1631 5341 1713 5396 eis
1735 5381 1750 5407 ,
1782 5348 1837 5396 et
1866 5348 1920 5395 tu
1960 5340 2016 5394 in
2051 5353 2138 5394 me
2168 5354 2183 5392 :

587 5448 771 5504 utsint
792 5441 1154 5501 consummati
1183 5442 1235 5496 in
1268 5452 1435 5495 unum
1466 5454 1480 5492 :
1527 5445 1583 5492 et
1622 5444 1915 5507 cognoscat
1952 5433 2184 5489 mundus

586 5543 711 5612 quia
734 5551 790 5598 tu
821 5553 910 5595 me
938 5536 1167 5604 misisti,
1198 5544 1254 5593 et
1301 5530 1541 5591 dilexisti
1567 5544 1662 5586 eos
1682 5570 1697 5597 ,
1731 5529 1867 5585 sicut
1900 5535 1958 5583 et
1983 5542 2070 5584 me
2099 5526 2182 5583 di-

2298 4595 2440 4652 Dicit
2461 4610 2591 4666 ergo
2613 4596 2776 4651 Petro
2800 4595 2995 4649 ancilla
3049 4594 3270 4650 ostiaria
3295 4611 3306 4646 :
3354 4593 3612 4663 Numquid
3637 4601 3686 4645 et
3725 4596 3776 4641 tu
3805 4601 3855 4641 cx

2298 4691 2580 4760 discipulis
2622 4703 2681 4745 es
2727 4688 2965 4744 hominis
2997 4689 3190 4744 istius?
3243 4687 3387 4744 Dicit
3429 4688 3554 4744 ille:
3585 4685 3692 4741 Non
3735 4696 3854 4736 sum.

2299 4785 2522 4857 lcum,
2559 4780 2644 4838 10.
2669 4781 2685 4853 'J
2712 4781 2941 4838 Stabant
2963 4788 3144 4837 autem
3166 4780 3312 4837 servi
3331 4789 3388 4837 et
3413 4779 3643 4836 ministri
3667 4775 3723 4832 ad
3753 4789 3852 4846 pru-

2299 4891 2395 4932 nas
2415 4917 2431 4945 ,
2459 4875 2588 4946 quia
2615 4876 2786 4946 frigus
2815 4882 2952 4938 erat,
2983 4882 3035 4930 et
3082 4871 3478 4929 calefaciebant
3519 4888 3578 4927 se
3604 4888 3616 4926 :
3644 4875 3749 4926 erat
3771 4879 3848 4918 au-

2300 4979 2406 5026 tem
2458 4984 2581 5025 cum
2628 4967 2708 5024 eis
2763 4977 2818 5024 et
2866 4968 3056 5022 Petrus
3102 4973 3293 5031 stans,
3344 4975 3400 5022 et
3441 4962 3745 5020 calefaciens
3785 4970 3846 5010 se.

2300 5059 2545 5126 Pontifex
2570 5075 2700 5132 ergo
2735 5059 3091 5131 interrogavit
3118 5057 3304 5114 Iesum
3328 5057 3398 5114 de
3426 5057 3695 5128 discipulis
3719 5050 3844 5110 suis,

2295 5167 2350 5212 et
2377 5156 2445 5212 de
2471 5155 2717 5211 doctrina
2739 5154 2882 5224 ejus.
2910 5152 3084 5225 [ccxx
3104 5191 3121 5218 ,
3155 5149 3247 5223 1.]
3274 5149 3577 5222 Respondit
3614 5151 3658 5205 ei
3678 5146 3841 5202 Iesus:

2298 5247 2409 5318 Ego
2459 5249 2637 5319 palam
2689 5248 2903 5303 locutus
2945 5260 3066 5301 sum
3095 5243 3296 5300 mundo
3322 5262 3332 5298 :
3357 5258 3462 5315 ego
3489 5258 3693 5313 semper
3715 5235 3842 5293 docui

2292 5342 2344 5396 in
2376 5355 2680 5412 synagoga,
2705 5350 2761 5395 et
2790 5339 2841 5393 in
2873 5336 3110 5408 templo,
3141 5351 3249 5406 quo
3295 5352 3489 5391 omnes
3535 5333 3696 5391 Iudaei
3735 5344 3841 5383 cono

2291 5434 2553 5490 veniunt:
2581 5440 2637 5487 et
2655 5431 2708 5485 in
2732 5429 2944 5485 occulto
2973 5429 3185 5484 locutus
3200 5440 3319 5482 sum
3347 5427 3502 5482 nihil.
3528 5426 3716 5500 [cum
3748 5418 3834 5471 to.i

2287 5525 2427 5596 Quid
2455 5539 2544 5580 me
2569 5522 2918 5593 interrogas?
2973 5521 3243 5590 interroga
3293 5534 3422 5587 eos,
3463 5518 3554 5591 qui
3594 5515 3836 5572 audierunt

659 5711 685 5741 ι
706 5703 1206 5772 Pronomcntuum,
1237 5695 1385 5771 quod
1404 5703 1462 5754 et
1488 5693 1706 5752 codices
1731 5690 1949 5764 quidam
1970 5688 2148 5748 Graeci
2183 5696 2397 5758 tacent,
2421 5689 2475 5746 in
2498 5686 2698 5745 nostris
2727 5699 2860 5743 mss.
2885 5699 2992 5743 non
3021 5682 3269 5742 habetur.
