3920 6200
124 242 209 301 681
1142 244 1583 301 EVANGELIUM
1624 244 1989 303 SECUNDUM
2026 244 2363 301 JOANNEM.

3288 246 3394 304 682

117 358 228 426 quid
254 358 467 414 locutus
492 358 597 413 sim
628 357 753 428 ipsis
786 372 801 411 :
850 371 980 414 ecce
1010 357 1065 413 bi
1099 360 1280 415 sciunt
1309 376 1429 430 qua:
1464 360 1692 416 dixerim
1724 364 1769 421 Α
1799 375 1953 425 eum,
1986 369 2042 415 et
2072 360 2324 415 dicebam
2357 377 2367 411 :
2402 358 2549 425 Ave,
2584 372 2681 413 rex
2711 357 3020 414 Iudaeorum
3055 375 3067 409 :
3100 365 3156 411 et
3195 357 3398 413 dabant

118 463 227 519 ego.
256 451 507 523 [c1.xxrt,
541 451 593 504 1.
628 448 638 517 ]
694 448 816 504 Haec
858 459 1037 505 autem
1087 467 1211 505 cum
1250 452 1513 517 dixisset,
1560 469 1695 509 unus

119 541 361 594 assistens
388 540 755 595 ministrorum
806 539 955 596 dedit
1007 543 1218 611 alapam
1263 543 1421 612 Jesu,
1465 543 1689 597 dicens:

114 630 197 685 Sic
222 631 517 700 reSjiondes
577 632 859 702 pontiﬁci?
898 633 1177 703 locum,
1228 633 1349 705 10.]
1396 634 1697 705 Respondit

111 724 153 779 ei
176 723 356 781 Jesus:
386 726 443 782 Si
475 726 618 781 male
646 726 860 781 locutus
890 742 1033 793 sum,
1068 728 1438 783 testimonium
1471 728 1696 798 pet-bibe

112 819 167 874 de
190 819 362 875 malo:
391 820 438 874 si
470 828 653 875 autem
683 820 854 887 bene,
889 820 1018 889 quid
1051 837 1137 875 me
1168 820 1381 876 caedis?
1436 822 1692 893 μωσιν,

116 912 196 983 1.]
227 912 291 967 Et
311 913 461 969 misit
490 928 618 968 eum
651 912 834 970 Annas
866 914 1086 984 ligatum
1120 914 1185 968 ad
1218 914 1479 985 Caipham
1519 916 1691 986 ponti-

113 1005 270 1061 ﬁcem.
305 1006 321 1077 Ι]
350 1020 557 1073 CLxxv,
590 1004 681 1077 1.]
717 1006 842 1059 Erat
870 1017 1053 1061 autem
1083 1006 1269 1061 Simon
1312 1007 1501 1061 Petrus
1544 1016 1693 1060 stans

111 1106 157 1151 et
174 1096 492 1152 calefaciens
524 1112 604 1152 se.
640 1097 907 1152 Dixerunt
938 1112 1069 1168 ergo
1098 1098 1148 1153 ei
1194 1116 1204 1149 :
1250 1098 1520 1167 Numquid
1554 1108 1606 1151 et
1641 1109 1692 1150 tu

106 1206 164 1245 ex
194 1190 469 1260 discipulis
513 1190 633 1260 ejus
678 1191 773 1246 es?
829 1190 1054 1261 Negavit
1110 1190 1238 1257 ille,
1280 1201 1333 1247 et
1373 1191 1546 1246 dixit:
1591 1208 1693 1245 non

106 1298 233 1338 sum.
267 1282 406 1337 Dicit
439 1292 462 1319 ει
492 1283 545 1339 ei
576 1298 714 1337 unus
755 1300 821 1337 ex
861 1283 1033 1338 servis
1077 1284 1348 1351 pontiﬁcis
1373 1324 1387 1347 ,
1438 1294 1697 1353 cognatus

104 1375 238 1445 ejus,
259 1374 414 1444 cujus
434 1373 667 1429 abscidit
698 1374 889 1429 Petrus
918 1375 1218 1430 auriculam
1252 1391 1266 1427 :
1304 1374 1491 1429 Nonne
1513 1390 1613 1444 ego
1647 1385 1697 1429 te

104 1468 201 1523 vidi
228 1469 282 1522 in
316 1468 474 1525 horto
496 1483 618 1523 cum
644 1469 773 1523 illo?
794 1470 991 1525 Iterum
1033 1485 1163 1539 ergo
1209 1471 1427 1539 negavit
1456 1469 1648 1524 Petrus
1681 1488 1691 1521 :

103 1571 151 1615 et
192 1560 372 1615 statim
423 1562 599 1631 gallus
638 1564 898 1617 cantavit.
955 1564 1220 1634 [cum],
1254 1565 1301 1618 1.
1338 1564 1347 1633 ι
1410 1564 1699 1619 Adducunt

101 1667 220 1723 ergo
246 1653 433 1708 Jesum
486 1668 516 1707 a
570 1653 775 1723 Caipha
825 1655 877 1707 in
936 1656 1270 1724 prretorium.
1327 1655 1455 1709 Erat
1515 1664 1695 1711 autem

1797 458 1847 511 ei
1868 457 2073 526 alapas.
2108 458 2119 530 |
2148 472 2373 512 ccxxxvr
2395 499 2408 520 ,
2440 456 2491 511 9.
2522 454 2536 525 ]
2567 454 2745 509 Exivit
2771 470 2901 525 ergo
2956 456 3150 509 iterum
3195 454 3399 509 Pilatus

1799 548 1967 617 foras,
2006 560 2059 603 et
2086 550 2217 603 dicit
2245 549 2352 604 eis:
2381 550 2520 603 Ecce
2546 548 2753 602 adduco
2772 563 2895 602 cum
2920 548 3085 613 foras,
3118 557 3173 601 ut
3196 563 3396 618 cogno-

1799 640 1962 695 scatis
1981 641 2102 711 quia
2133 641 2337 696 nullam
2365 640 2583 694 invenio
2608 640 2659 692 in
2690 655 2757 694 eo
2779 654 3017 693 causam.
3053 640 3361 709 ([cuxxtn
3382 682 3394 705 ,

1798 730 1888 803 4.]
1919 732 2100 787 Exivit
2128 748 2256 803 ergo
2304 732 2464 787 Jesus
2495 742 2715 801 portans
2745 746 3003 786 coronam
3033 732 3275 801 Spincam
3306 776 3319 799 ,
3345 740 3399 785 et

1800 841 2133 896 purpureum
2166 826 2599 895 vestimentum.)
2628 824 2695 879 Et
2720 824 2851 879 dicit
2882 826 2961 880 eis
2989 844 2998 877 :
3038 825 3176 879 Ecce
3208 824 3389 878 homo.

1800 917 1817 989 ι
1843 932 2149 985 CLXXXVIII,
2174 916 2267 989 1.]
2298 917 2429 972 Cum
2458 932 2586 986 ergo
2628 916 2892 971 vidissent
2917 930 3037 970 eum
3076 914 3357 982 pontiﬁces
3380 958 3393 981 ,

1800 1010 2108 1065 etministri
2138 1052 2153 1076 ,
2206 1009 2516 1065 clamabant
2543 1009 2786 1063 dicentes
2832 1027 2842 1059 :
2888 1006 3155 1077 Cruciﬁge
3180 1051 3193 1073 ,
3229 1006 3401 1061 cruci-

1802 1103 1904 1173 ﬁge
1934 1113 1955 1140 °
1990 1118 2133 1157 eum.
2166 1102 2469 1174 [θυιδαμ
2504 1100 2629 1171 10.]
2674 1100 2813 1154 Dicit
2841 1100 2919 1154 eis
2945 1100 3146 1154 Pilatus
3176 1117 3185 1149 :
3247 1098 3403 1153 Acci-

1802 1196 1908 1265 pite
1957 1210 2078 1249 eum
2111 1210 2238 1260 vos,
2288 1205 2341 1251 et
2370 1195 2703 1264 cruciﬁgite:
2756 1195 2922 1266 [cxc,
2957 1193 3053 1263 9.]
3107 1209 3206 1263 ego
3255 1193 3399 1247 enim

1801 1300 1907 1340 non
1933 1286 2151 1341 invenio
2181 1287 2232 1340 in
2266 1302 2332 1341 eo
2375 1301 2618 1340 causam.
2661 1286 2677 1357 |_
2706 1301 2827 1341 cxcr
2851 1326 2863 1348 ,
2900 1286 2985 1339 11).
3018 1284 3034 1355 ]
3082 1284 3399 1352 Responde-

1800 1388 1927 1433 runt
1952 1380 2001 1433 ei
2032 1379 2205 1433 Judaei
2240 1397 2251 1431 :
2287 1379 2397 1433 Nos
2445 1379 2615 1447 legem
2664 1378 2954 1442 habemus,
3011 1388 3065 1431 et
3103 1377 3399 1432 secundum

1801 1470 1972 1537 legem
1998 1470 2159 1523 debet
2188 1470 2323 1523 mori
2352 1510 2365 1535 ,
2398 1470 2520 1539 quia
2547 1469 2742 1523 Filium
2772 1469 2865 1523 Dei
2891 1484 2949 1523 se
2974 1468 3121 1523 fecit.
3170 1468 3187 1540 [
3216 1484 3354 1523 cxcn
3386 1508 3401 1532 ,

1802 1560 1906 1631 1.]
1962 1562 2096 1614 Cum
2139 1578 2269 1631 ergo
2338 1562 2579 1615 audisset
2606 1562 2808 1615 Pilatus
2856 1561 2998 1615 hunc
3042 1576 3353 1615 sermonem
3388 1602 3402 1626 ,

1802 1654 1974 1723 magis
2008 1655 2207 1709 timuit.
2243 1654 2309 1708 Et
2340 1654 2619 1725 ingressus
2646 1664 2729 1709 est
2755 1654 3066 1721 praetorium
3094 1655 3319 1707 iterum:
3354 1663 3409 1704 ct

102 1761 253 1801 mane
288 1764 302 1801 :
353 1746 643 1818 [eumn
675 1748 761 1802 10.
792 1744 804 1814 ]
854 1756 909 1801 et
972 1748 1071 1817 ipsi
1102 1763 1210 1802 non
1264 1747 1588 1803 introierunt
1638 1748 1688 1801 in
1720 1748 1769 1808 B
1796 1748 1927 1802 dixit
1948 1748 2013 1801 ad
2035 1750 2256 1803 Jesum:
2285 1748 2441 1803 Unde
2480 1763 2539 1802 es
2581 1747 2671 1801 tu?
2694 1747 2852 1801 Jesus
2874 1756 3052 1801 autem
3079 1761 3398 1815 responsum

101 1835 437 1907 praetorium,
494 1849 550 1891 ut
605 1853 710 1893 non
760 1839 1293 1905 contaminarentur,
1327 1840 1422 1895 sed
1455 1849 1513 1893 ut
1542 1855 1697 1894 mau-

100 1930 363 1985 ducarent
388 1930 618 1985 Pascha.
651 1931 828 1986 Exivit
857 1948 987 2001 ergo
1020 1934 1229 1988 Pilatus
1279 1934 1343 1988 ad
1373 1950 1467 1989 eos
1508 1935 1653 1990 foras
1679 1976 1694 1999 ,

97 2030 153 2076 et
184 2022 323 2076 dixit
352 2039 365 2077 :
397 2022 568 2089 Quam
618 2025 1019 2080 accusationem
1063 2025 1269 2080 aﬁ'ertis
1292 2026 1551 2082 adversus
1602 2028 1699 2082 ho-

98 2114 301 2170 minem
326 2114 507 2170 hunc?
538 2116 991 2186 Responderunt,
1023 2128 1076 2173 et
1098 2119 1353 2174 dixerunt
1374 2119 1421 2175 ei
1459 2138 1469 2173 :
1504 2120 1557 2176 Si
1590 2138 1696 2175 non

103 2214 244 2260 esset
271 2206 357 2260 hic
405 2206 879 2273 malefactor,non
932 2209 1027 2265 tibi
1083 2209 1495 2267 tradidissemus
1550 2227 1693 2267 eum.

109 2296 243 2350 Dixit
274 2312 401 2369 ergo
429 2299 510 2353 eis
542 2299 749 2355 Pilatus
781 2320 792 2353 :
819 2300 1066 2371 Accipite
1094 2318 1216 2357 eum
1249 2318 1344 2357 vos
1366 2345 1380 2369 ,
1427 2312 1482 2357 et
1508 2320 1702 2359 secun—

109 2387 223 2442 dum
251 2389 426 2461 legem
458 2402 697 2452 vestram
732 2390 971 2462 judicate
998 2410 1144 2449 eum.
1180 2396 1440 2449 Dixerunt
1474 2411 1603 2466 ergo
1650 2399 1700 2453 ei

111 2478 309 2536 Iudaei:
359 2481 527 2538 Nobis
573 2500 679 2537 non
732 2484 858 2539 licet
899 2485 1205 2541 interﬁcere
1231 2502 1581 2556 quemquam.
1632 2488 1702 2542 Ut

111 2586 285 2628 sermo
308 2574 431 2631 Iesu
458 2576 809 2645 impleretur,
836 2592 995 2646 quem
1026 2576 1198 2642 dixit,
1247 2579 1553 2648 signiﬁcans
1598 2594 1704 2649 qua

110 2675 277 2721 morte
306 2677 447 2723 esset
476 2670 794 2723 moriturus.
827 2670 1100 2743 [ccxxvm
1121 2714 1135 2738 ,
1163 2670 1213 2723 1.
1248 2670 1257 2739 ]
1289 2670 1542 2725 Introivit
1573 2686 1705 2741 ergo

112 2757 302 2815 iterum
348 2761 399 2815 iu
445 2762 763 2831 praetorium
796 2762 1029 2827 Pilatus,
1060 2772 1115 2818 et
1143 2764 1567 2819 vocavitJesum
1593 2804 1607 2828 ,
1651 2772 1706 2818 et

111 2848 240 2905 dixit
266 2852 315 2907 ei
348 2870 359 2905 :
408 2852 490 2908 Tu
538 2867 599 2908 es
628 2868 723 2908 rex
752 2852 1109 2908 Iudaeorum?
1158 2854 1459 2924 Respondit
1506 2855 1701 2910 Jesus:

114 2954 141 2993 a
169 2945 448 3014 temetipso
491 2944 595 3001 hoc
624 2944 797 3012 dicis,
831 2961 899 2999 an
948 2946 1038 3001 alii
1070 2945 1324 3001 dixerunt
1348 2946 1442 3000 tibi
1481 2945 1549 3002 de
1576 2961 1662 3001 me
1683 2948 1708 2999 ?

116 3036 369 3108 [CLXXIX,
402 3039 488 3095 10.
513 3039 530 3110 ]
559 3040 858 3110 ReSpondit
887 3040 1091 3095 Pilatus
1120 3058 1132 3093 :
1181 3042 1451 3113 Numquid
1482 3058 1582 3113 ego
1607 3042 1704 3097 Ju-

1804 1854 1910 1894 non
1944 1838 2091 1893 dedit
2126 1839 2196 1893 ei.
2230 1838 2434 1911 [axem],
2461 1837 2573 1907 10.]
2598 1838 2738 1892 Dicit
2762 1854 2893 1907 ergo
2915 1838 2963 1893 ei
3000 1838 3241 1891 Pilatus:
3270 1837 3404 1891 Mihi

1803 1948 1910 1988 non
1949 1932 2226 2002 loqueris?
2258 1933 2435 1988 nescis
2465 1933 2590 2001 quia
2633 1941 2955 2001 potestatem
2988 1931 3162 1985 habeo
3190 1931 3407 1985 cruciﬁ-

1802 2040 1932 2096 gere
1975 2034 2049 2089 te,
2082 2038 2136 2079 et
2177 2034 2502 2095 potestatem
2537 2024 2711 2078 habeo
2742 2022 3016 2078 dimittere
3044 2023 3129 2077 te?
3161 2022 3407 2091 ReSpon-

1802 2114 1882 2169 dit
1910 2114 2071 2170 Jesus
2105 2132 2116 2167 :
2151 2115 2265 2169 Non
2336 2116 2568 2169 haberes
2618 2124 2939 2183 potestatem
2984 2114 3271 2169 adversum
3322 2128 3408 2167 me

1805 2211 1994 2276 ullam,
2028 2211 2133 2264 nisi
2165 2212 2260 2266 tibi
2287 2211 2470 2265 datum
2504 2221 2649 2265 esset
2676 2211 2930 2280 desuper.
2989 2211 3289 2281 Propterea
3318 2212 3409 2280 qui

1805 2317 1892 2355 me
1925 2301 2146 2355 tradidit
2179 2303 2294 2369 tibi,
2329 2302 2506 2370 majus
2540 2312 2821 2370 peccatum
2856 2302 3042 2355 habet.
3094 2303 3159 2354 Et
3212 2303 3410 2356 eximie

1804 2396 2081 2463 quaerebat
2106 2392 2307 2446 Pilatus
2330 2393 2606 2446 dimittere
2636 2408 2785 2447 eum.
2815 2391 2981 2446 Judaai
3002 2400 3182 2445 autem
3208 2392 3411 2445 clama-

1805 2487 1933 2543 bant
1962 2487 2205 2541 dicentes
2238 2505 2250 2541 :
2286 2487 2341 2542 Si
2368 2486 2507 2539 hunc
2524 2485 2775 2553 dimittis,
2803 2500 2908 2539 non
2930 2485 3208 2539 esamicus
3228 2486 3407 2539 Caesa-

1808 2582 1900 2636 ris.
1935 2582 2126 2635 Omnis
2177 2579 2354 2645 enim,
2410 2580 2498 2648 qui
2540 2594 2599 2633 se
2646 2593 2825 2648 regem
2882 2576 3031 2641 facit,
3081 2576 3409 2631 contradicit

1808 2676 2034 2729 Caesari.
2064 2674 2273 2727 Pilatus
2304 2684 2482 2727 autem
2525 2688 2646 2727 cum
2679 2671 2919 2726 audisset
2956 2671 3056 2725 hos
3104 2686 3403 2737 sermones,

1808 2768 2034 2823 adduxit
2057 2768 2204 2822 foras
2234 2766 2419 2822 Jesum
2448 2784 2461 2821 :
2487 2777 2541 2821 et
2566 2767 2714 2821 sedit
2742 2781 2842 2835 pro
2876 2765 3153 2831 tribunali,
3199 2765 3251 2819 in
3284 2764 3405 2818 lucu

1808 2861 1898 2931 qui
1928 2860 2128 2915 dicitur
2150 2859 2515 2913 Lithostrotos
2531 2857 2684 2931 [Μδε.
2706 2858 3116 2927 Lithostrotus],
3144 2857 3408 2912 llebraice

1809 2962 1991 3007 autem
2042 2951 2346 3006 Gabbatha.
2397 2950 2529 3003 Erat
2572 2958 2753 3002 autem
2814 2964 3107 3017 parascevc
3162 2947 3405 3011 Paschac,

1812 3047 1944 3100 hora
1964 3045 2118 3114 quasi
2149 3052 2323 3111 sexta,
2352 3053 2405 3097 et
2433 3042 2567 3097 dicit
2594 3042 2826 3097 Iudaeis:
2877 3043 3015 3098 Ecce
3059 3056 3153 3096 rex
3205 3054 3405 3095 veSIer.

114 3126 253 3184 dazus
281 3131 435 3185 sum?
479 3130 625 3186 Gens
678 3141 769 3186 tua
797 3172 812 3197 ,
860 3138 917 3185 et
956 3130 1239 3201 pontiﬁces
1284 3132 1625 3187 tradiderunt
1656 3144 1706 3189 te
1734 3124 1779 3190 C
1813 3138 2010 3208 μιαν,
2040 3134 2119 3207 1.]
2148 3136 2227 3190 11ιί
2255 3143 2436 3190 autem
2468 3134 2774 3190 clamabant
2808 3153 2818 3185 :
2848 3134 3188 3198 Tolle,tolle,
3235 3134 3411 3189 cruci-

114 3222 234 3276 mihi
262 3240 276 3277 :
305 3223 427 3294 quid
452 3224 663 3279 fecisti?
684 3222 988 3295 Respondit
1015 3226 1173 3280 Jesus
1201 3242 1216 3280 :
1242 3225 1488 3297 Regnum
1520 3242 1699 3280 meum

117 3327 213 3369 non
240 3326 321 3372 est
340 3318 405 3374 de
430 3319 530 3374 hoc
553 3318 775 3383 mundo;
800 3320 845 3373 si
872 3333 941 3374 ex
970 3318 1072 3376 hoc
1091 3319 1291 3375 mundo
1312 3328 1457 3375 esset
1478 3335 1701 3391 regnum

117 3422 321 3479 meum,
382 3413 618 3468 ministri
664 3413 768 3467 mei
821 3414 1005 3483 utique
1058 3413 1439 3479 decertarent,
1492 3421 1551 3467 ut
1594 3428 1700 3467 non

118 3502 344 3560 traderer
386 3506 624 3561 Iudaeis:
678 3519 820 3560 nunc
872 3514 1052 3560 autem
1105 3521 1330 3576 regnum
1384 3522 1563 3561 meum
1596 3522 1703 3561 non

119 3608 185 3652 est
204 3598 346 3655 hinc.
381 3600 633 3673 [c1.xxx,
662 3598 717 3653 4.
743 3598 760 3670 ]
790 3598 941 3653 Dixit
979 3599 1158 3669 itaque
1199 3600 1248 3654 ei
1278 3600 1480 3654 Pilatus
1514 3617 1525 3651 :
1559 3599 1704 3669 Ergo

118 3703 198 3746 rex
225 3708 286 3749 es
310 3694 407 3749 tu?
457 3693 755 3764 Respondit
782 3693 943 3748 Jesus
969 3712 981 3745 ε
1013 3691 1093 3747 Τιι
1119 3692 1255 3747 dicis
1283 3694 1408 3764 quia
1441 3708 1535 3749 rex
1580 3707 1702 3746 sum

121 3794 225 3851 ego.
250 3787 513 3859 [CLXXXI,
546 3782 657 3855 10.]
682 3783 708 3822 δ
737 3784 849 3855 Ego
872 3783 923 3838 in
948 3783 1052 3838 hoc
1081 3792 1238 3838 natus
1264 3800 1405 3852 sum,
1430 3794 1485 3839 et
1512 3784 1577 3838 ad
1599 3784 1700 3839 hoc

125 3877 233 3931 veni
256 3877 306 3932 in
337 3876 634 3943 mundum,
690 3884 750 3930 ut
780 3875 1149 3931 testimonium
1198 3874 1511 3943 perhibeain
1565 3876 1707 3929 veri-

122 3970 200 4024 tati
229 3987 242 4023 :
274 3973 447 4028 omnis
471 3972 565 4044 qui
595 3980 681 4027 est
705 3985 771 4025 ex
802 3970 1061 4035 veritate,
1094 3968 1244 4023 audit
1286 3984 1473 4025 vocem
1503 3985 1701 4025 meam.

124 4057 246 4117 Dicit
284 4064 332 4120 ei
377 4065 619 4120 Pilatus:
667 4062 805 4129 Quid
852 4074 936 4119 est
980 4061 1217 4117 veritas?
1271 4050 1569 4133 [caxxxu,
1601 4062 1653 4116 9.
1688 4060 1704 4132 ]

126 4149 181 4207 Et
208 4170 323 4213 cum
367 4157 469 4213 hoc
496 4156 760 4224 dixisset,
814 4156 1009 4211 iterum
1062 4154 1228 4209 exivit
1276 4154 1344 4209 ad
1376 4153 1623 4220 Judazos,
1656 4161 1709 4209 et

121 4242 237 4303 dicit
284 4252 362 4307 eis
409 4268 424 4305 :
501 4250 615 4320 Ego
688 4248 889 4304 nullam
964 4248 1180 4304 invenio
1232 4249 1285 4303 in
1344 4264 1410 4304 eo
1461 4262 1705 4304 causam.

120 4336 398 4411 Ecaxxxm,
430 4343 512 4415 4.]
537 4344 635 4399 Est
670 4354 851 4398 autem
881 4343 1219 4399 consuetudo
1242 4345 1428 4411 vobis,
1460 4352 1519 4399 ut
1542 4361 1707 4401 unum

114 4429 362 4491 dimittam
410 4436 569 4492 vobis
620 4437 672 4490 in
723 4435 930 4491 Pascha
983 4456 996 4489 :
1040 4438 1202 4491 vultis
1260 4452 1388 4507 ergo
1437 4437 1705 4492 dimittam

1808 3231 1909 3301 ﬁge
1937 3245 2080 3285 eum.
2110 3232 2285 3299 |cxcv,
2322 3228 2433 3299 10.]
2465 3228 2602 3281 Dicit
2629 3229 2707 3282 eis
2742 3226 2980 3281 Pilatus:
3033 3227 3237 3297 Regem
3286 3242 3409 3283 ves-

1808 3330 1948 3375 trum
2003 3320 2351 3390 cruciﬁgam?
2413 3318 2830 3388 Responderunt
2889 3317 3227 3388 pontiﬁces:
3282 3317 3401 3374 Non

1809 3412 2072 3467 habemus
2117 3427 2322 3481 regem,
2370 3410 2474 3465 nisi
2522 3410 2819 3464 Caesarem.
2878 3410 3076 3481 [cxcvi,
3124 3408 3201 3480 1.]
3252 3409 3406 3465 Tunc

1807 3519 1935 3573 ergo
1965 3502 2185 3557 tradidit
2207 3503 2286 3558 eis
2323 3502 2496 3567 illum,
2532 3510 2591 3555 ut
2620 3502 3045 3571 cruciﬁgeretur.
3072 3503 3298 3575 [cxcvu,
3326 3502 3403 3573 1.]

1806 3596 2172 3668 Susceperunt
2219 3607 2399 3652 autem
2431 3596 2641 3663 Jesum,
2673 3607 2726 3652 et
2762 3597 3086 3652 eduxerunt.
3133 3599 3201 3652 Et
3256 3598 3409 3666 baju-

1807 3689 1922 3744 laus
1944 3691 2044 3746 sibi
2070 3688 2497 3757 crucem,exivit
2523 3690 2575 3743 in
2600 3705 2747 3755 eum,
2775 3690 2863 3758 qui
2899 3690 3093 3743 dicitur
3113 3688 3405 3754 Calvariaa,

1808 3784 2006 3848 locum,
2042 3783 2307 3839 Hebraice
2336 3789 2517 3836 autem
2564 3780 2829 3849 Golgotha
2860 3798 2873 3834 :
2904 3781 2993 3835 ubi
3021 3780 3411 3836 cruciﬁxerttnt

1808 3894 1953 3945 eum,
1977 3878 2213 3947 [cxcvm,
2240 3872 2316 3943 1.]
2345 3882 2543 3929 etcum
2569 3888 2635 3927 eo
2662 3874 2797 3926 alios
2823 3871 2979 3940 duos,
3028 3872 3154 3927 hinc
3181 3881 3236 3927 et
3256 3872 3407 3937 hinc,

1810 3970 2045 4026 medium
2075 3977 2257 4023 autem
2280 3966 2484 4022 Jesum.
2529 3964 2739 4035 μικραί,
2774 3964 2857 4034 1.]
2879 3964 3107 4035 Scripsit
3136 3975 3315 4021 autem
3357 3976 3413 4021 et

1813 4062 2023 4116 titulum
2050 4060 2286 4115 Pilatus:
2320 4071 2374 4114 et
2405 4059 2580 4128 posuit
2612 4073 2774 4127 super
2803 4073 3044 4114 crucem.
3079 4059 3407 4114 Eratautem

1810 4158 2071 4225 scriptum
2104 4174 2116 4210 :
2145 4154 2305 4209 Jesus
2351 4152 2695 4218 Nazartenus,
2756 4168 2851 4207 rex
2906 4152 3242 4208 Iudaeorum.
3298 4153 3405 4225 [cc,

1813 4248 1924 4318 10.]
1950 4247 2100 4301 llunc
2123 4260 2254 4316 ergo
2278 4246 2489 4299 titulum
2545 4244 2701 4299 multi
2745 4242 3059 4299 Judazorum
3118 4244 3405 4313 legerunt:

1812 4342 1936 4411 quia
1960 4356 2128 4411 prope
2158 4340 2431 4394 civitatem
2464 4348 2579 4391 erat
2635 4338 2785 4392 locus
2834 4337 2923 4390 ubi
2975 4336 3268 4390 cruciﬁxus
3323 4343 3408 4388 est

1814 4434 1991 4489 Jesus.
2024 4432 2091 4486 Et
2122 4441 2237 4485 erat
2265 4431 2529 4501 scriptum
2564 4430 2849 4491 Ilebraice,
2875 4426 3084 4492 Graece,
3110 4434 3165 4480 et
3193 4425 3404 4480 Latine.

112 4527 255 4583 vobis
275 4546 452 4601 regem
480 4509 2068 4601 Iudaeorum?[c1.xxxrv,1.]ClamaveruntDDicebant
2118 4540 2247 4594 ergo
2303 4523 2479 4577 Pilato
2538 4521 2822 4591 pontiﬁces
2876 4517 3235 4571 Judaeorum:
3286 4514 3408 4569 Noli

111 4627 237 4689 ergo
276 4639 489 4679 rursum
560 4638 779 4689 omnes,
835 4622 1125 4679 dicentes:
1192 4622 1310 4677 Non
1366 4624 1539 4691 hunc,
1604 4627 1697 4681 sed

99 4702 419 4772 Barabbam.
454 4716 587 4771 Erat
616 4723 796 4770 autem
820 4714 1095 4769 Barabbas
1124 4714 1284 4769 latro.

186 4808 346 4883 [ϐαρ.
371 4811 518 4868 XIX.
550 4826 757 4867 ccxxxv
784 4852 799 4877 ,
829 4811 884 4865 4.
911 4810 931 4882 ]
977 4808 1130 4865 Tunc
1182 4824 1311 4879 ergo
1337 4809 1700 4879 apprehendit

88 4888 305 4959 Dilatus
347 4903 569 4971 Jesum,
594 4912 648 4958 et
700 4901 1014 4972 ﬁagellavit.
1045 4900 1115 4954 Et
1162 4900 1361 4956 milites
1403 4902 1700 4970 plectentes

77 4996 355 5053 (ξω-σηιξη)
377 4997 444 5053 de
466 4997 666 5067 spinis,
688 4997 1066 5066 imposuerunt
1090 4994 1254 5065 capiti
1280 4994 1433 5063 ejus:
1463 5005 1516 5050 et
1548 5006 1700 5051 veste

82 5086 368 5160 Purpurea
425 5090 905 5148 circumdederunt
950 5103 1095 5144 eum.
1162 5086 1231 5143 Et
1280 5088 1568 5144 veniebant
1626 5089 1693 5143 ad

194 5311 214 5342 ⁸
237 5309 427 5365 Tacent
457 5308 631 5363 nostri
658 5321 790 5362 mss.
824 5317 1125 5375 pronomen
1152 5302 1198 5355 ei
1216 5342 1231 5367 ,
1279 5300 1423 5372 quod
1446 5314 1622 5371 neque
1650 5301 1704 5354 in

138 5364 295 5435 Graeco
314 5364 534 5436 resonat
564 5387 736 5434 textu.

195 5444 214 5483 δ
237 5450 305 5505 Ita
334 5452 670 5519 exemplaria
703 5448 881 5502 omnia
931 5446 1229 5517 capitulum
1264 5442 1460 5519 isthoc_
1482 5442 1707 5497 Joannis

139 5520 284 5577 (λιιι
312 5524 377 5577 ad
408 5512 673 5577 canonem
722 5528 978 5589 quartum
1001 5512 1293 5589 revocant,
1334 5512 1705 5589 conjungunt-

136 5591 223 5664 {ille
247 5609 358 5649 cum
387 5593 643 5664 capitulis
681 5586 918 5646 Matthtei
946 5603 1168 5664 ccqxu,
1211 5586 1377 5641 Marci
1409 5599 1563 5639 ccxxx
1594 5597 1707 5664 ,ηερ

136 5653 345 5730 fillsdem
408 5653 635 5719 Joannis
715 5678 883 5727 cxcu,
954 5659 1281 5730 quibuscum
1335 5669 1511 5730 tamen
1574 5653 1707 5707 nihil

134 5714 540 5792 féré'cb'ﬁim'u'aé
555 5714 1153 5789 ili—abettR—iEiere'ndum
1181 5728 1326 5785 foret
1345 5727 1414 5783 ad
1443 5738 1705 5782 canonem

394 5830 669 5891 Ρηιιοι..
724 5825 964 5887 XXIX.

1815 4620 2076 4682 scribere,
2111 4633 2207 4671 rex
2224 4614 2532 4670 Judaeorum
2553 4611 2675 4666 :sed
2697 4610 2820 4679 quia
2843 4609 2957 4678 ipse
2971 4608 3132 4662 dixit:
3152 4606 3267 4660 Rex
3286 4623 3406 4663 sum

1811 4711 2139 4767 Iudaeorum.
2164 4706 2463 4775 Respondit
2494 4703 2701 4757 Pilatus
2726 4718 2737 4752 :
2763 4698 2917 4765 Ουυὰ
2944 4700 3159 4768 scripsi,
3186 4699 3402 4767 scripsi.

1808 4808 1934 4878 ιω,
1958 4802 2039 4872 1.]
2064 4802 2261 4856 Milites
2305 4813 2435 4869 ergo
2466 4812 2591 4850 cum
2637 4792 3033 4849 cruciﬁxissent
3080 4806 3224 4857 eum,
3251 4805 3408 4846 acce-

1807 4906 2006 4969 perunt
2045 4894 2369 4950 vestimenta
2404 4891 2522 4960 ejus
2562 4890 2639 4960 (et
2668 4887 2915 4942 fecerunt
2939 4894 3171 4953 quatuor
3204 4892 3405 4953 partes,

1809 4990 2096 5059 unicuique
2146 4984 2301 5039 militi
2341 4982 2589 5052 partem)
2620 4988 2675 5034 et
2720 4977 2979 5032 tunicam.
3036 4976 3170 5031 Erat
3221 4986 3403 5031 autem

1812 5085 1988 5142 tunica
2033 5077 2411 5142 inconsutilis,
2462 5073 2695 5142 desuper
2750 5079 3006 5129 contexta
3060 5086 3157 5142 per
3214 5080 3405 5127 totum.

1816 5297 2104 5367 primum,
2158 5290 2635 5367 copulandumque
2699 5301 2823 5341 cum
2874 5287 3115 5367 Matthaei
3173 5290 3411 5367 capitulo

1815 5359 2008 5428 cccxx,
2059 5359 2241 5417 Marci
2290 5376 2378 5425 cc,
2432 5360 2593 5413 Lucae
2650 5373 2810 5421 cccu,
2880 5359 3117 5428 itemque
3165 5360 3410 5428 ejusdem

1818 5437 2045 5495 Joannis
2077 5449 2337 5498 CLXXVIII,
2370 5446 2494 5485 cum
2535 5431 2730 5499 quibus
2768 5444 2862 5496 per
2898 5434 3077 5499 omnia
3116 5432 3411 5486 consentit.

1815 5507 1921 5566 Sed
1956 5516 2145 5561 contra
2180 5505 2341 5559 ﬁdem
2372 5498 2613 5556 omnium
2645 5500 2894 5555 codicum
2926 5498 3059 5553 nihil
3085 5503 3239 5556 nobis
3281 5516 3407 5569 per-

1815 5579 2099 5636 mittimus.
2156 5575 2333 5631 Mxn'r.

1893 5661 1913 5687 ο
1937 5649 2070 5704 Cum
2102 5648 2306 5703 Graecis
2332 5644 2599 5713 plerisque
2630 5640 3040 5711 exemplaribus
3063 5658 3179 5695 eum
3212 5656 3407 5712 prono-

1819 5736 1940 5778 meu
1969 5719 2139 5775 nostri
2160 5730 2374 5790 quoque
2394 5730 2525 5771 mss.
2547 5714 2817 5769 nesciunt.

2734 5807 2814 5867 22
