3920 6200
541 257 652 318 688

1544 254 1604 309 S.
1642 249 2025 309 HIERONYMI
2067 250 2294 311 DIVINA
2338 254 2812 313 BIBLIOTHECA.

3723 258 3816 317 εει

536 376 805 433 Dixerunt
830 384 964 443 ergo
993 368 1061 425 ad
1090 368 1319 423 invicem
1346 385 1359 420 :
1394 366 1511 423 Non
1543 366 1854 425 scindamus
1877 384 2021 436 eam,
2043 367 2139 426 sed
2166 368 2217 432 Δ
2243 369 2438 429 Petrus
2468 386 2700 442 sequens
2727 385 2871 437 eum,
2903 380 2957 433 et
2986 366 3236 424 introivit
3284 368 3338 424 in
3393 378 3816 436 monumentum;

540 468 837 526 sortiamur
864 464 934 520 de
955 462 1045 517 illa
1072 462 1227 532 cujus
1254 461 1346 516 sit.
1381 459 1453 516 Ut
1480 461 1749 533 scriptura
1800 461 2142 534 impleretur,

543 562 734 618 dicens
768 576 782 614 :
813 557 1004 615 Partiti
1059 565 1187 611 sunt
1242 553 1566 611 vestimenta
1611 568 1731 611 mea
1780 554 1925 611 sibi:
1986 564 2043 611 et
2091 555 2144 609 in

543 664 748 710 vestem
776 664 952 707 meam
994 649 1267 704 miserunt
1296 655 1524 703 sortem.
1572 646 1645 704 Et
1699 647 1904 703 milites
1928 646 2145 717 quidem

540 749 660 806 haec
682 746 929 805 iecerunt
946 745 1099 819 [ccu,
1131 740 1247 813 10.]
1265 742 1497 800 Stabant
1521 750 1701 809 autem
1738 743 1900 814 juxta
1926 756 2146 797 crucem

541 840 694 909 Iesu,
727 844 902 894 mater
928 837 1067 908 ejus,
1093 843 1149 891 et
1168 848 1329 891 soror
1370 836 1558 890 matris
1613 835 1735 905 ejus
1789 833 1955 889 Maria
1980 833 2145 889 Cleo-

541 934 692 1006 phze,
722 938 779 988 et
805 929 974 987 Maria
1005 928 1340 1001 Magdalene.
1369 927 1506 984 Cum
1531 928 1759 985 vidisset
1809 942 1943 1001 ergo
1987 926 2146 985 Iesus

543 1035 777 1084 matrem
803 1069 818 1093 ,
863 1034 921 1081 et
965 1023 1293 1093 discipulum
1343 1031 1601 1089 stantem,
1654 1038 1813 1094 quem
1860 1021 2143 1094 diligebat,

542 1119 677 1177 dicit
704 1119 865 1174 matri
895 1132 1009 1173 sua:
1042 1133 1057 1172 :
1112 1115 1329 1181 Mulier,
1380 1129 1511 1172 ecce
1538 1115 1685 1171 illius
1738 1125 1881 1172 tuus.
1937 1113 2147 1171 Deinde

540 1211 676 1268 dicit
702 1208 1017 1282 discipulo:
1074 1204 1215 1263 Ecce
1267 1215 1444 1261 mater
1472 1213 1584 1261 tua.
1638 1205 1708 1261 Et
1745 1220 1813 1262 ex
1864 1204 1957 1260 illa
2013 1206 2147 1261 liora

540 1303 754 1375 accepit
792 1316 913 1359 eam
968 1301 1272 1372 discipulus
1320 1301 1373 1355 in
1428 1315 1546 1356 sua.
1603 1300 1774 1374 jecur,
1819 1297 1901 1372 1.]
1948 1299 2145 1355 Postea

542 1393 894 1453 sciensIesus
914 1393 1043 1465 quia
1058 1392 1241 1447 omnia
1263 1401 1636 1447 consummata
1657 1400 1880 1457 sunt,ut
1894 1406 2149 1447 consum—

541 1496 789 1544 maretur
818 1484 1112 1556 scriptura,
1142 1483 1279 1540 dixit
1312 1504 1323 1537 :
1357 1484 1514 1542 Sitio.
1554 1485 1661 1541 Vas
1694 1501 1823 1556 ergo
1849 1495 1971 1541 erat
1995 1487 2146 1559 posi-

542 1592 656 1638 tum
688 1589 845 1637 aceto
877 1581 1118 1651 plenum.
1138 1578 1219 1634 Illi
1250 1586 1435 1635 autem
1464 1580 1742 1650 spongiam
1768 1579 1986 1652 plenam
2016 1594 2145 1636 ace-

548 1682 606 1729 to
632 1715 648 1741 ,
691 1672 929 1745 hyssopo
979 1673 1479 1742 circumponentes,
1532 1671 1848 1727 obtulerunt
1876 1672 1959 1727 ori
2004 1671 2143 1742 ejus.

2250 474 2307 520 et
2344 464 2480 520 vidit
2504 464 2818 521 linteamina
2843 464 3045 534 posita,
3081 472 3134 517 et
3160 462 3464 528 sudarium,
3495 462 3635 534 quod
3664 462 3820 519 fuerat

2250 571 2423 627 super
2454 565 2619 627 caput
2641 555 2779 626 ejus,
2814 569 2922 610 non
2948 569 3072 609 cum
3124 552 3539 609 linteaminibus
3588 553 3819 623 positum,

2248 647 2344 704 sed
2368 648 2661 719 separatim
2693 645 2997 702 involutum
3020 647 3075 700 in
3098 660 3264 700 unum
3309 644 3516 700 locum.
3539 643 3687 700 Tunc
3713 660 3820 715 ergo

2248 738 2491 796 introivit
2530 749 2586 795 et
2643 738 2732 795 ille
2762 737 3084 808 discipulus,
3115 736 3208 807 qui
3255 745 3484 792 venerat
3529 736 3723 807 primus
3766 736 3821 791 ad

2249 842 2659 890 monumentum
2687 851 2702 891 :
2727 840 2783 889 et
2824 831 2979 901 vidit,
3010 841 3066 887 et
3094 829 3369 887 credidit:
3419 829 3659 886 nondum
3696 832 3822 888 enim

2248 926 2492 984 sciebant
2519 926 2883 997 Scripturam,
2916 923 3040 996 quia
3065 921 3355 995 oportebat
3391 936 3520 979 eum
3552 936 3582 977 a
3624 924 3822 979 mortuis

2246 1032 2553 1091 resurgere.
2586 1018 2854 1075 Abierunt
2880 1031 3013 1088 ergo
3044 1016 3244 1072 iterum
3270 1014 3528 1088 discipuli
3556 1014 3621 1070 ad
3646 1023 3820 1072 semet-

2248 1110 2417 1180 ipsos.
2464 1110 2640 1184 [ccxt,
2684 1107 2763 1179 1.]
2804 1108 2974 1165 Maria
2999 1120 3185 1165 autem
3224 1107 3411 1165 stabat
3436 1107 3504 1165 ad
3536 1122 3823 1163 monumen-

2249 1213 2361 1260 tum
2391 1204 2547 1272 foris,
2567 1205 2809 1275 plorans.
2838 1202 2971 1259 Cum
3006 1218 3139 1274 ergo
3169 1202 3347 1270 ﬂeret,
3378 1200 3659 1258 inclinavit
3678 1215 3750 1269 se,
3778 1211 3823 1257 et

2251 1298 2537 1373 prospexit
2562 1301 2613 1354 in
2638 1307 3052 1355 monumentum
3081 1307 3172 1353 :et
3204 1296 3337 1353 vidit
3367 1296 3510 1352 duos
3530 1294 3738 1369 angelos
3779 1297 3821 1350 in

2248 1392 2410 1460 albis,
2440 1392 2721 1460 sedentes,
2748 1406 2918 1446 unum
2947 1388 3014 1445 ad
3044 1397 3229 1460 caput,
3266 1396 3324 1446 et
3344 1404 3512 1445 unum
3562 1387 3627 1443 ad
3657 1386 3819 1458 pedes,

2249 1484 2339 1540 ubi
2362 1486 2599 1555 positum
2625 1484 2799 1539 luerat
2818 1497 3019 1555 corpus
3049 1481 3200 1537 Iesu.
3232 1479 3421 1552 [ccxtt,
3450 1476 3564 1552 10.]
3587 1477 3826 1534 Dicuutei

2248 1574 2364 1631 illi:
2400 1575 2613 1644 Iiulier,
2647 1575 2778 1646 quid
2820 1574 3005 1646 ploras
3034 1573 3059 1626 ?
3088 1571 3231 1628 Dicit
3272 1572 3393 1629 eis:
3425 1569 3560 1641 Quia
3612 1570 3828 1628 tulerunt

2250 1666 2539 1723 Dominum
2568 1681 2778 1734 meum,
2813 1673 2870 1722 et
2899 1660 3085 1722 nescio
3106 1664 3201 1723 ubi
3228 1678 3457 1737 posueru
3480 1673 3674 1721 nteum.
3702 1662 3826 1718 Haec

546 1764 713 1837 [cum
736 1762 813 1831 1.]
842 1763 977 1817 Cum
1009 1777 1140 1833 ergo
1160 1762 1466 1831 accepisset
1507 1760 1668 1817 Iesus
1696 1770 1932 1828 acetum,
1955 1758 2096 1818 dixit
2129 1778 2142 1815 :
2176 1752 2224 1817 Β
2249 1774 2371 1816 cum
2401 1760 2651 1826 dixisset,
2671 1773 2938 1815 Conversa
2961 1768 3046 1814 est
3073 1768 3403 1823 retrorsum,
3429 1762 3484 1811 et
3500 1754 3634 1811 vidit
3657 1755 3825 1811 Iesum

544 1856 993 1911 Consummatum
1023 1863 1126 1909 est.
1160 1852 1226 1908 Et
1245 1850 1505 1909 inclinato
1530 1855 1715 1923 capite
1738 1853 1960 1909 tradidit
1979 1855 2144 1926 spiri-

546 1955 683 2001 tum.
703 1944 843 2017 [ccv,
873 1943 1173 2015 10.]Iudaei
1199 1958 1332 2017 ergo
1357 1946 1634 2018 (quoniam
1663 1961 1959 2018 parasceve
1979 1944 2142 2018 erat),

549 2049 606 2095 ut
639 2054 746 2095 non
774 2046 1128 2095 remanerent
1165 2037 1223 2093 in
1254 2052 1418 2095 cruce
1461 2053 1695 2110 corpora
1726 2038 1952 2094 sabbato
2004 2042 2147 2111 (erat

544 2131 689 2186 enim
717 2142 948 2201 magnus
972 2128 1092 2185 dies
1119 2127 1212 2185 ille
1237 2128 1495 2201 sabbati),
1529 2139 1860 2201 rogaverunt
1887 2128 2142 2198 Pilatum,

549 2233 612 2280 ut
636 2225 1017 2296 frangerentur
1045 2236 1235 2279 eorum
1267 2237 1452 2293 crura,
1480 2232 1533 2278 et
1578 2223 1928 2279 tollerentur.
1979 2221 2153 2279 Vene-

543 2324 674 2374 runt
703 2330 836 2387 ergo
854 2315 1058 2372 milites
1087 2334 1098 2367 :
1132 2324 1187 2370 et
1209 2315 1370 2385 primi
1402 2314 1620 2385 quidem
1639 2316 1917 2385 fregerunt
1964 2330 2144 2381 crura,

552 2415 610 2464 et
630 2406 857 2463 alterius
911 2407 1005 2478 qui
1056 2406 1354 2462 crucitixus
1398 2416 1484 2462 est
1537 2421 1659 2462 cum
1710 2420 1797 2462 eo.
1838 2405 1920 2461 Ad
1960 2405 2147 2462 Iesum

539 2510 723 2557 autem
746 2514 870 2555 cum
892 2498 1191 2568 venissent,
1209 2509 1266 2553 ut
1287 2496 1539 2554 viderunt
1560 2514 1683 2555 eum
1709 2499 1820 2568 jam
1843 2509 2143 2568 mortuum,

551 2607 663 2650 non
690 2591 973 2662 fregerunt
1002 2592 1119 2663 ejus
1148 2594 1309 2648 crura
1340 2610 1352 2645 :
1396 2591 1490 2647 sed
1517 2608 1661 2649 unus
1699 2593 1931 2648 militum
1960 2594 2147 2649 lancea

546 2686 691 2741 latus
739 2684 859 2755 ejus
908 2684 1166 2756 aperuit,
1199 2693 1255 2740 et
1302 2685 1562 2740 continuo
1606 2684 1776 2741 exivit
1823 2685 2041 2757 sanguis
2096 2695 2150 2741 et

551 2794 711 2850 aqua.
742 2777 812 2835 Et
849 2779 941 2851 qui
991 2777 1156 2846 vidit,
1194 2778 1566 2835 testimonium
1596 2779 1875 2850 perhibuit
1898 2823 1913 2847 ,
1959 2788 2014 2835 et
2056 2795 2142 2835 ve-

551 2887 674 2928 rum
731 2879 818 2927 est
865 2872 1234 2927 testimonium
1291 2872 1428 2943 ejus.
1463 2872 1532 2929 Et
1570 2871 1665 2930 ille
1704 2874 1806 2930 scit
1853 2874 1977 2946 quia
2023 2890 2149 2929 vera

554 2965 720 3021 dicit:
756 2976 812 3019 ut
842 2976 894 3021 et
923 2980 1025 3022 vos
1052 2968 1310 3023 credatis.
1337 2966 1503 3025 Facta
1553 2978 1681 3025 sunt
1732 2971 1876 3025 enim
1924 2969 2062 3036 hzec,
2096 2980 2153 3025 ut

545 3059 821 3128 scriptura
852 3058 1175 3129 impleretur
1206 3078 1220 3115 :
1246 3062 1323 3116 Os
1368 3076 1477 3118 non
1517 3063 1919 3129 comminuetis
1948 3078 2015 3120 ex
2063 3080 2147 3121 eo.

2248 1860 2482 1908 stantem
2518 1868 2531 1903 :
2564 1859 2621 1906 et
2672 1866 2779 1906 non
2812 1849 3025 1906 sciebat
3075 1849 3207 1921 quia
3234 1848 3396 1905 Iesus
3452 1858 3561 1905 est.
3615 1844 3743 1902 Dicit
3784 1850 3826 1903 ei

2248 1943 2409 2001 Iesus
2431 1957 2445 1998 :
2468 1941 2685 2008 Mulier,
2709 1942 2839 2013 quid
2859 1940 3075 2013 ploras?
3097 1955 3258 2013 quem
3283 1940 3523 2011 qumris?
3549 1938 3645 1994 Illa
3664 1939 3824 1994 existi-

2248 2050 2403 2092 mans
2434 2035 2560 2106 quia
2593 2033 2924 2091 hortulanus
2952 2043 3120 2103 esset,
3154 2033 3288 2089 dicit
3314 2034 3362 2090 ei
3396 2052 3407 2086 :
3440 2031 3687 2099 Domine,
3711 2034 3751 2088 si
3779 2044 3823 2086 tu

2247 2129 2519 2186 sustulisti
2542 2145 2691 2197 eum,
2722 2129 2894 2186 dicito
2914 2129 3049 2185 mihi
3074 2127 3165 2184 ubi
3209 2128 3439 2199 posuisti
3472 2142 3595 2183 eum
3630 2136 3715 2184 :et
3742 2141 3823 2195 ego

2250 2238 2378 2281 eum
2427 2223 2633 2278 tollam.
2660 2221 2800 2277 Dicit
2829 2222 2880 2278 ei
2930 2220 3091 2277 Iesus
3123 2237 3137 2275 :
3168 2218 3354 2277 Maria.
3404 2220 3675 2277 Conversa
3722 2220 3816 2285 illa,

2247 2315 2382 2372 dicit
2408 2315 2458 2371 ei
2494 2313 2779 2370 :Babboni
2828 2314 2995 2387 (quod
3029 2313 3228 2370 dicitur
3252 2312 3563 2384 Magister).
3613 2314 3735 2370 Dicit
3761 2313 3824 2383 ξεί

2248 2406 2411 2464 Iesus
2443 2422 2459 2459 :
2488 2405 2605 2460 Noli
2638 2422 2724 2461 me
2758 2417 3002 2479 tangere,
3037 2406 3277 2463 nondum
3331 2408 3482 2462 enim
3532 2404 3733 2462 ascendi
3766 2402 3824 2460 ad

2252 2494 2471 2554 Patrem
2499 2511 2679 2553 meum
2709 2515 2723 2552 :
2752 2498 2890 2555 vade
2916 2506 3099 2555 autem
3126 2496 3196 2554 ad
3222 2499 3427 2555 fratres
3471 2513 3639 2567 meos,
3658 2507 3707 2552 ct
3744 2495 3823 2551 dic

2250 2589 2331 2645 eis
2362 2608 2374 2644 :
2412 2589 2665 2645 Ascendo
2694 2590 2763 2647 ad
2794 2590 3009 2648 Patrem
3028 2607 3234 2661 meum,
3261 2602 3318 2648 ct
3344 2591 3562 2649 Patrem
3590 2599 3818 2647 vestrum;

2252 2680 2428 2740 Deum
2461 2699 2663 2750 meum,
2694 2696 2747 2741 et
2773 2682 2951 2742 Deum
2974 2694 3238 2743 vestrum.
3266 2685 3429 2743 Venit
3448 2684 3610 2742 Maria
3634 2684 3823 2757 Magda.

2253 2781 2376 2836 lene
2399 2781 2730 2836 annuntians
2772 2778 3052 2854 discipulis
3087 2778 3265 2852 :Quia
3316 2782 3424 2837 vidi
3453 2782 3755 2851 Dominum,
3778 2787 3822 2834 et

2251 2870 2367 2927 huic
2397 2871 2543 2927 dixit
2572 2872 2724 2928 mihi.
2756 2872 2964 2945 [ccxm,
2997 2872 3078 2949 9.]
3107 2868 3244 2929 Cum
3274 2888 3408 2945 ergo
3437 2888 3562 2930 sero
3590 2880 3731 2929 esset
3753 2870 3823 2925 die

2252 2963 2369 3031 illo,
2402 2979 2509 3020 una
2539 2962 2913 3035 sabbatorum,
2945 2976 2999 3024 et
3044 2965 3196 3025 fores
3234 2978 3424 3025 essent
3481 2968 3697 3037 clausas,
3749 2965 3824 3021 ubi

2254 3067 2411 3113 erant
2463 3057 2717 3133 discipuli
2761 3058 3077 3134 congregati
3122 3071 3347 3134 propter
3388 3073 3592 3120 metum
3630 3058 3824 3118 Iudaeo-

544 3150 613 3203 Et
639 3150 834 3204 iterum
881 3150 987 3204 alia
1026 3154 1298 3222 scriptura
1337 3153 1512 3210 dicit:
1560 3154 1836 3213 Videbunt
1872 3157 1930 3213 in
1988 3173 2145 3229 quem

2253 3164 2396 3219 rum,
2425 3148 2775 3219 venitIesus,
2800 3163 2855 3208 et
2896 3155 3047 3209 stetit
3075 3154 3128 3208 in
3159 3153 3364 3224 medio,
3412 3165 3468 3211 et
3536 3156 3671 3211 dixit
3721 3153 3823 3209 eis:

541 3238 954 3295 transfixeruut.
990 3242 1151 3313 [CCV],
1184 3243 1261 3315 1.]
1281 3244 1405 3299 Post
1431 3246 1545 3301 haec
1571 3256 1749 3304 autem
1779 3250 1984 3321 rogavit
2008 3248 2148 3306 Pila-

545 3340 662 3385 tum
694 3328 898 3399 Ioseph
931 3331 999 3386 ab
1024 3332 1357 3388 Arimathaaa
1397 3338 1485 3407 (eo
1524 3338 1670 3407 quod
1716 3349 1865 3395 esset
1908 3340 2148 3412 discipu-

543 3422 633 3477 lus
660 3421 813 3491 Iesu,
844 3423 1088 3477 occultus
1116 3436 1300 3480 autem
1333 3435 1554 3495 prepter
1580 3439 1780 3486 metum
1810 3431 2144 3506 Judmorum)

551 3523 613 3570 ut
644 3512 861 3571 tolleret
882 3526 1084 3585 corpus
1108 3516 1259 3572 Iesu.
1287 3518 1355 3573 Et
1410 3521 1662 3589 permisit
1712 3524 1940 3581 Pilatus.
1986 3525 2150 3583 Venit

549 3619 703 3678 ergo,
731 3614 789 3663 et
809 3606 935 3663 tulit
954 3620 1155 3679 corpus
1183 3607 1339 3664 Iesu.
1368 3608 1556 3683 jccvu,
1584 3611 1693 3685 10.]
1747 3614 1911 3671 Venit
1965 3628 2145 3674 autem

547 3706 603 3754 et
632 3698 981 3765 Nicodemus,
1021 3699 1113 3771 qui
1135 3709 1362 3756 venerat
1387 3701 1453 3757 ad
1481 3700 1666 3759 Iesum
1708 3716 1868 3763 nocte
1890 3709 2145 3779 primum,

546 3785 730 3845 ferens
753 3790 1047 3846 mixturam
1078 3791 1317 3863 myrrhae
1341 3801 1396 3849 et
1424 3792 1595 3863 aloes,
1623 3798 1782 3869 quasi
1821 3798 1988 3857 libras
2015 3817 2147 3859 cen-

552 3891 687 3937 tum.
723 3883 924 3953 Iccvut,
960 3883 1039 3956 1.]
1094 3886 1436 3958 Acceperunt
1483 3902 1615 3961 ergo
1660 3902 1857 3962 corpus
1905 3886 2054 3965 Iesu,
2095 3907 2150 3953 et

542 3975 854 4045 ligaverunt
884 3975 1017 4032 illud
1043 3978 1227 4035 linteis
1277 3996 1399 4036 cum
1454 3985 1809 4059 aromatibus,
1842 3989 1983 4044 sicut
2030 4005 2149 4047 mus

550 4071 638 4121 est
655 4063 860 4121 Iudaeis
879 4066 1135 4133 sepelire.
1165 4067 1297 4122 Erat
1349 4080 1527 4126 autem
1587 4074 1639 4129 in
1672 4074 1813 4145 loco,
1846 4078 1938 4134 ubi
1970 4082 2146 4137 cruci-

553 4156 693 4211 fixus
723 4163 829 4222 est,
854 4154 1051 4211 hortus
1086 4176 1097 4209 :
1129 4168 1185 4214 et
1210 4160 1261 4214 in
1286 4159 1444 4217 horto
1482 4181 1889 4227 monumentum
1922 4190 2147 4246 novum,

548 4249 608 4303 in
639 4263 747 4317 quo
770 4246 1012 4303 nondum
1029 4250 1313 4321 quisquam
1338 4253 1548 4323 positus
1577 4268 1715 4315 erat.
1750 4260 1827 4317 lbi
1857 4280 1987 4337 ergo
2017 4282 2147 4339 pro-

554 4349 674 4413 pter
695 4354 1028 4412 parasceven
1058 4341 1396 4417 Iudaeorum,
1427 4349 1551 4418 quia
1596 4350 1745 4421 juxta
1778 4367 1893 4410 erat
1950 4373 2148 4416 monu-

552 4443 818 4501 mentum,
844 4444 1147 4504 posuerunt
1171 4435 1377 4493 Iesum.

2252 3242 2363 3297 Pax
2384 3243 2556 3300 vobis.
2595 3244 2663 3300 Et
2689 3259 2813 3301 cum
2832 3244 2937 3301 hoc
2967 3245 3215 3313 dixisset,
3244 3247 3490 3302 ostendit
3514 3248 3596 3304 eis
3634 3260 3822 3313 manus,

2250 3343 2306 3390 et
2334 3332 2496 3390 latus.
2528 3336 2728 3409 μεῖξιν,
2766 3334 2879 3408 10.]
2903 3336 3086 3393 Gavisi
3116 3347 3243 3393 sunt
3289 3353 3423 3411 ergo
3456 3338 3701 3409 discipuli
3730 3337 3822 3392 viso

2251 3425 2505 3480 Domino.
2534 3426 2820 3499 Dixitergo
2847 3428 2929 3484 eis
2957 3427 3156 3485 iterum
3193 3447 3205 3482 :
3233 3427 3344 3484 Pax
3378 3429 3557 3486 vobis.
3578 3430 3721 3486 Sicut
3746 3428 3823 3482 mi-

2250 3519 2324 3573 sit
2349 3534 2437 3575 me
2458 3520 2638 3591 Pater,
2674 3530 2731 3578 et
2756 3538 2857 3594 ego
2905 3524 3062 3580 mitto
3086 3540 3207 3581 vos.
3248 3525 3376 3580 Hmc
3418 3541 3543 3581 cum
3600 3524 3821 3589 dixisset,

2250 3611 2653 3695 insufﬂavitket
2689 3615 2829 3687 dixit
2853 3617 2973 3673 eis:
3008 3619 3251 3688 Accipite
3274 3617 3544 3689 Spiritum
3572 3628 3820 3675 sanctum:

2252 3705 2431 3778 [ccxv,
2451 3704 2530 3777 7.]
2558 3722 2786 3778 quorum
2828 3711 3149 3767 remiseritis
3204 3721 3450 3783 peccata,
3506 3711 3822 3768 remittuntur

2250 3797 2359 3851 eis:
2385 3806 2439 3852 et
2468 3811 2699 3869 quorum
2726 3800 3087 3868 retinueritis,
3114 3812 3323 3859 retenta
3347 3810 3496 3862 sunt.
3518 3803 3713 3876 [δεῖνι.
3732 3798 3820 3867 10.]

2252 3890 2492 3948 Thomas
2522 3902 2701 3950 autem
2726 3909 2865 3951 unus
2893 3911 2959 3951 ex
2982 3896 3293 3964 duodecim,
3333 3898 3427 3971 qui
3458 3898 3656 3954 dicitur
3684 3894 3820 3965 Didy-

2250 4000 2392 4055 mus,
2426 4002 2535 4043 non
2568 3999 2833 4047 eratcum
2882 3990 2961 4045 eis
2992 3990 3210 4062 quando
3240 3992 3391 4046 venit
3444 3993 3627 4048 Iesus.
3681 3986 3819 4044 Dixe-

2250 4088 2381 4134 runt
2407 4092 2540 4150 ergo
2566 4081 2615 4136 ei
2641 4081 2734 4136 alii
2785 4080 3034 4151 discipuli
3068 4099 3081 4135 :
3116 4082 3368 4141 Vidimus
3419 4082 3719 4140 Dominum.
3741 4078 3817 4133 ille

2250 4179 2431 4227 autem
2462 4171 2597 4227 dixit
2624 4172 2742 4229 eis:
2774 4172 2891 4230 Nisi
2914 4174 3102 4231 videro
3128 4174 3182 4231 iu
3214 4175 3467 4233 manibus
3488 4177 3604 4246 ejus
3651 4182 3674 4211 α
3698 4171 3812 4226 tiru-

2250 4281 2367 4323 ram
2416 4267 2728 4337 clavorum,
2774 4279 2829 4327 et
2873 4270 3085 4325 mittam
3143 4269 3375 4341 digitum
3421 4286 3600 4328 meum
3656 4269 3705 4325 in
3751 4264 3811 4319 lo-

2250 4372 2374 4414 cum
2397 4358 2710 4427 clavorum,
2742 4371 2796 4417 et
2845 4361 3052 4417 mittam
3104 4377 3322 4418 manum
3370 4377 3547 4419 meam
3603 4361 3653 4416 in
3697 4358 3814 4414 latus

2251 4451 2392 4522 ejus,
2427 4466 2532 4509 non
2556 4453 2800 4509 credam.
2824 4454 3055 4529 μιαίνῃ,
3076 4452 3157 4527 9.]
3186 4454 3252 4510 Et
3270 4466 3398 4533 post
3425 4455 3544 4511 dies
3571 4461 3701 4519 octo,
3728 4448 3813 4505 ite-

622 4523 777 4620 [θέτηο
805 4521 926 4579 xx-
980 4538 1123 4620 σφιν
1153 4525 1230 4599 ίο]
1286 4527 1402 4584 Una
1448 4538 1629 4588 autem
1686 4533 1925 4606 sabbati,
1981 4541 2147 4598 Maria
2175 4520 2226 4583 Ῑ)
2250 4520 2972 4620 rumerantdiscipuli-ejus
3000 4520 3182 4617 intus;
3244 4520 3299 4605 et
3332 4549 3564 4606 Thomas
3589 4561 3699 4603 cum
3723 4542 3809 4597 eis.

555 4613 873 4687 Magdaleue
900 4617 1051 4674 venit
1079 4632 1261 4688 mane,
1295 4635 1420 4676 cum
1452 4622 1629 4681 adhuc
1679 4628 1915 4685 tenebrae
1942 4643 2147 4705 essent,

552 4707 619 4763 ad
647 4719 1058 4767 monumentum
1096 4730 1109 4768 :
1139 4726 1194 4768 et
1233 4713 1370 4769 vidit
1394 4714 1631 4785 lapidem
1671 4721 1941 4778 sublatum
1973 4739 2003 4779 a
2033 4742 2147 4782 mn-

556 4812 838 4859 numento.
873 4805 1019 4877 jccx,
1046 4804 1597 4882 10.]Cu‘curritergo,
1626 4820 1683 4867 et
1710 4816 1853 4870 venit
1881 4817 1947 4873 ad
1972 4818 2149 4877 Simo-

549 4909 677 4952 nem
702 4898 948 4967 Petrum,
981 4908 1037 4955 et
1064 4899 1134 4955 ad
1158 4899 1321 4957 alium
1345 4901 1694 4974 discipulum,
1727 4924 1885 4981 quem
1930 4915 2148 4972 amabat

548 4986 729 5056 Iesus,
756 4999 813 5045 et
838 4989 1096 5048 dicitillis
1128 5010 1142 5049 :
1174 4993 1436 5051 Tulerunt
1478 4996 1773 5057 Dominum
1825 5004 1894 5062 de
1943 5021 2141 5063 monu-

549 5090 758 5172 mento,
784 5089 841 5137 et
866 5082 1143 5140 nescimus
1166 5086 1260 5141 ubi
1281 5099 1578 5158 posuerunt
1603 5107 1752 5150 eum.
1818 5095 1965 5153 Exiit
2013 5116 2145 5172 ergo

547 5169 766 5241 Petrus,
790 5174 952 5231 etille
978 5176 1114 5232 alius
1134 5177 1453 5251 discipulus,
1483 5193 1537 5238 et
1563 5195 1833 5243 venerunt
1861 5189 1928 5245 ad
1955 5169 2147 5248 monu-

547 5274 816 5323 meutum.
844 5266 1149 5325 Currebam
1186 5280 1369 5328 autem
1403 5274 1516 5330 duo
1544 5276 1740 5347 simul,
1775 5292 1828 5337 ot
1862 5282 1954 5339 ille
2004 5286 2148 5342 alius

548 5353 849 5429 discipulus
871 5361 1231 5428 praecucurrit
1255 5362 1413 5421 citius
1440 5365 1626 5434 Petro,
1652 5379 1713 5425 et
1759 5373 1907 5429 venit
1932 5375 2143 5446 primus

441 5457 449 5467 '
543 5446 610 5537 ad
639 5459 1071 5508 monumentum.
1103 5451 1319 5509 Etcum
1350 5470 1410 5513 se
1438 5457 1773 5533 inclinasset,
1808 5463 1943 5522 vidit
1968 5470 2143 5537 posita

543 5536 882 5611 linteamina,
907 5557 1014 5599 non
1043 5553 1221 5601 tamen
1256 5547 1520 5604 introivit.
1550 5551 1709 5613 Venit
1763 5570 1894 5628 ergo
1938 5536 2131 5621 Simon

2258 4639 2410 4695 Venit
2439 4640 2597 4696 Iesus
2637 4642 2819 4712 jauuis
2846 4642 3069 4710 clausis,
3104 4652 3159 4700 et
3208 4643 3365 4698 stetit
3422 4644 3477 4699 in
3530 4640 3713 4705 medio,
3768 4642 3813 4689 el

2249 4730 2424 4788 dixit:
2452 4733 2558 4788 Pax
2587 4735 2762 4791 vobis.
2796 4735 3007 4793 Deinde
3050 4736 3181 4793 dicit
3212 4735 3439 4793 Thema:
3470 4754 3486 4793 :
3512 4736 3648 4793 lnler
3696 4729 3809 4802 digi-

2249 4833 2361 4877 tum
2395 4831 2543 4879 tuum
2569 4824 2699 4894 huc,
2741 4835 2796 4882 et
2822 4828 2947 4884 vide
2964 4843 3157 4883 manus
3188 4843 3359 4897 meas,
3395 4826 3597 4884 ctan‘er
3625 4834 3807 4881 numqu

2248 4923 2418 4982 tuam,
2445 4926 2499 4971 et
2530 4916 2685 4973 mitte
2712 4918 2765 4974 in
2796 4919 2940 4975 latus
2971 4935 3182 4977 meum:
3217 4928 3270 4975 et
3296 4921 3409 4976 noli
3440 4935 3562 4978 esse
3593 4914 3805 4974 incredu-

2248 5007 2357 5075 lus,
2379 5008 2476 5066 sed
2503 5009 2696 5066 ﬁdelis.
2730 5012 2971 5085 [ccxvm,
3004 5013 3116 5088 10.]
3166 5008 3468 5085 ReSpondit
3503 5015 3740 5076 Thomas,
3760 5015 3805 5061 ει

2249 5098 2386 5155 dixit
2412 5100 2461 5156 ei
2498 5119 2509 5155 :
2558 5101 2822 5160 Dominus
2866 5120 3053 5172 meus,
3086 5118 3139 5161 et
3187 5108 3328 5162 Deus
3381 5123 3558 5165 meus.
3602 5104 3730 5161 Dixit
3765 5097 3802 5154 ei

2245 5192 2409 5250 Iesus
2441 5212 2454 5249 :
2483 5195 2618 5264 Quia
2648 5198 2827 5253 vidisti
2880 5215 2988 5268 me,
3041 5199 3271 5267 Thema,
3325 5201 3602 5257 credidisti
3633 5218 3643 5252 :
3689 5190 3802 5251 beati

2245 5288 2337 5357 qui
2361 5303 2469 5342 non
2496 5288 2770 5357 viderunt,
2800 5302 2855 5347 et
2903 5292 3272 5349 crediderunt.
3328 5292 3491 5348 Multa
3539 5290 3735 5365 quidem
3759 5293 3799 5339 οι

2245 5380 2349 5436 alia
2375 5381 2529 5454 signa
2553 5381 2683 5441 fecit
2706 5384 2865 5442 Iesus
2892 5386 2943 5443 iu
2974 5396 3269 5457 conspectu
3299 5388 3677 5460 discipulorum
3702 5393 3799 5438 ευθ-

2245 5490 2391 5547 rum,
2423 5492 2543 5548 quae
2573 5492 2681 5534 uou
2706 5490 2833 5536 sunt
2862 5479 3063 5551 scripta
3090 5482 3145 5537 in
3177 5480 3317 5537 libro
3347 5481 3472 5538 hoc.
3508 5481 3630 5537 llaec
3651 5483 3796 5533 autem

2239 5568 2441 5640 scripta
2474 5581 2626 5641 sunt,
2660 5582 2721 5629 ut
2758 5573 3017 5640 credatis,
3069 5574 3196 5646 quia
3256 5573 3419 5632 Iesus
3458 5584 3542 5632 est
3580 5571 3794 5629 Christus

614 5740 640 5769 ι
670 5730 929 5792 Fortasse
957 5736 1157 5794 rectius
1178 5739 1334 5811 juxta
1385 5743 1654 5817 erecum,
1687 5751 1772 5807 τὸν
1798 5756 1981 5828 τύπον,
2012 5760 2366 5822 nostrietiam
2389 5779 2522 5824 mss.
2552 5765 2739 5841 legunt
2759 5768 3011 5844 ﬁguram,
3038 5785 3140 5849 pro
3158 5772 3405 5844 ﬁxuram.
