3920 6200
117 253 213 310 535
1093 246 1550 308 EVANGELIUM
1585 248 1955 313 SECUNDUM
1992 254 2329 316 IOANNEM.
3250 266 3357 337 680

122 365 273 422 Filius
295 360 407 420 Dei:
434 366 488 417 et
511 359 887 427 utcredeutes,
915 360 1081 419 vitam
1104 362 1349 423 habeatis
1364 367 1417 423 in
1440 366 1661 424 nomine
1684 370 1740 430 Α
1767 373 1928 428 tertio
1952 374 2331 432 manifestatus
2356 385 2440 433 est
2463 376 2491 433 J
2499 390 2623 432 esus
2643 377 2927 449 discipulis
2948 380 3081 445 suis.
3107 396 3229 437 cum
3260 399 3349 439 re-

124 456 247 527 ejus.
1766 467 2099 522 surrexisset
2128 484 2155 520 a
2190 468 2442 525 mortuis.
2490 469 2625 526 Cum
2658 485 2791 541 ergo
2820 473 3187 543 prandissent,
3220 476 3354 534 dicit

190 548 323 621 [Cap.
354 546 478 602 XXI.
510 561 682 611 ccxtx,
711 545 790 618 9.]
830 546 1025 605 Postea
1070 550 1440 608 manifestavit
1467 566 1526 609 se
1558 554 1658 608 ite—
1762 557 1969 615 Simoni
1990 559 2157 617 Petro
2182 560 2344 619 Iesus
2374 580 2387 617 :
2416 561 2605 619 Simon
2628 562 2877 632 Joannis,
2904 565 3085 635 diligis
3112 582 3199 622 me
3228 569 3350 638 plus

126 657 229 695 rum
252 640 394 695 Iesus
417 640 434 659 '
458 640 735 709 discipulis
765 640 832 696 ad
855 656 1006 697 mare
1028 642 1352 700 Tiberiadis.
1406 644 1659 700 Manifes-
1769 650 1899 706 his?
1930 651 2073 707 Dicit
2101 654 2151 708 ei
2187 670 2199 706 :
2230 654 2428 717 Etiam,
2457 654 2704 723 Domine,
2742 666 2796 711 tu
2834 658 2942 711 scis
2966 658 3091 728 quia
3121 674 3245 714 amo
3276 668 3351 716 te.

120 734 231 787 tat-it
255 742 418 787 autem
441 733 534 787 sic.
571 736 733 787 Erant
756 734 916 789 simul
943 734 1128 791 Simon
1152 736 1368 809 Petrus,
1413 746 1471 796 et
1500 737 1655 797 Tho—
1764 744 2027 816 locum,
2056 746 2138 818 9.]
2166 746 2377 803 Dicitei
2407 765 2419 800 :
2454 748 2625 804 Pasce
2661 764 2828 820 agnos
2866 764 3042 805 meos.
3077 751 3352 823 [ccxxvnn

118 839 230 919 tum.
263 823 569 919 qui‘flicilur
604 824 967 919 {>_igdy_mt15.get
995 827 1315 895 Nalhanael.
1356 831 1448 901 qui
1478 839 1594 885 erat
1627 845 1659 886 a
1766 839 1879 912 10.]
1912 840 2054 896 Dicit
2078 841 2129 896 ei
2162 842 2358 897 iterum
2388 841 2613 899 :Simon
2634 842 2879 911 Joannis,
2907 843 3089 919 diligis
3118 845 3239 899 me?
3264 846 3357 900 Ait

118 916 238 968 (lana
257 914 497 1007 Galilwae,
520 924 576 971 et
607 916 693 972 [iiii
720 916 1001 987 Zebedaai,
1023 928 1080 975 et
1126 919 1216 975 alii
1259 936 1328 978 ex
1380 920 1662 992 discipulis
1766 931 1844 987 illi
1880 950 1891 986 :
1925 932 2107 990 Etiam
2154 932 2408 1001 Domine,
2450 944 2511 993 tu
2548 935 2659 995 seis
2689 935 2813 1006 quia
2844 949 2971 993 amo
3002 914 3074 993 te.
3110 936 3352 1007 [ccxxtx,

117 1007 213 1074 ejus
230 1007 343 1062 duo.
375 1006 510 1101 Dicit
536 1009 615 1065 eis
634 1009 826 1069 Simon
866 1011 1095 1069 Petrus:
1146 1013 1294 1069 Vado
1320 1015 1538 1084 piscari.
1563 1015 1661 1071 Di-
1764 1024 1847 1095 0.]
1874 1026 2018 1082 Dicit
2042 1028 2091 1083 ei
2122 1044 2135 1081 ε
2160 1027 2329 1083 Pasce
2354 1044 2523 1098 agnos
2548 1044 2719 1086 meos.
2745 1030 2965 1101 (ccxxx,
2996 1006 3127 1101 10.],
3142 1030 3283 1087 Dicit
3307 1033 3359 1086 ei

114 1110 223 1156 cunt
263 1100 342 1155 ei:
385 1099 637 1157 Venimus
676 1110 731 1158 et
776 1118 877 1158 nos
930 1114 1130 1160 tecum.
1182 1105 1251 1159 Et
1288 1106 1558 1177 exierunt,
1607 1115 1663 1163 et

1800 1119 1974 1174 ertio:
2005 1118 2194 1176 Simon
2218 1119 2464 1187 Joannis,
2510 1136 2661 1177 amas
2708 1099 2840 1178 mei
2870 1099 3234 1177 Contristatus
3274 1131 3361 1178 est

118 1192 438 1249 ascenderunt
464 1193 517 1248 in
541 1198 718 1250 navim
751 1213 766 1253 :
798 1203 853 1252 et
880 1196 971 1252 illa
1000 1204 1160 1255 nocte
1190 1198 1323 1257 nihil
1367 1199 1660 1269 preudide-
1770 1208 1987 1273 Petrus,
2034 1212 2157 1284 quia
2188 1212 2330 1269 dixit
2359 1212 2408 1271 ei
2441 1213 2627 1275 tertio,
2661 1213 2825 1268 Amas
2868 1214 2989 1269 tne?
3015 1222 3071 1269 et
3104 1213 3243 1268 dixit
3267 1214 3315 1269 ei
3343 1230 3355 1267 :

117 1295 239 1341 runt.
267 1287 412 1343 Mane
436 1296 608 1344 autem
636 1288 777 1346 facto
801 1290 1131 1348 stetitIesus
1174 1294 1228 1347 in
1280 1293 1507 1351 littore:
1556 1310 1663 1350 non
1771 1299 2023 1365 Domine,
2081 1312 2136 1355 tu
2182 1302 2363 1356 omnia
2398 1313 2421 1341 ο
2454 1304 2595 1358 nosti
2643 1311 2745 1358 :tu
2799 1303 2907 1358 scis
2940 1303 3065 1374 quia
3108 1318 3231 1358 amo
3282 1312 3357 1360 te.

118 1388 266 1434 tamen
290 1392 648 1449 cognoverunt
682 1382 932 1455 discipuli
977 1386 1104 1456 quia
1146 1384 1307 1445 Iesus
1358 1396 1464 1446 est.
1511 1389 1666 1447 Dixit
1768 1394 2021 1466 [CCXIX].
2047 1392 2132 1466 9.]
2161 1394 2307 1453 Dixit
2346 1396 2395 1450 ei
2438 1412 2452 1448 :
2496 1394 2666 1452 Pasce
2706 1410 2839 1452 oves
2883 1410 3055 1451 meas.
3094 1395 3362 1469 [ccxxxtt,

119 1490 222 1545 ergo
246 1476 318 1530 eis
337 1474 489 1531 Iesus
518 1494 532 1531 :
560 1477 742 1545 Pueri,
775 1479 1035 1550 numquid
1058 1480 1473 1551 pulmentarium
1501 1482 1666 1539 liabe-
1772 1485 1885 1562 10.]
1915 1486 2114 1557 Amen,
2155 1502 2316 1542 amen
2348 1487 2469 1543 dico
2498 1488 2594 1544 tibi
2622 1506 2633 1543 :
2659 1503 2783 1544 cum
2827 1503 2977 1543 esses
3000 1488 3208 1558 junior,
3246 1488 3362 1543 cin-

121 1568 208 1621 tis?
231 1567 626 1638 ReSponderunt
678 1572 729 1627 ei
760 1588 774 1625 :
828 1572 965 1628 Non.
1018 1573 1160 1628 Dicit
1205 1576 1284 1629 eis
1314 1592 1327 1628 :
1376 1576 1569 1630 Mittite
1613 1578 1665 1630 in
1772 1579 1937 1648 gebats
1960 1586 2035 1645 te,
2059 1588 2110 1634 et
2135 1579 2459 1635 ambulabas
2485 1580 2574 1635 ubi
2602 1580 2823 1635 volebas
2858 1597 2871 1632 :
2901 1594 3023 1635 cunt
3062 1587 3244 1635 autem
3268 1594 3359 1635 se-

122 1659 360 1717 dexteram
388 1663 587 1734 navigii
616 1673 757 1734 rete,
789 1674 844 1719 et
873 1665 1184 1723 invenietis.
1220 1667 1481 1725 Miserum
1501 1682 1662 1738 ergo:
1774 1670 1983 1736 litteris,
2014 1670 2276 1729 extendes
2304 1686 2498 1729 manus
2532 1678 2674 1736 tuas,
2720 1680 2775 1727 et
2815 1671 2956 1726 alius
2995 1682 3046 1727 te
3077 1672 3279 1742 cinget,
3310 1682 3370 1726 et

120 1755 273 1825 etiam
299 1772 400 1812 non
433 1757 684 1813 valebant
716 1758 854 1814 illud
907 1760 1125 1815 trahere
1168 1775 1282 1830 pne
1323 1759 1670 1817 multitudine
1696 1768 1749 1828 Β
1775 1761 1937 1817 ducet
1967 1779 2075 1832 quo
2102 1775 2155 1818 tu
2198 1779 2304 1820 non
2346 1763 2445 1819 vis.
2488 1762 2602 1819 Hoc
2632 1773 2815 1820 autem
2842 1763 3008 1829 dixit,
3053 1764 3367 1834 signiﬁcans

120 1852 325 1920 piscium.
358 1851 676 1925 [ccxx,10.]
706 1855 847 1913 Dixit
867 1870 997 1929 ergo
1041 1855 1340 1928 discipulus
1366 1858 1477 1926 ille,
1511 1874 1672 1929 quem
1778 1868 1886 1929 qua
1920 1863 2101 1911 morte
2145 1854 2541 1915 clariﬁcaturus
2580 1865 2727 1915 esset
2771 1856 2962 1911 Deum.
3010 1855 3081 1911 Et
3110 1870 3231 1911 cum
3264 1854 3370 1910 hoc

120 1943 337 2015 diligebat
352 1946 575 2014 Iesus)
598 1946 764 2003 Petro
796 1966 807 2001 :
838 1947 1101 2004 Dominus
1122 1958 1224 2004 est.
1251 1950 1437 2006 Simon
1479 1950 1671 2007 Petrus
1777 1943 2031 2014 dixisset,
2083 1947 2213 2002 dicit
2252 1948 2300 2003 ei
2327 1965 2339 2001 :
2369 1948 2612 2019 Sequere
2664 1962 2775 2003 me.
2822 1946 3136 2004 Conversus
3176 1947 3375 2003 Petrus

118 2052 216 2093 cum
259 2040 486 2097 audisset
513 2042 643 2114 quia
697 2043 957 2098 Dominus
1008 2052 1116 2108 εει,
1170 2043 1353 2099 tunica
1403 2044 1675 2101 succinxit
1776 2040 1915 2096 vidit
1951 2041 2103 2097 illum
2151 2041 2502 2112 discipulum,
2550 2058 2710 2113 quem
2750 2042 3018 2115 diligebat
3055 2043 3239 2108 Iesus,
3287 2058 3377 2099 se-

119 2146 167 2187 se
220 2133 359 2205 (erat
385 2136 530 2192 enim
563 2134 783 2206 nudus)
843 2146 899 2192 et
922 2135 1070 2191 misit
1129 2150 1190 2193 se
1232 2136 1290 2192 in
1342 2153 1511 2194 mare.
1565 2138 1672 2197 Alii
1776 2142 2057 2205 quentem,
2087 2132 2257 2204 quiet
2282 2134 2532 2190 recubuit
2559 2136 2611 2189 in
2636 2149 2789 2190 coena
2819 2150 2985 2205 super
3011 2144 3205 2205 pectus
3231 2135 3371 2205 ejus,

117 2234 263 2281 autem
298 2227 549 2301 discipuli
588 2229 818 2305 onavigio
870 2236 1138 2284 venerunt
1185 2229 1317 2301 (non
1373 2229 1517 2286 enim
1560 2231 1677 2286 lou-
1780 2233 1837 2280 et
1860 2224 1996 2280 dixit
2028 2242 2043 2281 :
2070 2226 2325 2291 Domine,
2356 2227 2481 2297 quis
2508 2236 2590 2281 est
2619 2226 2708 2297 qui
2742 2227 2921 2282 tradet
2947 2226 3035 2283 te?
3067 2227 3219 2282 llunc
3244 2242 3375 2297 ergo

118 2334 167 2389 ge
208 2331 345 2377 erant
394 2338 424 2377 a
474 2332 626 2380 terra
652 2364 669 2391 ,
726 2322 823 2379 sed
892 2322 1044 2393 quasi
1122 2321 1320 2381 cubitis
1369 2322 1674 2394 ducentis)
1782 2334 1906 2375 cum
1935 2319 2395 2387 vidissetPetrus,
2424 2319 2563 2377 dixit
2586 2321 2717 2376 Iesu
2746 2337 2759 2374 :
2784 2320 3039 2385 Domine,
3076 2319 3164 2377 hic
3191 2328 3377 2377 autem

114 2412 353 2471 tabentes
430 2425 551 2473 rete
631 2413 879 2486 piscium.
946 2414 1157 2486 [ccxxt
1182 2456 1199 2483 ,
1258 2415 1313 2470 9.
1342 2414 1360 2486 ]
1422 2415 1492 2472 Ut
1545 2431 1678 2487 ergo
1782 2412 1910 2482 quid
1937 2410 1961 2465 ἲ
1986 2411 2125 2467 Dicit
2152 2412 2204 2468 ei
2232 2412 2395 2469 Iesus
2421 2410 2484 2464 τά
2514 2412 2609 2469 Sic
2635 2427 2759 2468 eum
2793 2412 2917 2467 volo
2946 2426 3171 2467 manere
3197 2410 3373 2466 donec

117 2504 474 2565 descenderunt
505 2508 560 2563 in
590 2518 818 2575 terram,
847 2507 1103 2564 viderunt
1129 2524 1331 2581 prunas
1358 2510 1590 2580 positas,
1624 2519 1681 2567 et

1800 2504 2022 2573 veniam,
2072 2504 2206 2579 quid
2254 2504 2323 2562 ad
2379 2504 2471 2561 te?
2512 2512 2568 2559 tu
2612 2519 2700 2559 me
2748 2518 2999 2573 sequere.
3047 2488 3375 2576 Exiit‘ergo

122 2597 293 2666 piscem
336 2602 768 2672 superpositum,
824 2611 881 2656 et
929 2616 1144 2671 panem.
1179 2601 1321 2658 Dicit
1366 2603 1446 2659 eis
1476 2602 1635 2660 Iesus
1666 2621 1677 2657 :
1786 2610 1969 2653 sermo
1994 2599 2093 2654 iste
2120 2597 2263 2653 inter
2285 2596 2504 2666 fratres,
2536 2597 2663 2667 quia
2689 2595 2991 2667 discipulus
3013 2595 3105 2653 ille
3133 2611 3240 2652 non
3260 2611 3379 2653 mo-

123 2689 292 2747 Ail‘erle
310 2692 375 2747 de
406 2694 673 2763 piscibus,
708 2708 845 2763 quos
871 2693 1227 2764 prendidistis
1258 2710 1422 2751 nunc.
1454 2696 1682 2767 [ccxxu,

118 2780 190 2852 9.]
231 2785 475 2841 Ascendit
522 2785 715 2843 Simon
745 2786 963 2857 Petrus,
1021 2795 1076 2844 et
1118 2788 1287 2844 traxit
1325 2798 1442 2846 rete
1488 2791 1545 2847 in
1574 2798 1687 2849 ter-

122 2890 233 2940 ram,
260 2879 474 2948 plenum
512 2880 726 2951 magnis
757 2881 999 2952 piscibus
1041 2892 1261 2939 centum
1285 2883 1681 2956 quinquaginta

122 2966 284 3023 tribus.
320 2969 384 3025 Et
412 2986 537 3026 cum
581 2972 715 3026 tanti
758 2980 967 3041 essent,
1011 2988 1121 3030 non
1157 2984 1243 3031 est
1280 2974 1512 3032 scissum
1542 2983 1683 3032 rete.

125 3060 346 3132 ]ccxxnt,
398 3064 482 3139 9.]
530 3065 673 3121 Dicit
730 3067 811 3122 eis
857 3067 1016 3125 Iesus
1054 3088 1065 3120 :
1113 3068 1340 3140 Venite,
1396 3070 1685 3143 prandete.

122 3153 465 3232 ]ccxxtv,10.]
520 3159 588 3214 Et
628 3176 785 3215 nemo
834 3161 1066 3219 audebat
1109 3163 1573 3225 discumbentium
1604 3166 1689 3222 in-

1790 2689 1949 2744 ritur.
1983 2689 2049 2743 Et
2078 2704 2185 2745 non
2214 2688 2351 2745 dixit
2373 2690 2423 2745 ei
2454 2688 2615 2746 Iesus
2646 2689 2800 2745 :Non
2835 2689 3093 2755 moritur;
3117 2689 3215 2745 sed
3241 2708 3254 2744 :
3287 2690 3380 2747 Sic

1789 2798 1913 2839 eum
1940 2783 2065 2841 volo
2098 2799 2323 2841 manere
2344 2784 2519 2842 donec
2545 2785 2781 2854 veniam,
2811 2784 2940 2856 quid
2966 2785 3037 2841 ad
3067 2786 3151 2847 te?
3182 2786 3279 2842 llic
3298 2795 3384 2841 est

1791 2876 2089 2948 discipulus
2123 2878 2250 2945 ille,
2276 2878 2372 2950 qui
2410 2878 2783 2936 testimonium
2817 2878 3072 2950 perhibet
3098 2878 3167 2937 de
3194 2880 3300 2952 his,
3333 2888 3392 2938 et

1792 2972 2012 3043 scripsit
2032 2972 2152 3031 haec
2169 2989 2181 3027 :
2198 2981 2254 3031 et
2272 2973 2507 3046 scimus,
2535 2976 2663 3049 quia
2690 2990 2880 3032 verum
2904 2984 2989 3032 est
3013 2974 3388 3033 testimonium

1792 3063 1909 3135 ejus
1943 3073 2108 3121 :sunt
2154 3074 2339 3123 autem
2384 3075 2439 3123 et
2476 3066 2585 3123 alia
2632 3066 2825 3135 multa,
2870 3082 2993 3139 qua:
3021 3066 3151 3127 fecit
3175 3064 3379 3125 Iesus:

1793 3175 1916 3231 quae
1971 3160 2020 3217 si
2067 3161 2382 3220 scribantur
2428 3177 2527 3236 per
2569 3162 2824 3235 singula,
2874 3177 2979 3219 nec
3018 3162 3194 3233 ipsum
3246 3162 3393 3221 arbi-

124 3254 361 3319 lerrogare
389 3268 515 3307 eum
547 3269 560 3305 :
584 3252 667 3308 Tu
696 3254 815 3325 quis
844 3255 939 3311 es?
962 3256 1223 3326 scientes,
1256 3258 1383 3328 quia
1416 3259 1682 3317 Dominus
1709 3237 1756 3304 C
1786 3264 1902 3312 tror
1933 3255 2198 3314 mundum
2226 3271 2427 3330 capere
2456 3271 2621 3330 posse
2658 3270 2777 3328 eos,
2805 3255 2899 3328 qui
2927 3254 3211 3316 scribendi
3232 3264 3383 3325 sunt,

123 3350 205 3395 est.
227 3342 431 3416 [ccxxv,
456 3345 537 3418 9.]
565 3346 635 3401 Et
664 3348 812 3403 venit
834 3348 1015 3418 Iesus,
1057 3359 1113 3407 et
1136 3353 1351 3425 accepit
1380 3368 1599 3426 panem,
1624 3362 1683 3415 et

121 3430 194 3487 dat
226 3434 315 3504 eis,
344 3446 398 3493 et
430 3438 639 3510 piscem
679 3440 956 3499 similiter.
1000 3442 1236 3518 [ccxxvn
1267 3444 1383 3518 10.]
1421 3445 1537 3504 Hoc
1570 3446 1685 3519 iam

178 3595 202 3685 έ
230 3600 335 3658 Duo
361 3619 394 3661 e
424 3606 631 3685 nostris
655 3622 789 3662 mss.
814 3624 920 3685 non
951 3609 1155 3685 addunt
1177 3611 1446 3685 discipulis
1480 3627 1499 3666 :
1534 3626 1686 3685 qua:-

124 3666 622 3796 (ὲῗὲιᾶἓι-οῑϐτωα
682 3682 1021 3752 exemplaria
1070 3666 1233 3739 etiam
1263 3666 1435 3740 Iesus
1488 3666 1686 3740 nomon

329 3764 394 3796 un
425 3791 439 3796 -

179 3756 439 3805 tetereunt.

158 3752 357 3803 rcetereu
424 3791 439 3805 .

126 3752 423 3904 ἓὲοηιὲιξ
454 3818 655 3904 Petro,
693 3822 835 3892 quod
862 3823 918 3904 in
947 3823 1359 3904 Graecis_tamen
1412 3826 1690 3904 plerisque

125 3885 517 4017 gilgigtéitbris
568 3885 831 3965 ba’beiur,
864 3895 933 3952 ab
962 3912 1069 3951 uno
1124 3897 1370 3953 alterove
1412 3885 1443 3952 ὲ
1492 3885 1693 3953 ιιοεῖιοὶε

172 3968 237 4012 κ.
261 3968 423 4018 abest.

189 4037 207 4063 ε
224 4028 397 4111 Primo
414 4038 580 4093 etiam
609 4038 729 4095 loco
756 4040 864 4097 duo
881 4056 913 4094 e
936 4038 1136 4095 nostris
1156 4053 1286 4096 mss.
1304 4040 1621 4111 praeierunt,
1641 4052 1697 4094 tu

133 4110 276 4177 omnia
305 4110 417 4172 scis,
452 4125 550 4177 pro
569 4113 725 4166 nosti.

153 4165 666 4255 εᾲίί,Αιιῑίρίιί-ἓξείηιυξΔ
681 4165 835 4238 error
860 4179 1209 4255 scriptorum,
1243 4181 1331 4255 qui
1361 4198 1461 4253 pro
1490 4183 1693 4255 sipar-

134 4242 282 4324 l’i‘cula
324 4242 691 4318 conditionali,
754 4242 1057 4319 posuerunt
1111 4242 1478 4321 sic','contra
1534 4242 1695 4309 [idem

133 4307 283 4397 ξηραί
303 4330 609 4397 contextus,
866 4307 1092 4395 legitur;
1114 4307 1260 4394 quod
1288 4307 1459 4397 Syrus
1486 4307 1701 4395 quoque

132 4387 179 4432 ει
202 4382 361 4463 Arabs
385 4382 704 4463 sequuntur.
736 4396 797 4452 lu
841 4382 948 4453 ms:
991 4382 1184 4453 nostro
1214 4382 1406 4453 codice
1446 4382 1700 4451 num.'i9

1788 3349 1979 3409 libros.

1793 3611 1897 3668 alia
1942 3626 2137 3687 manus
2177 3612 2422 3682 reposuit
2461 3609 2607 3687 quod
2650 3607 2996 3687 emendatum
3048 3613 3187 3687 erat.
3216 3604 3389 3687 .Alius

1792 3692 1973 3758 autem
1998 3684 2170 3758 codex
2194 3676 2302 3738 m's.
2328 3676 2492 3737 num:
2514 3683 2604 3751 i5,
2635 3696 2760 3736 cum
2784 3680 2959 3751 primo
2981 3677 3100 3732 loco
3130 3676 3351 3758 legisset
3378 3692 3393 3758 ξ

1793 3755 1886 3829 Sic
1909 3772 2030 3829 eum
2057 3754 2176 3809 volo
2203 3769 2435 3829 manere,
2468 3743 2608 3829 διο..
2634 3743 2822 3820 postea
2852 3761 3034 3829 tamen
3060 3748 3269 3829 posuit,
3298 3743 3389 3829 sed

1790 3827 1837 3881 si
1873 3827 1949 3880 sic
1972 3843 2089 3882 eum
2129 3826 2243 3880 volo
2287 3816 2516 3890 manere,
2573 3816 2740 3877 donec
2768 3820 2991 3889 vatiam,
3037 3816 3160 3887 quid
3200 3819 3269 3872 ad
3306 3816 3395 3871 te?

1793 3897 1997 3971 Caneri
2019 3905 2336 3971 consLanter
2367 3896 2551 3971 legunt
2579 3894 2672 3946 sic.
2713 3893 2907 3971 μων.-
2964 3968 2971 3971 Α
3006 3959 3039 3971 _
3079 3959 3150 3971 η.
3322 3958 3335 3971 1
3378 3958 3392 3971 ,

1866 3997 1936 4008 -
1957 3967 2141 4023 Codex
2164 3966 2385 4035 Regium
2411 3958 2511 4020 sttb
2540 3980 2688 4021 num.
2712 3964 2799 4029 M,
2818 3962 2979 4035 quiet
3006 3958 3394 4035 S.Wenceslai

1804 4040 1971 4095 fuisse
2010 4038 2138 4092 olim
2172 4032 2389 4103 dicitur,
2421 4036 2603 4105 probae
2639 4035 2686 4090 is
2708 4034 2925 4106 quidem
2947 4032 3303 4106 antiquitatis
3341 4040 3399 4085 et

1806 4119 1970 4177 notae,
2001 4110 2048 4163 si
2079 4110 2208 4180 legit
2231 4102 2464 4180 utroque
2504 4109 2560 4162 in
2590 4102 2739 4171 loco,
2775 4121 2876 4175 pro
2910 4105 3017 4180 sic,
3034 4102 3197 4180 juxta
3239 4102 3396 4158 Grae-

1806 4123 1970 4177 notai,
2001 4127 2047 4163 st
2079 4123 2208 4180 tegtt
2231 4123 2358 4163 utro
2397 4124 2464 4162 ue
2504 4124 2560 4162 tn
2590 4123 2733 4171 loco,
2775 4123 2876 4175 pro
2910 4123 3017 4170 sto,
3045 4123 3197 4173 Juxta
3239 4123 3395 4158 urat:-

1806 4197 1929 4239 cum
1974 4191 2179 4237 textum
2220 4182 2330 4238 ἐὰν.
2360 4123 2627 4248 ὃηοηὶηηι
2668 4192 2797 4235 vero
2827 4176 3138 4233 tralatitiam
3171 4174 3274 4228 hac
3300 4188 3395 4227 su-

1807 4269 1904 4325 per
1950 4270 2008 4308 re
2038 4252 2392 4324 qumstionem
2442 4260 2854 4325 r_etexe_re_,_non
2897 4255 3040 4304 este
3091 4252 3393 4325 rent-istm,

1808 4312 2071 4381 auctores.
2086 4340 2294 4391 sumus,
2331 4323 2583 4397 ut__adeas
2616 4312 2844 4397 Criticos
2870 4330 3076 4397 sacros,
3122 4322 3177 4366 et
3202 4312 3398 4397 iiiero-

1808 4411 2033 4467 nymum
2077 4389 2325 4452 nostrum
2370 4393 2466 4467 lib.
2494 4410 2513 4447 ι
2540 4401 2729 4467 contra
2765 4389 3137 4449 Iovinianum,
3183 4391 3238 4437 et
3276 4397 3399 4450 qua:

135 4458 419 4520 emendatus
441 4458 543 4521 fuit
561 4466 711 4526 locus
733 4478 985 4540 uterque,
1013 4468 1104 4526 ubi
1128 4469 1202 4525 sic
1218 4468 1457 4540 positum
1474 4477 1587 4534 est;
1606 4466 1704 4525 sed
1812 4458 1969 4527 nobis
1991 4476 2177 4526 notata
2194 4474 2327 4524 sunt
2345 4465 2416 4523 ad
2436 4480 2561 4523 eum
2587 4463 2789 4520 locum.

1141 4601 1371 4674 Explicit
1394 4600 1732 4673 Evangelium
1766 4599 2048 4658 secundum
2075 4598 2349 4657 Joannem.
