  <div class='ocr_page' id='page_1' title='image "/cluster/home/n/w/nwhite01/storage/ocr_20150623/29/uva.x000826564/368.png"; bbox 0 0 3920 6200; ppageno 0'>
   <div class='ocr_carea' id='block_1_1' title="bbox 92 272 187 330">
    <p class='ocr_par' dir='ltr' id='par_1_1' title="bbox 92 272 187 330">
     <span class='ocr_line' id='line_1_1' title="bbox 92 272 187 330; baseline 0.021 -2"><span class='ocrx_word' id='word_1_1' title='bbox 92 272 187 330; x_wconf 81' lang='lat'><strong>680</strong></span> 
     </span>
    </p>
   </div>
   <div class='ocr_carea' id='block_1_2' title="bbox 1172 258 2270 319">
    <p class='ocr_par' dir='ltr' id='par_1_2' title="bbox 1172 258 2270 319">
     <span class='ocr_line' id='line_1_2' title="bbox 1172 258 2270 319; baseline -0.002 -1"><span class='ocrx_word' id='word_1_2' title='bbox 1172 261 1372 318; x_wconf 77' lang='lat' dir='ltr'><strong>LIBER</strong></span> <span class='ocrx_word' id='word_1_3' title='bbox 1415 260 1700 319; x_wconf 79' lang='lat' dir='ltr'><strong>ACTUUM</strong></span> <span class='ocrx_word' id='word_1_4' title='bbox 1741 258 2270 318; x_wconf 75' lang='lat' dir='ltr'><strong>APOSTOLORUM.</strong></span> 
     </span>
    </p>
   </div>
   <div class='ocr_carea' id='block_1_3' title="bbox 3248 265 3352 320">
    <p class='ocr_par' dir='ltr' id='par_1_3' title="bbox 3248 265 3352 320">
     <span class='ocr_line' id='line_1_3' title="bbox 3248 265 3352 320; baseline 0.01 -2"><span class='ocrx_word' id='word_1_5' title='bbox 3248 265 3352 320; x_wconf 84' lang='grc'><strong>690</strong></span> 
     </span>
    </p>
   </div>
   <div class='ocr_carea' id='block_1_4' title="bbox 89 376 3357 453">
    <p class='ocr_par' dir='ltr' id='par_1_4' title="bbox 89 376 3357 453">
     <span class='ocr_line' id='line_1_4' title="bbox 89 376 3357 453; baseline -0.004 -6"><span class='ocrx_word' id='word_1_6' title='bbox 89 402 140 447; x_wconf 89' lang='lat' dir='ltr'><strong>et</strong></span> <span class='ocrx_word' id='word_1_7' title='bbox 196 390 360 445; x_wconf 82' lang='lat' dir='ltr'><strong>lactus</strong></span> <span class='ocrx_word' id='word_1_8' title='bbox 410 393 491 441; x_wconf 90' lang='lat' dir='ltr'><strong>est</strong></span> <span class='ocrx_word' id='word_1_9' title='bbox 534 390 758 453; x_wconf 85' lang='lat' dir='ltr'><strong>repente</strong></span> <span class='ocrx_word' id='word_1_10' title='bbox 804 380 872 436; x_wconf 88' lang='lat' dir='ltr'><strong>de</strong></span> <span class='ocrx_word' id='word_1_11' title='bbox 936 380 1076 436; x_wconf 71' lang='lat' dir='ltr'><strong>crelo</strong></span> <span class='ocrx_word' id='word_1_12' title='bbox 1131 394 1333 443; x_wconf 90' lang='lat' dir='ltr'><strong>sonus,</strong></span> <span class='ocrx_word' id='word_1_13' title='bbox 1377 389 1649 448; x_wconf 79' lang='lat' dir='ltr'><strong>tamquam</strong></span> <span class='ocrx_word' id='word_1_14' title='bbox 1677 389 1726 443; x_wconf 77' lang='grc' dir='ltr'>Α</span> <span class='ocrx_word' id='word_1_15' title='bbox 1751 376 1985 447; x_wconf 90' lang='lat' dir='ltr'><strong>jurando</strong></span> <span class='ocrx_word' id='word_1_16' title='bbox 2007 380 2246 446; x_wconf 90' lang='lat' dir='ltr'><strong>jurasset</strong></span> <span class='ocrx_word' id='word_1_17' title='bbox 2273 378 2352 433; x_wconf 87' lang='lat' dir='ltr'><strong>illi</strong></span> <span class='ocrx_word' id='word_1_18' title='bbox 2380 379 2523 435; x_wconf 85' lang='lat' dir='ltr'><strong>Deus</strong></span> <span class='ocrx_word' id='word_1_19' title='bbox 2543 379 2610 434; x_wconf 91' lang='lat' dir='ltr'><strong>de</strong></span> <span class='ocrx_word' id='word_1_20' title='bbox 2636 380 2809 433; x_wconf 77' lang='lat' dir='ltr'><strong>fructu</strong></span> <span class='ocrx_word' id='word_1_21' title='bbox 2836 379 2999 435; x_wconf 87' lang='lat' dir='ltr'><strong>lumbi</strong></span> <span class='ocrx_word' id='word_1_22' title='bbox 3026 380 3143 450; x_wconf 89' lang='lat' dir='ltr'><strong>ejus</strong></span> <span class='ocrx_word' id='word_1_23' title='bbox 3166 380 3357 435; x_wconf 87' lang='lat' dir='ltr'><strong>sedere</strong></span> 
     </span>
    </p>
   </div>
   <div class='ocr_carea' id='block_1_5' title="bbox 86 471 1650 544">
    <p class='ocr_par' dir='ltr' id='par_1_5' title="bbox 86 471 1650 544">
     <span class='ocr_line' id='line_1_5' title="bbox 86 471 1650 544; baseline -0.008 -8"><span class='ocrx_word' id='word_1_24' title='bbox 86 479 409 536; x_wconf 67' lang='lat' dir='ltr'><strong>advenientis</strong></span> <span class='ocrx_word' id='word_1_25' title='bbox 456 476 679 544; x_wconf 74' lang='lat' dir='ltr'><strong>spiritus</strong></span> <span class='ocrx_word' id='word_1_26' title='bbox 730 472 1107 539; x_wconf 75' lang='lat' dir='ltr'><strong>vehementis,</strong></span> <span class='ocrx_word' id='word_1_27' title='bbox 1168 481 1227 525; x_wconf 92' lang='lat' dir='ltr'><strong>et</strong></span> <span class='ocrx_word' id='word_1_28' title='bbox 1272 471 1504 541; x_wconf 87' lang='lat' dir='ltr'><strong>replevit</strong></span> <span class='ocrx_word' id='word_1_29' title='bbox 1566 481 1650 523; x_wconf 86' lang='lat' dir='ltr'><strong>to-</strong></span> 
     </span>
    </p>
   </div>
   <div class='ocr_carea' id='block_1_6' title="bbox 84 566 1654 640">
    <p class='ocr_par' dir='ltr' id='par_1_6' title="bbox 84 566 1654 640">
     <span class='ocr_line' id='line_1_6' title="bbox 84 566 1654 640; baseline -0.01 -9"><span class='ocrx_word' id='word_1_30' title='bbox 84 587 183 630; x_wconf 93' lang='lat' dir='ltr'><strong>tam</strong></span> <span class='ocrx_word' id='word_1_31' title='bbox 224 574 459 640; x_wconf 90' lang='lat' dir='ltr'><strong>domum,</strong></span> <span class='ocrx_word' id='word_1_32' title='bbox 509 570 604 624; x_wconf 92' lang='lat' dir='ltr'><strong>ubi</strong></span> <span class='ocrx_word' id='word_1_33' title='bbox 652 576 808 623; x_wconf 85' lang='lat' dir='ltr'><strong>erant</strong></span> <span class='ocrx_word' id='word_1_34' title='bbox 844 566 1122 622; x_wconf 74' lang='lat' dir='ltr'><strong>sedentes.</strong></span> <span class='ocrx_word' id='word_1_35' title='bbox 1175 566 1242 619; x_wconf 88' lang='lat' dir='ltr'><strong>Et</strong></span> <span class='ocrx_word' id='word_1_36' title='bbox 1280 572 1654 634; x_wconf 86' lang='lat' dir='ltr'><strong>apparuerunt</strong></span> 
     </span>
    </p>
   </div>
   <div class='ocr_carea' id='block_1_7' title="bbox 78 658 1653 732">
    <p class='ocr_par' dir='ltr' id='par_1_7' title="bbox 78 658 1653 732">
     <span class='ocr_line' id='line_1_7' title="bbox 78 658 1653 732; baseline -0.008 -10"><span class='ocrx_word' id='word_1_37' title='bbox 78 668 170 723; x_wconf 87' lang='lat' dir='ltr'><strong>illis</strong></span> <span class='ocrx_word' id='word_1_38' title='bbox 204 664 493 732; x_wconf 72' lang='lat' dir='ltr'><strong>dispertita:</strong></span> <span class='ocrx_word' id='word_1_39' title='bbox 533 662 729 730; x_wconf 62' lang='lat' dir='ltr'><strong>linguae</strong></span> <span class='ocrx_word' id='word_1_40' title='bbox 769 670 1041 730; x_wconf 82' lang='lat' dir='ltr'><strong>tamquam</strong></span> <span class='ocrx_word' id='word_1_41' title='bbox 1075 659 1235 728; x_wconf 87' lang='lat' dir='ltr'><strong>ignis,</strong></span> <span class='ocrx_word' id='word_1_42' title='bbox 1268 658 1521 727; x_wconf 86' lang='lat' dir='ltr'><strong>seditque</strong></span> <span class='ocrx_word' id='word_1_43' title='bbox 1560 671 1653 710; x_wconf 90' lang='lat' dir='ltr'><strong>su-</strong></span> 
     </span>
    </p>
   </div>
   <div class='ocr_carea' id='block_1_8' title="bbox 79 749 1651 832">
    <p class='ocr_par' dir='ltr' id='par_1_8' title="bbox 79 749 1651 832">
     <span class='ocr_line' id='line_1_8' title="bbox 79 749 1651 832; baseline -0.006 -18"><span class='ocrx_word' id='word_1_44' title='bbox 79 776 161 832; x_wconf 90' lang='lat' dir='ltr'><strong>pra</strong></span> <span class='ocrx_word' id='word_1_45' title='bbox 199 757 438 829; x_wconf 87' lang='lat' dir='ltr'><strong>singulos</strong></span> <span class='ocrx_word' id='word_1_46' title='bbox 477 770 669 811; x_wconf 88' lang='lat' dir='ltr'><strong>eorum</strong></span> <span class='ocrx_word' id='word_1_47' title='bbox 711 771 725 807; x_wconf 90' lang='lat'><strong>:</strong></span> <span class='ocrx_word' id='word_1_48' title='bbox 770 764 822 808; x_wconf 89' lang='lat' dir='ltr'><strong>et</strong></span> <span class='ocrx_word' id='word_1_49' title='bbox 850 753 1043 823; x_wconf 86' lang='lat' dir='ltr'><strong>repleti</strong></span> <span class='ocrx_word' id='word_1_50' title='bbox 1070 760 1196 807; x_wconf 90' lang='lat' dir='ltr'><strong>sunt</strong></span> <span class='ocrx_word' id='word_1_51' title='bbox 1226 766 1416 805; x_wconf 90' lang='lat' dir='ltr'><strong>omnes</strong></span> <span class='ocrx_word' id='word_1_52' title='bbox 1445 749 1651 820; x_wconf 87' lang='lat' dir='ltr'><strong>Spiritu</strong></span> 
     </span>
    </p>
   </div>
   <div class='ocr_carea' id='block_1_9' title="bbox 78 842 1654 916">
    <p class='ocr_par' dir='ltr' id='par_1_9' title="bbox 78 842 1654 916">
     <span class='ocr_line' id='line_1_9' title="bbox 78 842 1654 916; baseline -0.006 -11"><span class='ocrx_word' id='word_1_53' title='bbox 78 858 261 915; x_wconf 86' lang='lat' dir='ltr'><strong>sancto,</strong></span> <span class='ocrx_word' id='word_1_54' title='bbox 293 857 344 902; x_wconf 89' lang='lat' dir='ltr'><strong>et</strong></span> <span class='ocrx_word' id='word_1_55' title='bbox 384 857 670 916; x_wconf 70' lang='lat' dir='ltr'><strong>cmperunt</strong></span> <span class='ocrx_word' id='word_1_56' title='bbox 712 846 854 916; x_wconf 88' lang='lat' dir='ltr'><strong>loqui</strong></span> <span class='ocrx_word' id='word_1_57' title='bbox 886 844 1056 899; x_wconf 90' lang='lat' dir='ltr'><strong>variis</strong></span> <span class='ocrx_word' id='word_1_58' title='bbox 1086 844 1310 913; x_wconf 72' lang='lat' dir='ltr'><strong>linguis,</strong></span> <span class='ocrx_word' id='word_1_59' title='bbox 1342 852 1503 911; x_wconf 82' lang='lat' dir='ltr'><strong>prout</strong></span> <span class='ocrx_word' id='word_1_60' title='bbox 1532 842 1654 911; x_wconf 88' lang='lat' dir='ltr'><strong>Spi-</strong></span> 
     </span>
    </p>
   </div>
   <div class='ocr_carea' id='block_1_10' title="bbox 78 932 1655 1007">
    <p class='ocr_par' dir='ltr' id='par_1_10' title="bbox 78 932 1655 1007">
     <span class='ocr_line' id='line_1_10' title="bbox 78 932 1655 1007; baseline -0.009 -10"><span class='ocrx_word' id='word_1_61' title='bbox 78 944 194 998; x_wconf 83' lang='lat' dir='ltr'><strong>ritus</strong></span> <span class='ocrx_word' id='word_1_62' title='bbox 213 948 423 995; x_wconf 93' lang='lat' dir='ltr'><strong>sanctus</strong></span> <span class='ocrx_word' id='word_1_63' title='bbox 441 939 606 993; x_wconf 83' lang='lat' dir='ltr'><strong>dabat</strong></span> <span class='ocrx_word' id='word_1_64' title='bbox 630 938 804 1007; x_wconf 90' lang='lat' dir='ltr'><strong>el0qui</strong></span> <span class='ocrx_word' id='word_1_65' title='bbox 826 937 951 991; x_wconf 90' lang='lat' dir='ltr'><strong>illis.</strong></span> <span class='ocrx_word' id='word_1_66' title='bbox 972 935 1136 989; x_wconf 85' lang='lat' dir='ltr'><strong>Erant</strong></span> <span class='ocrx_word' id='word_1_67' title='bbox 1160 945 1339 989; x_wconf 89' lang='lat' dir='ltr'><strong>autem</strong></span> <span class='ocrx_word' id='word_1_68' title='bbox 1365 937 1416 987; x_wconf 94' lang='lat' dir='ltr'><strong>in</strong></span> <span class='ocrx_word' id='word_1_69' title='bbox 1438 932 1655 987; x_wconf 74' lang='lat' dir='ltr'><strong>Jerus:i-</strong></span> 
     </span>
    </p>
   </div>
   <div class='ocr_carea' id='block_1_11' title="bbox 80 1025 1653 1099">
    <p class='ocr_par' dir='ltr' id='par_1_11' title="bbox 80 1025 1653 1099">
     <span class='ocr_line' id='line_1_11' title="bbox 80 1025 1653 1099; baseline -0.005 -9"><span class='ocrx_word' id='word_1_70' title='bbox 80 1036 167 1090; x_wconf 91' lang='lat' dir='ltr'><strong>lem</strong></span> <span class='ocrx_word' id='word_1_71' title='bbox 192 1033 488 1086; x_wconf 86' lang='lat' dir='ltr'><strong>habitantes</strong></span> <span class='ocrx_word' id='word_1_72' title='bbox 515 1030 725 1099; x_wconf 74' lang='lat' dir='ltr'><strong>Judaei,</strong></span> <span class='ocrx_word' id='word_1_73' title='bbox 758 1030 861 1083; x_wconf 90' lang='lat' dir='ltr'><strong>viri</strong></span> <span class='ocrx_word' id='word_1_74' title='bbox 891 1028 1132 1097; x_wconf 78' lang='lat' dir='ltr'><strong>religiosi</strong></span> <span class='ocrx_word' id='word_1_75' title='bbox 1161 1044 1224 1082; x_wconf 78' lang='lat' dir='ltr'><strong>ex</strong></span> <span class='ocrx_word' id='word_1_76' title='bbox 1256 1026 1403 1080; x_wconf 90' lang='lat' dir='ltr'><strong>omni</strong></span> <span class='ocrx_word' id='word_1_77' title='bbox 1435 1025 1653 1082; x_wconf 92' lang='lat' dir='ltr'><strong>natione</strong></span> 
     </span>
    </p>
   </div>
   <div class='ocr_carea' id='block_1_12' title="bbox 80 1122 1655 1199">
    <p class='ocr_par' dir='ltr' id='par_1_12' title="bbox 80 1122 1655 1199">
     <span class='ocr_line' id='line_1_12' title="bbox 80 1122 1655 1199; baseline -0.004 -16"><span class='ocrx_word' id='word_1_78' title='bbox 80 1143 180 1199; x_wconf 58' lang='lat' dir='ltr'><strong>quae</strong></span> <span class='ocrx_word' id='word_1_79' title='bbox 217 1127 311 1182; x_wconf 89' lang='lat' dir='ltr'><strong>sub</strong></span> <span class='ocrx_word' id='word_1_80' title='bbox 340 1126 478 1181; x_wconf 69' lang='lat' dir='ltr'><strong>coelo</strong></span> <span class='ocrx_word' id='word_1_81' title='bbox 511 1135 620 1180; x_wconf 92' lang='lat' dir='ltr'><strong>est.</strong></span> <span class='ocrx_word' id='word_1_82' title='bbox 655 1124 819 1179; x_wconf 87' lang='lat' dir='ltr'><strong>Facta</strong></span> <span class='ocrx_word' id='word_1_83' title='bbox 862 1135 1045 1178; x_wconf 90' lang='lat' dir='ltr'><strong>autem</strong></span> <span class='ocrx_word' id='word_1_84' title='bbox 1088 1123 1189 1177; x_wconf 87' lang='lat' dir='ltr'><strong>hac</strong></span> <span class='ocrx_word' id='word_1_85' title='bbox 1220 1138 1369 1188; x_wconf 85' lang='lat' dir='ltr'><strong>voce,</strong></span> <span class='ocrx_word' id='word_1_86' title='bbox 1402 1122 1655 1178; x_wconf 85' lang='lat' dir='ltr'><strong>convenit</strong></span> 
     </span>
    </p>
   </div>
   <div class='ocr_carea' id='block_1_13' title="bbox 84 1217 1657 1287">
    <p class='ocr_par' dir='ltr' id='par_1_13' title="bbox 84 1217 1657 1287">
     <span class='ocr_line' id='line_1_13' title="bbox 84 1217 1657 1287; baseline -0.002 -11"><span class='ocrx_word' id='word_1_87' title='bbox 84 1221 361 1286; x_wconf 86' lang='lat' dir='ltr'><strong>multitudo,</strong></span> <span class='ocrx_word' id='word_1_88' title='bbox 394 1232 446 1275; x_wconf 93' lang='lat' dir='ltr'><strong>et</strong></span> <span class='ocrx_word' id='word_1_89' title='bbox 491 1228 677 1274; x_wconf 86' lang='lat' dir='ltr'><strong>mente</strong></span> <span class='ocrx_word' id='word_1_90' title='bbox 719 1218 945 1273; x_wconf 81' lang='lat' dir='ltr'><strong>confusa</strong></span> <span class='ocrx_word' id='word_1_91' title='bbox 976 1228 1079 1283; x_wconf 88' lang='lat' dir='ltr'><strong>est,</strong></span> <span class='ocrx_word' id='word_1_92' title='bbox 1120 1217 1372 1287; x_wconf 88' lang='lat' dir='ltr'><strong>quoniam</strong></span> <span class='ocrx_word' id='word_1_93' title='bbox 1404 1218 1657 1273; x_wconf 82' lang='lat' dir='ltr'><strong>audiebat</strong></span> 
     </span>
    </p>
   </div>
   <div class='ocr_carea' id='block_1_14' title="bbox 87 1311 1655 1384">
    <p class='ocr_par' dir='ltr' id='par_1_14' title="bbox 87 1311 1655 1384">
     <span class='ocr_line' id='line_1_14' title="bbox 87 1311 1655 1384; baseline -0.001 -17"><span class='ocrx_word' id='word_1_94' title='bbox 87 1314 423 1383; x_wconf 83' lang='lat' dir='ltr'><strong>unusquisque</strong></span> <span class='ocrx_word' id='word_1_95' title='bbox 474 1313 656 1384; x_wconf 79' lang='lat' dir='ltr'><strong>lingua</strong></span> <span class='ocrx_word' id='word_1_96' title='bbox 698 1327 791 1366; x_wconf 89' lang='lat' dir='ltr'><strong>sua</strong></span> <span class='ocrx_word' id='word_1_97' title='bbox 834 1312 957 1365; x_wconf 91' lang='lat' dir='ltr'><strong>illos</strong></span> <span class='ocrx_word' id='word_1_98' title='bbox 1002 1313 1303 1381; x_wconf 91' lang='lat' dir='ltr'><strong>loquentes.</strong></span> <span class='ocrx_word' id='word_1_99' title='bbox 1353 1311 1655 1381; x_wconf 88' lang='lat' dir='ltr'><strong>Stupebant</strong></span> 
     </span>
    </p>
   </div>
   <div class='ocr_carea' id='block_1_15' title="bbox 90 1404 1654 1474">
    <p class='ocr_par' dir='ltr' id='par_1_15' title="bbox 90 1404 1654 1474">
     <span class='ocr_line' id='line_1_15' title="bbox 90 1404 1654 1474; baseline 0.002 -15"><span class='ocrx_word' id='word_1_100' title='bbox 90 1417 241 1460; x_wconf 89' lang='lat' dir='ltr'><strong>autem</strong></span> <span class='ocrx_word' id='word_1_101' title='bbox 271 1421 477 1474; x_wconf 90' lang='lat' dir='ltr'><strong>omnes,</strong></span> <span class='ocrx_word' id='word_1_102' title='bbox 510 1414 567 1461; x_wconf 91' lang='lat' dir='ltr'><strong>et</strong></span> <span class='ocrx_word' id='word_1_103' title='bbox 597 1406 953 1468; x_wconf 86' lang='lat' dir='ltr'><strong>mirabantur.</strong></span> <span class='ocrx_word' id='word_1_104' title='bbox 988 1406 1229 1461; x_wconf 85' lang='lat' dir='ltr'><strong>dicentes</strong></span> <span class='ocrx_word' id='word_1_105' title='bbox 1260 1424 1270 1457; x_wconf 92' lang='lat'><strong>:</strong></span> <span class='ocrx_word' id='word_1_106' title='bbox 1304 1404 1496 1460; x_wconf 85' lang='lat' dir='ltr'><strong>Nonne</strong></span> <span class='ocrx_word' id='word_1_107' title='bbox 1528 1421 1654 1461; x_wconf 89' lang='lat' dir='ltr'><strong>ecce</strong></span> 
     </span>
    </p>
   </div>
   <div class='ocr_carea' id='block_1_16' title="bbox 92 1497 1655 1568">
    <p class='ocr_par' dir='ltr' id='par_1_16' title="bbox 92 1497 1655 1568">
     <span class='ocr_line' id='line_1_16' title="bbox 92 1497 1655 1568; baseline 0 -15"><span class='ocrx_word' id='word_1_108' title='bbox 92 1513 251 1553; x_wconf 90' lang='lat' dir='ltr'><strong>omnes</strong></span> <span class='ocrx_word' id='word_1_109' title='bbox 275 1497 381 1563; x_wconf 89' lang='lat' dir='ltr'><strong>isti,</strong></span> <span class='ocrx_word' id='word_1_110' title='bbox 410 1499 502 1566; x_wconf 86' lang='lat' dir='ltr'><strong>qui</strong></span> <span class='ocrx_word' id='word_1_111' title='bbox 534 1498 850 1567; x_wconf 88' lang='lat' dir='ltr'><strong>loquuntur,</strong></span> <span class='ocrx_word' id='word_1_112' title='bbox 883 1497 1091 1553; x_wconf 70' lang='lat' dir='ltr'><strong>Galilaai</strong></span> <span class='ocrx_word' id='word_1_113' title='bbox 1120 1507 1267 1561; x_wconf 88' lang='lat' dir='ltr'><strong>sunt,</strong></span> <span class='ocrx_word' id='word_1_114' title='bbox 1297 1507 1351 1552; x_wconf 89' lang='lat' dir='ltr'><strong>et</strong></span> <span class='ocrx_word' id='word_1_115' title='bbox 1380 1499 1655 1568; x_wconf 89' lang='lat' dir='ltr'><strong>quomodo</strong></span> 
     </span>
    </p>
   </div>
   <div class='ocr_carea' id='block_1_17' title="bbox 91 1593 1654 1665">
    <p class='ocr_par' dir='ltr' id='par_1_17' title="bbox 91 1593 1654 1665">
     <span class='ocr_line' id='line_1_17' title="bbox 91 1593 1654 1665; baseline 0.001 -16"><span class='ocrx_word' id='word_1_116' title='bbox 91 1611 167 1649; x_wconf 86' lang='lat' dir='ltr'><strong>nos</strong></span> <span class='ocrx_word' id='word_1_117' title='bbox 187 1594 480 1649; x_wconf 74' lang='lat' dir='ltr'><strong>audivimus</strong></span> <span class='ocrx_word' id='word_1_118' title='bbox 509 1595 879 1664; x_wconf 79' lang='lat' dir='ltr'><strong>unusquisque</strong></span> <span class='ocrx_word' id='word_1_119' title='bbox 908 1593 1143 1664; x_wconf 79' lang='lat' dir='ltr'><strong>linguam</strong></span> <span class='ocrx_word' id='word_1_120' title='bbox 1174 1604 1436 1661; x_wconf 90' lang='lat' dir='ltr'><strong>nostram,</strong></span> <span class='ocrx_word' id='word_1_121' title='bbox 1473 1596 1523 1649; x_wconf 95' lang='lat' dir='ltr'><strong>in</strong></span> <span class='ocrx_word' id='word_1_122' title='bbox 1550 1612 1654 1665; x_wconf 91' lang='lat' dir='ltr'><strong>qua</strong></span> 
     </span>
    </p>
   </div>
   <div class='ocr_carea' id='block_1_18' title="bbox 92 1685 1655 1756">
    <p class='ocr_par' dir='ltr' id='par_1_18' title="bbox 92 1685 1655 1756">
     <span class='ocr_line' id='line_1_18' title="bbox 92 1685 1655 1756; baseline 0.001 -17"><span class='ocrx_word' id='word_1_123' title='bbox 92 1685 175 1739; x_wconf 79' lang='lat' dir='ltr'><strong>nati</strong></span> <span class='ocrx_word' id='word_1_124' title='bbox 204 1685 419 1739; x_wconf 87' lang='lat' dir='ltr'><strong>sumus?</strong></span> <span class='ocrx_word' id='word_1_125' title='bbox 448 1685 659 1751; x_wconf 82' lang='lat' dir='ltr'><strong>Parthi,</strong></span> <span class='ocrx_word' id='word_1_126' title='bbox 685 1697 737 1739; x_wconf 92' lang='lat' dir='ltr'><strong>et</strong></span> <span class='ocrx_word' id='word_1_127' title='bbox 765 1685 925 1751; x_wconf 81' lang='lat' dir='ltr'><strong>Medi,</strong></span> <span class='ocrx_word' id='word_1_128' title='bbox 958 1696 1009 1740; x_wconf 92' lang='lat' dir='ltr'><strong>et</strong></span> <span class='ocrx_word' id='word_1_129' title='bbox 1041 1685 1329 1749; x_wconf 66' lang='lat' dir='ltr'><strong>Ailamitm,</strong></span> <span class='ocrx_word' id='word_1_130' title='bbox 1360 1697 1409 1739; x_wconf 93' lang='lat' dir='ltr'><strong>et</strong></span> <span class='ocrx_word' id='word_1_131' title='bbox 1442 1689 1528 1756; x_wconf 89' lang='lat' dir='ltr'><strong>qui</strong></span> <span class='ocrx_word' id='word_1_132' title='bbox 1560 1689 1655 1740; x_wconf 89' lang='lat' dir='ltr'><strong>ha-</strong></span> 
     </span>
    </p>
   </div>
   <div class='ocr_carea' id='block_1_19' title="bbox 1756 472 3353 543">
    <p class='ocr_par' dir='ltr' id='par_1_19' title="bbox 1756 472 3353 543">
     <span class='ocr_line' id='line_1_19' title="bbox 1756 472 3353 543; baseline 0.004 -18"><span class='ocrx_word' id='word_1_133' title='bbox 1756 486 1920 541; x_wconf 90' lang='lat' dir='ltr'><strong>super</strong></span> <span class='ocrx_word' id='word_1_134' title='bbox 1949 472 2134 525; x_wconf 75' lang='lat' dir='ltr'><strong>sedem</strong></span> <span class='ocrx_word' id='word_1_135' title='bbox 2166 473 2320 542; x_wconf 89' lang='lat' dir='ltr'><strong>ejus:</strong></span> <span class='ocrx_word' id='word_1_136' title='bbox 2351 474 2644 543; x_wconf 87' lang='lat' dir='ltr'><strong>providens</strong></span> <span class='ocrx_word' id='word_1_137' title='bbox 2675 475 2883 529; x_wconf 89' lang='lat' dir='ltr'><strong>loculus</strong></span> <span class='ocrx_word' id='word_1_138' title='bbox 2911 485 2993 529; x_wconf 89' lang='lat' dir='ltr'><strong>est</strong></span> <span class='ocrx_word' id='word_1_139' title='bbox 3025 476 3091 529; x_wconf 91' lang='lat' dir='ltr'><strong>de</strong></span> <span class='ocrx_word' id='word_1_140' title='bbox 3112 491 3353 531; x_wconf 85' lang='lat' dir='ltr'><strong>resurre-</strong></span> 
     </span>
    </p>
   </div>
   <div class='ocr_carea' id='block_1_20' title="bbox 1754 565 3354 637">
    <p class='ocr_par' dir='ltr' id='par_1_20' title="bbox 1754 565 3354 637">
     <span class='ocr_line' id='line_1_20' title="bbox 1754 565 3354 637; baseline 0.003 -18"><span class='ocrx_word' id='word_1_141' title='bbox 1754 566 1933 620; x_wconf 89' lang='lat' dir='ltr'><strong>ctione</strong></span> <span class='ocrx_word' id='word_1_142' title='bbox 1960 565 2185 634; x_wconf 86' lang='lat' dir='ltr'><strong>Christi,</strong></span> <span class='ocrx_word' id='word_1_143' title='bbox 2227 566 2352 637; x_wconf 87' lang='lat' dir='ltr'><strong>quia</strong></span> <span class='ocrx_word' id='word_1_144' title='bbox 2393 582 2567 636; x_wconf 91' lang='lat' dir='ltr'><strong>neque</strong></span> <span class='ocrx_word' id='word_1_145' title='bbox 2606 567 2903 622; x_wconf 90' lang='lat' dir='ltr'><strong>derelictus</strong></span> <span class='ocrx_word' id='word_1_146' title='bbox 2931 578 3010 622; x_wconf 85' lang='lat' dir='ltr'><strong>est</strong></span> <span class='ocrx_word' id='word_1_147' title='bbox 3041 570 3091 623; x_wconf 92' lang='lat' dir='ltr'><strong>in</strong></span> <span class='ocrx_word' id='word_1_148' title='bbox 3121 569 3354 634; x_wconf 82' lang='lat' dir='ltr'><strong>inferno,</strong></span> 
     </span>
    </p>
   </div>
   <div class='ocr_carea' id='block_1_21' title="bbox 1755 659 3359 729">
    <p class='ocr_par' dir='ltr' id='par_1_21' title="bbox 1755 659 3359 729">
     <span class='ocr_line' id='line_1_21' title="bbox 1755 659 3359 729; baseline 0.003 -17"><span class='ocrx_word' id='word_1_149' title='bbox 1755 674 1929 727; x_wconf 85' lang='lat' dir='ltr'><strong>neque</strong></span> <span class='ocrx_word' id='word_1_150' title='bbox 1956 674 2083 713; x_wconf 84' lang='lat' dir='ltr'><strong>c.tro</strong></span> <span class='ocrx_word' id='word_1_151' title='bbox 2112 659 2231 727; x_wconf 90' lang='lat' dir='ltr'><strong>ejus</strong></span> <span class='ocrx_word' id='word_1_152' title='bbox 2264 659 2397 714; x_wconf 90' lang='lat' dir='ltr'><strong>vidit</strong></span> <span class='ocrx_word' id='word_1_153' title='bbox 2417 661 2839 729; x_wconf 88' lang='lat' dir='ltr'><strong>corruptionem.</strong></span> <span class='ocrx_word' id='word_1_154' title='bbox 2875 661 3026 715; x_wconf 82' lang='lat' dir='ltr'><strong>Hunc</strong></span> <span class='ocrx_word' id='word_1_155' title='bbox 3056 661 3237 717; x_wconf 90' lang='lat' dir='ltr'><strong>Jesum</strong></span> <span class='ocrx_word' id='word_1_156' title='bbox 3269 677 3359 717; x_wconf 89' lang='lat' dir='ltr'><strong>re-</strong></span> 
     </span>
    </p>
   </div>
   <div class='ocr_carea' id='block_1_22' title="bbox 1754 751 3359 820">
    <p class='ocr_par' dir='ltr' id='par_1_22' title="bbox 1754 751 3359 820">
     <span class='ocr_line' id='line_1_22' title="bbox 1754 751 3359 820; baseline 0.004 -15"><span class='ocrx_word' id='word_1_157' title='bbox 1754 751 2035 805; x_wconf 90' lang='lat' dir='ltr'><strong>suscitavit</strong></span> <span class='ocrx_word' id='word_1_158' title='bbox 2063 751 2225 817; x_wconf 86' lang='lat' dir='ltr'><strong>Deus,</strong></span> <span class='ocrx_word' id='word_1_159' title='bbox 2258 752 2411 820; x_wconf 87' lang='lat' dir='ltr'><strong>cujus</strong></span> <span class='ocrx_word' id='word_1_160' title='bbox 2441 767 2634 808; x_wconf 88' lang='lat' dir='ltr'><strong>omnes</strong></span> <span class='ocrx_word' id='word_1_161' title='bbox 2666 768 2766 807; x_wconf 92' lang='lat' dir='ltr'><strong>nos</strong></span> <span class='ocrx_word' id='word_1_162' title='bbox 2790 763 2956 808; x_wconf 90' lang='lat' dir='ltr'><strong>testes</strong></span> <span class='ocrx_word' id='word_1_163' title='bbox 2979 770 3188 810; x_wconf 89' lang='lat' dir='ltr'><strong>sumus.</strong></span> <span class='ocrx_word' id='word_1_164' title='bbox 3218 756 3359 811; x_wconf 89' lang='lat' dir='ltr'><strong>Dex-</strong></span> 
     </span>
    </p>
   </div>
   <div class='ocr_carea' id='block_1_23' title="bbox 1758 844 3359 918">
    <p class='ocr_par' dir='ltr' id='par_1_23' title="bbox 1758 844 3359 918">
     <span class='ocr_line' id='line_1_23' title="bbox 1758 844 3359 918; baseline 0.004 -20"><span class='ocrx_word' id='word_1_165' title='bbox 1758 854 1869 898; x_wconf 90' lang='lat' dir='ltr'><strong>tera</strong></span> <span class='ocrx_word' id='word_1_166' title='bbox 1900 845 2059 913; x_wconf 83' lang='lat' dir='ltr'><strong>igitur</strong></span> <span class='ocrx_word' id='word_1_167' title='bbox 2082 844 2175 899; x_wconf 89' lang='lat' dir='ltr'><strong>Dei</strong></span> <span class='ocrx_word' id='word_1_168' title='bbox 2198 845 2487 911; x_wconf 79' lang='lat' dir='ltr'><strong>exaltatus,</strong></span> <span class='ocrx_word' id='word_1_169' title='bbox 2513 855 2566 899; x_wconf 89' lang='lat' dir='ltr'><strong>et</strong></span> <span class='ocrx_word' id='word_1_170' title='bbox 2592 848 2953 914; x_wconf 88' lang='lat' dir='ltr'><strong>promissione</strong></span> <span class='ocrx_word' id='word_1_171' title='bbox 2975 848 3209 918; x_wconf 89' lang='lat' dir='ltr'><strong>Spiritus</strong></span> <span class='ocrx_word' id='word_1_172' title='bbox 3234 865 3359 905; x_wconf 89' lang='lat' dir='ltr'><strong>san-</strong></span> 
     </span>
    </p>
   </div>
   <div class='ocr_carea' id='block_1_24' title="bbox 1756 938 3353 1010">
    <p class='ocr_par' dir='ltr' id='par_1_24' title="bbox 1756 938 3353 1010">
     <span class='ocr_line' id='line_1_24' title="bbox 1756 938 3353 1010; baseline 0.003 -17"><span class='ocrx_word' id='word_1_173' title='bbox 1756 938 1827 993; x_wconf 86' lang='lat' dir='ltr'><strong>cti</strong></span> <span class='ocrx_word' id='word_1_174' title='bbox 1870 947 2094 1008; x_wconf 87' lang='lat' dir='ltr'><strong>accepta</strong></span> <span class='ocrx_word' id='word_1_175' title='bbox 2124 954 2151 991; x_wconf 90' lang='lat' dir='ltr'><strong>a</strong></span> <span class='ocrx_word' id='word_1_176' title='bbox 2185 938 2367 1003; x_wconf 87' lang='lat' dir='ltr'><strong>Patre,</strong></span> <span class='ocrx_word' id='word_1_177' title='bbox 2401 939 2590 993; x_wconf 82' lang='lat' dir='ltr'><strong>el&#39;l’ndit</strong></span> <span class='ocrx_word' id='word_1_178' title='bbox 2622 940 2787 1006; x_wconf 90' lang='lat' dir='ltr'><strong>hunc,</strong></span> <span class='ocrx_word' id='word_1_179' title='bbox 2816 956 2975 1010; x_wconf 88' lang='lat' dir='ltr'><strong>quem</strong></span> <span class='ocrx_word' id='word_1_180' title='bbox 3006 956 3102 996; x_wconf 83' lang='lat' dir='ltr'><strong>vos</strong></span> <span class='ocrx_word' id='word_1_181' title='bbox 3132 943 3353 1008; x_wconf 88' lang='lat' dir='ltr'><strong>videtis,</strong></span> 
     </span>
    </p>
   </div>
   <div class='ocr_carea' id='block_1_25' title="bbox 1755 1030 3358 1091">
    <p class='ocr_par' dir='ltr' id='par_1_25' title="bbox 1755 1030 3358 1091">
     <span class='ocr_line' id='line_1_25' title="bbox 1755 1030 3358 1091; baseline 0.004 -6"><span class='ocrx_word' id='word_1_182' title='bbox 1755 1040 1810 1085; x_wconf 88' lang='lat' dir='ltr'><strong>et</strong></span> <span class='ocrx_word' id='word_1_183' title='bbox 1836 1030 2057 1084; x_wconf 86' lang='lat' dir='ltr'><strong>auditis.</strong></span> <span class='ocrx_word' id='word_1_184' title='bbox 2099 1030 2214 1085; x_wconf 87' lang='lat' dir='ltr'><strong>Non</strong></span> <span class='ocrx_word' id='word_1_185' title='bbox 2246 1032 2386 1086; x_wconf 90' lang='lat' dir='ltr'><strong>enim</strong></span> <span class='ocrx_word' id='word_1_186' title='bbox 2432 1032 2600 1086; x_wconf 87' lang='lat' dir='ltr'><strong>David</strong></span> <span class='ocrx_word' id='word_1_187' title='bbox 2632 1033 2876 1088; x_wconf 88' lang='lat' dir='ltr'><strong>ascendit</strong></span> <span class='ocrx_word' id='word_1_188' title='bbox 2909 1035 2959 1088; x_wconf 92' lang='lat' dir='ltr'><strong>in</strong></span> <span class='ocrx_word' id='word_1_189' title='bbox 2991 1036 3189 1089; x_wconf 73' lang='lat' dir='ltr'><strong>emtum</strong></span> <span class='ocrx_word' id='word_1_190' title='bbox 3226 1053 3239 1088; x_wconf 94' lang='lat'>:</span> <span class='ocrx_word' id='word_1_191' title='bbox 3271 1037 3358 1091; x_wconf 91' lang='lat' dir='ltr'><strong>di-</strong></span> 
     </span>
    </p>
   </div>
   <div class='ocr_carea' id='block_1_26' title="bbox 1756 1123 3356 1192">
    <p class='ocr_par' dir='ltr' id='par_1_26' title="bbox 1756 1123 3356 1192">
     <span class='ocr_line' id='line_1_26' title="bbox 1756 1123 3356 1192; baseline 0.008 -17"><span class='ocrx_word' id='word_1_192' title='bbox 1756 1123 1832 1175; x_wconf 92' lang='lat' dir='ltr'><strong>xit</strong></span> <span class='ocrx_word' id='word_1_193' title='bbox 1858 1132 2036 1177; x_wconf 90' lang='lat' dir='ltr'><strong>autem</strong></span> <span class='ocrx_word' id='word_1_194' title='bbox 2064 1123 2180 1192; x_wconf 90' lang='lat' dir='ltr'><strong>ipse</strong></span> <span class='ocrx_word' id='word_1_195' title='bbox 2214 1141 2227 1176; x_wconf 89' lang='lat'><strong>:</strong></span> <span class='ocrx_word' id='word_1_196' title='bbox 2264 1124 2405 1179; x_wconf 82' lang='lat' dir='ltr'><strong>Dixit</strong></span> <span class='ocrx_word' id='word_1_197' title='bbox 2432 1126 2690 1180; x_wconf 89' lang='lat' dir='ltr'><strong>Dominus</strong></span> <span class='ocrx_word' id='word_1_198' title='bbox 2716 1126 2943 1181; x_wconf 89' lang='lat' dir='ltr'><strong>Domino</strong></span> <span class='ocrx_word' id='word_1_199' title='bbox 2973 1144 3092 1183; x_wconf 90' lang='lat' dir='ltr'><strong>meo</strong></span> <span class='ocrx_word' id='word_1_200' title='bbox 3118 1148 3130 1185; x_wconf 89' lang='lat'><strong>:</strong></span> <span class='ocrx_word' id='word_1_201' title='bbox 3157 1130 3298 1187; x_wconf 89' lang='lat' dir='ltr'><strong>Sede</strong></span> <span class='ocrx_word' id='word_1_202' title='bbox 3324 1148 3356 1186; x_wconf 86' lang='lat' dir='ltr'><strong>a</strong></span> 
     </span>
    </p>
   </div>
   <div class='ocr_carea' id='block_1_27' title="bbox 1757 1215 3356 1289">
    <p class='ocr_par' dir='ltr' id='par_1_27' title="bbox 1757 1215 3356 1289">
     <span class='ocr_line' id='line_1_27' title="bbox 1757 1215 3356 1289; baseline 0.006 -20"><span class='ocrx_word' id='word_1_203' title='bbox 1757 1215 1960 1269; x_wconf 82' lang='lat' dir='ltr'><strong>dextris</strong></span> <span class='ocrx_word' id='word_1_204' title='bbox 1996 1218 2154 1282; x_wconf 91' lang='lat' dir='ltr'><strong>meis,</strong></span> <span class='ocrx_word' id='word_1_205' title='bbox 2186 1218 2359 1273; x_wconf 90' lang='lat' dir='ltr'><strong>donec</strong></span> <span class='ocrx_word' id='word_1_206' title='bbox 2390 1236 2585 1289; x_wconf 89' lang='lat' dir='ltr'><strong>ponam</strong></span> <span class='ocrx_word' id='word_1_207' title='bbox 2625 1222 2871 1276; x_wconf 89' lang='lat' dir='ltr'><strong>inimicos</strong></span> <span class='ocrx_word' id='word_1_208' title='bbox 2898 1232 3020 1277; x_wconf 88' lang='lat' dir='ltr'><strong>tuos</strong></span> <span class='ocrx_word' id='word_1_209' title='bbox 3053 1225 3356 1279; x_wconf 88' lang='lat' dir='ltr'><strong>scabellum</strong></span> 
     </span>
    </p>
   </div>
   <div class='ocr_carea' id='block_1_28' title="bbox 1757 1308 3358 1385">
    <p class='ocr_par' dir='ltr' id='par_1_28' title="bbox 1757 1308 3358 1385">
     <span class='ocr_line' id='line_1_28' title="bbox 1757 1308 3358 1385; baseline 0.007 -25"><span class='ocrx_word' id='word_1_210' title='bbox 1757 1308 1956 1377; x_wconf 90' lang='lat' dir='ltr'><strong>pedum</strong></span> <span class='ocrx_word' id='word_1_211' title='bbox 1998 1318 2237 1363; x_wconf 91' lang='lat' dir='ltr'><strong>tuorum.</strong></span> <span class='ocrx_word' id='word_1_212' title='bbox 2281 1313 2599 1367; x_wconf 82' lang='lat' dir='ltr'><strong>Certissime</strong></span> <span class='ocrx_word' id='word_1_213' title='bbox 2627 1314 2762 1367; x_wconf 83' lang='lat' dir='ltr'><strong>sciat</strong></span> <span class='ocrx_word' id='word_1_214' title='bbox 2790 1330 2919 1385; x_wconf 89' lang='lat' dir='ltr'><strong>ergo</strong></span> <span class='ocrx_word' id='word_1_215' title='bbox 2950 1318 3127 1371; x_wconf 91' lang='lat' dir='ltr'><strong>omnis</strong></span> <span class='ocrx_word' id='word_1_216' title='bbox 3161 1318 3358 1373; x_wconf 88' lang='lat' dir='ltr'><strong>domus</strong></span> 
     </span>
    </p>
   </div>
   <div class='ocr_carea' id='block_1_29' title="bbox 1756 1398 3359 1471">
    <p class='ocr_par' dir='ltr' id='par_1_29' title="bbox 1756 1398 3359 1471">
     <span class='ocr_line' id='line_1_29' title="bbox 1756 1398 3359 1471; baseline 0.007 -18"><span class='ocrx_word' id='word_1_217' title='bbox 1756 1398 1943 1465; x_wconf 87' lang='lat' dir='ltr'><strong>Israel,</strong></span> <span class='ocrx_word' id='word_1_218' title='bbox 1994 1401 2118 1471; x_wconf 89' lang='lat' dir='ltr'><strong>quia</strong></span> <span class='ocrx_word' id='word_1_219' title='bbox 2170 1411 2225 1456; x_wconf 90' lang='lat' dir='ltr'><strong>et</strong></span> <span class='ocrx_word' id='word_1_220' title='bbox 2275 1403 2561 1459; x_wconf 91' lang='lat' dir='ltr'><strong>Dominum</strong></span> <span class='ocrx_word' id='word_1_221' title='bbox 2610 1421 2759 1471; x_wconf 89' lang='lat' dir='ltr'><strong>eum,</strong></span> <span class='ocrx_word' id='word_1_222' title='bbox 2811 1416 2866 1461; x_wconf 89' lang='lat' dir='ltr'><strong>et</strong></span> <span class='ocrx_word' id='word_1_223' title='bbox 2909 1406 3185 1463; x_wconf 89' lang='lat' dir='ltr'><strong>Christum</strong></span> <span class='ocrx_word' id='word_1_224' title='bbox 3230 1409 3359 1465; x_wconf 81' lang='lat' dir='ltr'><strong>fecit</strong></span> 
     </span>
    </p>
   </div>
   <div class='ocr_carea' id='block_1_30' title="bbox 1758 1490 3359 1566">
    <p class='ocr_par' dir='ltr' id='par_1_30' title="bbox 1758 1490 3359 1566">
     <span class='ocr_line' id='line_1_30' title="bbox 1758 1490 3359 1566; baseline 0.007 -22"><span class='ocrx_word' id='word_1_225' title='bbox 1758 1490 1936 1560; x_wconf 88' lang='lat' dir='ltr'><strong>Deus,</strong></span> <span class='ocrx_word' id='word_1_226' title='bbox 1968 1493 2114 1548; x_wconf 89' lang='lat' dir='ltr'><strong>hunc</strong></span> <span class='ocrx_word' id='word_1_227' title='bbox 2152 1494 2374 1563; x_wconf 87' lang='lat' dir='ltr'><strong>Jesum,</strong></span> <span class='ocrx_word' id='word_1_228' title='bbox 2420 1513 2579 1566; x_wconf 93' lang='lat' dir='ltr'><strong>quem</strong></span> <span class='ocrx_word' id='word_1_229' title='bbox 2615 1514 2707 1552; x_wconf 87' lang='lat' dir='ltr'><strong>vos</strong></span> <span class='ocrx_word' id='word_1_230' title='bbox 2735 1500 3103 1555; x_wconf 81' lang='lat' dir='ltr'><strong>cruciﬁxistis.</strong></span> <span class='ocrx_word' id='word_1_231' title='bbox 3144 1503 3233 1556; x_wconf 89' lang='lat' dir='ltr'><strong>llis</strong></span> <span class='ocrx_word' id='word_1_232' title='bbox 3260 1519 3359 1556; x_wconf 90' lang='lat' dir='ltr'><strong>an-</strong></span> 
     </span>
    </p>
   </div>
   <div class='ocr_carea' id='block_1_31' title="bbox 1760 1586 3358 1657">
    <p class='ocr_par' dir='ltr' id='par_1_31' title="bbox 1760 1586 3358 1657">
     <span class='ocr_line' id='line_1_31' title="bbox 1760 1586 3358 1657; baseline 0.009 -21"><span class='ocrx_word' id='word_1_233' title='bbox 1760 1594 1866 1638; x_wconf 91' lang='lat' dir='ltr'><strong>tem</strong></span> <span class='ocrx_word' id='word_1_234' title='bbox 1904 1586 2125 1653; x_wconf 89' lang='lat' dir='ltr'><strong>auditis,</strong></span> <span class='ocrx_word' id='word_1_235' title='bbox 2170 1591 2477 1657; x_wconf 91' lang='lat' dir='ltr'><strong>compuncti</strong></span> <span class='ocrx_word' id='word_1_236' title='bbox 2524 1600 2649 1644; x_wconf 91' lang='lat' dir='ltr'><strong>sunt</strong></span> <span class='ocrx_word' id='word_1_237' title='bbox 2687 1592 2874 1655; x_wconf 80' lang='lat' dir='ltr'><strong>corde,</strong></span> <span class='ocrx_word' id='word_1_238' title='bbox 2917 1604 2971 1648; x_wconf 90' lang='lat' dir='ltr'><strong>et</strong></span> <span class='ocrx_word' id='word_1_239' title='bbox 2999 1595 3250 1649; x_wconf 89' lang='lat' dir='ltr'><strong>dixerunt</strong></span> <span class='ocrx_word' id='word_1_240' title='bbox 3287 1595 3358 1651; x_wconf 88' lang='lat' dir='ltr'><strong>ad</strong></span> 
     </span>
    </p>
   </div>
   <div class='ocr_carea' id='block_1_32' title="bbox 1760 1680 3354 1753">
    <p class='ocr_par' dir='ltr' id='par_1_32' title="bbox 1760 1680 3354 1753">
     <span class='ocr_line' id='line_1_32' title="bbox 1760 1680 3354 1753; baseline 0.005 -20"><span class='ocrx_word' id='word_1_241' title='bbox 1760 1680 2000 1747; x_wconf 85' lang='lat' dir='ltr'><strong>Petrum,</strong></span> <span class='ocrx_word' id='word_1_242' title='bbox 2044 1690 2098 1734; x_wconf 89' lang='lat' dir='ltr'><strong>et</strong></span> <span class='ocrx_word' id='word_1_243' title='bbox 2138 1682 2203 1735; x_wconf 89' lang='lat' dir='ltr'><strong>ad</strong></span> <span class='ocrx_word' id='word_1_244' title='bbox 2242 1682 2484 1751; x_wconf 84' lang='lat' dir='ltr'><strong>reliquos</strong></span> <span class='ocrx_word' id='word_1_245' title='bbox 2524 1685 2800 1752; x_wconf 88' lang='lat' dir='ltr'><strong>apostolos</strong></span> <span class='ocrx_word' id='word_1_246' title='bbox 2838 1702 2851 1737; x_wconf 89' lang='lat'>:</span> <span class='ocrx_word' id='word_1_247' title='bbox 2897 1686 3036 1751; x_wconf 89' lang='lat' dir='ltr'><strong>Quid</strong></span> <span class='ocrx_word' id='word_1_248' title='bbox 3071 1688 3354 1753; x_wconf 82' lang='lat' dir='ltr'><strong>faciemus,</strong></span> 
     </span>
    </p>
   </div>
   <div class='ocr_carea' id='block_1_33' title="bbox 90 1770 3356 1850">
    <p class='ocr_par' dir='ltr' id='par_1_33' title="bbox 90 1770 3356 1850">
     <span class='ocr_line' id='line_1_33' title="bbox 90 1770 3356 1850; baseline 0.004 -29"><span class='ocrx_word' id='word_1_249' title='bbox 90 1779 233 1833; x_wconf 66' lang='lat' dir='ltr'><strong>bium</strong></span> <span class='ocrx_word' id='word_1_250' title='bbox 273 1779 754 1849; x_wconf 67' lang='lat' dir='ltr'><strong>Mesopmanﬁam,</strong></span> <span class='ocrx_word' id='word_1_251' title='bbox 799 1778 1039 1833; x_wconf 59' lang='lat' dir='ltr'><strong>Judmam</strong></span> <span class='ocrx_word' id='word_1_252' title='bbox 1062 1819 1076 1843; x_wconf 63' lang='lat'><strong>’</strong></span> <span class='ocrx_word' id='word_1_253' title='bbox 1117 1789 1168 1833; x_wconf 65' lang='lat' dir='ltr'><strong>et</strong></span> <span class='ocrx_word' id='word_1_254' title='bbox 1212 1778 1610 1849; x_wconf 70' lang='lat' dir='ltr'><strong>Cappadociam</strong></span> <span class='ocrx_word' id='word_1_255' title='bbox 1634 1822 1649 1845; x_wconf 48' lang='grc' dir='ltr'><strong>ν</strong></span> <span class='ocrx_word' id='word_1_256' title='bbox 1683 1772 1731 1831; x_wconf 82' lang='grc' dir='ltr'><strong>Β</strong></span> <span class='ocrx_word' id='word_1_257' title='bbox 1758 1770 1857 1824; x_wconf 88' lang='lat' dir='ltr'><strong>viri</strong></span> <span class='ocrx_word' id='word_1_258' title='bbox 1888 1770 2127 1827; x_wconf 57' lang='lat' dir='ltr'><strong>&quot;QUOS?</strong></span> <span class='ocrx_word' id='word_1_259' title='bbox 2162 1773 2355 1827; x_wconf 73' lang='lat' dir='ltr'><strong>PCU‘US</strong></span> <span class='ocrx_word' id='word_1_260' title='bbox 2379 1790 2509 1830; x_wconf 74' lang='lat' dir='ltr'><strong>VCI‘O</strong></span> <span class='ocrx_word' id='word_1_261' title='bbox 2533 1775 2598 1829; x_wconf 90' lang='lat' dir='ltr'><strong>ad</strong></span> <span class='ocrx_word' id='word_1_262' title='bbox 2632 1776 2751 1830; x_wconf 71' lang='lat' dir='ltr'><strong>“IOS</strong></span> <span class='ocrx_word' id='word_1_263' title='bbox 2785 1793 2799 1833; x_wconf 71' lang='grc' dir='ltr'>ἒ</span> <span class='ocrx_word' id='word_1_264' title='bbox 2838 1778 3218 1833; x_wconf 69' lang='lat' dir='ltr'><strong>Pmnitentiam</strong></span> <span class='ocrx_word' id='word_1_265' title='bbox 3250 1780 3356 1850; x_wconf 82' lang='grc' dir='ltr'>(ἰιι-</span> 
     </span>
    </p>
   </div>
   <div class='ocr_carea' id='block_1_34' title="bbox 90 1869 1652 1943">
    <p class='ocr_par' dir='ltr' id='par_1_34' title="bbox 90 1869 1652 1943">
     <span class='ocr_line' id='line_1_34' title="bbox 90 1869 1652 1943; baseline -0.001 -15"><span class='ocrx_word' id='word_1_266' title='bbox 90 1872 304 1939; x_wconf 87' lang='lat' dir='ltr'><strong>Pontum,</strong></span> <span class='ocrx_word' id='word_1_267' title='bbox 326 1882 379 1928; x_wconf 90' lang='lat' dir='ltr'><strong>et</strong></span> <span class='ocrx_word' id='word_1_268' title='bbox 402 1872 614 1937; x_wconf 86' lang='lat' dir='ltr'><strong>Asiam,</strong></span> <span class='ocrx_word' id='word_1_269' title='bbox 644 1872 957 1943; x_wconf 80' lang='lat' dir='ltr'><strong>Phrygiam,</strong></span> <span class='ocrx_word' id='word_1_270' title='bbox 985 1881 1040 1927; x_wconf 91' lang='lat' dir='ltr'><strong>et</strong></span> <span class='ocrx_word' id='word_1_271' title='bbox 1063 1871 1459 1942; x_wconf 85' lang='lat' dir='ltr'><strong>Pamphyliam,</strong></span> <span class='ocrx_word' id='word_1_272' title='bbox 1484 1869 1652 1943; x_wconf 68' lang='lat' dir='ltr'><strong>Egy-</strong></span> 
     </span>
    </p>
   </div>
   <div class='ocr_carea' id='block_1_35' title="bbox 90 1962 1653 2036">
    <p class='ocr_par' dir='ltr' id='par_1_35' title="bbox 90 1962 1653 2036">
     <span class='ocr_line' id='line_1_35' title="bbox 90 1962 1653 2036; baseline 0 -17"><span class='ocrx_word' id='word_1_273' title='bbox 90 1976 239 2036; x_wconf 89' lang='lat' dir='ltr'><strong>ptum,</strong></span> <span class='ocrx_word' id='word_1_274' title='bbox 277 1976 326 2020; x_wconf 92' lang='lat' dir='ltr'><strong>et</strong></span> <span class='ocrx_word' id='word_1_275' title='bbox 364 1976 547 2035; x_wconf 89' lang='lat' dir='ltr'><strong>partes</strong></span> <span class='ocrx_word' id='word_1_276' title='bbox 592 1964 801 2034; x_wconf 82' lang='lat' dir='ltr'><strong>Libyae,</strong></span> <span class='ocrx_word' id='word_1_277' title='bbox 832 1980 953 2034; x_wconf 84' lang='lat' dir='ltr'><strong>quae</strong></span> <span class='ocrx_word' id='word_1_278' title='bbox 985 1975 1066 2018; x_wconf 89' lang='lat' dir='ltr'><strong>est</strong></span> <span class='ocrx_word' id='word_1_279' title='bbox 1107 1965 1251 2017; x_wconf 90' lang='lat' dir='ltr'><strong>circa</strong></span> <span class='ocrx_word' id='word_1_280' title='bbox 1290 1962 1562 2034; x_wconf 86' lang='lat' dir='ltr'><strong>Cyrenen,</strong></span> <span class='ocrx_word' id='word_1_281' title='bbox 1598 1974 1653 2019; x_wconf 91' lang='lat' dir='ltr'><strong>et</strong></span> 
     </span>
    </p>
   </div>
   <div class='ocr_carea' id='block_1_36' title="bbox 93 2053 1650 2125">
    <p class='ocr_par' dir='ltr' id='par_1_36' title="bbox 93 2053 1650 2125">
     <span class='ocr_line' id='line_1_36' title="bbox 93 2053 1650 2125; baseline -0.001 -16"><span class='ocrx_word' id='word_1_282' title='bbox 93 2057 278 2111; x_wconf 67' lang='lat' dir='ltr'><strong>advena:</strong></span> <span class='ocrx_word' id='word_1_283' title='bbox 302 2056 552 2122; x_wconf 79' lang='lat' dir='ltr'><strong>Romani,</strong></span> <span class='ocrx_word' id='word_1_284' title='bbox 581 2055 755 2109; x_wconf 66' lang='lat' dir='ltr'><strong>Judaei</strong></span> <span class='ocrx_word' id='word_1_285' title='bbox 784 2071 1021 2125; x_wconf 91' lang='lat' dir='ltr'><strong>quoque,</strong></span> <span class='ocrx_word' id='word_1_286' title='bbox 1048 2066 1099 2109; x_wconf 92' lang='lat' dir='ltr'><strong>ct</strong></span> <span class='ocrx_word' id='word_1_287' title='bbox 1126 2054 1411 2125; x_wconf 86' lang='lat' dir='ltr'><strong>Proselyti,</strong></span> <span class='ocrx_word' id='word_1_288' title='bbox 1440 2053 1650 2121; x_wconf 91' lang='lat' dir='ltr'><strong>Cretes,</strong></span> 
     </span>
    </p>
   </div>
   <div class='ocr_carea' id='block_1_37' title="bbox 94 2148 1653 2218">
    <p class='ocr_par' dir='ltr' id='par_1_37' title="bbox 94 2148 1653 2218">
     <span class='ocr_line' id='line_1_37' title="bbox 94 2148 1653 2218; baseline -0.001 -15"><span class='ocrx_word' id='word_1_289' title='bbox 94 2160 136 2203; x_wconf 87' lang='lat' dir='ltr'><strong>et</strong></span> <span class='ocrx_word' id='word_1_290' title='bbox 161 2149 338 2205; x_wconf 72' lang='lat' dir='ltr'><strong>Arabes</strong></span> <span class='ocrx_word' id='word_1_291' title='bbox 369 2168 381 2202; x_wconf 92' lang='lat'>:</span> <span class='ocrx_word' id='word_1_292' title='bbox 415 2149 728 2203; x_wconf 84' lang='lat' dir='ltr'><strong>audivimus</strong></span> <span class='ocrx_word' id='word_1_293' title='bbox 768 2164 863 2203; x_wconf 92' lang='lat' dir='ltr'><strong>eos</strong></span> <span class='ocrx_word' id='word_1_294' title='bbox 894 2148 1178 2218; x_wconf 90' lang='lat' dir='ltr'><strong>loquentes</strong></span> <span class='ocrx_word' id='word_1_295' title='bbox 1214 2148 1412 2201; x_wconf 86' lang='lat' dir='ltr'><strong>nostris</strong></span> <span class='ocrx_word' id='word_1_296' title='bbox 1459 2148 1653 2216; x_wconf 91' lang='lat' dir='ltr'><strong>linguis</strong></span> 
     </span>
    </p>
   </div>
   <div class='ocr_carea' id='block_1_38' title="bbox 96 2240 1655 2310">
    <p class='ocr_par' dir='ltr' id='par_1_38' title="bbox 96 2240 1655 2310">
     <span class='ocr_line' id='line_1_38' title="bbox 96 2240 1655 2310; baseline -0.001 -17"><span class='ocrx_word' id='word_1_297' title='bbox 96 2240 315 2309; x_wconf 81' lang='lat' dir='ltr'><strong>inagnalia</strong></span> <span class='ocrx_word' id='word_1_298' title='bbox 345 2240 459 2294; x_wconf 91' lang='lat' dir='ltr'><strong>Dei.</strong></span> <span class='ocrx_word' id='word_1_299' title='bbox 492 2240 800 2310; x_wconf 87' lang='lat' dir='ltr'><strong>Stupebant</strong></span> <span class='ocrx_word' id='word_1_300' title='bbox 838 2248 1015 2293; x_wconf 90' lang='lat' dir='ltr'><strong>autem</strong></span> <span class='ocrx_word' id='word_1_301' title='bbox 1056 2255 1267 2304; x_wconf 89' lang='lat' dir='ltr'><strong>omnes,</strong></span> <span class='ocrx_word' id='word_1_302' title='bbox 1303 2248 1358 2293; x_wconf 88' lang='lat' dir='ltr'><strong>et</strong></span> <span class='ocrx_word' id='word_1_303' title='bbox 1384 2240 1655 2292; x_wconf 89' lang='lat' dir='ltr'><strong>miraban-</strong></span> 
     </span>
    </p>
   </div>
   <div class='ocr_carea' id='block_1_39' title="bbox 98 2330 1653 2399">
    <p class='ocr_par' dir='ltr' id='par_1_39' title="bbox 98 2330 1653 2399">
     <span class='ocr_line' id='line_1_39' title="bbox 98 2330 1653 2399; baseline 0 -16"><span class='ocrx_word' id='word_1_304' title='bbox 98 2342 161 2383; x_wconf 90' lang='lat' dir='ltr'><strong>tur</strong></span> <span class='ocrx_word' id='word_1_305' title='bbox 194 2332 251 2385; x_wconf 89' lang='lat' dir='ltr'><strong>ad</strong></span> <span class='ocrx_word' id='word_1_306' title='bbox 292 2333 516 2387; x_wconf 89' lang='lat' dir='ltr'><strong>invicem</strong></span> <span class='ocrx_word' id='word_1_307' title='bbox 562 2332 811 2388; x_wconf 82' lang='lat' dir='ltr'><strong>dicentes</strong></span> <span class='ocrx_word' id='word_1_308' title='bbox 851 2350 862 2383; x_wconf 87' lang='lat'><strong>:</strong></span> <span class='ocrx_word' id='word_1_309' title='bbox 907 2331 1170 2399; x_wconf 79' lang='lat' dir='ltr'><strong>Quidnam</strong></span> <span class='ocrx_word' id='word_1_310' title='bbox 1220 2331 1329 2384; x_wconf 87' lang='lat' dir='ltr'><strong>vult</strong></span> <span class='ocrx_word' id='word_1_311' title='bbox 1362 2330 1464 2385; x_wconf 93' lang='lat' dir='ltr'><strong>hoc</strong></span> <span class='ocrx_word' id='word_1_312' title='bbox 1498 2331 1653 2387; x_wconf 86' lang='lat' dir='ltr'><strong>esse?</strong></span> 
     </span>
    </p>
   </div>
   <div class='ocr_carea' id='block_1_40' title="bbox 96 2423 1657 2493">
    <p class='ocr_par' dir='ltr' id='par_1_40' title="bbox 96 2423 1657 2493">
     <span class='ocr_line' id='line_1_40' title="bbox 96 2423 1657 2493; baseline 0.002 -17"><span class='ocrx_word' id='word_1_313' title='bbox 96 2423 348 2479; x_wconf 82' lang='lat' dir='ltr'><strong>Aliiautem</strong></span> <span class='ocrx_word' id='word_1_314' title='bbox 374 2424 673 2480; x_wconf 89' lang='lat' dir='ltr'><strong>irridentes</strong></span> <span class='ocrx_word' id='word_1_315' title='bbox 694 2423 947 2479; x_wconf 91' lang='lat' dir='ltr'><strong>dicebant</strong></span> <span class='ocrx_word' id='word_1_316' title='bbox 972 2442 984 2477; x_wconf 91' lang='lat'><strong>:</strong></span> <span class='ocrx_word' id='word_1_317' title='bbox 1011 2424 1131 2493; x_wconf 86' lang='lat' dir='ltr'><strong>quia</strong></span> <span class='ocrx_word' id='word_1_318' title='bbox 1156 2434 1337 2478; x_wconf 90' lang='lat' dir='ltr'><strong>musto</strong></span> <span class='ocrx_word' id='word_1_319' title='bbox 1361 2424 1504 2493; x_wconf 92' lang='lat' dir='ltr'><strong>pleni</strong></span> <span class='ocrx_word' id='word_1_320' title='bbox 1528 2434 1657 2479; x_wconf 90' lang='lat' dir='ltr'><strong>sunt</strong></span> 
     </span>
    </p>
   </div>
   <div class='ocr_carea' id='block_1_41' title="bbox 98 2516 1653 2579">
    <p class='ocr_par' dir='ltr' id='par_1_41' title="bbox 98 2516 1653 2579">
     <span class='ocr_line' id='line_1_41' title="bbox 98 2516 1653 2579; baseline 0.001 -11"><span class='ocrx_word' id='word_1_321' title='bbox 98 2516 177 2569; x_wconf 85' lang='lat' dir='ltr'><strong>isti.</strong></span> <span class='ocrx_word' id='word_1_322' title='bbox 198 2516 339 2572; x_wconf 85' lang='lat' dir='ltr'><strong>Stans</strong></span> <span class='ocrx_word' id='word_1_323' title='bbox 368 2526 547 2572; x_wconf 88' lang='lat' dir='ltr'><strong>autem</strong></span> <span class='ocrx_word' id='word_1_324' title='bbox 576 2517 776 2572; x_wconf 85' lang='lat' dir='ltr'><strong>Petrus</strong></span> <span class='ocrx_word' id='word_1_325' title='bbox 798 2532 919 2571; x_wconf 93' lang='lat' dir='ltr'><strong>cum</strong></span> <span class='ocrx_word' id='word_1_326' title='bbox 943 2516 1219 2579; x_wconf 88' lang='lat' dir='ltr'><strong>undecim,</strong></span> <span class='ocrx_word' id='word_1_327' title='bbox 1247 2517 1441 2571; x_wconf 85' lang='lat' dir='ltr'><strong>levavit</strong></span> <span class='ocrx_word' id='word_1_328' title='bbox 1465 2530 1653 2571; x_wconf 89' lang='lat' dir='ltr'><strong>vocem</strong></span> 
     </span>
    </p>
   </div>
   <div class='ocr_carea' id='block_1_42' title="bbox 97 2608 1656 2679">
    <p class='ocr_par' dir='ltr' id='par_1_42' title="bbox 97 2608 1656 2679">
     <span class='ocr_line' id='line_1_42' title="bbox 97 2608 1656 2679; baseline 0.002 -18"><span class='ocrx_word' id='word_1_329' title='bbox 97 2621 233 2675; x_wconf 86' lang='lat' dir='ltr'><strong>suam,</strong></span> <span class='ocrx_word' id='word_1_330' title='bbox 261 2620 310 2665; x_wconf 89' lang='lat' dir='ltr'><strong>et</strong></span> <span class='ocrx_word' id='word_1_331' title='bbox 335 2610 545 2665; x_wconf 88' lang='lat' dir='ltr'><strong>locutus</strong></span> <span class='ocrx_word' id='word_1_332' title='bbox 573 2618 665 2665; x_wconf 92' lang='lat' dir='ltr'><strong>est</strong></span> <span class='ocrx_word' id='word_1_333' title='bbox 694 2610 772 2665; x_wconf 91' lang='lat' dir='ltr'><strong>eis</strong></span> <span class='ocrx_word' id='word_1_334' title='bbox 804 2628 816 2664; x_wconf 91' lang='lat'>:</span> <span class='ocrx_word' id='word_1_335' title='bbox 854 2610 962 2663; x_wconf 74' lang='lat' dir='ltr'><strong>Viri</strong></span> <span class='ocrx_word' id='word_1_336' title='bbox 985 2609 1179 2677; x_wconf 65' lang='lat' dir='ltr'><strong>Judmi,</strong></span> <span class='ocrx_word' id='word_1_337' title='bbox 1206 2620 1260 2665; x_wconf 92' lang='lat' dir='ltr'><strong>et</strong></span> <span class='ocrx_word' id='word_1_338' title='bbox 1285 2611 1372 2679; x_wconf 90' lang='lat' dir='ltr'><strong>qui</strong></span> <span class='ocrx_word' id='word_1_339' title='bbox 1399 2608 1656 2664; x_wconf 89' lang='lat' dir='ltr'><strong>habitatis</strong></span> 
     </span>
    </p>
   </div>
   <div class='ocr_carea' id='block_1_43' title="bbox 98 2699 1656 2772">
    <p class='ocr_par' dir='ltr' id='par_1_43' title="bbox 98 2699 1656 2772">
     <span class='ocr_line' id='line_1_43' title="bbox 98 2699 1656 2772; baseline 0.005 -20"><span class='ocrx_word' id='word_1_340' title='bbox 98 2699 345 2758; x_wconf 83' lang='lat' dir='ltr'><strong>Jerusalem</strong></span> <span class='ocrx_word' id='word_1_341' title='bbox 377 2703 662 2771; x_wconf 89' lang='lat' dir='ltr'><strong>universi,</strong></span> <span class='ocrx_word' id='word_1_342' title='bbox 697 2703 797 2757; x_wconf 92' lang='lat' dir='ltr'><strong>hoc</strong></span> <span class='ocrx_word' id='word_1_343' title='bbox 826 2704 979 2758; x_wconf 89' lang='lat' dir='ltr'><strong>vobis</strong></span> <span class='ocrx_word' id='word_1_344' title='bbox 1009 2714 1195 2758; x_wconf 91' lang='lat' dir='ltr'><strong>notum</strong></span> <span class='ocrx_word' id='word_1_345' title='bbox 1225 2705 1322 2772; x_wconf 91' lang='lat' dir='ltr'><strong>sit,</strong></span> <span class='ocrx_word' id='word_1_346' title='bbox 1355 2714 1409 2759; x_wconf 83' lang='lat' dir='ltr'><strong>et</strong></span> <span class='ocrx_word' id='word_1_347' title='bbox 1434 2702 1656 2760; x_wconf 85' lang='lat' dir='ltr'><strong>auribus</strong></span> 
     </span>
    </p>
   </div>
   <div class='ocr_carea' id='block_1_44' title="bbox 101 2794 1655 2865">
    <p class='ocr_par' dir='ltr' id='par_1_44' title="bbox 101 2794 1655 2865">
     <span class='ocr_line' id='line_1_44' title="bbox 101 2794 1655 2865; baseline 0.005 -21"><span class='ocrx_word' id='word_1_348' title='bbox 101 2794 314 2865; x_wconf 79' lang='lat' dir='ltr'><strong>perripite</strong></span> <span class='ocrx_word' id='word_1_349' title='bbox 339 2796 499 2851; x_wconf 91' lang='lat' dir='ltr'><strong>verba</strong></span> <span class='ocrx_word' id='word_1_350' title='bbox 533 2811 685 2850; x_wconf 88' lang='lat' dir='ltr'><strong>mea.</strong></span> <span class='ocrx_word' id='word_1_351' title='bbox 718 2795 833 2850; x_wconf 86' lang='lat' dir='ltr'><strong>Non</strong></span> <span class='ocrx_word' id='word_1_352' title='bbox 862 2796 1029 2863; x_wconf 90' lang='lat' dir='ltr'><strong>enim,</strong></span> <span class='ocrx_word' id='word_1_353' title='bbox 1058 2798 1201 2851; x_wconf 90' lang='lat' dir='ltr'><strong>sicut</strong></span> <span class='ocrx_word' id='word_1_354' title='bbox 1233 2812 1328 2851; x_wconf 91' lang='lat' dir='ltr'><strong>vos</strong></span> <span class='ocrx_word' id='word_1_355' title='bbox 1348 2798 1655 2863; x_wconf 65' lang='lat' dir='ltr'><strong>aestimatis,</strong></span> 
     </span>
    </p>
   </div>
   <div class='ocr_carea' id='block_1_45' title="bbox 103 2883 1655 2959">
    <p class='ocr_par' dir='ltr' id='par_1_45' title="bbox 103 2883 1655 2959">
     <span class='ocr_line' id='line_1_45' title="bbox 103 2883 1655 2959; baseline 0.005 -21"><span class='ocrx_word' id='word_1_356' title='bbox 103 2883 142 2939; x_wconf 88' lang='lat' dir='ltr'><strong>hi</strong></span> <span class='ocrx_word' id='word_1_357' title='bbox 165 2887 278 2942; x_wconf 89' lang='lat' dir='ltr'><strong>ebrii</strong></span> <span class='ocrx_word' id='word_1_358' title='bbox 303 2899 444 2957; x_wconf 83' lang='lat' dir='ltr'><strong>sunt,</strong></span> <span class='ocrx_word' id='word_1_359' title='bbox 477 2904 613 2945; x_wconf 88' lang='lat' dir='ltr'><strong>cum</strong></span> <span class='ocrx_word' id='word_1_360' title='bbox 640 2890 709 2943; x_wconf 89' lang='lat' dir='ltr'><strong>sit</strong></span> <span class='ocrx_word' id='word_1_361' title='bbox 738 2889 868 2943; x_wconf 88' lang='lat' dir='ltr'><strong>hora</strong></span> <span class='ocrx_word' id='word_1_362' title='bbox 898 2891 1056 2944; x_wconf 89' lang='lat' dir='ltr'><strong>tertia</strong></span> <span class='ocrx_word' id='word_1_363' title='bbox 1093 2909 1105 2943; x_wconf 90' lang='lat'>:</span> <span class='ocrx_word' id='word_1_364' title='bbox 1134 2889 1228 2944; x_wconf 90' lang='lat' dir='ltr'><strong>sed</strong></span> <span class='ocrx_word' id='word_1_365' title='bbox 1256 2889 1358 2944; x_wconf 86' lang='lat' dir='ltr'><strong>hoc</strong></span> <span class='ocrx_word' id='word_1_366' title='bbox 1386 2901 1489 2955; x_wconf 83' lang='lat' dir='ltr'><strong>eSt,</strong></span> <span class='ocrx_word' id='word_1_367' title='bbox 1516 2890 1655 2959; x_wconf 90' lang='lat' dir='ltr'><strong>quod</strong></span> 
     </span>
    </p>
   </div>
   <div class='ocr_carea' id='block_1_46' title="bbox 102 2979 1657 3054">
    <p class='ocr_par' dir='ltr' id='par_1_46' title="bbox 102 2979 1657 3054">
     <span class='ocr_line' id='line_1_46' title="bbox 102 2979 1657 3054; baseline 0.006 -24"><span class='ocrx_word' id='word_1_368' title='bbox 102 2979 260 3034; x_wconf 82' lang='lat' dir='ltr'><strong>dictum</strong></span> <span class='ocrx_word' id='word_1_369' title='bbox 287 2994 363 3037; x_wconf 91' lang='lat' dir='ltr'><strong>est</strong></span> <span class='ocrx_word' id='word_1_370' title='bbox 384 2999 477 3053; x_wconf 89' lang='lat' dir='ltr'><strong>per</strong></span> <span class='ocrx_word' id='word_1_371' title='bbox 505 2983 841 3054; x_wconf 75' lang='lat' dir='ltr'><strong>prophetam</strong></span> <span class='ocrx_word' id='word_1_372' title='bbox 869 2984 985 3038; x_wconf 85' lang='lat' dir='ltr'><strong>Jnel</strong></span> <span class='ocrx_word' id='word_1_373' title='bbox 1014 3001 1027 3037; x_wconf 93' lang='lat'>:</span> <span class='ocrx_word' id='word_1_374' title='bbox 1060 2985 1123 3037; x_wconf 81' lang='lat' dir='ltr'><strong>Et</strong></span> <span class='ocrx_word' id='word_1_375' title='bbox 1145 2986 1249 3038; x_wconf 91' lang='lat' dir='ltr'><strong>erit</strong></span> <span class='ocrx_word' id='word_1_376' title='bbox 1273 2985 1325 3037; x_wconf 93' lang='lat' dir='ltr'><strong>in</strong></span> <span class='ocrx_word' id='word_1_377' title='bbox 1350 2984 1657 3040; x_wconf 68' lang='lat' dir='ltr'><strong>novissimis</strong></span> 
     </span>
    </p>
   </div>
   <div class='ocr_carea' id='block_1_47' title="bbox 104 3071 1655 3146">
    <p class='ocr_par' dir='ltr' id='par_1_47' title="bbox 104 3071 1655 3146">
     <span class='ocr_line' id='line_1_47' title="bbox 104 3071 1655 3146; baseline 0.005 -23"><span class='ocrx_word' id='word_1_378' title='bbox 104 3071 255 3129; x_wconf 87' lang='lat' dir='ltr'><strong>diebus</strong></span> <span class='ocrx_word' id='word_1_379' title='bbox 282 3075 422 3145; x_wconf 90' lang='lat' dir='ltr'><strong>(dicit</strong></span> <span class='ocrx_word' id='word_1_380' title='bbox 450 3075 1053 3146; x_wconf 77' lang='lat' dir='ltr'><strong>Dominus),eﬂ&#39;unilam</strong></span> <span class='ocrx_word' id='word_1_381' title='bbox 1084 3075 1151 3131; x_wconf 92' lang='lat' dir='ltr'><strong>de</strong></span> <span class='ocrx_word' id='word_1_382' title='bbox 1178 3076 1380 3146; x_wconf 89' lang='lat' dir='ltr'><strong>Spiritu</strong></span> <span class='ocrx_word' id='word_1_383' title='bbox 1413 3092 1533 3131; x_wconf 91' lang='lat' dir='ltr'><strong>meo</strong></span> <span class='ocrx_word' id='word_1_384' title='bbox 1562 3092 1655 3131; x_wconf 88' lang='lat' dir='ltr'><strong>su-</strong></span> 
     </span>
    </p>
   </div>
   <div class='ocr_carea' id='block_1_48' title="bbox 1756 1863 3357 1939">
    <p class='ocr_par' dir='ltr' id='par_1_48' title="bbox 1756 1863 3357 1939">
     <span class='ocr_line' id='line_1_48' title="bbox 1756 1863 3357 1939; baseline 0.007 -25"><span class='ocrx_word' id='word_1_385' title='bbox 1756 1863 1894 1933; x_wconf 89' lang='lat' dir='ltr'><strong>quit)</strong></span> <span class='ocrx_word' id='word_1_386' title='bbox 1922 1863 2085 1934; x_wconf 86' lang='lat' dir='ltr'><strong>agite,</strong></span> <span class='ocrx_word' id='word_1_387' title='bbox 2112 1874 2166 1919; x_wconf 89' lang='lat' dir='ltr'><strong>et</strong></span> <span class='ocrx_word' id='word_1_388' title='bbox 2190 1865 2493 1934; x_wconf 86' lang='lat' dir='ltr'><strong>baptizetur</strong></span> <span class='ocrx_word' id='word_1_389' title='bbox 2518 1871 2893 1939; x_wconf 86' lang='lat' dir='ltr'><strong>unusquisque</strong></span> <span class='ocrx_word' id='word_1_390' title='bbox 2917 1882 3157 1924; x_wconf 86' lang='lat' dir='ltr'><strong>vestrum</strong></span> <span class='ocrx_word' id='word_1_391' title='bbox 3184 1872 3235 1925; x_wconf 91' lang='lat' dir='ltr'><strong>in</strong></span> <span class='ocrx_word' id='word_1_392' title='bbox 3260 1889 3357 1925; x_wconf 86' lang='lat' dir='ltr'><strong>nn-</strong></span> 
     </span>
    </p>
   </div>
   <div class='ocr_carea' id='block_1_49' title="bbox 1757 1954 3358 2031">
    <p class='ocr_par' dir='ltr' id='par_1_49' title="bbox 1757 1954 3358 2031">
     <span class='ocr_line' id='line_1_49' title="bbox 1757 1954 3358 2031; baseline 0.007 -23"><span class='ocrx_word' id='word_1_393' title='bbox 1757 1956 1902 2008; x_wconf 89' lang='lat' dir='ltr'><strong>mine</strong></span> <span class='ocrx_word' id='word_1_394' title='bbox 1949 1956 2079 2010; x_wconf 87' lang='lat' dir='ltr'><strong>Jesu</strong></span> <span class='ocrx_word' id='word_1_395' title='bbox 2119 1954 2345 2025; x_wconf 91' lang='lat' dir='ltr'><strong>Christi,</strong></span> <span class='ocrx_word' id='word_1_396' title='bbox 2378 1958 2431 2011; x_wconf 93' lang='lat' dir='ltr'><strong>in</strong></span> <span class='ocrx_word' id='word_1_397' title='bbox 2470 1958 2846 2016; x_wconf 80' lang='lat' dir='ltr'><strong>remissionem</strong></span> <span class='ocrx_word' id='word_1_398' title='bbox 2880 1973 3231 2031; x_wconf 88' lang='lat' dir='ltr'><strong>peccatorum</strong></span> <span class='ocrx_word' id='word_1_399' title='bbox 3266 1980 3358 2019; x_wconf 85' lang='lat' dir='ltr'><strong>ve-</strong></span> 
     </span>
    </p>
   </div>
   <div class='ocr_carea' id='block_1_50' title="bbox 1756 2052 3355 2124">
    <p class='ocr_par' dir='ltr' id='par_1_50' title="bbox 1756 2052 3355 2124">
     <span class='ocr_line' id='line_1_50' title="bbox 1756 2052 3355 2124; baseline 0.008 -24"><span class='ocrx_word' id='word_1_400' title='bbox 1756 2055 1989 2102; x_wconf 85' lang='lat' dir='ltr'><strong>strorum</strong></span> <span class='ocrx_word' id='word_1_401' title='bbox 2026 2065 2040 2102; x_wconf 87' lang='lat'><strong>:</strong></span> <span class='ocrx_word' id='word_1_402' title='bbox 2073 2058 2125 2103; x_wconf 85' lang='lat' dir='ltr'><strong>et</strong></span> <span class='ocrx_word' id='word_1_403' title='bbox 2157 2052 2436 2119; x_wconf 86' lang='lat' dir='ltr'><strong>accipietis</strong></span> <span class='ocrx_word' id='word_1_404' title='bbox 2468 2053 2667 2107; x_wconf 87' lang='lat' dir='ltr'><strong>donum</strong></span> <span class='ocrx_word' id='word_1_405' title='bbox 2702 2054 2936 2124; x_wconf 88' lang='lat' dir='ltr'><strong>Spiritus</strong></span> <span class='ocrx_word' id='word_1_406' title='bbox 2968 2058 3163 2111; x_wconf 88' lang='lat' dir='ltr'><strong>sancti.</strong></span> <span class='ocrx_word' id='word_1_407' title='bbox 3188 2056 3355 2113; x_wconf 84' lang='lat' dir='ltr'><strong>Vobis</strong></span> 
     </span>
    </p>
   </div>
   <div class='ocr_carea' id='block_1_51' title="bbox 1757 2140 3357 2219">
    <p class='ocr_par' dir='ltr' id='par_1_51' title="bbox 1757 2140 3357 2219">
     <span class='ocr_line' id='line_1_51' title="bbox 1757 2140 3357 2219; baseline 0.006 -25"><span class='ocrx_word' id='word_1_408' title='bbox 1757 2140 1902 2194; x_wconf 91' lang='lat' dir='ltr'><strong>enim</strong></span> <span class='ocrx_word' id='word_1_409' title='bbox 1928 2150 2011 2195; x_wconf 89' lang='lat' dir='ltr'><strong>est</strong></span> <span class='ocrx_word' id='word_1_410' title='bbox 2033 2143 2411 2211; x_wconf 87' lang='lat' dir='ltr'><strong>repromissio,</strong></span> <span class='ocrx_word' id='word_1_411' title='bbox 2438 2155 2491 2198; x_wconf 92' lang='lat' dir='ltr'><strong>et</strong></span> <span class='ocrx_word' id='word_1_412' title='bbox 2516 2146 2642 2199; x_wconf 78' lang='lat' dir='ltr'><strong>ﬁliis</strong></span> <span class='ocrx_word' id='word_1_413' title='bbox 2666 2148 2882 2211; x_wconf 88' lang='lat' dir='ltr'><strong>vestris,</strong></span> <span class='ocrx_word' id='word_1_414' title='bbox 2912 2158 2965 2202; x_wconf 91' lang='lat' dir='ltr'><strong>et</strong></span> <span class='ocrx_word' id='word_1_415' title='bbox 2987 2151 3243 2203; x_wconf 91' lang='lat' dir='ltr'><strong>omnibus</strong></span> <span class='ocrx_word' id='word_1_416' title='bbox 3264 2150 3357 2219; x_wconf 89' lang='lat' dir='ltr'><strong>qui</strong></span> 
     </span>
    </p>
   </div>
   <div class='ocr_carea' id='block_1_52' title="bbox 1756 2232 3358 2307">
    <p class='ocr_par' dir='ltr' id='par_1_52' title="bbox 1756 2232 3358 2307">
     <span class='ocr_line' id='line_1_52' title="bbox 1756 2232 3358 2307; baseline 0.009 -21"><span class='ocrx_word' id='word_1_417' title='bbox 1756 2232 1916 2302; x_wconf 86' lang='lat' dir='ltr'><strong>longe</strong></span> <span class='ocrx_word' id='word_1_418' title='bbox 1945 2245 2093 2300; x_wconf 88' lang='lat' dir='ltr'><strong>sunt,</strong></span> <span class='ocrx_word' id='word_1_419' title='bbox 2138 2252 2508 2307; x_wconf 90' lang='lat' dir='ltr'><strong>quoscumque</strong></span> <span class='ocrx_word' id='word_1_420' title='bbox 2549 2240 2891 2296; x_wconf 89' lang='lat' dir='ltr'><strong>advocaverit</strong></span> <span class='ocrx_word' id='word_1_421' title='bbox 2922 2242 3182 2299; x_wconf 89' lang='lat' dir='ltr'><strong>Dominus</strong></span> <span class='ocrx_word' id='word_1_422' title='bbox 3214 2244 3358 2300; x_wconf 90' lang='lat' dir='ltr'><strong>Deus</strong></span> 
     </span>
    </p>
   </div>
   <div class='ocr_carea' id='block_1_53' title="bbox 1759 2325 3355 2399">
    <p class='ocr_par' dir='ltr' id='par_1_53' title="bbox 1759 2325 3355 2399">
     <span class='ocr_line' id='line_1_53' title="bbox 1759 2325 3355 2399; baseline 0.007 -21"><span class='ocrx_word' id='word_1_423' title='bbox 1759 2336 1964 2380; x_wconf 87' lang='lat' dir='ltr'><strong>noster.</strong></span> <span class='ocrx_word' id='word_1_424' title='bbox 1997 2325 2131 2381; x_wconf 87' lang='lat' dir='ltr'><strong>Aliis</strong></span> <span class='ocrx_word' id='word_1_425' title='bbox 2158 2328 2318 2383; x_wconf 90' lang='lat' dir='ltr'><strong>etiam</strong></span> <span class='ocrx_word' id='word_1_426' title='bbox 2351 2331 2530 2384; x_wconf 88' lang='lat' dir='ltr'><strong>verbis</strong></span> <span class='ocrx_word' id='word_1_427' title='bbox 2556 2332 2800 2398; x_wconf 90' lang='lat' dir='ltr'><strong>plurimis</strong></span> <span class='ocrx_word' id='word_1_428' title='bbox 2825 2335 3142 2388; x_wconf 82' lang='lat' dir='ltr'><strong>testiﬁcatus</strong></span> <span class='ocrx_word' id='word_1_429' title='bbox 3169 2344 3273 2399; x_wconf 91' lang='lat' dir='ltr'><strong>est,</strong></span> <span class='ocrx_word' id='word_1_430' title='bbox 3299 2345 3355 2389; x_wconf 84' lang='lat' dir='ltr'><strong>et</strong></span> 
     </span>
    </p>
   </div>
   <div class='ocr_carea' id='block_1_54' title="bbox 1758 2418 3355 2496">
    <p class='ocr_par' dir='ltr' id='par_1_54' title="bbox 1758 2418 3355 2496">
     <span class='ocr_line' id='line_1_54' title="bbox 1758 2418 3355 2496; baseline 0.006 -23"><span class='ocrx_word' id='word_1_431' title='bbox 1758 2418 2148 2475; x_wconf 76' lang='lat' dir='ltr'><strong>exhortabatur</strong></span> <span class='ocrx_word' id='word_1_432' title='bbox 2190 2437 2305 2491; x_wconf 89' lang='lat' dir='ltr'><strong>eos,</strong></span> <span class='ocrx_word' id='word_1_433' title='bbox 2346 2422 2535 2479; x_wconf 88' lang='lat' dir='ltr'><strong>dicens</strong></span> <span class='ocrx_word' id='word_1_434' title='bbox 2568 2442 2580 2477; x_wconf 93' lang='lat'>:</span> <span class='ocrx_word' id='word_1_435' title='bbox 2613 2426 2908 2479; x_wconf 83' lang='lat' dir='ltr'><strong>Salvamini</strong></span> <span class='ocrx_word' id='word_1_436' title='bbox 2938 2442 2968 2480; x_wconf 87' lang='lat' dir='ltr'><strong>a</strong></span> <span class='ocrx_word' id='word_1_437' title='bbox 2996 2428 3355 2496; x_wconf 88' lang='lat' dir='ltr'><strong>generatione</strong></span> 
     </span>
    </p>
   </div>
   <div class='ocr_carea' id='block_1_55' title="bbox 1758 2510 3355 2587">
    <p class='ocr_par' dir='ltr' id='par_1_55' title="bbox 1758 2510 3355 2587">
     <span class='ocr_line' id='line_1_55' title="bbox 1758 2510 3355 2587; baseline 0.006 -24"><span class='ocrx_word' id='word_1_438' title='bbox 1758 2510 1855 2564; x_wconf 79' lang='lat' dir='ltr'><strong>ista</strong></span> <span class='ocrx_word' id='word_1_439' title='bbox 1888 2526 2071 2581; x_wconf 89' lang='lat' dir='ltr'><strong>prava.</strong></span> <span class='ocrx_word' id='word_1_440' title='bbox 2103 2511 2204 2579; x_wconf 90' lang='lat' dir='ltr'><strong>Qui</strong></span> <span class='ocrx_word' id='word_1_441' title='bbox 2235 2528 2365 2585; x_wconf 86' lang='lat' dir='ltr'><strong>ergo</strong></span> <span class='ocrx_word' id='word_1_442' title='bbox 2398 2528 2725 2584; x_wconf 87' lang='lat' dir='ltr'><strong>receperunt</strong></span> <span class='ocrx_word' id='word_1_443' title='bbox 2752 2531 3057 2571; x_wconf 89' lang='lat' dir='ltr'><strong>sermonem</strong></span> <span class='ocrx_word' id='word_1_444' title='bbox 3091 2519 3232 2587; x_wconf 88' lang='lat' dir='ltr'><strong>ejus,</strong></span> <span class='ocrx_word' id='word_1_445' title='bbox 3261 2520 3355 2573; x_wconf 89' lang='lat' dir='ltr'><strong>ha-</strong></span> 
     </span>
    </p>
   </div>
   <div class='ocr_carea' id='block_1_56' title="bbox 1760 2605 3352 2679">
    <p class='ocr_par' dir='ltr' id='par_1_56' title="bbox 1760 2605 3352 2679">
     <span class='ocr_line' id='line_1_56' title="bbox 1760 2605 3352 2679; baseline 0.008 -23"><span class='ocrx_word' id='word_1_446' title='bbox 1760 2605 1939 2674; x_wconf 87' lang='lat' dir='ltr'><strong>ptizati</strong></span> <span class='ocrx_word' id='word_1_447' title='bbox 1968 2616 2091 2661; x_wconf 92' lang='lat' dir='ltr'><strong>sunt</strong></span> <span class='ocrx_word' id='word_1_448' title='bbox 2123 2624 2136 2660; x_wconf 95' lang='lat'>:</span> <span class='ocrx_word' id='word_1_449' title='bbox 2169 2618 2224 2663; x_wconf 93' lang='lat' dir='ltr'><strong>et</strong></span> <span class='ocrx_word' id='word_1_450' title='bbox 2248 2610 2514 2679; x_wconf 70' lang='lat' dir='ltr'><strong>apposita:</strong></span> <span class='ocrx_word' id='word_1_451' title='bbox 2544 2622 2668 2664; x_wconf 86' lang='lat' dir='ltr'><strong>sunt</strong></span> <span class='ocrx_word' id='word_1_452' title='bbox 2699 2612 2751 2665; x_wconf 94' lang='lat' dir='ltr'><strong>in</strong></span> <span class='ocrx_word' id='word_1_453' title='bbox 2783 2612 2869 2665; x_wconf 92' lang='lat' dir='ltr'><strong>die</strong></span> <span class='ocrx_word' id='word_1_454' title='bbox 2898 2612 2987 2667; x_wconf 91' lang='lat' dir='ltr'><strong>illa</strong></span> <span class='ocrx_word' id='word_1_455' title='bbox 3018 2616 3213 2667; x_wconf 71' lang='lat' dir='ltr'><strong>animae</strong></span> <span class='ocrx_word' id='word_1_456' title='bbox 3242 2615 3352 2669; x_wconf 90' lang='lat' dir='ltr'><strong>cir-</strong></span> 
     </span>
    </p>
   </div>
   <div class='ocr_carea' id='block_1_57' title="bbox 1757 2696 3353 2773">
    <p class='ocr_par' dir='ltr' id='par_1_57' title="bbox 1757 2696 3353 2773">
     <span class='ocr_line' id='line_1_57' title="bbox 1757 2696 3353 2773; baseline 0.006 -22"><span class='ocrx_word' id='word_1_457' title='bbox 1757 2696 1895 2752; x_wconf 89' lang='lat' dir='ltr'><strong>citer</strong></span> <span class='ocrx_word' id='word_1_458' title='bbox 1936 2700 2037 2752; x_wconf 88' lang='lat' dir='ltr'><strong>tria</strong></span> <span class='ocrx_word' id='word_1_459' title='bbox 2071 2699 2264 2756; x_wconf 92' lang='lat' dir='ltr'><strong>millia.</strong></span> <span class='ocrx_word' id='word_1_460' title='bbox 2299 2701 2467 2756; x_wconf 87' lang='lat' dir='ltr'><strong>Erant</strong></span> <span class='ocrx_word' id='word_1_461' title='bbox 2497 2712 2675 2757; x_wconf 91' lang='lat' dir='ltr'><strong>autem</strong></span> <span class='ocrx_word' id='word_1_462' title='bbox 2713 2714 3129 2773; x_wconf 82' lang='lat' dir='ltr'><strong>perseverantes</strong></span> <span class='ocrx_word' id='word_1_463' title='bbox 3172 2706 3220 2759; x_wconf 92' lang='lat' dir='ltr'><strong>in</strong></span> <span class='ocrx_word' id='word_1_464' title='bbox 3248 2705 3353 2761; x_wconf 88' lang='lat' dir='ltr'><strong>do-</strong></span> 
     </span>
    </p>
   </div>
   <div class='ocr_carea' id='block_1_58' title="bbox 1757 2792 3353 2861">
    <p class='ocr_par' dir='ltr' id='par_1_58' title="bbox 1757 2792 3353 2861">
     <span class='ocr_line' id='line_1_58' title="bbox 1757 2792 3353 2861; baseline 0.007 -16"><span class='ocrx_word' id='word_1_465' title='bbox 1757 2792 1933 2845; x_wconf 87' lang='lat' dir='ltr'><strong>ctrina</strong></span> <span class='ocrx_word' id='word_1_466' title='bbox 1984 2795 2388 2861; x_wconf 79' lang='lat' dir='ltr'><strong>aposmlorum,</strong></span> <span class='ocrx_word' id='word_1_467' title='bbox 2436 2806 2491 2851; x_wconf 91' lang='lat' dir='ltr'><strong>et</strong></span> <span class='ocrx_word' id='word_1_468' title='bbox 2532 2798 3026 2854; x_wconf 85' lang='lat' dir='ltr'><strong>communicatione</strong></span> <span class='ocrx_word' id='word_1_469' title='bbox 3072 2798 3353 2856; x_wconf 77' lang='lat' dir='ltr'><strong>iractionis</strong></span> 
     </span>
    </p>
   </div>
   <div class='ocr_carea' id='block_1_59' title="bbox 1761 2884 3357 2952">
    <p class='ocr_par' dir='ltr' id='par_1_59' title="bbox 1761 2884 3357 2952">
     <span class='ocr_line' id='line_1_59' title="bbox 1761 2884 3357 2952; baseline 0.008 -17"><span class='ocrx_word' id='word_1_470' title='bbox 1761 2884 1935 2952; x_wconf 89' lang='lat' dir='ltr'><strong>panis,</strong></span> <span class='ocrx_word' id='word_1_471' title='bbox 1964 2894 2018 2937; x_wconf 90' lang='lat' dir='ltr'><strong>et</strong></span> <span class='ocrx_word' id='word_1_472' title='bbox 2044 2887 2405 2941; x_wconf 89' lang='lat' dir='ltr'><strong>orationibus.</strong></span> <span class='ocrx_word' id='word_1_473' title='bbox 2442 2888 2630 2943; x_wconf 85' lang='lat' dir='ltr'><strong>Fiebat</strong></span> <span class='ocrx_word' id='word_1_474' title='bbox 2661 2902 2840 2944; x_wconf 88' lang='lat' dir='ltr'><strong>autem</strong></span> <span class='ocrx_word' id='word_1_475' title='bbox 2883 2891 3029 2945; x_wconf 89' lang='lat' dir='ltr'><strong>omni</strong></span> <span class='ocrx_word' id='word_1_476' title='bbox 3070 2894 3357 2947; x_wconf 64' lang='lat' dir='ltr'><strong>animaeti-</strong></span> 
     </span>
    </p>
   </div>
   <div class='ocr_carea' id='block_1_60' title="bbox 1762 2976 3355 3054">
    <p class='ocr_par' dir='ltr' id='par_1_60' title="bbox 1762 2976 3355 3054">
     <span class='ocr_line' id='line_1_60' title="bbox 1762 2976 3355 3054; baseline 0.009 -27"><span class='ocrx_word' id='word_1_477' title='bbox 1762 2991 1881 3028; x_wconf 85' lang='lat' dir='ltr'><strong>mor</strong></span> <span class='ocrx_word' id='word_1_478' title='bbox 1913 2991 1926 3029; x_wconf 94' lang='lat'>:</span> <span class='ocrx_word' id='word_1_479' title='bbox 1961 2976 2127 3029; x_wconf 92' lang='lat' dir='ltr'><strong>multa</strong></span> <span class='ocrx_word' id='word_1_480' title='bbox 2160 2994 2375 3045; x_wconf 84' lang='lat' dir='ltr'><strong>quoque</strong></span> <span class='ocrx_word' id='word_1_481' title='bbox 2414 2980 2661 3051; x_wconf 89' lang='lat' dir='ltr'><strong>prodigia</strong></span> <span class='ocrx_word' id='word_1_482' title='bbox 2693 2993 2746 3037; x_wconf 92' lang='lat' dir='ltr'><strong>et</strong></span> <span class='ocrx_word' id='word_1_483' title='bbox 2774 2984 2924 3053; x_wconf 87' lang='lat' dir='ltr'><strong>signa</strong></span> <span class='ocrx_word' id='word_1_484' title='bbox 2957 3000 3051 3054; x_wconf 91' lang='lat' dir='ltr'><strong>per</strong></span> <span class='ocrx_word' id='word_1_485' title='bbox 3079 2987 3355 3054; x_wconf 86' lang='lat' dir='ltr'><strong>apostolos</strong></span> 
     </span>
    </p>
   </div>
   <div class='ocr_carea' id='block_1_61' title="bbox 1760 3066 3355 3145">
    <p class='ocr_par' dir='ltr' id='par_1_61' title="bbox 1760 3066 3355 3145">
     <span class='ocr_line' id='line_1_61' title="bbox 1760 3066 3355 3145; baseline 0.009 -26"><span class='ocrx_word' id='word_1_486' title='bbox 1760 3066 1813 3120; x_wconf 92' lang='lat' dir='ltr'><strong>in</strong></span> <span class='ocrx_word' id='word_1_487' title='bbox 1852 3066 2150 3123; x_wconf 79' lang='lat' dir='ltr'><strong>Jerus;ilem</strong></span> <span class='ocrx_word' id='word_1_488' title='bbox 2196 3069 2413 3138; x_wconf 82' lang='lat' dir='ltr'><strong>ﬁebant,</strong></span> <span class='ocrx_word' id='word_1_489' title='bbox 2444 3082 2499 3126; x_wconf 90' lang='lat' dir='ltr'><strong>et</strong></span> <span class='ocrx_word' id='word_1_490' title='bbox 2528 3082 2702 3127; x_wconf 74' lang='lat' dir='ltr'><strong>melus</strong></span> <span class='ocrx_word' id='word_1_491' title='bbox 2733 3085 2848 3129; x_wconf 89' lang='lat' dir='ltr'><strong>erat</strong></span> <span class='ocrx_word' id='word_1_492' title='bbox 2887 3091 3111 3145; x_wconf 84' lang='lat' dir='ltr'><strong>magnus</strong></span> <span class='ocrx_word' id='word_1_493' title='bbox 3145 3077 3197 3131; x_wconf 93' lang='lat' dir='ltr'><strong>in</strong></span> <span class='ocrx_word' id='word_1_494' title='bbox 3231 3080 3355 3132; x_wconf 90' lang='lat' dir='ltr'><strong>uni-</strong></span> 
     </span>
    </p>
   </div>
   <div class='ocr_carea' id='block_1_62' title="bbox 105 3150 3358 3239">
    <p class='ocr_par' dir='ltr' id='par_1_62' title="bbox 105 3150 3358 3239">
     <span class='ocr_line' id='line_1_62' title="bbox 105 3150 3358 3239; baseline 0.005 -28"><span class='ocrx_word' id='word_1_495' title='bbox 105 3177 176 3230; x_wconf 85' lang='lat' dir='ltr'><strong>per</strong></span> <span class='ocrx_word' id='word_1_496' title='bbox 199 3180 388 3221; x_wconf 76' lang='lat' dir='ltr'><strong>omnem</strong></span> <span class='ocrx_word' id='word_1_497' title='bbox 426 3182 659 3223; x_wconf 72' lang='lat' dir='ltr'><strong>carnem</strong></span> <span class='ocrx_word' id='word_1_498' title='bbox 700 3184 712 3219; x_wconf 83' lang='lat'><strong>;</strong></span> <span class='ocrx_word' id='word_1_499' title='bbox 753 3176 807 3221; x_wconf 72' lang='lat' dir='ltr'><strong>et</strong></span> <span class='ocrx_word' id='word_1_500' title='bbox 834 3169 1233 3239; x_wconf 63' lang='lat' dir='ltr'><strong>pr0phetabunt</strong></span> <span class='ocrx_word' id='word_1_501' title='bbox 1264 3168 1357 3223; x_wconf 85' lang='lat' dir='ltr'><strong>ﬁlii</strong></span> <span class='ocrx_word' id='word_1_502' title='bbox 1384 3170 1571 3235; x_wconf 61' lang='lat' dir='ltr'><strong>vestri,</strong></span> <span class='ocrx_word' id='word_1_503' title='bbox 1602 3179 1654 3225; x_wconf 70' lang='grc' dir='ltr'>ει</span> <span class='ocrx_word' id='word_1_504' title='bbox 1683 3150 1729 3213; x_wconf 90' lang='lat' dir='ltr'><strong>C</strong></span> <span class='ocrx_word' id='word_1_505' title='bbox 1761 3162 1951 3215; x_wconf 75' lang='lat' dir='ltr'><strong>versis.</strong></span> <span class='ocrx_word' id='word_1_506' title='bbox 1986 3161 2186 3217; x_wconf 90' lang='lat' dir='ltr'><strong>Omnes</strong></span> <span class='ocrx_word' id='word_1_507' title='bbox 2213 3163 2373 3217; x_wconf 91' lang='lat' dir='ltr'><strong>etiam</strong></span> <span class='ocrx_word' id='word_1_508' title='bbox 2402 3166 2494 3234; x_wconf 92' lang='lat' dir='ltr'><strong>qui</strong></span> <span class='ocrx_word' id='word_1_509' title='bbox 2522 3166 2836 3233; x_wconf 86' lang='lat' dir='ltr'><strong>credebant,</strong></span> <span class='ocrx_word' id='word_1_510' title='bbox 2867 3180 3021 3222; x_wconf 81' lang='lat' dir='ltr'><strong>erant</strong></span> <span class='ocrx_word' id='word_1_511' title='bbox 3050 3170 3274 3239; x_wconf 86' lang='lat' dir='ltr'><strong>pariter,</strong></span> <span class='ocrx_word' id='word_1_512' title='bbox 3301 3181 3358 3227; x_wconf 84' lang='lat' dir='ltr'><strong>et</strong></span> 
     </span>
    </p>
   </div>
   <div class='ocr_carea' id='block_1_63' title="bbox 107 3256 1652 3333">
    <p class='ocr_par' dir='ltr' id='par_1_63' title="bbox 107 3256 1652 3333">
     <span class='ocr_line' id='line_1_63' title="bbox 107 3256 1652 3333; baseline 0.005 -25"><span class='ocrx_word' id='word_1_513' title='bbox 107 3256 199 3311; x_wconf 72' lang='lat' dir='ltr'><strong>lilia:</strong></span> <span class='ocrx_word' id='word_1_514' title='bbox 236 3272 459 3318; x_wconf 68' lang='lat' dir='ltr'><strong>vestrae:</strong></span> <span class='ocrx_word' id='word_1_515' title='bbox 502 3275 554 3319; x_wconf 90' lang='lat' dir='ltr'><strong>et</strong></span> <span class='ocrx_word' id='word_1_516' title='bbox 596 3264 823 3333; x_wconf 89' lang='lat' dir='ltr'><strong>juvenes</strong></span> <span class='ocrx_word' id='word_1_517' title='bbox 854 3263 1019 3317; x_wconf 83' lang='lat' dir='ltr'><strong>vestri</strong></span> <span class='ocrx_word' id='word_1_518' title='bbox 1062 3264 1300 3317; x_wconf 90' lang='lat' dir='ltr'><strong>visiones</strong></span> <span class='ocrx_word' id='word_1_519' title='bbox 1356 3262 1652 3327; x_wconf 89' lang='lat' dir='ltr'><strong>videbunt,</strong></span> 
     </span>
    </p>
   </div>
   <div class='ocr_carea' id='block_1_64' title="bbox 106 3356 1657 3427">
    <p class='ocr_par' dir='ltr' id='par_1_64' title="bbox 106 3356 1657 3427">
     <span class='ocr_line' id='line_1_64' title="bbox 106 3356 1657 3427; baseline 0.005 -24"><span class='ocrx_word' id='word_1_520' title='bbox 106 3360 145 3403; x_wconf 87' lang='lat' dir='ltr'><strong>et</strong></span> <span class='ocrx_word' id='word_1_521' title='bbox 164 3356 371 3411; x_wconf 81' lang='lat' dir='ltr'><strong>seniores</strong></span> <span class='ocrx_word' id='word_1_522' title='bbox 396 3358 561 3412; x_wconf 87' lang='lat' dir='ltr'><strong>vestri</strong></span> <span class='ocrx_word' id='word_1_523' title='bbox 605 3356 817 3412; x_wconf 87' lang='lat' dir='ltr'><strong>somnia</strong></span> <span class='ocrx_word' id='word_1_524' title='bbox 840 3356 1205 3410; x_wconf 89' lang='lat' dir='ltr'><strong>somniabunt.</strong></span> <span class='ocrx_word' id='word_1_525' title='bbox 1236 3357 1302 3411; x_wconf 84' lang='lat' dir='ltr'><strong>Et</strong></span> <span class='ocrx_word' id='word_1_526' title='bbox 1323 3356 1539 3427; x_wconf 88' lang='lat' dir='ltr'><strong>quidem</strong></span> <span class='ocrx_word' id='word_1_527' title='bbox 1568 3372 1657 3410; x_wconf 83' lang='lat' dir='ltr'><strong>su-</strong></span> 
     </span>
    </p>
   </div>
   <div class='ocr_carea' id='block_1_65' title="bbox 108 3449 1656 3519">
    <p class='ocr_par' dir='ltr' id='par_1_65' title="bbox 108 3449 1656 3519">
     <span class='ocr_line' id='line_1_65' title="bbox 108 3449 1656 3519; baseline 0.004 -22"><span class='ocrx_word' id='word_1_528' title='bbox 108 3458 175 3511; x_wconf 86' lang='lat' dir='ltr'><strong>pra</strong></span> <span class='ocrx_word' id='word_1_529' title='bbox 209 3461 372 3504; x_wconf 89' lang='lat' dir='ltr'><strong>servos</strong></span> <span class='ocrx_word' id='word_1_530' title='bbox 410 3466 595 3515; x_wconf 75' lang='lat' dir='ltr'><strong>meos,</strong></span> <span class='ocrx_word' id='word_1_531' title='bbox 637 3459 690 3505; x_wconf 90' lang='lat' dir='ltr'><strong>et</strong></span> <span class='ocrx_word' id='word_1_532' title='bbox 730 3464 895 3519; x_wconf 89' lang='lat' dir='ltr'><strong>super</strong></span> <span class='ocrx_word' id='word_1_533' title='bbox 920 3450 1146 3504; x_wconf 89' lang='lat' dir='ltr'><strong>ancillas</strong></span> <span class='ocrx_word' id='word_1_534' title='bbox 1174 3466 1341 3514; x_wconf 87' lang='lat' dir='ltr'><strong>meas,</strong></span> <span class='ocrx_word' id='word_1_535' title='bbox 1384 3450 1433 3504; x_wconf 91' lang='lat' dir='ltr'><strong>in</strong></span> <span class='ocrx_word' id='word_1_536' title='bbox 1463 3449 1656 3504; x_wconf 89' lang='lat' dir='ltr'><strong>diebus</strong></span> 
     </span>
    </p>
   </div>
   <div class='ocr_carea' id='block_1_66' title="bbox 107 3536 1657 3611">
    <p class='ocr_par' dir='ltr' id='par_1_66' title="bbox 107 3536 1657 3611">
     <span class='ocr_line' id='line_1_66' title="bbox 107 3536 1657 3611; baseline 0.005 -24"><span class='ocrx_word' id='word_1_537' title='bbox 107 3536 185 3591; x_wconf 88' lang='lat' dir='ltr'><strong>illis</strong></span> <span class='ocrx_word' id='word_1_538' title='bbox 204 3539 449 3596; x_wconf 74' lang='lat' dir='ltr'><strong>elfundam</strong></span> <span class='ocrx_word' id='word_1_539' title='bbox 480 3544 547 3598; x_wconf 91' lang='lat' dir='ltr'><strong>de</strong></span> <span class='ocrx_word' id='word_1_540' title='bbox 607 3542 811 3611; x_wconf 89' lang='lat' dir='ltr'><strong>Spiritu</strong></span> <span class='ocrx_word' id='word_1_541' title='bbox 852 3557 993 3608; x_wconf 91' lang='lat' dir='ltr'><strong>meo,</strong></span> <span class='ocrx_word' id='word_1_542' title='bbox 1037 3551 1090 3595; x_wconf 90' lang='lat' dir='ltr'><strong>et</strong></span> <span class='ocrx_word' id='word_1_543' title='bbox 1133 3542 1530 3611; x_wconf 89' lang='lat' dir='ltr'><strong>pr0phetabunt</strong></span> <span class='ocrx_word' id='word_1_544' title='bbox 1562 3560 1571 3594; x_wconf 74' lang='grc' dir='ltr'><strong>ς</strong></span> <span class='ocrx_word' id='word_1_545' title='bbox 1603 3550 1657 3595; x_wconf 90' lang='lat' dir='ltr'><strong>et</strong></span> 
     </span>
    </p>
   </div>
   <div class='ocr_carea' id='block_1_67' title="bbox 107 3628 1657 3706">
    <p class='ocr_par' dir='ltr' id='par_1_67' title="bbox 107 3628 1657 3706">
     <span class='ocr_line' id='line_1_67' title="bbox 107 3628 1657 3706; baseline 0.005 -26"><span class='ocrx_word' id='word_1_546' title='bbox 107 3628 212 3685; x_wconf 88' lang='lat' dir='ltr'><strong>dabo</strong></span> <span class='ocrx_word' id='word_1_547' title='bbox 230 3636 449 3706; x_wconf 81' lang='lat' dir='ltr'><strong>prodigia</strong></span> <span class='ocrx_word' id='word_1_548' title='bbox 470 3637 526 3691; x_wconf 92' lang='lat' dir='ltr'><strong>in</strong></span> <span class='ocrx_word' id='word_1_549' title='bbox 549 3636 708 3692; x_wconf 70' lang='lat' dir='ltr'><strong>coelo</strong></span> <span class='ocrx_word' id='word_1_550' title='bbox 736 3650 973 3700; x_wconf 87' lang='lat' dir='ltr'><strong>sursum,</strong></span> <span class='ocrx_word' id='word_1_551' title='bbox 1001 3643 1055 3690; x_wconf 91' lang='lat' dir='ltr'><strong>et</strong></span> <span class='ocrx_word' id='word_1_552' title='bbox 1077 3636 1225 3704; x_wconf 86' lang='lat' dir='ltr'><strong>signa</strong></span> <span class='ocrx_word' id='word_1_553' title='bbox 1255 3637 1305 3689; x_wconf 92' lang='lat' dir='ltr'><strong>in</strong></span> <span class='ocrx_word' id='word_1_554' title='bbox 1332 3646 1475 3689; x_wconf 90' lang='lat' dir='ltr'><strong>terra</strong></span> <span class='ocrx_word' id='word_1_555' title='bbox 1500 3636 1657 3689; x_wconf 82' lang='lat' dir='ltr'><strong>deor-</strong></span> 
     </span>
    </p>
   </div>
   <div class='ocr_carea' id='block_1_68' title="bbox 112 3727 1656 3799">
    <p class='ocr_par' dir='ltr' id='par_1_68' title="bbox 112 3727 1656 3799">
     <span class='ocr_line' id='line_1_68' title="bbox 112 3727 1656 3799; baseline 0.005 -26"><span class='ocrx_word' id='word_1_556' title='bbox 112 3736 226 3791; x_wconf 88' lang='lat' dir='ltr'><strong>sum,</strong></span> <span class='ocrx_word' id='word_1_557' title='bbox 261 3731 593 3799; x_wconf 87' lang='lat' dir='ltr'><strong>sanguinem,</strong></span> <span class='ocrx_word' id='word_1_558' title='bbox 642 3738 697 3783; x_wconf 85' lang='lat' dir='ltr'><strong>et</strong></span> <span class='ocrx_word' id='word_1_559' title='bbox 739 3728 937 3799; x_wconf 88' lang='lat' dir='ltr'><strong>ignem,</strong></span> <span class='ocrx_word' id='word_1_560' title='bbox 982 3738 1037 3782; x_wconf 92' lang='lat' dir='ltr'><strong>et</strong></span> <span class='ocrx_word' id='word_1_561' title='bbox 1077 3743 1328 3797; x_wconf 88' lang='lat' dir='ltr'><strong>vaporem</strong></span> <span class='ocrx_word' id='word_1_562' title='bbox 1372 3727 1524 3781; x_wconf 80' lang='lat' dir='ltr'><strong>fumi.</strong></span> <span class='ocrx_word' id='word_1_563' title='bbox 1564 3727 1656 3781; x_wconf 91' lang='lat' dir='ltr'><strong>Sol</strong></span> 
     </span>
    </p>
   </div>
   <div class='ocr_carea' id='block_1_69' title="bbox 114 3820 1657 3889">
    <p class='ocr_par' dir='ltr' id='par_1_69' title="bbox 114 3820 1657 3889">
     <span class='ocr_line' id='line_1_69' title="bbox 114 3820 1657 3889; baseline 0.003 -20"><span class='ocrx_word' id='word_1_564' title='bbox 114 3826 404 3876; x_wconf 67' lang='lat' dir='ltr'><strong>Convertetur</strong></span> <span class='ocrx_word' id='word_1_565' title='bbox 431 3822 481 3875; x_wconf 92' lang='lat' dir='ltr'><strong>in</strong></span> <span class='ocrx_word' id='word_1_566' title='bbox 515 3821 795 3887; x_wconf 90' lang='lat' dir='ltr'><strong>tenebras,</strong></span> <span class='ocrx_word' id='word_1_567' title='bbox 832 3829 882 3874; x_wconf 91' lang='lat' dir='ltr'><strong>et</strong></span> <span class='ocrx_word' id='word_1_568' title='bbox 914 3820 1036 3873; x_wconf 90' lang='lat' dir='ltr'><strong>luna</strong></span> <span class='ocrx_word' id='word_1_569' title='bbox 1065 3822 1115 3874; x_wconf 92' lang='lat' dir='ltr'><strong>in</strong></span> <span class='ocrx_word' id='word_1_570' title='bbox 1144 3820 1480 3889; x_wconf 89' lang='lat' dir='ltr'><strong>sanguinem,</strong></span> <span class='ocrx_word' id='word_1_571' title='bbox 1506 3829 1657 3874; x_wconf 88' lang='lat' dir='ltr'><strong>ante-</strong></span> 
     </span>
    </p>
   </div>
   <div class='ocr_carea' id='block_1_70' title="bbox 113 3909 1661 3981">
    <p class='ocr_par' dir='ltr' id='par_1_70' title="bbox 113 3909 1661 3981">
     <span class='ocr_line' id='line_1_70' title="bbox 113 3909 1661 3981; baseline 0.002 -20"><span class='ocrx_word' id='word_1_572' title='bbox 113 3920 238 3973; x_wconf 82' lang='lat' dir='ltr'><strong>qnam</strong></span> <span class='ocrx_word' id='word_1_573' title='bbox 265 3913 430 3966; x_wconf 87' lang='lat' dir='ltr'><strong>veniat</strong></span> <span class='ocrx_word' id='word_1_574' title='bbox 461 3913 579 3968; x_wconf 86' lang='lat' dir='ltr'><strong>dies</strong></span> <span class='ocrx_word' id='word_1_575' title='bbox 620 3911 839 3966; x_wconf 92' lang='lat' dir='ltr'><strong>Domini</strong></span> <span class='ocrx_word' id='word_1_576' title='bbox 884 3924 1107 3981; x_wconf 85' lang='lat' dir='ltr'><strong>magnus</strong></span> <span class='ocrx_word' id='word_1_577' title='bbox 1139 3919 1193 3964; x_wconf 90' lang='lat' dir='ltr'><strong>et</strong></span> <span class='ocrx_word' id='word_1_578' title='bbox 1224 3909 1561 3965; x_wconf 81' lang='lat' dir='ltr'><strong>manifestus.</strong></span> <span class='ocrx_word' id='word_1_579' title='bbox 1594 3911 1661 3964; x_wconf 86' lang='lat' dir='ltr'><strong>Et</strong></span> 
     </span>
    </p>
   </div>
   <div class='ocr_carea' id='block_1_71' title="bbox 114 4001 1655 4078">
    <p class='ocr_par' dir='ltr' id='par_1_71' title="bbox 114 4001 1655 4078">
     <span class='ocr_line' id='line_1_71' title="bbox 114 4001 1655 4078; baseline 0.005 -27"><span class='ocrx_word' id='word_1_580' title='bbox 114 4001 192 4053; x_wconf 87' lang='lat' dir='ltr'><strong>erit</strong></span> <span class='ocrx_word' id='word_1_581' title='bbox 217 4020 229 4055; x_wconf 84' lang='lat'><strong>:</strong></span> <span class='ocrx_word' id='word_1_582' title='bbox 257 4009 415 4062; x_wconf 89' lang='lat' dir='ltr'><strong>omnis</strong></span> <span class='ocrx_word' id='word_1_583' title='bbox 443 4009 777 4078; x_wconf 85' lang='lat' dir='ltr'><strong>quicumque</strong></span> <span class='ocrx_word' id='word_1_584' title='bbox 820 4006 1155 4059; x_wconf 85' lang='lat' dir='ltr'><strong>invocaverit</strong></span> <span class='ocrx_word' id='word_1_585' title='bbox 1195 4020 1388 4057; x_wconf 88' lang='lat' dir='ltr'><strong>nomen</strong></span> <span class='ocrx_word' id='word_1_586' title='bbox 1421 4005 1655 4074; x_wconf 92' lang='lat' dir='ltr'><strong>Domini,</strong></span> 
     </span>
    </p>
   </div>
   <div class='ocr_carea' id='block_1_72' title="bbox 117 4091 1657 4162">
    <p class='ocr_par' dir='ltr' id='par_1_72' title="bbox 117 4091 1657 4162">
     <span class='ocr_line' id='line_1_72' title="bbox 117 4091 1657 4162; baseline 0.006 -20"><span class='ocrx_word' id='word_1_587' title='bbox 117 4091 256 4148; x_wconf 81' lang='lat' dir='ltr'><strong>salvus</strong></span> <span class='ocrx_word' id='word_1_588' title='bbox 273 4099 383 4151; x_wconf 91' lang='lat' dir='ltr'><strong>erit.</strong></span> <span class='ocrx_word' id='word_1_589' title='bbox 416 4099 525 4154; x_wconf 81' lang='lat' dir='ltr'><strong>Viri</strong></span> <span class='ocrx_word' id='word_1_590' title='bbox 557 4100 841 4162; x_wconf 70' lang='lat' dir='ltr'><strong>lsraelitm,</strong></span> <span class='ocrx_word' id='word_1_591' title='bbox 872 4098 1053 4153; x_wconf 85' lang='lat' dir='ltr'><strong>audite</strong></span> <span class='ocrx_word' id='word_1_592' title='bbox 1083 4098 1245 4151; x_wconf 91' lang='lat' dir='ltr'><strong>verba</strong></span> <span class='ocrx_word' id='word_1_593' title='bbox 1279 4096 1391 4151; x_wconf 64' lang='lat' dir='ltr'><strong>hinc</strong></span> <span class='ocrx_word' id='word_1_594' title='bbox 1427 4116 1437 4149; x_wconf 88' lang='lat'>:</span> <span class='ocrx_word' id='word_1_595' title='bbox 1475 4097 1657 4151; x_wconf 78' lang='lat' dir='ltr'><strong>Jesum</strong></span> 
     </span>
    </p>
   </div>
   <div class='ocr_carea' id='block_1_73' title="bbox 117 4178 1655 4260">
    <p class='ocr_par' dir='ltr' id='par_1_73' title="bbox 117 4178 1655 4260">
     <span class='ocr_line' id='line_1_73' title="bbox 117 4178 1655 4260; baseline 0.009 -30"><span class='ocrx_word' id='word_1_596' title='bbox 117 4178 437 4258; x_wconf 70' lang='lat' dir='ltr'><strong>Nazarrennm,</strong></span> <span class='ocrx_word' id='word_1_597' title='bbox 464 4194 646 4247; x_wconf 87' lang='lat' dir='ltr'><strong>virum</strong></span> <span class='ocrx_word' id='word_1_598' title='bbox 677 4191 1030 4260; x_wconf 87' lang='lat' dir='ltr'><strong>approbatum</strong></span> <span class='ocrx_word' id='word_1_599' title='bbox 1063 4206 1090 4242; x_wconf 94' lang='lat' dir='ltr'><strong>a</strong></span> <span class='ocrx_word' id='word_1_600' title='bbox 1122 4189 1234 4244; x_wconf 91' lang='lat' dir='ltr'><strong>Deo</strong></span> <span class='ocrx_word' id='word_1_601' title='bbox 1266 4190 1319 4243; x_wconf 93' lang='lat' dir='ltr'><strong>in</strong></span> <span class='ocrx_word' id='word_1_602' title='bbox 1349 4190 1525 4256; x_wconf 90' lang='lat' dir='ltr'><strong>vobis,</strong></span> <span class='ocrx_word' id='word_1_603' title='bbox 1554 4190 1655 4244; x_wconf 89' lang='lat' dir='ltr'><strong>vir-</strong></span> 
     </span>
    </p>
   </div>
   <div class='ocr_carea' id='block_1_74' title="bbox 118 4276 1661 4357">
    <p class='ocr_par' dir='ltr' id='par_1_74' title="bbox 118 4276 1661 4357">
     <span class='ocr_line' id='line_1_74' title="bbox 118 4276 1661 4357; baseline 0.01 -33"><span class='ocrx_word' id='word_1_604' title='bbox 118 4276 296 4344; x_wconf 88' lang='lat' dir='ltr'><strong>tutibus,</strong></span> <span class='ocrx_word' id='word_1_605' title='bbox 340 4291 392 4337; x_wconf 92' lang='lat' dir='ltr'><strong>et</strong></span> <span class='ocrx_word' id='word_1_606' title='bbox 434 4285 718 4356; x_wconf 87' lang='lat' dir='ltr'><strong>prodigiis,</strong></span> <span class='ocrx_word' id='word_1_607' title='bbox 765 4293 819 4339; x_wconf 90' lang='lat' dir='ltr'><strong>et</strong></span> <span class='ocrx_word' id='word_1_608' title='bbox 859 4284 1047 4355; x_wconf 82' lang='lat' dir='ltr'><strong>signis,</strong></span> <span class='ocrx_word' id='word_1_609' title='bbox 1090 4300 1210 4352; x_wconf 70' lang='lat' dir='ltr'><strong>qua:</strong></span> <span class='ocrx_word' id='word_1_610' title='bbox 1241 4284 1363 4339; x_wconf 79' lang='lat' dir='ltr'><strong>fecit</strong></span> <span class='ocrx_word' id='word_1_611' title='bbox 1394 4284 1536 4339; x_wconf 92' lang='lat' dir='ltr'><strong>Deus</strong></span> <span class='ocrx_word' id='word_1_612' title='bbox 1562 4302 1661 4357; x_wconf 90' lang='lat' dir='ltr'><strong>per</strong></span> 
     </span>
    </p>
   </div>
   <div class='ocr_carea' id='block_1_75' title="bbox 118 4362 1661 4445">
    <p class='ocr_par' dir='ltr' id='par_1_75' title="bbox 118 4362 1661 4445">
     <span class='ocr_line' id='line_1_75' title="bbox 118 4362 1661 4445; baseline 0.01 -29"><span class='ocrx_word' id='word_1_613' title='bbox 118 4362 231 4423; x_wconf 90' lang='lat' dir='ltr'><strong>illum</strong></span> <span class='ocrx_word' id='word_1_614' title='bbox 258 4372 304 4427; x_wconf 92' lang='lat' dir='ltr'><strong>in</strong></span> <span class='ocrx_word' id='word_1_615' title='bbox 331 4378 503 4433; x_wconf 91' lang='lat' dir='ltr'><strong>medio</strong></span> <span class='ocrx_word' id='word_1_616' title='bbox 532 4377 725 4445; x_wconf 83' lang='lat' dir='ltr'><strong>vestri,</strong></span> <span class='ocrx_word' id='word_1_617' title='bbox 760 4377 898 4431; x_wconf 87' lang='lat' dir='ltr'><strong>sicut</strong></span> <span class='ocrx_word' id='word_1_618' title='bbox 933 4387 987 4431; x_wconf 92' lang='lat' dir='ltr'><strong>et</strong></span> <span class='ocrx_word' id='word_1_619' title='bbox 1016 4391 1113 4431; x_wconf 91' lang='lat' dir='ltr'><strong>vos</strong></span> <span class='ocrx_word' id='word_1_620' title='bbox 1143 4378 1295 4431; x_wconf 91' lang='lat' dir='ltr'><strong>scitis</strong></span> <span class='ocrx_word' id='word_1_621' title='bbox 1328 4396 1343 4432; x_wconf 89' lang='lat'><strong><em>:</em></strong></span> <span class='ocrx_word' id='word_1_622' title='bbox 1368 4378 1506 4431; x_wconf 89' lang='lat' dir='ltr'><strong>hunc</strong></span> <span class='ocrx_word' id='word_1_623' title='bbox 1530 4378 1661 4432; x_wconf 82' lang='lat' dir='ltr'><strong>deli-</strong></span> 
     </span>
    </p>
   </div>
   <div class='ocr_carea' id='block_1_76' title="bbox 120 4459 1661 4541">
    <p class='ocr_par' dir='ltr' id='par_1_76' title="bbox 120 4459 1661 4541">
     <span class='ocr_line' id='line_1_76' title="bbox 120 4459 1661 4541; baseline 0.006 -27"><span class='ocrx_word' id='word_1_624' title='bbox 120 4459 204 4514; x_wconf 69' lang='lat' dir='ltr'><strong>nito</strong></span> <span class='ocrx_word' id='word_1_625' title='bbox 226 4466 432 4522; x_wconf 90' lang='lat' dir='ltr'><strong>consilio</strong></span> <span class='ocrx_word' id='word_1_626' title='bbox 458 4480 510 4525; x_wconf 90' lang='lat' dir='ltr'><strong>et</strong></span> <span class='ocrx_word' id='word_1_627' title='bbox 540 4469 887 4541; x_wconf 77' lang='lat' dir='ltr'><strong>przescientia</strong></span> <span class='ocrx_word' id='word_1_628' title='bbox 913 4468 1008 4523; x_wconf 92' lang='lat' dir='ltr'><strong>Dei</strong></span> <span class='ocrx_word' id='word_1_629' title='bbox 1041 4469 1317 4532; x_wconf 89' lang='lat' dir='ltr'><strong>traditum,</strong></span> <span class='ocrx_word' id='word_1_630' title='bbox 1344 4485 1441 4540; x_wconf 89' lang='lat' dir='ltr'><strong>per</strong></span> <span class='ocrx_word' id='word_1_631' title='bbox 1468 4486 1661 4525; x_wconf 91' lang='lat' dir='ltr'><strong>manus</strong></span> 
     </span>
    </p>
   </div>
   <div class='ocr_carea' id='block_1_77' title="bbox 1762 3253 3359 3317">
    <p class='ocr_par' dir='ltr' id='par_1_77' title="bbox 1762 3253 3359 3317">
     <span class='ocr_line' id='line_1_77' title="bbox 1762 3253 3359 3317; baseline 0.008 -12"><span class='ocrx_word' id='word_1_632' title='bbox 1762 3253 2031 3307; x_wconf 89' lang='lat' dir='ltr'><strong>habebant</strong></span> <span class='ocrx_word' id='word_1_633' title='bbox 2058 3256 2241 3309; x_wconf 90' lang='lat' dir='ltr'><strong>omnia</strong></span> <span class='ocrx_word' id='word_1_634' title='bbox 2269 3258 2601 3311; x_wconf 86' lang='lat' dir='ltr'><strong>communia.</strong></span> <span class='ocrx_word' id='word_1_635' title='bbox 2627 3259 3007 3314; x_wconf 86' lang='lat' dir='ltr'><strong>Possessiones</strong></span> <span class='ocrx_word' id='word_1_636' title='bbox 3032 3270 3085 3315; x_wconf 90' lang='lat' dir='ltr'><strong>et</strong></span> <span class='ocrx_word' id='word_1_637' title='bbox 3104 3262 3359 3317; x_wconf 83' lang='lat' dir='ltr'><strong>substan-</strong></span> 
     </span>
    </p>
   </div>
   <div class='ocr_carea' id='block_1_78' title="bbox 1761 3350 3357 3428">
    <p class='ocr_par' dir='ltr' id='par_1_78' title="bbox 1761 3350 3357 3428">
     <span class='ocr_line' id='line_1_78' title="bbox 1761 3350 3357 3428; baseline 0.007 -25"><span class='ocrx_word' id='word_1_638' title='bbox 1761 3350 1861 3403; x_wconf 91' lang='lat' dir='ltr'><strong>tias</strong></span> <span class='ocrx_word' id='word_1_639' title='bbox 1903 3351 2235 3419; x_wconf 89' lang='lat' dir='ltr'><strong>vendebant,</strong></span> <span class='ocrx_word' id='word_1_640' title='bbox 2277 3365 2331 3408; x_wconf 88' lang='lat' dir='ltr'><strong>et</strong></span> <span class='ocrx_word' id='word_1_641' title='bbox 2372 3354 2687 3409; x_wconf 80' lang='lat' dir='ltr'><strong>dividebant</strong></span> <span class='ocrx_word' id='word_1_642' title='bbox 2730 3357 2824 3410; x_wconf 89' lang='lat' dir='ltr'><strong>illa</strong></span> <span class='ocrx_word' id='word_1_643' title='bbox 2864 3358 3147 3421; x_wconf 87' lang='lat' dir='ltr'><strong>omnibus,</strong></span> <span class='ocrx_word' id='word_1_644' title='bbox 3193 3370 3357 3428; x_wconf 91' lang='lat' dir='ltr'><strong>prout</strong></span> 
     </span>
    </p>
   </div>
   <div class='ocr_carea' id='block_1_79' title="bbox 1758 3444 3356 3519">
    <p class='ocr_par' dir='ltr' id='par_1_79' title="bbox 1758 3444 3356 3519">
     <span class='ocr_line' id='line_1_79' title="bbox 1758 3444 3356 3519; baseline 0.007 -21"><span class='ocrx_word' id='word_1_645' title='bbox 1758 3444 1955 3513; x_wconf 89' lang='lat' dir='ltr'><strong>cuique</strong></span> <span class='ocrx_word' id='word_1_646' title='bbox 1982 3461 2116 3513; x_wconf 72' lang='lat' dir='ltr'><strong>Opus</strong></span> <span class='ocrx_word' id='word_1_647' title='bbox 2149 3455 2289 3500; x_wconf 90' lang='lat' dir='ltr'><strong>erat.</strong></span> <span class='ocrx_word' id='word_1_648' title='bbox 2313 3445 2567 3514; x_wconf 87' lang='lat' dir='ltr'><strong>Quotidie</strong></span> <span class='ocrx_word' id='word_1_649' title='bbox 2597 3463 2812 3518; x_wconf 84' lang='lat' dir='ltr'><strong>quoque</strong></span> <span class='ocrx_word' id='word_1_650' title='bbox 2838 3450 3195 3519; x_wconf 88' lang='lat' dir='ltr'><strong>perdurantes</strong></span> <span class='ocrx_word' id='word_1_651' title='bbox 3224 3468 3356 3509; x_wconf 90' lang='lat' dir='ltr'><strong>una-</strong></span> 
     </span>
    </p>
   </div>
   <div class='ocr_carea' id='block_1_80' title="bbox 1760 3537 3353 3613">
    <p class='ocr_par' dir='ltr' id='par_1_80' title="bbox 1760 3537 3353 3613">
     <span class='ocr_line' id='line_1_80' title="bbox 1760 3537 3353 3613; baseline 0.006 -22"><span class='ocrx_word' id='word_1_652' title='bbox 1760 3537 1977 3592; x_wconf 86' lang='lat' dir='ltr'><strong>nimiter</strong></span> <span class='ocrx_word' id='word_1_653' title='bbox 2006 3539 2057 3592; x_wconf 92' lang='lat' dir='ltr'><strong>in</strong></span> <span class='ocrx_word' id='word_1_654' title='bbox 2092 3542 2388 3609; x_wconf 84' lang='lat' dir='ltr'><strong>templo,&#39;et</strong></span> <span class='ocrx_word' id='word_1_655' title='bbox 2419 3540 2728 3611; x_wconf 81' lang='lat' dir='ltr'><strong>frangentes</strong></span> <span class='ocrx_word' id='word_1_656' title='bbox 2751 3548 2889 3598; x_wconf 86' lang='lat' dir='ltr'><strong>circa</strong></span> <span class='ocrx_word' id='word_1_657' title='bbox 2916 3544 3105 3599; x_wconf 85' lang='lat' dir='ltr'><strong>domos</strong></span> <span class='ocrx_word' id='word_1_658' title='bbox 3134 3560 3353 3613; x_wconf 90' lang='lat' dir='ltr'><strong>panem,</strong></span> 
     </span>
    </p>
   </div>
   <div class='ocr_carea' id='block_1_81' title="bbox 1758 3632 3359 3705">
    <p class='ocr_par' dir='ltr' id='par_1_81' title="bbox 1758 3632 3359 3705">
     <span class='ocr_line' id='line_1_81' title="bbox 1758 3632 3359 3705; baseline 0.006 -22"><span class='ocrx_word' id='word_1_659' title='bbox 1758 3632 2041 3687; x_wconf 90' lang='lat' dir='ltr'><strong>sumebant</strong></span> <span class='ocrx_word' id='word_1_660' title='bbox 2084 3634 2261 3687; x_wconf 87' lang='lat' dir='ltr'><strong>cibum</strong></span> <span class='ocrx_word' id='word_1_661' title='bbox 2308 3649 2427 3689; x_wconf 90' lang='lat' dir='ltr'><strong>cum</strong></span> <span class='ocrx_word' id='word_1_662' title='bbox 2477 3636 2858 3701; x_wconf 78' lang='lat' dir='ltr'><strong>exsultatione,</strong></span> <span class='ocrx_word' id='word_1_663' title='bbox 2909 3646 2963 3691; x_wconf 92' lang='lat' dir='ltr'><strong>ct</strong></span> <span class='ocrx_word' id='word_1_664' title='bbox 3006 3638 3359 3705; x_wconf 78' lang='lat' dir='ltr'><strong>simplicitate</strong></span> 
     </span>
    </p>
   </div>
   <div class='ocr_carea' id='block_1_82' title="bbox 1760 3724 3356 3799">
    <p class='ocr_par' dir='ltr' id='par_1_82' title="bbox 1760 3724 3356 3799">
     <span class='ocr_line' id='line_1_82' title="bbox 1760 3724 3356 3799; baseline 0.006 -22"><span class='ocrx_word' id='word_1_665' title='bbox 1760 3724 1963 3790; x_wconf 89' lang='lat' dir='ltr'><strong>cordis,</strong></span> <span class='ocrx_word' id='word_1_666' title='bbox 2009 3727 2379 3782; x_wconf 90' lang='lat' dir='ltr'><strong>collaudantes</strong></span> <span class='ocrx_word' id='word_1_667' title='bbox 2416 3729 2608 3792; x_wconf 89' lang='lat' dir='ltr'><strong>Deum,</strong></span> <span class='ocrx_word' id='word_1_668' title='bbox 2642 3740 2696 3783; x_wconf 86' lang='lat' dir='ltr'><strong>et</strong></span> <span class='ocrx_word' id='word_1_669' title='bbox 2724 3730 2990 3784; x_wconf 84' lang='lat' dir='ltr'><strong>habentes</strong></span> <span class='ocrx_word' id='word_1_670' title='bbox 3028 3731 3256 3799; x_wconf 84' lang='lat' dir='ltr'><strong>gratiam</strong></span> <span class='ocrx_word' id='word_1_671' title='bbox 3284 3731 3356 3786; x_wconf 88' lang='lat' dir='ltr'><strong>ad</strong></span> 
     </span>
    </p>
   </div>
   <div class='ocr_carea' id='block_1_83' title="bbox 1758 3819 3360 3892">
    <p class='ocr_par' dir='ltr' id='par_1_83' title="bbox 1758 3819 3360 3892">
     <span class='ocr_line' id='line_1_83' title="bbox 1758 3819 3360 3892; baseline 0.005 -21"><span class='ocrx_word' id='word_1_672' title='bbox 1758 3832 1973 3871; x_wconf 86' lang='lat' dir='ltr'><strong>Omnem</strong></span> <span class='ocrx_word' id='word_1_673' title='bbox 1998 3819 2227 3886; x_wconf 87' lang='lat' dir='ltr'><strong>plebem.</strong></span> <span class='ocrx_word' id='word_1_674' title='bbox 2254 3820 2511 3875; x_wconf 87' lang='lat' dir='ltr'><strong>Dominus</strong></span> <span class='ocrx_word' id='word_1_675' title='bbox 2532 3831 2707 3877; x_wconf 90' lang='lat' dir='ltr'><strong>autem</strong></span> <span class='ocrx_word' id='word_1_676' title='bbox 2730 3823 2959 3892; x_wconf 84' lang='lat' dir='ltr'><strong>augebat</strong></span> <span class='ocrx_word' id='word_1_677' title='bbox 2982 3824 3070 3892; x_wconf 90' lang='lat' dir='ltr'><strong>qui</strong></span> <span class='ocrx_word' id='word_1_678' title='bbox 3101 3822 3231 3877; x_wconf 63' lang='lat' dir='ltr'><strong>salvi</strong></span> <span class='ocrx_word' id='word_1_679' title='bbox 3260 3824 3360 3879; x_wconf 86' lang='lat' dir='ltr'><strong>lie-</strong></span> 
     </span>
    </p>
   </div>
   <div class='ocr_carea' id='block_1_84' title="bbox 1760 3911 2523 3981">
    <p class='ocr_par' dir='ltr' id='par_1_84' title="bbox 1760 3911 2523 3981">
     <span class='ocr_line' id='line_1_84' title="bbox 1760 3911 2523 3981; baseline 0.004 -17"><span class='ocrx_word' id='word_1_680' title='bbox 1760 3920 1883 3965; x_wconf 89' lang='lat' dir='ltr'><strong>rent</strong></span> <span class='ocrx_word' id='word_1_681' title='bbox 1920 3911 2161 3981; x_wconf 89' lang='lat' dir='ltr'><strong>quotidie</strong></span> <span class='ocrx_word' id='word_1_682' title='bbox 2191 3914 2241 3967; x_wconf 91' lang='lat' dir='ltr'><strong>in</strong></span> <span class='ocrx_word' id='word_1_683' title='bbox 2271 3913 2523 3981; x_wconf 88' lang='lat' dir='ltr'><strong>idipsnm.</strong></span> 
     </span>
    </p>
   </div>
   <div class='ocr_carea' id='block_1_85' title="bbox 1834 4002 3359 4075">
    <p class='ocr_par' dir='ltr' id='par_1_85' title="bbox 1834 4002 3359 4075">
     <span class='ocr_line' id='line_1_85' title="bbox 1834 4002 3359 4075; baseline 0.004 -19"><span class='ocrx_word' id='word_1_684' title='bbox 1834 4003 1987 4074; x_wconf 77' lang='grc' dir='ltr'><strong>[ϐαρ.</strong></span> <span class='ocrx_word' id='word_1_685' title='bbox 2016 4002 2129 4075; x_wconf 84' lang='lat' dir='ltr'><strong>lll.]</strong></span> <span class='ocrx_word' id='word_1_686' title='bbox 2162 4004 2360 4059; x_wconf 88' lang='lat' dir='ltr'><strong>Petrus</strong></span> <span class='ocrx_word' id='word_1_687' title='bbox 2393 4015 2573 4059; x_wconf 90' lang='lat' dir='ltr'><strong>autem</strong></span> <span class='ocrx_word' id='word_1_688' title='bbox 2615 4015 2669 4061; x_wconf 92' lang='lat' dir='ltr'><strong>et</strong></span> <span class='ocrx_word' id='word_1_689' title='bbox 2711 4007 2948 4063; x_wconf 87' lang='lat' dir='ltr'><strong>Joannes</strong></span> <span class='ocrx_word' id='word_1_690' title='bbox 2988 4008 3359 4064; x_wconf 87' lang='lat' dir='ltr'><strong>ascendebant</strong></span> 
     </span>
    </p>
   </div>
   <div class='ocr_carea' id='block_1_86' title="bbox 1762 4096 3357 4173">
    <p class='ocr_par' dir='ltr' id='par_1_86' title="bbox 1762 4096 3357 4173">
     <span class='ocr_line' id='line_1_86' title="bbox 1762 4096 3357 4173; baseline 0.004 -22"><span class='ocrx_word' id='word_1_691' title='bbox 1762 4097 1815 4151; x_wconf 88' lang='lat' dir='ltr'><strong>in</strong></span> <span class='ocrx_word' id='word_1_692' title='bbox 1850 4096 2129 4166; x_wconf 90' lang='lat' dir='ltr'><strong>templum,</strong></span> <span class='ocrx_word' id='word_1_693' title='bbox 2164 4098 2229 4152; x_wconf 89' lang='lat' dir='ltr'><strong>ad</strong></span> <span class='ocrx_word' id='word_1_694' title='bbox 2273 4101 2458 4153; x_wconf 89' lang='lat' dir='ltr'><strong>horam</strong></span> <span class='ocrx_word' id='word_1_695' title='bbox 2492 4101 2760 4155; x_wconf 90' lang='lat' dir='ltr'><strong>orationis</strong></span> <span class='ocrx_word' id='word_1_696' title='bbox 2792 4117 3012 4157; x_wconf 89' lang='lat' dir='ltr'><strong>nonam.</strong></span> <span class='ocrx_word' id='word_1_697' title='bbox 3042 4102 3110 4157; x_wconf 86' lang='lat' dir='ltr'><strong>Et</strong></span> <span class='ocrx_word' id='word_1_698' title='bbox 3133 4104 3357 4173; x_wconf 89' lang='lat' dir='ltr'><strong>quidam</strong></span> 
     </span>
    </p>
   </div>
   <div class='ocr_carea' id='block_1_87' title="bbox 1762 4189 3358 4263">
    <p class='ocr_par' dir='ltr' id='par_1_87' title="bbox 1762 4189 3358 4263">
     <span class='ocr_line' id='line_1_87' title="bbox 1762 4189 3358 4263; baseline 0.003 -20"><span class='ocrx_word' id='word_1_699' title='bbox 1762 4189 1863 4255; x_wconf 87' lang='lat' dir='ltr'><strong>vir,</strong></span> <span class='ocrx_word' id='word_1_700' title='bbox 1894 4190 1983 4259; x_wconf 91' lang='lat' dir='ltr'><strong>qui</strong></span> <span class='ocrx_word' id='word_1_701' title='bbox 2016 4202 2129 4243; x_wconf 87' lang='lat' dir='ltr'><strong>erat</strong></span> <span class='ocrx_word' id='word_1_702' title='bbox 2157 4190 2380 4245; x_wconf 91' lang='lat' dir='ltr'><strong>claudus</strong></span> <span class='ocrx_word' id='word_1_703' title='bbox 2407 4207 2472 4246; x_wconf 87' lang='lat' dir='ltr'><strong>ex</strong></span> <span class='ocrx_word' id='word_1_704' title='bbox 2516 4202 2671 4247; x_wconf 89' lang='lat' dir='ltr'><strong>utero</strong></span> <span class='ocrx_word' id='word_1_705' title='bbox 2698 4196 2891 4250; x_wconf 87' lang='lat' dir='ltr'><strong>matris</strong></span> <span class='ocrx_word' id='word_1_706' title='bbox 2916 4209 3048 4263; x_wconf 66' lang='lat' dir='ltr'><strong>suat,</strong></span> <span class='ocrx_word' id='word_1_707' title='bbox 3078 4194 3358 4263; x_wconf 86' lang='lat' dir='ltr'><strong>hajnlaba-</strong></span> 
     </span>
    </p>
   </div>
   <div class='ocr_carea' id='block_1_88' title="bbox 1762 4287 3358 4358">
    <p class='ocr_par' dir='ltr' id='par_1_88' title="bbox 1762 4287 3358 4358">
     <span class='ocr_line' id='line_1_88' title="bbox 1762 4287 3358 4358; baseline 0.001 -21"><span class='ocrx_word' id='word_1_708' title='bbox 1762 4292 1851 4337; x_wconf 90' lang='lat' dir='ltr'><strong>tnr</strong></span> <span class='ocrx_word' id='word_1_709' title='bbox 1878 4301 1890 4336; x_wconf 90' lang='lat'><strong>:</strong></span> <span class='ocrx_word' id='word_1_710' title='bbox 1921 4299 2079 4354; x_wconf 90' lang='lat' dir='ltr'><strong>quem</strong></span> <span class='ocrx_word' id='word_1_711' title='bbox 2115 4287 2387 4354; x_wconf 88' lang='lat' dir='ltr'><strong>ponebant</strong></span> <span class='ocrx_word' id='word_1_712' title='bbox 2416 4287 2656 4355; x_wconf 86' lang='lat' dir='ltr'><strong>quotidie</strong></span> <span class='ocrx_word' id='word_1_713' title='bbox 2681 4288 2748 4342; x_wconf 89' lang='lat' dir='ltr'><strong>ad</strong></span> <span class='ocrx_word' id='word_1_714' title='bbox 2773 4299 2978 4358; x_wconf 91' lang='lat' dir='ltr'><strong>portam</strong></span> <span class='ocrx_word' id='word_1_715' title='bbox 3001 4289 3209 4353; x_wconf 86' lang='lat' dir='ltr'><strong>templi,</strong></span> <span class='ocrx_word' id='word_1_716' title='bbox 3236 4302 3358 4354; x_wconf 74' lang='lat' dir='ltr'><strong>qua:</strong></span> 
     </span>
    </p>
   </div>
   <div class='ocr_carea' id='block_1_89' title="bbox 1764 4375 3357 4448">
    <p class='ocr_par' dir='ltr' id='par_1_89' title="bbox 1764 4375 3357 4448">
     <span class='ocr_line' id='line_1_89' title="bbox 1764 4375 3357 4448; baseline -0.001 -19"><span class='ocrx_word' id='word_1_717' title='bbox 1764 4375 1958 4429; x_wconf 87' lang='lat' dir='ltr'><strong>dicitur</strong></span> <span class='ocrx_word' id='word_1_718' title='bbox 1998 4376 2276 4446; x_wconf 87' lang='lat' dir='ltr'><strong>Speciosa,</strong></span> <span class='ocrx_word' id='word_1_719' title='bbox 2320 4388 2377 4432; x_wconf 93' lang='lat' dir='ltr'><strong>ut</strong></span> <span class='ocrx_word' id='word_1_720' title='bbox 2409 4389 2618 4448; x_wconf 87' lang='lat' dir='ltr'><strong>peteret</strong></span> <span class='ocrx_word' id='word_1_721' title='bbox 2656 4380 3053 4448; x_wconf 87' lang='lat' dir='ltr'><strong>eleemosynam</strong></span> <span class='ocrx_word' id='word_1_722' title='bbox 3086 4378 3152 4430; x_wconf 91' lang='lat' dir='ltr'><strong>ab</strong></span> <span class='ocrx_word' id='word_1_723' title='bbox 3185 4378 3357 4429; x_wconf 82' lang='lat' dir='ltr'><strong>intro-</strong></span> 
     </span>
    </p>
   </div>
   <div class='ocr_carea' id='block_1_90' title="bbox 1766 4468 3362 4540">
    <p class='ocr_par' dir='ltr' id='par_1_90' title="bbox 1766 4468 3362 4540">
     <span class='ocr_line' id='line_1_90' title="bbox 1766 4468 3362 4540; baseline -0.001 -15"><span class='ocrx_word' id='word_1_724' title='bbox 1766 4468 2020 4525; x_wconf 83' lang='lat' dir='ltr'><strong>euntibus</strong></span> <span class='ocrx_word' id='word_1_725' title='bbox 2074 4473 2125 4525; x_wconf 92' lang='lat' dir='ltr'><strong>in</strong></span> <span class='ocrx_word' id='word_1_726' title='bbox 2182 4471 2461 4540; x_wconf 89' lang='lat' dir='ltr'><strong>templum.</strong></span> <span class='ocrx_word' id='word_1_727' title='bbox 2509 4470 2557 4525; x_wconf 87' lang='lat' dir='ltr'><strong>Is</strong></span> <span class='ocrx_word' id='word_1_728' title='bbox 2602 4488 2723 4525; x_wconf 91' lang='lat' dir='ltr'><strong>cum</strong></span> <span class='ocrx_word' id='word_1_729' title='bbox 2768 4471 2987 4524; x_wconf 67' lang='lat' dir='ltr'><strong>vidisset</strong></span> <span class='ocrx_word' id='word_1_730' title='bbox 3030 4468 3248 4521; x_wconf 87' lang='lat' dir='ltr'><strong>Petrum</strong></span> <span class='ocrx_word' id='word_1_731' title='bbox 3305 4478 3362 4523; x_wconf 85' lang='lat' dir='ltr'><strong>et</strong></span> 
     </span>
    </p>
   </div>
   <div class='ocr_carea' id='block_1_91' title="bbox 121 4541 3355 4633">
    <p class='ocr_par' dir='ltr' id='par_1_91' title="bbox 121 4541 3355 4633">
     <span class='ocr_line' id='line_1_91' title="bbox 121 4541 3355 4633; baseline 0.004 -33"><span class='ocrx_word' id='word_1_732' title='bbox 121 4546 377 4621; x_wconf 88' lang='lat' dir='ltr'><strong>iniquorum</strong></span> <span class='ocrx_word' id='word_1_733' title='bbox 401 4561 686 4633; x_wconf 80' lang='lat' dir='ltr'><strong>alligentes</strong></span> <span class='ocrx_word' id='word_1_734' title='bbox 712 4560 1063 4615; x_wconf 89' lang='lat' dir='ltr'><strong>interemistis</strong></span> <span class='ocrx_word' id='word_1_735' title='bbox 1098 4577 1111 4615; x_wconf 88' lang='lat'>:</span> <span class='ocrx_word' id='word_1_736' title='bbox 1145 4576 1303 4630; x_wconf 90' lang='lat' dir='ltr'><strong>quem</strong></span> <span class='ocrx_word' id='word_1_737' title='bbox 1329 4561 1469 4615; x_wconf 91' lang='lat' dir='ltr'><strong>Dens</strong></span> <span class='ocrx_word' id='word_1_738' title='bbox 1492 4564 1663 4615; x_wconf 86' lang='lat' dir='ltr'><strong>susci-</strong></span> <span class='ocrx_word' id='word_1_739' title='bbox 1688 4541 1742 4601; x_wconf 83' lang='lat' dir='ltr'><strong>D</strong></span> <span class='ocrx_word' id='word_1_740' title='bbox 1766 4564 2035 4620; x_wconf 86' lang='lat' dir='ltr'><strong>Joannem</strong></span> <span class='ocrx_word' id='word_1_741' title='bbox 2072 4567 2396 4633; x_wconf 85' lang='lat' dir='ltr'><strong>incipientes</strong></span> <span class='ocrx_word' id='word_1_742' title='bbox 2436 4567 2658 4618; x_wconf 91' lang='lat' dir='ltr'><strong>introire</strong></span> <span class='ocrx_word' id='word_1_743' title='bbox 2700 4565 2750 4617; x_wconf 93' lang='lat' dir='ltr'><strong>in</strong></span> <span class='ocrx_word' id='word_1_744' title='bbox 2797 4562 3071 4630; x_wconf 90' lang='lat' dir='ltr'><strong>templum,</strong></span> <span class='ocrx_word' id='word_1_745' title='bbox 3106 4560 3355 4629; x_wconf 84' lang='lat' dir='ltr'><strong>rogabat,</strong></span> 
     </span>
    </p>
   </div>
   <div class='ocr_carea' id='block_1_92' title="bbox 123 4642 1663 4723">
    <p class='ocr_par' dir='ltr' id='par_1_92' title="bbox 123 4642 1663 4723">
     <span class='ocr_line' id='line_1_92' title="bbox 123 4642 1663 4723; baseline 0.011 -31"><span class='ocrx_word' id='word_1_746' title='bbox 123 4642 242 4712; x_wconf 84' lang='lat' dir='ltr'><strong>tavit,</strong></span> <span class='ocrx_word' id='word_1_747' title='bbox 274 4650 455 4706; x_wconf 82' lang='lat' dir='ltr'><strong>solutis</strong></span> <span class='ocrx_word' id='word_1_748' title='bbox 482 4653 765 4708; x_wconf 87' lang='lat' dir='ltr'><strong>doloribus</strong></span> <span class='ocrx_word' id='word_1_749' title='bbox 803 4651 1023 4717; x_wconf 83' lang='lat' dir='ltr'><strong>inferni,</strong></span> <span class='ocrx_word' id='word_1_750' title='bbox 1054 4650 1209 4721; x_wconf 91' lang='lat' dir='ltr'><strong>juxta</strong></span> <span class='ocrx_word' id='word_1_751' title='bbox 1238 4653 1379 4721; x_wconf 89' lang='lat' dir='ltr'><strong>quod</strong></span> <span class='ocrx_word' id='word_1_752' title='bbox 1414 4654 1663 4723; x_wconf 90' lang='lat' dir='ltr'><strong>impossi-</strong></span> 
     </span>
    </p>
   </div>
   <div class='ocr_carea' id='block_1_93' title="bbox 124 4733 1659 4805">
    <p class='ocr_par' dir='ltr' id='par_1_93' title="bbox 124 4733 1659 4805">
     <span class='ocr_line' id='line_1_93' title="bbox 124 4733 1659 4805; baseline 0.014 -22"><span class='ocrx_word' id='word_1_753' title='bbox 124 4733 205 4791; x_wconf 88' lang='lat' dir='ltr'><strong>bile</strong></span> <span class='ocrx_word' id='word_1_754' title='bbox 219 4752 322 4795; x_wconf 88' lang='lat' dir='ltr'><strong>erat</strong></span> <span class='ocrx_word' id='word_1_755' title='bbox 341 4748 505 4802; x_wconf 89' lang='lat' dir='ltr'><strong>teneri</strong></span> <span class='ocrx_word' id='word_1_756' title='bbox 529 4748 687 4802; x_wconf 93' lang='lat' dir='ltr'><strong>illum</strong></span> <span class='ocrx_word' id='word_1_757' title='bbox 711 4745 778 4800; x_wconf 90' lang='lat' dir='ltr'><strong>ab</strong></span> <span class='ocrx_word' id='word_1_758' title='bbox 800 4760 885 4801; x_wconf 93' lang='lat' dir='ltr'><strong>eo.</strong></span> <span class='ocrx_word' id='word_1_759' title='bbox 910 4746 1077 4799; x_wconf 90' lang='lat' dir='ltr'><strong>David</strong></span> <span class='ocrx_word' id='word_1_760' title='bbox 1100 4747 1242 4800; x_wconf 90' lang='lat' dir='ltr'><strong>enim</strong></span> <span class='ocrx_word' id='word_1_761' title='bbox 1266 4746 1397 4801; x_wconf 91' lang='lat' dir='ltr'><strong>dicit</strong></span> <span class='ocrx_word' id='word_1_762' title='bbox 1419 4748 1469 4802; x_wconf 94' lang='lat' dir='ltr'><strong>in</strong></span> <span class='ocrx_word' id='word_1_763' title='bbox 1493 4764 1613 4803; x_wconf 90' lang='lat' dir='ltr'><strong>cum</strong></span> <span class='ocrx_word' id='word_1_764' title='bbox 1646 4768 1659 4805; x_wconf 92' lang='lat'><strong>:</strong></span> 
     </span>
    </p>
   </div>
   <div class='ocr_carea' id='block_1_94' title="bbox 123 4822 1659 4912">
    <p class='ocr_par' dir='ltr' id='par_1_94' title="bbox 123 4822 1659 4912">
     <span class='ocr_line' id='line_1_94' title="bbox 123 4822 1659 4912; baseline 0.012 -33"><span class='ocrx_word' id='word_1_765' title='bbox 123 4822 423 4892; x_wconf 84' lang='lat' dir='ltr'><strong>Providebam</strong></span> <span class='ocrx_word' id='word_1_766' title='bbox 466 4839 761 4895; x_wconf 87' lang='lat' dir='ltr'><strong>Dominum</strong></span> <span class='ocrx_word' id='word_1_767' title='bbox 801 4840 853 4893; x_wconf 93' lang='lat' dir='ltr'><strong>in</strong></span> <span class='ocrx_word' id='word_1_768' title='bbox 895 4850 1189 4908; x_wconf 82' lang='lat' dir='ltr'><strong>conspectu</strong></span> <span class='ocrx_word' id='word_1_769' title='bbox 1239 4856 1359 4895; x_wconf 93' lang='lat' dir='ltr'><strong>meo</strong></span> <span class='ocrx_word' id='word_1_770' title='bbox 1400 4856 1615 4912; x_wconf 90' lang='lat' dir='ltr'><strong>semper</strong></span> <span class='ocrx_word' id='word_1_771' title='bbox 1648 4860 1659 4897; x_wconf 95' lang='lat'>:</span> 
     </span>
    </p>
   </div>
   <div class='ocr_carea' id='block_1_95' title="bbox 122 4924 1664 5006">
    <p class='ocr_par' dir='ltr' id='par_1_95' title="bbox 122 4924 1664 5006">
     <span class='ocr_line' id='line_1_95' title="bbox 122 4924 1664 5006; baseline 0.003 -21"><span class='ocrx_word' id='word_1_772' title='bbox 122 4924 331 4985; x_wconf 70' lang='lat' dir='ltr'><strong>Quoniam</strong></span> <span class='ocrx_word' id='word_1_773' title='bbox 366 4945 394 4983; x_wconf 89' lang='lat' dir='ltr'><strong>a</strong></span> <span class='ocrx_word' id='word_1_774' title='bbox 432 4931 633 4988; x_wconf 81' lang='lat' dir='ltr'><strong>dextris</strong></span> <span class='ocrx_word' id='word_1_775' title='bbox 671 4941 753 4987; x_wconf 91' lang='lat' dir='ltr'><strong>est</strong></span> <span class='ocrx_word' id='word_1_776' title='bbox 783 4932 911 4985; x_wconf 90' lang='lat' dir='ltr'><strong>mihi</strong></span> <span class='ocrx_word' id='word_1_777' title='bbox 942 4948 1011 4987; x_wconf 90' lang='lat' dir='ltr'><strong>ne</strong></span> <span class='ocrx_word' id='word_1_778' title='bbox 1037 4949 1401 4989; x_wconf 87' lang='lat' dir='ltr'><strong>commovear.</strong></span> <span class='ocrx_word' id='word_1_779' title='bbox 1436 4936 1664 5006; x_wconf 89' lang='lat' dir='ltr'><strong>Propter</strong></span> 
     </span>
    </p>
   </div>
   <div class='ocr_carea' id='block_1_96' title="bbox 126 5005 1658 5097">
    <p class='ocr_par' dir='ltr' id='par_1_96' title="bbox 126 5005 1658 5097">
     <span class='ocr_line' id='line_1_96' title="bbox 126 5005 1658 5097; baseline 0.012 -33"><span class='ocrx_word' id='word_1_780' title='bbox 126 5005 207 5065; x_wconf 63' lang='lat' dir='ltr'><strong>huc</strong></span> <span class='ocrx_word' id='word_1_781' title='bbox 228 5014 439 5076; x_wconf 73' lang='lat' dir='ltr'><strong>ltetatum</strong></span> <span class='ocrx_word' id='word_1_782' title='bbox 470 5035 549 5079; x_wconf 88' lang='lat' dir='ltr'><strong>est</strong></span> <span class='ocrx_word' id='word_1_783' title='bbox 577 5039 673 5079; x_wconf 89' lang='lat' dir='ltr'><strong>cor</strong></span> <span class='ocrx_word' id='word_1_784' title='bbox 696 5039 896 5089; x_wconf 89' lang='lat' dir='ltr'><strong>meum,</strong></span> <span class='ocrx_word' id='word_1_785' title='bbox 921 5035 973 5079; x_wconf 86' lang='lat' dir='ltr'><strong>et</strong></span> <span class='ocrx_word' id='word_1_786' title='bbox 996 5026 1282 5080; x_wconf 79' lang='lat' dir='ltr'><strong>exsultavit</strong></span> <span class='ocrx_word' id='word_1_787' title='bbox 1315 5027 1494 5097; x_wconf 85' lang='lat' dir='ltr'><strong>lingua</strong></span> <span class='ocrx_word' id='word_1_788' title='bbox 1520 5045 1658 5094; x_wconf 88' lang='lat' dir='ltr'><strong>mea,</strong></span> 
     </span>
    </p>
   </div>
   <div class='ocr_carea' id='block_1_97' title="bbox 126 5101 1661 5187">
    <p class='ocr_par' dir='ltr' id='par_1_97' title="bbox 126 5101 1661 5187">
     <span class='ocr_line' id='line_1_97' title="bbox 126 5101 1661 5187; baseline 0.013 -33"><span class='ocrx_word' id='word_1_789' title='bbox 126 5101 305 5173; x_wconf 80' lang='lat' dir='ltr'><strong>insuper</strong></span> <span class='ocrx_word' id='word_1_790' title='bbox 328 5122 377 5168; x_wconf 91' lang='lat' dir='ltr'><strong>et</strong></span> <span class='ocrx_word' id='word_1_791' title='bbox 403 5130 526 5172; x_wconf 90' lang='lat' dir='ltr'><strong>caro</strong></span> <span class='ocrx_word' id='word_1_792' title='bbox 547 5133 664 5173; x_wconf 90' lang='lat' dir='ltr'><strong>mea</strong></span> <span class='ocrx_word' id='word_1_793' title='bbox 688 5118 989 5186; x_wconf 88' lang='lat' dir='ltr'><strong>requiescet</strong></span> <span class='ocrx_word' id='word_1_794' title='bbox 1011 5117 1062 5171; x_wconf 92' lang='lat' dir='ltr'><strong>in</strong></span> <span class='ocrx_word' id='word_1_795' title='bbox 1090 5133 1185 5187; x_wconf 91' lang='lat' dir='ltr'><strong>spe</strong></span> <span class='ocrx_word' id='word_1_796' title='bbox 1219 5136 1232 5171; x_wconf 87' lang='lat'>:</span> <span class='ocrx_word' id='word_1_797' title='bbox 1260 5118 1529 5185; x_wconf 90' lang='lat' dir='ltr'><strong>Quoniam</strong></span> <span class='ocrx_word' id='word_1_798' title='bbox 1556 5136 1661 5175; x_wconf 89' lang='lat' dir='ltr'><strong>non</strong></span> 
     </span>
    </p>
   </div>
   <div class='ocr_carea' id='block_1_98' title="bbox 128 5194 1667 5273">
    <p class='ocr_par' dir='ltr' id='par_1_98' title="bbox 128 5194 1667 5273">
     <span class='ocr_line' id='line_1_98' title="bbox 128 5194 1667 5273; baseline 0.012 -24"><span class='ocrx_word' id='word_1_799' title='bbox 128 5194 423 5273; x_wconf 87' lang='lat' dir='ltr'><strong>derelinques</strong></span> <span class='ocrx_word' id='word_1_800' title='bbox 442 5212 670 5265; x_wconf 89' lang='lat' dir='ltr'><strong>animam</strong></span> <span class='ocrx_word' id='word_1_801' title='bbox 695 5225 867 5266; x_wconf 89' lang='lat' dir='ltr'><strong>meam</strong></span> <span class='ocrx_word' id='word_1_802' title='bbox 891 5211 941 5265; x_wconf 92' lang='lat' dir='ltr'><strong>in</strong></span> <span class='ocrx_word' id='word_1_803' title='bbox 967 5209 1205 5273; x_wconf 83' lang='lat' dir='ltr'><strong>inferno,</strong></span> <span class='ocrx_word' id='word_1_804' title='bbox 1238 5227 1336 5266; x_wconf 79' lang='lat' dir='ltr'><strong>nec</strong></span> <span class='ocrx_word' id='word_1_805' title='bbox 1360 5213 1515 5266; x_wconf 91' lang='lat' dir='ltr'><strong>dabis</strong></span> <span class='ocrx_word' id='word_1_806' title='bbox 1537 5213 1667 5269; x_wconf 90' lang='lat' dir='ltr'><strong>San-</strong></span> 
     </span>
    </p>
   </div>
   <div class='ocr_carea' id='block_1_99' title="bbox 129 5296 1665 5374">
    <p class='ocr_par' dir='ltr' id='par_1_99' title="bbox 129 5296 1665 5374">
     <span class='ocr_line' id='line_1_99' title="bbox 129 5296 1665 5374; baseline 0.007 -26"><span class='ocrx_word' id='word_1_807' title='bbox 129 5296 247 5345; x_wconf 75' lang='lat' dir='ltr'><strong>Clum</strong></span> <span class='ocrx_word' id='word_1_808' title='bbox 281 5304 411 5354; x_wconf 89' lang='lat' dir='ltr'><strong>tuum</strong></span> <span class='ocrx_word' id='word_1_809' title='bbox 448 5303 627 5359; x_wconf 79' lang='lat' dir='ltr'><strong>videre</strong></span> <span class='ocrx_word' id='word_1_810' title='bbox 665 5303 1097 5374; x_wconf 90' lang='lat' dir='ltr'><strong>corruptionem.</strong></span> <span class='ocrx_word' id='word_1_811' title='bbox 1135 5303 1298 5357; x_wconf 86' lang='lat' dir='ltr'><strong>Notas</strong></span> <span class='ocrx_word' id='word_1_812' title='bbox 1330 5304 1461 5357; x_wconf 91' lang='lat' dir='ltr'><strong>mihi</strong></span> <span class='ocrx_word' id='word_1_813' title='bbox 1495 5305 1665 5360; x_wconf 74' lang='lat' dir='ltr'><strong>fet-isti</strong></span> 
     </span>
    </p>
   </div>
   <div class='ocr_carea' id='block_1_100' title="bbox 134 5381 1661 5467">
    <p class='ocr_par' dir='ltr' id='par_1_100' title="bbox 134 5381 1661 5467">
     <span class='ocr_line' id='line_1_100' title="bbox 134 5381 1661 5467; baseline 0.011 -35"><span class='ocrx_word' id='word_1_814' title='bbox 134 5381 224 5435; x_wconf 72' lang='lat' dir='ltr'><strong>\‘ias</strong></span> <span class='ocrx_word' id='word_1_815' title='bbox 250 5386 354 5444; x_wconf 71' lang='lat' dir='ltr'><strong>vitae</strong></span> <span class='ocrx_word' id='word_1_816' title='bbox 385 5410 395 5444; x_wconf 93' lang='lat'><strong>:</strong></span> <span class='ocrx_word' id='word_1_817' title='bbox 423 5406 472 5449; x_wconf 88' lang='lat' dir='ltr'><strong>et</strong></span> <span class='ocrx_word' id='word_1_818' title='bbox 500 5397 731 5467; x_wconf 80' lang='lat' dir='ltr'><strong>replebis</strong></span> <span class='ocrx_word' id='word_1_819' title='bbox 754 5413 839 5451; x_wconf 90' lang='lat' dir='ltr'><strong>me</strong></span> <span class='ocrx_word' id='word_1_820' title='bbox 864 5396 1198 5466; x_wconf 79' lang='lat' dir='ltr'><strong>jucunditatc</strong></span> <span class='ocrx_word' id='word_1_821' title='bbox 1230 5413 1349 5451; x_wconf 92' lang='lat' dir='ltr'><strong>cum</strong></span> <span class='ocrx_word' id='word_1_822' title='bbox 1385 5397 1517 5451; x_wconf 69' lang='lat' dir='ltr'><strong>lat-ie</strong></span> <span class='ocrx_word' id='word_1_823' title='bbox 1555 5408 1661 5451; x_wconf 87' lang='lat' dir='ltr'><strong>tua.</strong></span> 
     </span>
    </p>
   </div>
   <div class='ocr_carea' id='block_1_101' title="bbox 135 5467 1666 5561">
    <p class='ocr_par' dir='ltr' id='par_1_101' title="bbox 135 5467 1666 5561">
     <span class='ocr_line' id='line_1_101' title="bbox 135 5467 1666 5561; baseline 0.01 -33"><span class='ocrx_word' id='word_1_824' title='bbox 135 5467 225 5529; x_wconf 80' lang='lat' dir='ltr'><strong>Viri</strong></span> <span class='ocrx_word' id='word_1_825' title='bbox 251 5477 442 5553; x_wconf 80' lang='lat' dir='ltr'><strong>fratres,</strong></span> <span class='ocrx_word' id='word_1_826' title='bbox 466 5488 620 5547; x_wconf 88' lang='lat' dir='ltr'><strong>liceat</strong></span> <span class='ocrx_word' id='word_1_827' title='bbox 646 5491 910 5547; x_wconf 90' lang='lat' dir='ltr'><strong>audenter</strong></span> <span class='ocrx_word' id='word_1_828' title='bbox 931 5492 1111 5548; x_wconf 90' lang='lat' dir='ltr'><strong>dicere</strong></span> <span class='ocrx_word' id='word_1_829' title='bbox 1138 5492 1205 5546; x_wconf 91' lang='lat' dir='ltr'><strong>ad</strong></span> <span class='ocrx_word' id='word_1_830' title='bbox 1228 5507 1323 5547; x_wconf 86' lang='lat' dir='ltr'><strong>vos</strong></span> <span class='ocrx_word' id='word_1_831' title='bbox 1345 5492 1412 5546; x_wconf 87' lang='lat' dir='ltr'><strong>de</strong></span> <span class='ocrx_word' id='word_1_832' title='bbox 1435 5500 1540 5561; x_wconf 74' lang='lat' dir='ltr'><strong>pati</strong></span> <span class='ocrx_word' id='word_1_833' title='bbox 1559 5493 1666 5544; x_wconf 87' lang='lat' dir='ltr'><strong>iar-</strong></span> 
     </span>
    </p>
   </div>
   <div class='ocr_carea' id='block_1_102' title="bbox 138 5565 1668 5656">
    <p class='ocr_par' dir='ltr' id='par_1_102' title="bbox 138 5565 1668 5656">
     <span class='ocr_line' id='line_1_102' title="bbox 138 5565 1668 5656; baseline 0.01 -32"><span class='ocrx_word' id='word_1_834' title='bbox 138 5565 214 5620; x_wconf 77' lang='lat' dir='ltr'><strong>Cba</strong></span> <span class='ocrx_word' id='word_1_835' title='bbox 252 5571 423 5645; x_wconf 87' lang='lat' dir='ltr'><strong>David,</strong></span> <span class='ocrx_word' id='word_1_836' title='bbox 459 5586 706 5652; x_wconf 87' lang='lat' dir='ltr'><strong>quoniam</strong></span> <span class='ocrx_word' id='word_1_837' title='bbox 753 5586 1038 5641; x_wconf 82' lang='lat' dir='ltr'><strong>defunctus</strong></span> <span class='ocrx_word' id='word_1_838' title='bbox 1076 5596 1179 5649; x_wconf 89' lang='lat' dir='ltr'><strong>est,</strong></span> <span class='ocrx_word' id='word_1_839' title='bbox 1212 5596 1266 5642; x_wconf 93' lang='lat' dir='ltr'><strong>et</strong></span> <span class='ocrx_word' id='word_1_840' title='bbox 1298 5586 1541 5656; x_wconf 79' lang='lat' dir='ltr'><strong>sepultus</strong></span> <span class='ocrx_word' id='word_1_841' title='bbox 1572 5627 1583 5639; x_wconf 92' lang='lat'><strong>.</strong></span> <span class='ocrx_word' id='word_1_842' title='bbox 1614 5596 1668 5640; x_wconf 91' lang='lat' dir='ltr'><strong>et</strong></span> 
     </span>
    </p>
   </div>
   <div class='ocr_carea' id='block_1_103' title="bbox 140 5664 1666 5751">
    <p class='ocr_par' dir='ltr' id='par_1_103' title="bbox 140 5664 1666 5751">
     <span class='ocr_line' id='line_1_103' title="bbox 140 5664 1666 5751; baseline 0.005 -25"><span class='ocrx_word' id='word_1_843' title='bbox 140 5664 397 5751; x_wconf 57' lang='lat' dir='ltr'><strong>sFllulcrum</strong></span> <span class='ocrx_word' id='word_1_844' title='bbox 434 5676 545 5745; x_wconf 90' lang='lat' dir='ltr'><strong>ejus</strong></span> <span class='ocrx_word' id='word_1_845' title='bbox 585 5690 664 5735; x_wconf 88' lang='lat' dir='ltr'><strong>est</strong></span> <span class='ocrx_word' id='word_1_846' title='bbox 704 5681 844 5750; x_wconf 87' lang='lat' dir='ltr'><strong>apud</strong></span> <span class='ocrx_word' id='word_1_847' title='bbox 886 5696 986 5736; x_wconf 90' lang='lat' dir='ltr'><strong>nos</strong></span> <span class='ocrx_word' id='word_1_848' title='bbox 1031 5696 1200 5751; x_wconf 88' lang='lat' dir='ltr'><strong>usque</strong></span> <span class='ocrx_word' id='word_1_849' title='bbox 1246 5680 1296 5734; x_wconf 91' lang='lat' dir='ltr'><strong>in</strong></span> <span class='ocrx_word' id='word_1_850' title='bbox 1344 5679 1666 5734; x_wconf 89' lang='lat' dir='ltr'><strong>hodiernum</strong></span> 
     </span>
    </p>
   </div>
   <div class='ocr_carea' id='block_1_104' title="bbox 143 5748 1668 5847">
    <p class='ocr_par' dir='ltr' id='par_1_104' title="bbox 143 5748 1668 5847">
     <span class='ocr_line' id='line_1_104' title="bbox 143 5748 1668 5847; baseline 0.018 -45"><span class='ocrx_word' id='word_1_851' title='bbox 143 5748 277 5811; x_wconf 79' lang='lat' dir='ltr'><strong>diem.</strong></span> <span class='ocrx_word' id='word_1_852' title='bbox 300 5760 543 5837; x_wconf 82' lang='lat' dir='ltr'><strong>Propheta</strong></span> <span class='ocrx_word' id='word_1_853' title='bbox 574 5748 881 5847; x_wconf 83' lang='lat' dir='ltr'><strong>igiturcum</strong></span> <span class='ocrx_word' id='word_1_854' title='bbox 910 5784 1079 5845; x_wconf 88' lang='lat' dir='ltr'><strong>esset,</strong></span> <span class='ocrx_word' id='word_1_855' title='bbox 1111 5748 1166 5831; x_wconf 81' lang='lat' dir='ltr'><strong>et</strong></span> <span class='ocrx_word' id='word_1_856' title='bbox 1190 5773 1503 5845; x_wconf 90' lang='lat' dir='ltr'><strong>sciretquia</strong></span> <span class='ocrx_word' id='word_1_857' title='bbox 1522 5773 1668 5845; x_wconf 89' lang='lat' dir='ltr'><strong>jure-</strong></span> 
     </span>
    </p>
   </div>
   <div class='ocr_carea' id='block_1_105' title="bbox 1767 4653 3358 4731">
    <p class='ocr_par' dir='ltr' id='par_1_105' title="bbox 1767 4653 3358 4731">
     <span class='ocr_line' id='line_1_105' title="bbox 1767 4653 3358 4731; baseline -0.003 -20"><span class='ocrx_word' id='word_1_858' title='bbox 1767 4667 1825 4712; x_wconf 88' lang='lat' dir='ltr'><strong>ttt</strong></span> <span class='ocrx_word' id='word_1_859' title='bbox 1864 4659 2267 4731; x_wconf 82' lang='lat' dir='ltr'><strong>eleemosynam</strong></span> <span class='ocrx_word' id='word_1_860' title='bbox 2312 4658 2601 4725; x_wconf 85' lang='lat' dir='ltr'><strong>acciperet.</strong></span> <span class='ocrx_word' id='word_1_861' title='bbox 2651 4656 2874 4709; x_wconf 87' lang='lat' dir='ltr'><strong>lntuens</strong></span> <span class='ocrx_word' id='word_1_862' title='bbox 2916 4660 3095 4707; x_wconf 91' lang='lat' dir='ltr'><strong>autem</strong></span> <span class='ocrx_word' id='word_1_863' title='bbox 3138 4653 3188 4705; x_wconf 92' lang='lat' dir='ltr'><strong>in</strong></span> <span class='ocrx_word' id='word_1_864' title='bbox 3233 4668 3358 4707; x_wconf 89' lang='lat' dir='ltr'><strong>eum</strong></span> 
     </span>
    </p>
   </div>
   <div class='ocr_carea' id='block_1_106' title="bbox 1766 4744 3362 4817">
    <p class='ocr_par' dir='ltr' id='par_1_106' title="bbox 1766 4744 3362 4817">
     <span class='ocr_line' id='line_1_106' title="bbox 1766 4744 3362 4817; baseline -0.004 -12"><span class='ocrx_word' id='word_1_865' title='bbox 1766 4751 1957 4806; x_wconf 90' lang='lat' dir='ltr'><strong>Petrus</strong></span> <span class='ocrx_word' id='word_1_866' title='bbox 1988 4768 2107 4805; x_wconf 88' lang='lat' dir='ltr'><strong>cum</strong></span> <span class='ocrx_word' id='word_1_867' title='bbox 2138 4752 2365 4817; x_wconf 89' lang='lat' dir='ltr'><strong>Joanne,</strong></span> <span class='ocrx_word' id='word_1_868' title='bbox 2402 4750 2536 4803; x_wconf 90' lang='lat' dir='ltr'><strong>dixit</strong></span> <span class='ocrx_word' id='word_1_869' title='bbox 2559 4766 2572 4803; x_wconf 91' lang='lat'>:</span> <span class='ocrx_word' id='word_1_870' title='bbox 2598 4747 2825 4817; x_wconf 81' lang='lat' dir='ltr'><strong>Respice</strong></span> <span class='ocrx_word' id='word_1_871' title='bbox 2854 4747 2903 4799; x_wconf 93' lang='lat' dir='ltr'><strong>in</strong></span> <span class='ocrx_word' id='word_1_872' title='bbox 2935 4760 3052 4799; x_wconf 89' lang='lat' dir='ltr'><strong>nos.</strong></span> <span class='ocrx_word' id='word_1_873' title='bbox 3080 4744 3145 4798; x_wconf 83' lang='lat' dir='ltr'><strong>At</strong></span> <span class='ocrx_word' id='word_1_874' title='bbox 3168 4744 3256 4798; x_wconf 91' lang='lat' dir='ltr'><strong>ille</strong></span> <span class='ocrx_word' id='word_1_875' title='bbox 3280 4744 3362 4799; x_wconf 90' lang='lat' dir='ltr'><strong>in-</strong></span> 
     </span>
    </p>
   </div>
   <div class='ocr_carea' id='block_1_107' title="bbox 1770 4837 3361 4913">
    <p class='ocr_par' dir='ltr' id='par_1_107' title="bbox 1770 4837 3361 4913">
     <span class='ocr_line' id='line_1_107' title="bbox 1770 4837 3361 4913; baseline -0.004 -15"><span class='ocrx_word' id='word_1_876' title='bbox 1770 4846 2024 4900; x_wconf 86' lang='lat' dir='ltr'><strong>tendebat</strong></span> <span class='ocrx_word' id='word_1_877' title='bbox 2065 4847 2116 4899; x_wconf 92' lang='lat' dir='ltr'><strong>in</strong></span> <span class='ocrx_word' id='word_1_878' title='bbox 2154 4860 2270 4911; x_wconf 90' lang='lat' dir='ltr'><strong>eos,</strong></span> <span class='ocrx_word' id='word_1_879' title='bbox 2314 4857 2542 4913; x_wconf 91' lang='lat' dir='ltr'><strong>sperans</strong></span> <span class='ocrx_word' id='word_1_880' title='bbox 2584 4855 2643 4893; x_wconf 89' lang='lat' dir='ltr'><strong>se</strong></span> <span class='ocrx_word' id='word_1_881' title='bbox 2681 4838 2883 4907; x_wconf 90' lang='lat' dir='ltr'><strong>aliquid</strong></span> <span class='ocrx_word' id='word_1_882' title='bbox 2912 4848 3259 4907; x_wconf 90' lang='lat' dir='ltr'><strong>accepturum</strong></span> <span class='ocrx_word' id='word_1_883' title='bbox 3291 4837 3361 4891; x_wconf 88' lang='lat' dir='ltr'><strong>ab</strong></span> 
     </span>
    </p>
   </div>
   <div class='ocr_carea' id='block_1_108' title="bbox 1768 4933 3363 5004">
    <p class='ocr_par' dir='ltr' id='par_1_108' title="bbox 1768 4933 3363 5004">
     <span class='ocr_line' id='line_1_108' title="bbox 1768 4933 3363 5004; baseline -0.004 -12"><span class='ocrx_word' id='word_1_884' title='bbox 1768 4938 1866 4992; x_wconf 88' lang='lat' dir='ltr'><strong>cis.</strong></span> <span class='ocrx_word' id='word_1_885' title='bbox 1899 4938 2091 4992; x_wconf 89' lang='lat' dir='ltr'><strong>Petrus</strong></span> <span class='ocrx_word' id='word_1_886' title='bbox 2118 4946 2297 4991; x_wconf 87' lang='lat' dir='ltr'><strong>autem</strong></span> <span class='ocrx_word' id='word_1_887' title='bbox 2328 4936 2503 4990; x_wconf 92' lang='lat' dir='ltr'><strong>dixit:</strong></span> <span class='ocrx_word' id='word_1_888' title='bbox 2529 4933 2823 5004; x_wconf 81' lang='lat' dir='ltr'><strong>Argentum</strong></span> <span class='ocrx_word' id='word_1_889' title='bbox 2856 4942 2906 4987; x_wconf 92' lang='lat' dir='ltr'><strong>et</strong></span> <span class='ocrx_word' id='word_1_890' title='bbox 2931 4948 3121 4985; x_wconf 88' lang='lat' dir='ltr'><strong>aurum</strong></span> <span class='ocrx_word' id='word_1_891' title='bbox 3149 4946 3254 4984; x_wconf 93' lang='lat' dir='ltr'><strong>non</strong></span> <span class='ocrx_word' id='word_1_892' title='bbox 3278 4941 3363 4985; x_wconf 86' lang='lat' dir='ltr'><strong>est</strong></span> 
     </span>
    </p>
   </div>
   <div class='ocr_carea' id='block_1_109' title="bbox 1768 5022 3365 5098">
    <p class='ocr_par' dir='ltr' id='par_1_109' title="bbox 1768 5022 3365 5098">
     <span class='ocr_line' id='line_1_109' title="bbox 1768 5022 3365 5098; baseline -0.003 -17"><span class='ocrx_word' id='word_1_893' title='bbox 1768 5030 1896 5082; x_wconf 87' lang='lat' dir='ltr'><strong>mihi</strong></span> <span class='ocrx_word' id='word_1_894' title='bbox 1948 5046 1962 5080; x_wconf 88' lang='lat'>:</span> <span class='ocrx_word' id='word_1_895' title='bbox 2009 5028 2150 5098; x_wconf 84' lang='lat' dir='ltr'><strong>quod</strong></span> <span class='ocrx_word' id='word_1_896' title='bbox 2195 5038 2374 5081; x_wconf 89' lang='lat' dir='ltr'><strong>autem</strong></span> <span class='ocrx_word' id='word_1_897' title='bbox 2409 5027 2603 5088; x_wconf 85' lang='lat' dir='ltr'><strong>habeo.</strong></span> <span class='ocrx_word' id='word_1_898' title='bbox 2648 5025 2747 5079; x_wconf 88' lang='lat' dir='ltr'><strong>hoc</strong></span> <span class='ocrx_word' id='word_1_899' title='bbox 2784 5024 2877 5078; x_wconf 86' lang='lat' dir='ltr'><strong>tibi</strong></span> <span class='ocrx_word' id='word_1_900' title='bbox 2908 5023 2977 5077; x_wconf 94' lang='lat' dir='ltr'><strong>do</strong></span> <span class='ocrx_word' id='word_1_901' title='bbox 3012 5042 3022 5077; x_wconf 93' lang='lat'>:</span> <span class='ocrx_word' id='word_1_902' title='bbox 3052 5022 3109 5077; x_wconf 77' lang='lat' dir='ltr'><strong>in</strong></span> <span class='ocrx_word' id='word_1_903' title='bbox 3144 5022 3365 5077; x_wconf 87' lang='lat' dir='ltr'><strong>nomine</strong></span> 
     </span>
    </p>
   </div>
   <div class='ocr_carea' id='block_1_110' title="bbox 1766 5115 3364 5189">
    <p class='ocr_par' dir='ltr' id='par_1_110' title="bbox 1766 5115 3364 5189">
     <span class='ocr_line' id='line_1_110' title="bbox 1766 5115 3364 5189; baseline -0.006 -12"><span class='ocrx_word' id='word_1_904' title='bbox 1766 5121 1895 5177; x_wconf 85' lang='lat' dir='ltr'><strong>Jesu</strong></span> <span class='ocrx_word' id='word_1_905' title='bbox 1932 5120 2135 5175; x_wconf 85' lang='lat' dir='ltr'><strong>Christi</strong></span> <span class='ocrx_word' id='word_1_906' title='bbox 2180 5120 2456 5175; x_wconf 73' lang='lat' dir='ltr'><strong>Nazarazni</strong></span> <span class='ocrx_word' id='word_1_907' title='bbox 2488 5134 2669 5189; x_wconf 90' lang='lat' dir='ltr'><strong>surge,</strong></span> <span class='ocrx_word' id='word_1_908' title='bbox 2708 5128 2761 5172; x_wconf 89' lang='lat' dir='ltr'><strong>et</strong></span> <span class='ocrx_word' id='word_1_909' title='bbox 2796 5117 3034 5172; x_wconf 91' lang='lat' dir='ltr'><strong>ambula.</strong></span> <span class='ocrx_word' id='word_1_910' title='bbox 3068 5115 3133 5171; x_wconf 80' lang='lat' dir='ltr'><strong>Et</strong></span> <span class='ocrx_word' id='word_1_911' title='bbox 3169 5130 3364 5185; x_wconf 89' lang='lat' dir='ltr'><strong>appre-</strong></span> 
     </span>
    </p>
   </div>
   <div class='ocr_carea' id='block_1_111' title="bbox 1769 5209 3365 5282">
    <p class='ocr_par' dir='ltr' id='par_1_111' title="bbox 1769 5209 3365 5282">
     <span class='ocr_line' id='line_1_111' title="bbox 1769 5209 3365 5282; baseline -0.006 -13"><span class='ocrx_word' id='word_1_912' title='bbox 1769 5216 1933 5269; x_wconf 89' lang='lat' dir='ltr'><strong>hensa</strong></span> <span class='ocrx_word' id='word_1_913' title='bbox 1975 5229 2134 5268; x_wconf 89' lang='lat' dir='ltr'><strong>manu</strong></span> <span class='ocrx_word' id='word_1_914' title='bbox 2165 5214 2281 5282; x_wconf 89' lang='lat' dir='ltr'><strong>ejus</strong></span> <span class='ocrx_word' id='word_1_915' title='bbox 2305 5213 2552 5275; x_wconf 81' lang='lat' dir='ltr'><strong>dextera,</strong></span> <span class='ocrx_word' id='word_1_916' title='bbox 2582 5212 2837 5267; x_wconf 90' lang='lat' dir='ltr'><strong>allevavit</strong></span> <span class='ocrx_word' id='word_1_917' title='bbox 2863 5226 3009 5277; x_wconf 91' lang='lat' dir='ltr'><strong>eum,</strong></span> <span class='ocrx_word' id='word_1_918' title='bbox 3034 5221 3089 5265; x_wconf 94' lang='lat' dir='ltr'><strong>et</strong></span> <span class='ocrx_word' id='word_1_919' title='bbox 3114 5209 3365 5279; x_wconf 84' lang='lat' dir='ltr'><strong>prOtinus</strong></span> 
     </span>
    </p>
   </div>
   <div class='ocr_carea' id='block_1_112' title="bbox 1770 5302 3366 5375">
    <p class='ocr_par' dir='ltr' id='par_1_112' title="bbox 1770 5302 3366 5375">
     <span class='ocr_line' id='line_1_112' title="bbox 1770 5302 3366 5375; baseline -0.006 -11"><span class='ocrx_word' id='word_1_920' title='bbox 1770 5307 2120 5363; x_wconf 75' lang='lat' dir='ltr'><strong>consolidatre</strong></span> <span class='ocrx_word' id='word_1_921' title='bbox 2163 5314 2288 5360; x_wconf 85' lang='lat' dir='ltr'><strong>sunt</strong></span> <span class='ocrx_word' id='word_1_922' title='bbox 2330 5307 2488 5361; x_wconf 90' lang='lat' dir='ltr'><strong>bases</strong></span> <span class='ocrx_word' id='word_1_923' title='bbox 2518 5304 2636 5373; x_wconf 90' lang='lat' dir='ltr'><strong>ejus</strong></span> <span class='ocrx_word' id='word_1_924' title='bbox 2664 5318 2717 5361; x_wconf 91' lang='lat' dir='ltr'><strong>et</strong></span> <span class='ocrx_word' id='word_1_925' title='bbox 2756 5306 2979 5375; x_wconf 86' lang='lat' dir='ltr'><strong>plantae.</strong></span> <span class='ocrx_word' id='word_1_926' title='bbox 3010 5303 3081 5358; x_wconf 87' lang='lat' dir='ltr'><strong>Et</strong></span> <span class='ocrx_word' id='word_1_927' title='bbox 3106 5302 3366 5358; x_wconf 84' lang='lat' dir='ltr'><strong>exsiliens</strong></span> 
     </span>
    </p>
   </div>
   <div class='ocr_carea' id='block_1_113' title="bbox 1771 5393 3364 5466">
    <p class='ocr_par' dir='ltr' id='par_1_113' title="bbox 1771 5393 3364 5466">
     <span class='ocr_line' id='line_1_113' title="bbox 1771 5393 3364 5466; baseline -0.005 -11"><span class='ocrx_word' id='word_1_928' title='bbox 1771 5400 1942 5466; x_wconf 79' lang='lat' dir='ltr'><strong>stetit,</strong></span> <span class='ocrx_word' id='word_1_929' title='bbox 1972 5407 2025 5451; x_wconf 92' lang='lat' dir='ltr'><strong>et</strong></span> <span class='ocrx_word' id='word_1_930' title='bbox 2046 5399 2359 5452; x_wconf 89' lang='lat' dir='ltr'><strong>ambulabat</strong></span> <span class='ocrx_word' id='word_1_931' title='bbox 2386 5414 2399 5451; x_wconf 75' lang='grc' dir='ltr'>ε</span> <span class='ocrx_word' id='word_1_932' title='bbox 2425 5409 2478 5451; x_wconf 89' lang='lat' dir='ltr'><strong>et</strong></span> <span class='ocrx_word' id='word_1_933' title='bbox 2502 5399 2725 5451; x_wconf 89' lang='lat' dir='ltr'><strong>intravit</strong></span> <span class='ocrx_word' id='word_1_934' title='bbox 2747 5413 2869 5452; x_wconf 90' lang='lat' dir='ltr'><strong>cum</strong></span> <span class='ocrx_word' id='word_1_935' title='bbox 2895 5396 3001 5451; x_wconf 92' lang='lat' dir='ltr'><strong>illis</strong></span> <span class='ocrx_word' id='word_1_936' title='bbox 3025 5397 3077 5449; x_wconf 91' lang='lat' dir='ltr'><strong>in</strong></span> <span class='ocrx_word' id='word_1_937' title='bbox 3104 5393 3364 5462; x_wconf 85' lang='lat' dir='ltr'><strong>templum</strong></span> 
     </span>
    </p>
   </div>
   <div class='ocr_carea' id='block_1_114' title="bbox 1773 5486 3369 5556">
    <p class='ocr_par' dir='ltr' id='par_1_114' title="bbox 1773 5486 3369 5556">
     <span class='ocr_line' id='line_1_114' title="bbox 1773 5486 3369 5556; baseline -0.004 -11"><span class='ocrx_word' id='word_1_938' title='bbox 1773 5492 2076 5554; x_wconf 87' lang='lat' dir='ltr'><strong>ambulans,</strong></span> <span class='ocrx_word' id='word_1_939' title='bbox 2115 5503 2171 5547; x_wconf 88' lang='lat' dir='ltr'><strong>et</strong></span> <span class='ocrx_word' id='word_1_940' title='bbox 2212 5493 2495 5556; x_wconf 77' lang='lat' dir='ltr'><strong>exsiliens,</strong></span> <span class='ocrx_word' id='word_1_941' title='bbox 2532 5501 2586 5545; x_wconf 88' lang='lat' dir='ltr'><strong>et</strong></span> <span class='ocrx_word' id='word_1_942' title='bbox 2628 5491 2857 5545; x_wconf 88' lang='lat' dir='ltr'><strong>laudans</strong></span> <span class='ocrx_word' id='word_1_943' title='bbox 2894 5490 3087 5545; x_wconf 91' lang='lat' dir='ltr'><strong>Deum.</strong></span> <span class='ocrx_word' id='word_1_944' title='bbox 3125 5489 3191 5541; x_wconf 78' lang='lat' dir='ltr'><strong>Et</strong></span> <span class='ocrx_word' id='word_1_945' title='bbox 3230 5486 3369 5539; x_wconf 78' lang='lat' dir='ltr'><strong>vidit</strong></span> 
     </span>
    </p>
   </div>
   <div class='ocr_carea' id='block_1_115' title="bbox 1772 5578 3360 5650">
    <p class='ocr_par' dir='ltr' id='par_1_115' title="bbox 1772 5578 3360 5650">
     <span class='ocr_line' id='line_1_115' title="bbox 1772 5578 3360 5650; baseline -0.006 -11"><span class='ocrx_word' id='word_1_946' title='bbox 1772 5585 1947 5639; x_wconf 90' lang='lat' dir='ltr'><strong>omnis</strong></span> <span class='ocrx_word' id='word_1_947' title='bbox 1971 5582 2202 5650; x_wconf 89' lang='lat' dir='ltr'><strong>populus</strong></span> <span class='ocrx_word' id='word_1_948' title='bbox 2219 5598 2340 5637; x_wconf 90' lang='lat' dir='ltr'><strong>eum</strong></span> <span class='ocrx_word' id='word_1_949' title='bbox 2365 5583 2727 5637; x_wconf 87' lang='lat' dir='ltr'><strong>ambulantem</strong></span> <span class='ocrx_word' id='word_1_950' title='bbox 2743 5591 2822 5645; x_wconf 87' lang='lat' dir='ltr'><strong>,et</strong></span> <span class='ocrx_word' id='word_1_951' title='bbox 2842 5581 3151 5635; x_wconf 82' lang='lat' dir='ltr'><strong>laudantem</strong></span> <span class='ocrx_word' id='word_1_952' title='bbox 3172 5578 3360 5631; x_wconf 91' lang='lat' dir='ltr'><strong>Deum.</strong></span> 
     </span>
    </p>
   </div>
   <div class='ocr_carea' id='block_1_116' title="bbox 1770 5668 3364 5744">
    <p class='ocr_par' dir='ltr' id='par_1_116' title="bbox 1770 5668 3364 5744">
     <span class='ocr_line' id='line_1_116' title="bbox 1770 5668 3364 5744; baseline -0.004 -14"><span class='ocrx_word' id='word_1_953' title='bbox 1770 5674 2180 5743; x_wconf 86' lang='lat' dir='ltr'><strong>Cognoscebant</strong></span> <span class='ocrx_word' id='word_1_954' title='bbox 2218 5685 2396 5728; x_wconf 87' lang='lat' dir='ltr'><strong>autem</strong></span> <span class='ocrx_word' id='word_1_955' title='bbox 2440 5675 2611 5740; x_wconf 89' lang='lat' dir='ltr'><strong>illntn,</strong></span> <span class='ocrx_word' id='word_1_956' title='bbox 2654 5674 2796 5744; x_wconf 91' lang='lat' dir='ltr'><strong>quod</strong></span> <span class='ocrx_word' id='word_1_957' title='bbox 2839 5675 2952 5744; x_wconf 88' lang='lat' dir='ltr'><strong>ipse</strong></span> <span class='ocrx_word' id='word_1_958' title='bbox 2990 5682 3127 5733; x_wconf 78' lang='lat' dir='ltr'><strong>erat,</strong></span> <span class='ocrx_word' id='word_1_959' title='bbox 3168 5668 3256 5739; x_wconf 83' lang='lat' dir='ltr'><strong>qui</strong></span> <span class='ocrx_word' id='word_1_960' title='bbox 3296 5668 3364 5722; x_wconf 82' lang='lat' dir='ltr'><strong>ad</strong></span> 
     </span>
    </p>
   </div>
   <div class='ocr_carea' id='block_1_117' title="bbox 1771 5760 3363 5839">
    <p class='ocr_par' dir='ltr' id='par_1_117' title="bbox 1771 5760 3363 5839">
     <span class='ocr_line' id='line_1_117' title="bbox 1771 5760 3363 5839; baseline -0.006 -16"><span class='ocrx_word' id='word_1_961' title='bbox 1771 5767 2177 5836; x_wconf 84' lang='lat' dir='ltr'><strong>eleemosynam</strong></span> <span class='ocrx_word' id='word_1_962' title='bbox 2208 5768 2430 5823; x_wconf 82' lang='lat' dir='ltr'><strong>sedebat</strong></span> <span class='ocrx_word' id='word_1_963' title='bbox 2461 5766 2526 5823; x_wconf 87' lang='lat' dir='ltr'><strong>ad</strong></span> <span class='ocrx_word' id='word_1_964' title='bbox 2554 5766 2865 5837; x_wconf 88' lang='lat' dir='ltr'><strong>Speciosam</strong></span> <span class='ocrx_word' id='word_1_965' title='bbox 2895 5776 3100 5839; x_wconf 87' lang='lat' dir='ltr'><strong>portam</strong></span> <span class='ocrx_word' id='word_1_966' title='bbox 3134 5760 3318 5833; x_wconf 88' lang='lat' dir='ltr'><strong>templi</strong></span> <span class='ocrx_word' id='word_1_967' title='bbox 3348 5777 3363 5813; x_wconf 92' lang='lat'>:</span> 
     </span>
    </p>
   </div>
  </div>
