  <div class='ocr_page' id='page_1' title='image "/cluster/home/n/w/nwhite01/storage/ocr_20150623/29/uva.x000826564/369.png"; bbox 0 0 3920 6200; ppageno 0'>
   <div class='ocr_carea' id='block_1_1' title="bbox 511 225 3788 288">
    <p class='ocr_par' dir='ltr' id='par_1_1' title="bbox 511 225 3788 288">
     <span class='ocr_line' id='line_1_1' title="bbox 511 225 3788 288; baseline -0.001 -1"><span class='ocrx_word' id='word_1_1' title='bbox 511 231 606 288; x_wconf 80' lang='grc'><strong>691</strong></span> <span class='ocrx_word' id='word_1_2' title='bbox 1540 230 1595 286; x_wconf 91' lang='lat' dir='ltr'><strong>S.</strong></span> <span class='ocrx_word' id='word_1_3' title='bbox 1625 225 2009 285; x_wconf 59' lang='lat' dir='ltr'><strong>ﬁll-280N130</strong></span> <span class='ocrx_word' id='word_1_4' title='bbox 2047 225 2277 284; x_wconf 73' lang='lat' dir='ltr'><strong>DIVINA</strong></span> <span class='ocrx_word' id='word_1_5' title='bbox 2307 226 2780 286; x_wconf 74' lang='lat' dir='ltr'><strong>DIBLIO‘I&#39;HECA.</strong></span> <span class='ocrx_word' id='word_1_6' title='bbox 3697 231 3788 285; x_wconf 64' lang='lat'><strong>69?.</strong></span> 
     </span>
    </p>
   </div>
   <div class='ocr_carea' id='block_1_2' title="bbox 508 340 3786 415">
    <p class='ocr_par' dir='ltr' id='par_1_2' title="bbox 508 340 3786 415">
     <span class='ocr_line' id='line_1_2' title="bbox 508 340 3786 415; baseline -0.001 -14"><span class='ocrx_word' id='word_1_7' title='bbox 508 356 567 404; x_wconf 89' lang='lat' dir='ltr'><strong>et</strong></span> <span class='ocrx_word' id='word_1_8' title='bbox 591 347 798 415; x_wconf 77' lang='lat' dir='ltr'><strong>impleti</strong></span> <span class='ocrx_word' id='word_1_9' title='bbox 822 355 950 400; x_wconf 65' lang='lat' dir='ltr'><strong>sunt</strong></span> <span class='ocrx_word' id='word_1_10' title='bbox 975 354 1193 414; x_wconf 75' lang='lat' dir='ltr'><strong>stupore</strong></span> <span class='ocrx_word' id='word_1_11' title='bbox 1214 353 1271 399; x_wconf 86' lang='lat' dir='ltr'><strong>et</strong></span> <span class='ocrx_word' id='word_1_12' title='bbox 1291 344 1514 409; x_wconf 80' lang='lat' dir='ltr'><strong>exstasi,</strong></span> <span class='ocrx_word' id='word_1_13' title='bbox 1543 343 1596 398; x_wconf 93' lang='lat' dir='ltr'><strong>in</strong></span> <span class='ocrx_word' id='word_1_14' title='bbox 1617 358 1683 399; x_wconf 89' lang='lat' dir='ltr'><strong>eo</strong></span> <span class='ocrx_word' id='word_1_15' title='bbox 1703 340 1848 414; x_wconf 90' lang='lat' dir='ltr'><strong>quod</strong></span> <span class='ocrx_word' id='word_1_16' title='bbox 1870 341 2112 413; x_wconf 83' lang='lat' dir='ltr'><strong>contige-</strong></span> <span class='ocrx_word' id='word_1_17' title='bbox 2134 343 2190 404; x_wconf 78' lang='grc' dir='ltr'><strong>Α</strong></span> <span class='ocrx_word' id='word_1_18' title='bbox 2216 342 2317 396; x_wconf 91' lang='lat' dir='ltr'><strong>iste</strong></span> <span class='ocrx_word' id='word_1_19' title='bbox 2341 341 2516 396; x_wconf 85' lang='lat' dir='ltr'><strong>adstat</strong></span> <span class='ocrx_word' id='word_1_20' title='bbox 2552 357 2737 397; x_wconf 82' lang='lat' dir='ltr'><strong>coram</strong></span> <span class='ocrx_word' id='word_1_21' title='bbox 2765 343 2918 399; x_wconf 83' lang='lat' dir='ltr'><strong>vobis</strong></span> <span class='ocrx_word' id='word_1_22' title='bbox 2947 358 3134 398; x_wconf 78' lang='lat' dir='ltr'><strong>sanus.</strong></span> <span class='ocrx_word' id='word_1_23' title='bbox 3171 342 3272 398; x_wconf 79' lang='lat' dir='ltr'><strong>llic</strong></span> <span class='ocrx_word' id='word_1_24' title='bbox 3296 352 3382 397; x_wconf 82' lang='lat' dir='ltr'><strong>est</strong></span> <span class='ocrx_word' id='word_1_25' title='bbox 3411 341 3572 412; x_wconf 83' lang='lat' dir='ltr'><strong>lapis,</strong></span> <span class='ocrx_word' id='word_1_26' title='bbox 3597 343 3690 413; x_wconf 75' lang='lat' dir='ltr'><strong>qui</strong></span> <span class='ocrx_word' id='word_1_27' title='bbox 3714 362 3786 399; x_wconf 88' lang='lat' dir='ltr'><strong>re-</strong></span> 
     </span>
    </p>
   </div>
   <div class='ocr_carea' id='block_1_3' title="bbox 511 433 3794 506">
    <p class='ocr_par' dir='ltr' id='par_1_3' title="bbox 511 433 3794 506">
     <span class='ocr_line' id='line_1_3' title="bbox 511 433 3794 506; baseline -0.001 -10"><span class='ocrx_word' id='word_1_28' title='bbox 511 450 602 496; x_wconf 85' lang='lat' dir='ltr'><strong>rat</strong></span> <span class='ocrx_word' id='word_1_29' title='bbox 644 440 745 494; x_wconf 89' lang='lat' dir='ltr'><strong>illi.</strong></span> <span class='ocrx_word' id='word_1_30' title='bbox 788 434 920 493; x_wconf 91' lang='lat' dir='ltr'><strong>Cum</strong></span> <span class='ocrx_word' id='word_1_31' title='bbox 963 446 1172 492; x_wconf 92' lang='lat' dir='ltr'><strong>teneret</strong></span> <span class='ocrx_word' id='word_1_32' title='bbox 1207 446 1390 492; x_wconf 89' lang='lat' dir='ltr'><strong>autem</strong></span> <span class='ocrx_word' id='word_1_33' title='bbox 1429 436 1681 502; x_wconf 87' lang='lat' dir='ltr'><strong>Petrum,</strong></span> <span class='ocrx_word' id='word_1_34' title='bbox 1719 445 1776 490; x_wconf 89' lang='lat' dir='ltr'><strong>et</strong></span> <span class='ocrx_word' id='word_1_35' title='bbox 1805 435 2111 501; x_wconf 79' lang='lat' dir='ltr'><strong>Joannem,</strong></span> <span class='ocrx_word' id='word_1_36' title='bbox 2218 433 2480 503; x_wconf 83' lang='lat' dir='ltr'><strong>probatus</strong></span> <span class='ocrx_word' id='word_1_37' title='bbox 2528 444 2614 489; x_wconf 86' lang='lat' dir='ltr'><strong>est</strong></span> <span class='ocrx_word' id='word_1_38' title='bbox 2638 450 2669 489; x_wconf 90' lang='lat' dir='ltr'><strong>a</strong></span> <span class='ocrx_word' id='word_1_39' title='bbox 2701 436 2851 490; x_wconf 81' lang='lat' dir='ltr'><strong>vobis</strong></span> <span class='ocrx_word' id='word_1_40' title='bbox 2898 435 3330 501; x_wconf 64' lang='lat' dir='ltr'><strong>adiﬁcantibus,</strong></span> <span class='ocrx_word' id='word_1_41' title='bbox 3388 435 3482 506; x_wconf 87' lang='lat' dir='ltr'><strong>qni</strong></span> <span class='ocrx_word' id='word_1_42' title='bbox 3528 434 3698 492; x_wconf 77' lang='lat' dir='ltr'><strong>factus</strong></span> <span class='ocrx_word' id='word_1_43' title='bbox 3721 450 3794 492; x_wconf 56' lang='grc' dir='ltr'><strong>θαι</strong></span> 
     </span>
    </p>
   </div>
   <div class='ocr_carea' id='block_1_4' title="bbox 513 527 3793 600">
    <p class='ocr_par' dir='ltr' id='par_1_4' title="bbox 513 527 3793 600">
     <span class='ocr_line' id='line_1_4' title="bbox 513 527 3793 600; baseline -0.001 -12"><span class='ocrx_word' id='word_1_44' title='bbox 513 532 759 588; x_wconf 75' lang='lat' dir='ltr'><strong>cucurrit</strong></span> <span class='ocrx_word' id='word_1_45' title='bbox 783 531 960 585; x_wconf 87' lang='lat' dir='ltr'><strong>omnis</strong></span> <span class='ocrx_word' id='word_1_46' title='bbox 986 530 1218 600; x_wconf 85' lang='lat' dir='ltr'><strong>populus</strong></span> <span class='ocrx_word' id='word_1_47' title='bbox 1242 529 1310 583; x_wconf 90' lang='lat' dir='ltr'><strong>ad</strong></span> <span class='ocrx_word' id='word_1_48' title='bbox 1339 544 1460 595; x_wconf 88' lang='lat' dir='ltr'><strong>eos,</strong></span> <span class='ocrx_word' id='word_1_49' title='bbox 1491 528 1558 583; x_wconf 90' lang='lat' dir='ltr'><strong>ad</strong></span> <span class='ocrx_word' id='word_1_50' title='bbox 1587 532 1857 600; x_wconf 89' lang='lat' dir='ltr'><strong>porticum</strong></span> <span class='ocrx_word' id='word_1_51' title='bbox 1886 544 2006 599; x_wconf 74' lang='lat' dir='ltr'><strong>quae</strong></span> <span class='ocrx_word' id='word_1_52' title='bbox 2027 542 2119 597; x_wconf 86' lang='lat' dir='ltr'><strong>ap-</strong></span> <span class='ocrx_word' id='word_1_53' title='bbox 2219 527 2273 581; x_wconf 93' lang='lat' dir='ltr'><strong>in</strong></span> <span class='ocrx_word' id='word_1_54' title='bbox 2304 537 2467 597; x_wconf 90' lang='lat' dir='ltr'><strong>caput</strong></span> <span class='ocrx_word' id='word_1_55' title='bbox 2495 528 2712 597; x_wconf 79' lang='lat' dir='ltr'><strong>anguli:</strong></span> <span class='ocrx_word' id='word_1_56' title='bbox 2740 540 2793 583; x_wconf 90' lang='lat' dir='ltr'><strong>et</strong></span> <span class='ocrx_word' id='word_1_57' title='bbox 2823 544 2931 584; x_wconf 82' lang='lat' dir='ltr'><strong>non</strong></span> <span class='ocrx_word' id='word_1_58' title='bbox 2957 537 3044 584; x_wconf 86' lang='lat' dir='ltr'><strong>est</strong></span> <span class='ocrx_word' id='word_1_59' title='bbox 3071 530 3125 582; x_wconf 89' lang='lat' dir='ltr'><strong>in</strong></span> <span class='ocrx_word' id='word_1_60' title='bbox 3157 527 3265 583; x_wconf 84' lang='lat' dir='ltr'><strong>alio</strong></span> <span class='ocrx_word' id='word_1_61' title='bbox 3296 528 3482 600; x_wconf 87' lang='lat' dir='ltr'><strong>aliquo</strong></span> <span class='ocrx_word' id='word_1_62' title='bbox 3511 529 3672 584; x_wconf 81' lang='lat' dir='ltr'><strong>salus.</strong></span> <span class='ocrx_word' id='word_1_63' title='bbox 3699 530 3793 587; x_wconf 67' lang='lat' dir='ltr'><strong>Nec</strong></span> 
     </span>
    </p>
   </div>
   <div class='ocr_carea' id='block_1_5' title="bbox 513 618 3796 696">
    <p class='ocr_par' dir='ltr' id='par_1_5' title="bbox 513 618 3796 696">
     <span class='ocr_line' id='line_1_5' title="bbox 513 618 3796 696; baseline -0.001 -17"><span class='ocrx_word' id='word_1_64' title='bbox 513 624 750 696; x_wconf 83' lang='lat' dir='ltr'><strong>pellatur</strong></span> <span class='ocrx_word' id='word_1_65' title='bbox 771 621 1102 687; x_wconf 73' lang='lat' dir='ltr'><strong>Salomonis,</strong></span> <span class='ocrx_word' id='word_1_66' title='bbox 1131 630 1434 691; x_wconf 82' lang='lat' dir='ltr'><strong>stupentes.</strong></span> <span class='ocrx_word' id='word_1_67' title='bbox 1461 620 1664 676; x_wconf 80' lang='lat' dir='ltr'><strong>Videns</strong></span> <span class='ocrx_word' id='word_1_68' title='bbox 1686 631 1868 676; x_wconf 89' lang='lat' dir='ltr'><strong>autem</strong></span> <span class='ocrx_word' id='word_1_69' title='bbox 1896 621 2117 688; x_wconf 82' lang='lat' dir='ltr'><strong>Petrus,</strong></span> <span class='ocrx_word' id='word_1_70' title='bbox 2219 618 2364 673; x_wconf 90' lang='lat' dir='ltr'><strong>enim</strong></span> <span class='ocrx_word' id='word_1_71' title='bbox 2395 619 2544 673; x_wconf 80' lang='lat' dir='ltr'><strong>aliud</strong></span> <span class='ocrx_word' id='word_1_72' title='bbox 2589 635 2786 675; x_wconf 86' lang='lat' dir='ltr'><strong>nomen</strong></span> <span class='ocrx_word' id='word_1_73' title='bbox 2815 629 2898 676; x_wconf 88' lang='lat' dir='ltr'><strong>est</strong></span> <span class='ocrx_word' id='word_1_74' title='bbox 2926 619 3031 676; x_wconf 87' lang='lat' dir='ltr'><strong>sub</strong></span> <span class='ocrx_word' id='word_1_75' title='bbox 3059 621 3201 676; x_wconf 71' lang='lat' dir='ltr'><strong>«elo</strong></span> <span class='ocrx_word' id='word_1_76' title='bbox 3244 621 3433 674; x_wconf 79' lang='lat' dir='ltr'><strong>datum</strong></span> <span class='ocrx_word' id='word_1_77' title='bbox 3465 621 3796 689; x_wconf 85' lang='lat' dir='ltr'><strong>hominibus,</strong></span> 
     </span>
    </p>
   </div>
   <div class='ocr_carea' id='block_1_6' title="bbox 518 709 3797 786">
    <p class='ocr_par' dir='ltr' id='par_1_6' title="bbox 518 709 3797 786">
     <span class='ocr_line' id='line_1_6' title="bbox 518 709 3797 786; baseline -0.002 -13"><span class='ocrx_word' id='word_1_78' title='bbox 518 716 803 786; x_wconf 82' lang='lat' dir='ltr'><strong>respondit</strong></span> <span class='ocrx_word' id='word_1_79' title='bbox 831 715 897 768; x_wconf 89' lang='lat' dir='ltr'><strong>ad</strong></span> <span class='ocrx_word' id='word_1_80' title='bbox 924 713 1356 786; x_wconf 76' lang='lat' dir='ltr'><strong>populnm2Viri</strong></span> <span class='ocrx_word' id='word_1_81' title='bbox 1385 713 1818 784; x_wconf 71' lang='lat' dir='ltr'><strong>Israelitar,quid</strong></span> <span class='ocrx_word' id='word_1_82' title='bbox 1846 712 2119 768; x_wconf 79' lang='lat' dir='ltr'><strong>miramini</strong></span> <span class='ocrx_word' id='word_1_83' title='bbox 2219 709 2274 764; x_wconf 92' lang='lat' dir='ltr'><strong>in</strong></span> <span class='ocrx_word' id='word_1_84' title='bbox 2321 726 2430 780; x_wconf 87' lang='lat' dir='ltr'><strong>quo</strong></span> <span class='ocrx_word' id='word_1_85' title='bbox 2478 720 2724 780; x_wconf 74' lang='lat' dir='ltr'><strong>oporteat</strong></span> <span class='ocrx_word' id='word_1_86' title='bbox 2762 726 2862 768; x_wconf 86' lang='lat' dir='ltr'><strong>nos</strong></span> <span class='ocrx_word' id='word_1_87' title='bbox 2917 712 3102 767; x_wconf 86' lang='lat' dir='ltr'><strong>salvos</strong></span> <span class='ocrx_word' id='word_1_88' title='bbox 3155 712 3294 767; x_wconf 89' lang='lat' dir='ltr'><strong>ﬁeri.</strong></span> <span class='ocrx_word' id='word_1_89' title='bbox 3347 711 3608 768; x_wconf 79' lang='lat' dir='ltr'><strong>Videutes</strong></span> <span class='ocrx_word' id='word_1_90' title='bbox 3629 725 3797 770; x_wconf 80' lang='lat' dir='ltr'><strong>autem</strong></span> 
     </span>
    </p>
   </div>
   <div class='ocr_carea' id='block_1_7' title="bbox 520 800 3798 877">
    <p class='ocr_par' dir='ltr' id='par_1_7' title="bbox 520 800 3798 877">
     <span class='ocr_line' id='line_1_7' title="bbox 520 800 3798 877; baseline -0.001 -13"><span class='ocrx_word' id='word_1_91' title='bbox 520 809 576 864; x_wconf 88' lang='lat' dir='ltr'><strong>in</strong></span> <span class='ocrx_word' id='word_1_92' title='bbox 606 806 726 872; x_wconf 90' lang='lat' dir='ltr'><strong>hoc,</strong></span> <span class='ocrx_word' id='word_1_93' title='bbox 758 815 854 860; x_wconf 88' lang='lat' dir='ltr'><strong>aut</strong></span> <span class='ocrx_word' id='word_1_94' title='bbox 894 820 991 860; x_wconf 87' lang='lat' dir='ltr'><strong>nos</strong></span> <span class='ocrx_word' id='word_1_95' title='bbox 1017 805 1141 876; x_wconf 91' lang='lat' dir='ltr'><strong>quid</strong></span> <span class='ocrx_word' id='word_1_96' title='bbox 1174 805 1482 873; x_wconf 85' lang='lat' dir='ltr'><strong>intuemini,</strong></span> <span class='ocrx_word' id='word_1_97' title='bbox 1512 807 1664 877; x_wconf 88' lang='lat' dir='ltr'><strong>quasi</strong></span> <span class='ocrx_word' id='word_1_98' title='bbox 1700 817 1885 860; x_wconf 75' lang='lat' dir='ltr'><strong>nustra</strong></span> <span class='ocrx_word' id='word_1_99' title='bbox 1919 806 2120 861; x_wconf 88' lang='lat' dir='ltr'><strong>virtute</strong></span> <span class='ocrx_word' id='word_1_100' title='bbox 2221 800 2365 857; x_wconf 89' lang='lat' dir='ltr'><strong>Petri</strong></span> <span class='ocrx_word' id='word_1_101' title='bbox 2396 805 2749 858; x_wconf 81' lang='lat' dir='ltr'><strong>constantiam</strong></span> <span class='ocrx_word' id='word_1_102' title='bbox 2780 813 2837 860; x_wconf 93' lang='lat' dir='ltr'><strong>et</strong></span> <span class='ocrx_word' id='word_1_103' title='bbox 2857 802 3116 868; x_wconf 78' lang='lat' dir='ltr'><strong>Joannis,</strong></span> <span class='ocrx_word' id='word_1_104' title='bbox 3159 814 3446 874; x_wconf 82' lang='lat' dir='ltr'><strong>comperto</strong></span> <span class='ocrx_word' id='word_1_105' title='bbox 3473 807 3613 876; x_wconf 82' lang='lat' dir='ltr'><strong>quod</strong></span> <span class='ocrx_word' id='word_1_106' title='bbox 3638 807 3798 864; x_wconf 83' lang='lat' dir='ltr'><strong>homi-</strong></span> 
     </span>
    </p>
   </div>
   <div class='ocr_carea' id='block_1_8' title="bbox 522 897 3796 970">
    <p class='ocr_par' dir='ltr' id='par_1_8' title="bbox 522 897 3796 970">
     <span class='ocr_line' id='line_1_8' title="bbox 522 897 3796 970; baseline 0.001 -15"><span class='ocrx_word' id='word_1_107' title='bbox 522 910 618 955; x_wconf 86' lang='lat' dir='ltr'><strong>aut</strong></span> <span class='ocrx_word' id='word_1_108' title='bbox 644 908 908 970; x_wconf 84' lang='lat' dir='ltr'><strong>potestate</strong></span> <span class='ocrx_word' id='word_1_109' title='bbox 936 899 1225 953; x_wconf 82' lang='lat' dir='ltr'><strong>fecerimus</strong></span> <span class='ocrx_word' id='word_1_110' title='bbox 1267 899 1410 953; x_wconf 91' lang='lat' dir='ltr'><strong>hunc</strong></span> <span class='ocrx_word' id='word_1_111' title='bbox 1440 898 1754 954; x_wconf 79' lang='lat' dir='ltr'><strong>ambulare?</strong></span> <span class='ocrx_word' id='word_1_112' title='bbox 1785 899 1924 954; x_wconf 86' lang='lat' dir='ltr'><strong>Deus</strong></span> <span class='ocrx_word' id='word_1_113' title='bbox 1947 898 2124 953; x_wconf 78' lang='lat' dir='ltr'><strong>Abra-</strong></span> <span class='ocrx_word' id='word_1_114' title='bbox 2225 911 2321 949; x_wconf 92' lang='lat' dir='ltr'><strong>nes</strong></span> <span class='ocrx_word' id='word_1_115' title='bbox 2348 905 2533 950; x_wconf 80' lang='lat' dir='ltr'><strong>essent</strong></span> <span class='ocrx_word' id='word_1_116' title='bbox 2560 897 2680 952; x_wconf 86' lang='lat' dir='ltr'><strong>sine</strong></span> <span class='ocrx_word' id='word_1_117' title='bbox 2710 897 2936 963; x_wconf 81' lang='lat' dir='ltr'><strong>litteris,</strong></span> <span class='ocrx_word' id='word_1_118' title='bbox 2982 906 3039 952; x_wconf 88' lang='lat' dir='ltr'><strong>et</strong></span> <span class='ocrx_word' id='word_1_119' title='bbox 3065 897 3269 961; x_wconf 62' lang='lat' dir='ltr'><strong>idiotas,</strong></span> <span class='ocrx_word' id='word_1_120' title='bbox 3301 897 3721 966; x_wconf 71' lang='lat' dir='ltr'><strong>admirabantur,</strong></span> <span class='ocrx_word' id='word_1_121' title='bbox 3750 911 3796 958; x_wconf 89' lang='lat' dir='ltr'><strong>et</strong></span> 
     </span>
    </p>
   </div>
   <div class='ocr_carea' id='block_1_9' title="bbox 521 987 3796 1060">
    <p class='ocr_par' dir='ltr' id='par_1_9' title="bbox 521 987 3796 1060">
     <span class='ocr_line' id='line_1_9' title="bbox 521 987 3796 1060; baseline 0.001 -14"><span class='ocrx_word' id='word_1_122' title='bbox 521 991 675 1056; x_wconf 84' lang='lat' dir='ltr'><strong>bam,</strong></span> <span class='ocrx_word' id='word_1_123' title='bbox 707 999 764 1045; x_wconf 94' lang='lat' dir='ltr'><strong>et</strong></span> <span class='ocrx_word' id='word_1_124' title='bbox 783 989 929 1044; x_wconf 84' lang='lat' dir='ltr'><strong>Deus</strong></span> <span class='ocrx_word' id='word_1_125' title='bbox 953 989 1126 1055; x_wconf 87' lang='lat' dir='ltr'><strong>Isaac,</strong></span> <span class='ocrx_word' id='word_1_126' title='bbox 1150 1000 1207 1043; x_wconf 91' lang='lat' dir='ltr'><strong>et</strong></span> <span class='ocrx_word' id='word_1_127' title='bbox 1233 989 1374 1044; x_wconf 87' lang='lat' dir='ltr'><strong>Deus</strong></span> <span class='ocrx_word' id='word_1_128' title='bbox 1393 987 1585 1050; x_wconf 87' lang='lat' dir='ltr'><strong>Jacob,</strong></span> <span class='ocrx_word' id='word_1_129' title='bbox 1613 990 1755 1045; x_wconf 87' lang='lat' dir='ltr'><strong>Deus</strong></span> <span class='ocrx_word' id='word_1_130' title='bbox 1783 1000 1995 1059; x_wconf 78' lang='lat' dir='ltr'><strong>patrum</strong></span> <span class='ocrx_word' id='word_1_131' title='bbox 2020 1004 2121 1043; x_wconf 83' lang='lat' dir='ltr'><strong>no-</strong></span> <span class='ocrx_word' id='word_1_132' title='bbox 2223 988 2625 1058; x_wconf 77' lang='lat' dir='ltr'><strong>cognoscebant</strong></span> <span class='ocrx_word' id='word_1_133' title='bbox 2647 1003 2744 1044; x_wconf 83' lang='lat' dir='ltr'><strong>eos</strong></span> <span class='ocrx_word' id='word_1_134' title='bbox 2769 991 3021 1060; x_wconf 87' lang='lat' dir='ltr'><strong>quoniam</strong></span> <span class='ocrx_word' id='word_1_135' title='bbox 3049 1004 3171 1043; x_wconf 87' lang='lat' dir='ltr'><strong>cum</strong></span> <span class='ocrx_word' id='word_1_136' title='bbox 3196 988 3328 1045; x_wconf 89' lang='lat' dir='ltr'><strong>Jesu</strong></span> <span class='ocrx_word' id='word_1_137' title='bbox 3358 989 3574 1046; x_wconf 81' lang='lat' dir='ltr'><strong>fuerant</strong></span> <span class='ocrx_word' id='word_1_138' title='bbox 3599 1011 3613 1048; x_wconf 89' lang='lat'><strong>:</strong></span> <span class='ocrx_word' id='word_1_139' title='bbox 3635 993 3796 1048; x_wconf 81' lang='lat' dir='ltr'><strong>horni-</strong></span> 
     </span>
    </p>
   </div>
   <div class='ocr_carea' id='block_1_10' title="bbox 525 1082 3801 1155">
    <p class='ocr_par' dir='ltr' id='par_1_10' title="bbox 525 1082 3801 1155">
     <span class='ocr_line' id='line_1_10' title="bbox 525 1082 3801 1155; baseline 0 -14"><span class='ocrx_word' id='word_1_140' title='bbox 525 1096 785 1151; x_wconf 88' lang='lat' dir='ltr'><strong>strorum,</strong></span> <span class='ocrx_word' id='word_1_141' title='bbox 815 1082 1136 1155; x_wconf 89' lang='lat' dir='ltr'><strong>glorificavit</strong></span> <span class='ocrx_word' id='word_1_142' title='bbox 1179 1082 1373 1138; x_wconf 84' lang='lat' dir='ltr'><strong>Filium</strong></span> <span class='ocrx_word' id='word_1_143' title='bbox 1404 1099 1558 1138; x_wconf 91' lang='lat' dir='ltr'><strong>suum</strong></span> <span class='ocrx_word' id='word_1_144' title='bbox 1590 1085 1774 1139; x_wconf 83' lang='lat' dir='ltr'><strong>Jcsum</strong></span> <span class='ocrx_word' id='word_1_145' title='bbox 1794 1124 1808 1147; x_wconf 92' lang='lat'><strong>,</strong></span> <span class='ocrx_word' id='word_1_146' title='bbox 1837 1099 1999 1154; x_wconf 89' lang='lat' dir='ltr'><strong>quem</strong></span> <span class='ocrx_word' id='word_1_147' title='bbox 2027 1097 2126 1138; x_wconf 91' lang='lat' dir='ltr'><strong>vos</strong></span> <span class='ocrx_word' id='word_1_148' title='bbox 2226 1095 2349 1135; x_wconf 91' lang='lat' dir='ltr'><strong>nem</strong></span> <span class='ocrx_word' id='word_1_149' title='bbox 2379 1095 2597 1151; x_wconf 87' lang='lat' dir='ltr'><strong>quoque</strong></span> <span class='ocrx_word' id='word_1_150' title='bbox 2628 1082 2881 1137; x_wconf 77' lang='lat' dir='ltr'><strong>videntes</strong></span> <span class='ocrx_word' id='word_1_151' title='bbox 2928 1092 3163 1137; x_wconf 83' lang='lat' dir='ltr'><strong>stantem</strong></span> <span class='ocrx_word' id='word_1_152' title='bbox 3203 1097 3325 1137; x_wconf 91' lang='lat' dir='ltr'><strong>cum</strong></span> <span class='ocrx_word' id='word_1_153' title='bbox 3359 1084 3465 1150; x_wconf 89' lang='lat' dir='ltr'><strong>eis,</strong></span> <span class='ocrx_word' id='word_1_154' title='bbox 3492 1086 3582 1154; x_wconf 85' lang='lat' dir='ltr'><strong>qui</strong></span> <span class='ocrx_word' id='word_1_155' title='bbox 3607 1095 3801 1142; x_wconf 84' lang='lat' dir='ltr'><strong>curatus</strong></span> 
     </span>
    </p>
   </div>
   <div class='ocr_carea' id='block_1_11' title="bbox 528 1171 3800 1250">
    <p class='ocr_par' dir='ltr' id='par_1_11' title="bbox 528 1171 3800 1250">
     <span class='ocr_line' id='line_1_11' title="bbox 528 1171 3800 1250; baseline 0 -18"><span class='ocrx_word' id='word_1_156' title='bbox 528 1175 745 1250; x_wconf 87' lang='lat' dir='ltr'><strong>quidem</strong></span> <span class='ocrx_word' id='word_1_157' title='bbox 775 1176 1096 1242; x_wconf 79' lang='lat' dir='ltr'><strong>tradidistis,</strong></span> <span class='ocrx_word' id='word_1_158' title='bbox 1121 1186 1176 1232; x_wconf 87' lang='lat' dir='ltr'><strong>et</strong></span> <span class='ocrx_word' id='word_1_159' title='bbox 1205 1177 1445 1246; x_wconf 75' lang='lat' dir='ltr'><strong>negas1is</strong></span> <span class='ocrx_word' id='word_1_160' title='bbox 1466 1186 1591 1231; x_wconf 84' lang='lat' dir='ltr'><strong>ante</strong></span> <span class='ocrx_word' id='word_1_161' title='bbox 1621 1176 1812 1236; x_wconf 79' lang='lat' dir='ltr'><strong>faciem</strong></span> <span class='ocrx_word' id='word_1_162' title='bbox 1836 1175 2018 1241; x_wconf 82' lang='lat' dir='ltr'><strong>Pilati,</strong></span> <span class='ocrx_word' id='word_1_163' title='bbox 2039 1177 2127 1246; x_wconf 63' lang='lat' dir='ltr'><strong>ju-</strong></span> <span class='ocrx_word' id='word_1_164' title='bbox 2227 1171 2430 1239; x_wconf 80' lang='lat' dir='ltr'><strong>fuerat,</strong></span> <span class='ocrx_word' id='word_1_165' title='bbox 2461 1174 2592 1227; x_wconf 87' lang='lat' dir='ltr'><strong>nihil</strong></span> <span class='ocrx_word' id='word_1_166' title='bbox 2624 1184 2875 1244; x_wconf 85' lang='lat' dir='ltr'><strong>poterant</strong></span> <span class='ocrx_word' id='word_1_167' title='bbox 2896 1175 3292 1230; x_wconf 85' lang='lat' dir='ltr'><strong>contradicere.</strong></span> <span class='ocrx_word' id='word_1_168' title='bbox 3321 1175 3607 1233; x_wconf 84' lang='lat' dir='ltr'><strong>Jusserunt</strong></span> <span class='ocrx_word' id='word_1_169' title='bbox 3635 1190 3800 1236; x_wconf 86' lang='lat' dir='ltr'><strong>autent</strong></span> 
     </span>
    </p>
   </div>
   <div class='ocr_carea' id='block_1_12' title="bbox 527 1265 3800 1336">
    <p class='ocr_par' dir='ltr' id='par_1_12' title="bbox 527 1265 3800 1336">
     <span class='ocr_line' id='line_1_12' title="bbox 527 1265 3800 1336; baseline 0.001 -10"><span class='ocrx_word' id='word_1_170' title='bbox 527 1268 744 1326; x_wconf 89' lang='lat' dir='ltr'><strong>dicante</strong></span> <span class='ocrx_word' id='word_1_171' title='bbox 783 1267 878 1323; x_wconf 93' lang='lat' dir='ltr'><strong>illo</strong></span> <span class='ocrx_word' id='word_1_172' title='bbox 915 1267 1134 1322; x_wconf 88' lang='lat' dir='ltr'><strong>dimitti.</strong></span> <span class='ocrx_word' id='word_1_173' title='bbox 1187 1267 1295 1322; x_wconf 85' lang='lat' dir='ltr'><strong>Vos</strong></span> <span class='ocrx_word' id='word_1_174' title='bbox 1331 1276 1514 1323; x_wconf 90' lang='lat' dir='ltr'><strong>autem</strong></span> <span class='ocrx_word' id='word_1_175' title='bbox 1560 1280 1804 1322; x_wconf 81' lang='lat' dir='ltr'><strong>sanctum</strong></span> <span class='ocrx_word' id='word_1_176' title='bbox 1838 1277 1896 1322; x_wconf 90' lang='lat' dir='ltr'><strong>et</strong></span> <span class='ocrx_word' id='word_1_177' title='bbox 1919 1271 2125 1336; x_wconf 89' lang='lat' dir='ltr'><strong>justum</strong></span> <span class='ocrx_word' id='word_1_178' title='bbox 2230 1279 2325 1321; x_wconf 85' lang='lat' dir='ltr'><strong>eos</strong></span> <span class='ocrx_word' id='word_1_179' title='bbox 2347 1265 2491 1320; x_wconf 87' lang='lat' dir='ltr'><strong>foras</strong></span> <span class='ocrx_word' id='word_1_180' title='bbox 2518 1276 2670 1321; x_wconf 81' lang='lat' dir='ltr'><strong>extra</strong></span> <span class='ocrx_word' id='word_1_181' title='bbox 2695 1268 2979 1322; x_wconf 88' lang='lat' dir='ltr'><strong>concilium</strong></span> <span class='ocrx_word' id='word_1_182' title='bbox 3003 1268 3294 1324; x_wconf 76' lang='lat' dir='ltr'><strong>secedere:</strong></span> <span class='ocrx_word' id='word_1_183' title='bbox 3319 1269 3721 1327; x_wconf 86' lang='lat' dir='ltr'><strong>etconferebant</strong></span> <span class='ocrx_word' id='word_1_184' title='bbox 3743 1274 3800 1328; x_wconf 90' lang='lat' dir='ltr'><strong>ad</strong></span> 
     </span>
    </p>
   </div>
   <div class='ocr_carea' id='block_1_13' title="bbox 527 1359 3803 1433">
    <p class='ocr_par' dir='ltr' id='par_1_13' title="bbox 527 1359 3803 1433">
     <span class='ocr_line' id='line_1_13' title="bbox 527 1359 3803 1433; baseline 0 -15"><span class='ocrx_word' id='word_1_185' title='bbox 527 1362 789 1433; x_wconf 78' lang='lat' dir='ltr'><strong>negastis,</strong></span> <span class='ocrx_word' id='word_1_186' title='bbox 824 1370 882 1416; x_wconf 92' lang='lat' dir='ltr'><strong>et</strong></span> <span class='ocrx_word' id='word_1_187' title='bbox 910 1360 1122 1432; x_wconf 79' lang='lat' dir='ltr'><strong>petistis</strong></span> <span class='ocrx_word' id='word_1_188' title='bbox 1149 1361 1322 1415; x_wconf 92' lang='lat' dir='ltr'><strong>virum</strong></span> <span class='ocrx_word' id='word_1_189' title='bbox 1358 1361 1686 1415; x_wconf 73' lang='lat' dir='ltr'><strong>homicidam</strong></span> <span class='ocrx_word' id='word_1_190' title='bbox 1715 1362 1907 1416; x_wconf 85' lang='lat' dir='ltr'><strong>donari</strong></span> <span class='ocrx_word' id='word_1_191' title='bbox 1929 1361 2085 1416; x_wconf 91' lang='lat' dir='ltr'><strong>vobis</strong></span> <span class='ocrx_word' id='word_1_192' title='bbox 2111 1378 2126 1416; x_wconf 92' lang='lat'><strong>:</strong></span> <span class='ocrx_word' id='word_1_193' title='bbox 2230 1360 2461 1415; x_wconf 77' lang='lat' dir='ltr'><strong>invicem</strong></span> <span class='ocrx_word' id='word_1_194' title='bbox 2483 1401 2501 1427; x_wconf 95' lang='lat'><strong>,</strong></span> <span class='ocrx_word' id='word_1_195' title='bbox 2542 1360 2788 1415; x_wconf 82' lang='lat' dir='ltr'><strong>dicentes</strong></span> <span class='ocrx_word' id='word_1_196' title='bbox 2818 1377 2834 1414; x_wconf 91' lang='lat'><strong>:</strong></span> <span class='ocrx_word' id='word_1_197' title='bbox 2865 1360 3005 1427; x_wconf 86' lang='lat' dir='ltr'><strong>Quid</strong></span> <span class='ocrx_word' id='word_1_198' title='bbox 3049 1360 3310 1416; x_wconf 86' lang='lat' dir='ltr'><strong>faciemus</strong></span> <span class='ocrx_word' id='word_1_199' title='bbox 3334 1359 3638 1419; x_wconf 82' lang='lat' dir='ltr'><strong>hominibus</strong></span> <span class='ocrx_word' id='word_1_200' title='bbox 3658 1366 3803 1420; x_wconf 81' lang='lat' dir='ltr'><strong>istis?</strong></span> 
     </span>
    </p>
   </div>
   <div class='ocr_carea' id='block_1_14' title="bbox 529 1451 3803 1528">
    <p class='ocr_par' dir='ltr' id='par_1_14' title="bbox 529 1451 3803 1528">
     <span class='ocr_line' id='line_1_14' title="bbox 529 1451 3803 1528; baseline 0.001 -18"><span class='ocrx_word' id='word_1_201' title='bbox 529 1463 811 1510; x_wconf 89' lang='lat' dir='ltr'><strong>auctorem</strong></span> <span class='ocrx_word' id='word_1_202' title='bbox 839 1467 973 1507; x_wconf 88' lang='lat' dir='ltr'><strong>vero</strong></span> <span class='ocrx_word' id='word_1_203' title='bbox 997 1454 1120 1507; x_wconf 69' lang='lat' dir='ltr'><strong>vitae</strong></span> <span class='ocrx_word' id='word_1_204' title='bbox 1148 1451 1517 1518; x_wconf 78' lang='lat' dir='ltr'><strong>interfecistis,</strong></span> <span class='ocrx_word' id='word_1_205' title='bbox 1549 1468 1707 1521; x_wconf 83' lang='lat' dir='ltr'><strong>quem</strong></span> <span class='ocrx_word' id='word_1_206' title='bbox 1732 1451 1876 1508; x_wconf 87' lang='lat' dir='ltr'><strong>Deus</strong></span> <span class='ocrx_word' id='word_1_207' title='bbox 1898 1452 2124 1507; x_wconf 85' lang='lat' dir='ltr'><strong>suscita-</strong></span> <span class='ocrx_word' id='word_1_208' title='bbox 2231 1454 2486 1524; x_wconf 86' lang='lat' dir='ltr'><strong>quoniam</strong></span> <span class='ocrx_word' id='word_1_209' title='bbox 2519 1452 2737 1523; x_wconf 91' lang='lat' dir='ltr'><strong>quidem</strong></span> <span class='ocrx_word' id='word_1_210' title='bbox 2770 1462 2956 1508; x_wconf 92' lang='lat' dir='ltr'><strong>notum</strong></span> <span class='ocrx_word' id='word_1_211' title='bbox 2986 1455 3200 1524; x_wconf 86' lang='lat' dir='ltr'><strong>signqu</strong></span> <span class='ocrx_word' id='word_1_212' title='bbox 3232 1454 3435 1510; x_wconf 85' lang='lat' dir='ltr'><strong>factum</strong></span> <span class='ocrx_word' id='word_1_213' title='bbox 3464 1467 3548 1512; x_wconf 90' lang='lat' dir='ltr'><strong>est</strong></span> <span class='ocrx_word' id='word_1_214' title='bbox 3573 1472 3662 1528; x_wconf 85' lang='lat' dir='ltr'><strong>per</strong></span> <span class='ocrx_word' id='word_1_215' title='bbox 3685 1473 3803 1528; x_wconf 83' lang='lat' dir='ltr'><strong>eos,</strong></span> 
     </span>
    </p>
   </div>
   <div class='ocr_carea' id='block_1_15' title="bbox 530 1545 3802 1620">
    <p class='ocr_par' dir='ltr' id='par_1_15' title="bbox 530 1545 3802 1620">
     <span class='ocr_line' id='line_1_15' title="bbox 530 1545 3802 1620; baseline 0 -15"><span class='ocrx_word' id='word_1_216' title='bbox 530 1550 663 1605; x_wconf 92' lang='lat' dir='ltr'><strong>vita</strong></span> <span class='ocrx_word' id='word_1_217' title='bbox 699 1548 928 1603; x_wconf 90' lang='lat' dir='ltr'><strong>mortuis</strong></span> <span class='ocrx_word' id='word_1_218' title='bbox 950 1590 964 1610; x_wconf 94' lang='lat'><strong>,</strong></span> <span class='ocrx_word' id='word_1_219' title='bbox 998 1547 1151 1617; x_wconf 88' lang='lat' dir='ltr'><strong>cujus</strong></span> <span class='ocrx_word' id='word_1_220' title='bbox 1180 1561 1280 1600; x_wconf 93' lang='lat' dir='ltr'><strong>nos</strong></span> <span class='ocrx_word' id='word_1_221' title='bbox 1313 1556 1479 1602; x_wconf 89' lang='lat' dir='ltr'><strong>testes</strong></span> <span class='ocrx_word' id='word_1_222' title='bbox 1502 1561 1705 1600; x_wconf 89' lang='lat' dir='ltr'><strong>sumus.</strong></span> <span class='ocrx_word' id='word_1_223' title='bbox 1732 1546 1798 1600; x_wconf 82' lang='lat' dir='ltr'><strong>Et</strong></span> <span class='ocrx_word' id='word_1_224' title='bbox 1827 1547 1881 1600; x_wconf 94' lang='lat' dir='ltr'><strong>in</strong></span> <span class='ocrx_word' id='word_1_225' title='bbox 1907 1545 2014 1600; x_wconf 91' lang='lat' dir='ltr'><strong>ﬁde</strong></span> <span class='ocrx_word' id='word_1_226' title='bbox 2037 1561 2131 1601; x_wconf 81' lang='lat' dir='ltr'><strong>no-</strong></span> <span class='ocrx_word' id='word_1_227' title='bbox 2232 1548 2486 1602; x_wconf 88' lang='lat' dir='ltr'><strong>ornnibus</strong></span> <span class='ocrx_word' id='word_1_228' title='bbox 2533 1547 2901 1602; x_wconf 90' lang='lat' dir='ltr'><strong>habitantibus</strong></span> <span class='ocrx_word' id='word_1_229' title='bbox 2939 1548 3241 1603; x_wconf 80' lang='lat' dir='ltr'><strong>Jerusalem</strong></span> <span class='ocrx_word' id='word_1_230' title='bbox 3270 1567 3282 1602; x_wconf 92' lang='lat'>:</span> <span class='ocrx_word' id='word_1_231' title='bbox 3316 1549 3646 1606; x_wconf 88' lang='lat' dir='ltr'><strong>manifestum</strong></span> <span class='ocrx_word' id='word_1_232' title='bbox 3693 1565 3802 1620; x_wconf 86' lang='lat' dir='ltr'><strong>est,</strong></span> 
     </span>
    </p>
   </div>
   <div class='ocr_carea' id='block_1_16' title="bbox 533 1640 3800 1716">
    <p class='ocr_par' dir='ltr' id='par_1_16' title="bbox 533 1640 3800 1716">
     <span class='ocr_line' id='line_1_16' title="bbox 533 1640 3800 1716; baseline 0 -16"><span class='ocrx_word' id='word_1_233' title='bbox 533 1643 697 1701; x_wconf 88' lang='lat' dir='ltr'><strong>minis</strong></span> <span class='ocrx_word' id='word_1_234' title='bbox 724 1644 864 1713; x_wconf 87' lang='lat' dir='ltr'><strong>ejus,</strong></span> <span class='ocrx_word' id='word_1_235' title='bbox 899 1642 1063 1707; x_wconf 91' lang='lat' dir='ltr'><strong>hunc,</strong></span> <span class='ocrx_word' id='word_1_236' title='bbox 1091 1656 1252 1710; x_wconf 87' lang='lat' dir='ltr'><strong>quem</strong></span> <span class='ocrx_word' id='word_1_237' title='bbox 1289 1655 1388 1695; x_wconf 88' lang='lat' dir='ltr'><strong>vos</strong></span> <span class='ocrx_word' id='word_1_238' title='bbox 1416 1640 1651 1704; x_wconf 90' lang='lat' dir='ltr'><strong>vidistis,</strong></span> <span class='ocrx_word' id='word_1_239' title='bbox 1678 1650 1734 1696; x_wconf 90' lang='lat' dir='ltr'><strong>et</strong></span> <span class='ocrx_word' id='word_1_240' title='bbox 1771 1641 1965 1703; x_wconf 88' lang='lat' dir='ltr'><strong>nostis,</strong></span> <span class='ocrx_word' id='word_1_241' title='bbox 1996 1655 2130 1696; x_wconf 65' lang='lat' dir='ltr'><strong>cono</strong></span> <span class='ocrx_word' id='word_1_242' title='bbox 2236 1650 2291 1696; x_wconf 91' lang='lat' dir='ltr'><strong>et</strong></span> <span class='ocrx_word' id='word_1_243' title='bbox 2319 1655 2426 1696; x_wconf 93' lang='lat' dir='ltr'><strong>non</strong></span> <span class='ocrx_word' id='word_1_244' title='bbox 2457 1655 2745 1711; x_wconf 84' lang='lat' dir='ltr'><strong>possumus</strong></span> <span class='ocrx_word' id='word_1_245' title='bbox 2775 1656 2995 1710; x_wconf 80' lang='lat' dir='ltr'><strong>negare.</strong></span> <span class='ocrx_word' id='word_1_246' title='bbox 3026 1640 3134 1696; x_wconf 89' lang='lat' dir='ltr'><strong>Sed</strong></span> <span class='ocrx_word' id='word_1_247' title='bbox 3164 1657 3234 1696; x_wconf 91' lang='lat' dir='ltr'><strong>ne</strong></span> <span class='ocrx_word' id='word_1_248' title='bbox 3264 1643 3490 1713; x_wconf 78' lang='lat' dir='ltr'><strong>amplius</strong></span> <span class='ocrx_word' id='word_1_249' title='bbox 3507 1642 3800 1716; x_wconf 83' lang='lat' dir='ltr'><strong>divulgetnr</strong></span> 
     </span>
    </p>
   </div>
   <div class='ocr_carea' id='block_1_17' title="bbox 531 1725 3806 1808">
    <p class='ocr_par' dir='ltr' id='par_1_17' title="bbox 531 1725 3806 1808">
     <span class='ocr_line' id='line_1_17' title="bbox 531 1725 3806 1808; baseline 0.001 -16"><span class='ocrx_word' id='word_1_250' title='bbox 531 1737 770 1793; x_wconf 89' lang='lat' dir='ltr'><strong>ﬁrmavit</strong></span> <span class='ocrx_word' id='word_1_251' title='bbox 801 1750 999 1790; x_wconf 90' lang='lat' dir='ltr'><strong>nomen</strong></span> <span class='ocrx_word' id='word_1_252' title='bbox 1031 1736 1148 1803; x_wconf 86' lang='lat' dir='ltr'><strong>ejus</strong></span> <span class='ocrx_word' id='word_1_253' title='bbox 1177 1750 1191 1786; x_wconf 88' lang='lat'>:</span> <span class='ocrx_word' id='word_1_254' title='bbox 1222 1743 1274 1787; x_wconf 89' lang='lat' dir='ltr'><strong>et</strong></span> <span class='ocrx_word' id='word_1_255' title='bbox 1304 1732 1460 1798; x_wconf 81' lang='lat' dir='ltr'><strong>fides,</strong></span> <span class='ocrx_word' id='word_1_256' title='bbox 1485 1747 1604 1802; x_wconf 66' lang='lat' dir='ltr'><strong>qua:</strong></span> <span class='ocrx_word' id='word_1_257' title='bbox 1630 1747 1727 1802; x_wconf 91' lang='lat' dir='ltr'><strong>per</strong></span> <span class='ocrx_word' id='word_1_258' title='bbox 1755 1746 1878 1786; x_wconf 89' lang='lat' dir='ltr'><strong>eum</strong></span> <span class='ocrx_word' id='word_1_259' title='bbox 1905 1739 2010 1796; x_wconf 88' lang='lat' dir='ltr'><strong>est,</strong></span> <span class='ocrx_word' id='word_1_260' title='bbox 2039 1731 2134 1786; x_wconf 86' lang='lat' dir='ltr'><strong>de-</strong></span> <span class='ocrx_word' id='word_1_261' title='bbox 2163 1725 2212 1786; x_wconf 82' lang='lat' dir='ltr'><strong>B</strong></span> <span class='ocrx_word' id='word_1_262' title='bbox 2239 1735 2292 1788; x_wconf 91' lang='lat' dir='ltr'><strong>in</strong></span> <span class='ocrx_word' id='word_1_263' title='bbox 2328 1737 2604 1804; x_wconf 85' lang='lat' dir='ltr'><strong>populum,</strong></span> <span class='ocrx_word' id='word_1_264' title='bbox 2637 1737 3030 1790; x_wconf 88' lang='lat' dir='ltr'><strong>comminemur</strong></span> <span class='ocrx_word' id='word_1_265' title='bbox 3055 1736 3166 1801; x_wconf 84' lang='lat' dir='ltr'><strong>eis,</strong></span> <span class='ocrx_word' id='word_1_266' title='bbox 3199 1750 3269 1791; x_wconf 90' lang='lat' dir='ltr'><strong>ne</strong></span> <span class='ocrx_word' id='word_1_267' title='bbox 3293 1736 3430 1792; x_wconf 91' lang='lat' dir='ltr'><strong>ultra</strong></span> <span class='ocrx_word' id='word_1_268' title='bbox 3457 1737 3732 1808; x_wconf 88' lang='lat' dir='ltr'><strong>loquantur</strong></span> <span class='ocrx_word' id='word_1_269' title='bbox 3754 1741 3806 1794; x_wconf 90' lang='lat' dir='ltr'><strong>in</strong></span> 
     </span>
    </p>
   </div>
   <div class='ocr_carea' id='block_1_18' title="bbox 535 1822 3806 1897">
    <p class='ocr_par' dir='ltr' id='par_1_18' title="bbox 535 1822 3806 1897">
     <span class='ocr_line' id='line_1_18' title="bbox 535 1822 3806 1897; baseline 0.001 -14"><span class='ocrx_word' id='word_1_270' title='bbox 535 1831 617 1884; x_wconf 90' lang='lat' dir='ltr'><strong>dit</strong></span> <span class='ocrx_word' id='word_1_271' title='bbox 645 1829 910 1897; x_wconf 83' lang='lat' dir='ltr'><strong>integram</strong></span> <span class='ocrx_word' id='word_1_272' title='bbox 955 1826 1242 1880; x_wconf 79' lang='lat' dir='ltr'><strong>sanitatem</strong></span> <span class='ocrx_word' id='word_1_273' title='bbox 1285 1825 1443 1878; x_wconf 90' lang='lat' dir='ltr'><strong>istam</strong></span> <span class='ocrx_word' id='word_1_274' title='bbox 1477 1823 1530 1878; x_wconf 92' lang='lat' dir='ltr'><strong>in</strong></span> <span class='ocrx_word' id='word_1_275' title='bbox 1566 1831 1863 1893; x_wconf 84' lang='lat' dir='ltr'><strong>conspectu</strong></span> <span class='ocrx_word' id='word_1_276' title='bbox 1891 1822 2134 1877; x_wconf 90' lang='lat' dir='ltr'><strong>omnium</strong></span> <span class='ocrx_word' id='word_1_277' title='bbox 2239 1826 2458 1880; x_wconf 90' lang='lat' dir='ltr'><strong>nomine</strong></span> <span class='ocrx_word' id='word_1_278' title='bbox 2503 1825 2608 1881; x_wconf 92' lang='lat' dir='ltr'><strong>hoc</strong></span> <span class='ocrx_word' id='word_1_279' title='bbox 2636 1825 2732 1880; x_wconf 91' lang='lat' dir='ltr'><strong>ulli</strong></span> <span class='ocrx_word' id='word_1_280' title='bbox 2763 1829 3061 1881; x_wconf 83' lang='lat' dir='ltr'><strong>hominum.</strong></span> <span class='ocrx_word' id='word_1_281' title='bbox 3093 1827 3162 1881; x_wconf 83' lang='lat' dir='ltr'><strong>Et</strong></span> <span class='ocrx_word' id='word_1_282' title='bbox 3189 1838 3449 1884; x_wconf 87' lang='lat' dir='ltr'><strong>vocantes</strong></span> <span class='ocrx_word' id='word_1_283' title='bbox 3477 1844 3587 1892; x_wconf 86' lang='lat' dir='ltr'><strong>eos,</strong></span> <span class='ocrx_word' id='word_1_284' title='bbox 3620 1831 3806 1886; x_wconf 86' lang='lat' dir='ltr'><strong>denun-</strong></span> 
     </span>
    </p>
   </div>
   <div class='ocr_carea' id='block_1_19' title="bbox 530 1915 3806 1994">
    <p class='ocr_par' dir='ltr' id='par_1_19' title="bbox 530 1915 3806 1994">
     <span class='ocr_line' id='line_1_19' title="bbox 530 1915 3806 1994; baseline 0.001 -16"><span class='ocrx_word' id='word_1_285' title='bbox 530 1932 801 1978; x_wconf 83' lang='lat' dir='ltr'><strong>vestrum.</strong></span> <span class='ocrx_word' id='word_1_286' title='bbox 845 1920 910 1974; x_wconf 87' lang='lat' dir='ltr'><strong>Et</strong></span> <span class='ocrx_word' id='word_1_287' title='bbox 930 1934 1094 1985; x_wconf 88' lang='lat' dir='ltr'><strong>nunc,</strong></span> <span class='ocrx_word' id='word_1_288' title='bbox 1118 1916 1334 1981; x_wconf 84' lang='lat' dir='ltr'><strong>fratres,</strong></span> <span class='ocrx_word' id='word_1_289' title='bbox 1368 1919 1482 1972; x_wconf 80' lang='lat' dir='ltr'><strong>scin</strong></span> <span class='ocrx_word' id='word_1_290' title='bbox 1508 1915 1630 1986; x_wconf 84' lang='lat' dir='ltr'><strong>quia</strong></span> <span class='ocrx_word' id='word_1_291' title='bbox 1662 1931 1758 1985; x_wconf 89' lang='lat' dir='ltr'><strong>per</strong></span> <span class='ocrx_word' id='word_1_292' title='bbox 1779 1915 2136 1988; x_wconf 78' lang='lat' dir='ltr'><strong>ignorantiam</strong></span> <span class='ocrx_word' id='word_1_293' title='bbox 2240 1917 2541 1985; x_wconf 83' lang='lat' dir='ltr'><strong>tiaverunt,</strong></span> <span class='ocrx_word' id='word_1_294' title='bbox 2569 1933 2639 1973; x_wconf 92' lang='lat' dir='ltr'><strong>ne</strong></span> <span class='ocrx_word' id='word_1_295' title='bbox 2665 1920 2888 1974; x_wconf 91' lang='lat' dir='ltr'><strong>omnino</strong></span> <span class='ocrx_word' id='word_1_296' title='bbox 2934 1921 3317 1990; x_wconf 88' lang='lat' dir='ltr'><strong>loquerentur,</strong></span> <span class='ocrx_word' id='word_1_297' title='bbox 3350 1937 3529 1994; x_wconf 85' lang='lat' dir='ltr'><strong>neque</strong></span> <span class='ocrx_word' id='word_1_298' title='bbox 3573 1923 3806 1981; x_wconf 87' lang='lat' dir='ltr'><strong>docerent</strong></span> 
     </span>
    </p>
   </div>
   <div class='ocr_carea' id='block_1_20' title="bbox 536 2010 3805 2086">
    <p class='ocr_par' dir='ltr' id='par_1_20' title="bbox 536 2010 3805 2086">
     <span class='ocr_line' id='line_1_20' title="bbox 536 2010 3805 2086; baseline -0.001 -14"><span class='ocrx_word' id='word_1_299' title='bbox 536 2016 771 2080; x_wconf 88' lang='lat' dir='ltr'><strong>fecistis,</strong></span> <span class='ocrx_word' id='word_1_300' title='bbox 810 2013 952 2069; x_wconf 89' lang='lat' dir='ltr'><strong>sicut</strong></span> <span class='ocrx_word' id='word_1_301' title='bbox 992 2023 1048 2068; x_wconf 92' lang='lat' dir='ltr'><strong>et</strong></span> <span class='ocrx_word' id='word_1_302' title='bbox 1089 2012 1359 2083; x_wconf 84' lang='lat' dir='ltr'><strong>principes</strong></span> <span class='ocrx_word' id='word_1_303' title='bbox 1399 2013 1592 2067; x_wconf 81' lang='lat' dir='ltr'><strong>vestri.</strong></span> <span class='ocrx_word' id='word_1_304' title='bbox 1623 2013 1761 2068; x_wconf 90' lang='lat' dir='ltr'><strong>Deus</strong></span> <span class='ocrx_word' id='word_1_305' title='bbox 1781 2021 1986 2078; x_wconf 87' lang='lat' dir='ltr'><strong>autem,</strong></span> <span class='ocrx_word' id='word_1_306' title='bbox 2016 2026 2138 2081; x_wconf 74' lang='lat' dir='ltr'><strong>qua:</strong></span> <span class='ocrx_word' id='word_1_307' title='bbox 2240 2012 2294 2064; x_wconf 92' lang='lat' dir='ltr'><strong>in</strong></span> <span class='ocrx_word' id='word_1_308' title='bbox 2325 2010 2548 2066; x_wconf 86' lang='lat' dir='ltr'><strong>nomine</strong></span> <span class='ocrx_word' id='word_1_309' title='bbox 2571 2010 2721 2067; x_wconf 90' lang='lat' dir='ltr'><strong>Jesu.</strong></span> <span class='ocrx_word' id='word_1_310' title='bbox 2754 2012 2952 2067; x_wconf 88' lang='lat' dir='ltr'><strong>Petrus</strong></span> <span class='ocrx_word' id='word_1_311' title='bbox 2977 2028 3111 2068; x_wconf 93' lang='lat' dir='ltr'><strong>vero</strong></span> <span class='ocrx_word' id='word_1_312' title='bbox 3153 2025 3209 2069; x_wconf 89' lang='lat' dir='ltr'><strong>et</strong></span> <span class='ocrx_word' id='word_1_313' title='bbox 3234 2013 3473 2070; x_wconf 81' lang='lat' dir='ltr'><strong>Joannes</strong></span> <span class='ocrx_word' id='word_1_314' title='bbox 3499 2018 3805 2086; x_wconf 81' lang='lat' dir='ltr'><strong>responden-</strong></span> 
     </span>
    </p>
   </div>
   <div class='ocr_carea' id='block_1_21' title="bbox 533 2103 3804 2186">
    <p class='ocr_par' dir='ltr' id='par_1_21' title="bbox 533 2103 3804 2186">
     <span class='ocr_line' id='line_1_21' title="bbox 533 2103 3804 2186; baseline -0.001 -18"><span class='ocrx_word' id='word_1_315' title='bbox 533 2110 924 2186; x_wconf 72' lang='lat' dir='ltr'><strong>przenuntiavit</strong></span> <span class='ocrx_word' id='word_1_316' title='bbox 949 2125 1046 2181; x_wconf 88' lang='lat' dir='ltr'><strong>per</strong></span> <span class='ocrx_word' id='word_1_317' title='bbox 1066 2124 1129 2164; x_wconf 88' lang='lat' dir='ltr'><strong>os</strong></span> <span class='ocrx_word' id='word_1_318' title='bbox 1148 2110 1393 2164; x_wconf 91' lang='lat' dir='ltr'><strong>omnium</strong></span> <span class='ocrx_word' id='word_1_319' title='bbox 1417 2107 1827 2178; x_wconf 83' lang='lat' dir='ltr'><strong>prophetarum,</strong></span> <span class='ocrx_word' id='word_1_320' title='bbox 1852 2110 1960 2179; x_wconf 89' lang='lat' dir='ltr'><strong>pati</strong></span> <span class='ocrx_word' id='word_1_321' title='bbox 1982 2105 2140 2163; x_wconf 86' lang='lat' dir='ltr'><strong>Chri-</strong></span> <span class='ocrx_word' id='word_1_322' title='bbox 2241 2111 2361 2169; x_wconf 89' lang='lat' dir='ltr'><strong>tes,</strong></span> <span class='ocrx_word' id='word_1_323' title='bbox 2391 2103 2651 2159; x_wconf 78' lang='lat' dir='ltr'><strong>dixerunt</strong></span> <span class='ocrx_word' id='word_1_324' title='bbox 2691 2105 2758 2159; x_wconf 89' lang='lat' dir='ltr'><strong>ad</strong></span> <span class='ocrx_word' id='word_1_325' title='bbox 2804 2120 2938 2160; x_wconf 89' lang='lat' dir='ltr'><strong>eos:</strong></span> <span class='ocrx_word' id='word_1_326' title='bbox 2981 2105 3038 2162; x_wconf 92' lang='lat' dir='ltr'><strong>Si</strong></span> <span class='ocrx_word' id='word_1_327' title='bbox 3062 2107 3267 2177; x_wconf 88' lang='lat' dir='ltr'><strong>justum</strong></span> <span class='ocrx_word' id='word_1_328' title='bbox 3306 2119 3390 2164; x_wconf 88' lang='lat' dir='ltr'><strong>est</strong></span> <span class='ocrx_word' id='word_1_329' title='bbox 3435 2109 3488 2163; x_wconf 87' lang='lat' dir='ltr'><strong>in</strong></span> <span class='ocrx_word' id='word_1_330' title='bbox 3541 2125 3804 2182; x_wconf 81' lang='lat' dir='ltr'><strong>conspecta</strong></span> 
     </span>
    </p>
   </div>
   <div class='ocr_carea' id='block_1_22' title="bbox 534 2195 3803 2273">
    <p class='ocr_par' dir='ltr' id='par_1_22' title="bbox 534 2195 3803 2273">
     <span class='ocr_line' id='line_1_22' title="bbox 534 2195 3803 2273; baseline -0.001 -11"><span class='ocrx_word' id='word_1_331' title='bbox 534 2215 680 2262; x_wconf 82' lang='lat' dir='ltr'><strong>stum</strong></span> <span class='ocrx_word' id='word_1_332' title='bbox 721 2218 904 2272; x_wconf 89' lang='lat' dir='ltr'><strong>suum,</strong></span> <span class='ocrx_word' id='word_1_333' title='bbox 945 2204 1024 2258; x_wconf 87' lang='lat' dir='ltr'><strong>sic</strong></span> <span class='ocrx_word' id='word_1_334' title='bbox 1061 2202 1330 2271; x_wconf 80' lang='lat' dir='ltr'><strong>implevit.</strong></span> <span class='ocrx_word' id='word_1_335' title='bbox 1361 2202 1705 2257; x_wconf 82' lang='lat' dir='ltr'><strong>Pcenitetnini</strong></span> <span class='ocrx_word' id='word_1_336' title='bbox 1736 2201 1898 2273; x_wconf 85' lang='lat' dir='ltr'><strong>igitur</strong></span> <span class='ocrx_word' id='word_1_337' title='bbox 1925 2211 1982 2257; x_wconf 93' lang='lat' dir='ltr'><strong>et</strong></span> <span class='ocrx_word' id='word_1_338' title='bbox 2009 2217 2140 2258; x_wconf 88' lang='lat' dir='ltr'><strong>cou-</strong></span> <span class='ocrx_word' id='word_1_339' title='bbox 2242 2195 2370 2261; x_wconf 84' lang='lat' dir='ltr'><strong>Dei,</strong></span> <span class='ocrx_word' id='word_1_340' title='bbox 2406 2211 2502 2251; x_wconf 84' lang='lat' dir='ltr'><strong>vos</strong></span> <span class='ocrx_word' id='word_1_341' title='bbox 2532 2197 2712 2267; x_wconf 88' lang='lat' dir='ltr'><strong>potius</strong></span> <span class='ocrx_word' id='word_1_342' title='bbox 2759 2198 2949 2254; x_wconf 87' lang='lat' dir='ltr'><strong>audire</strong></span> <span class='ocrx_word' id='word_1_343' title='bbox 2976 2215 3135 2269; x_wconf 88' lang='lat' dir='ltr'><strong>quam</strong></span> <span class='ocrx_word' id='word_1_344' title='bbox 3169 2200 3375 2266; x_wconf 85' lang='lat' dir='ltr'><strong>Deum,</strong></span> <span class='ocrx_word' id='word_1_345' title='bbox 3419 2201 3687 2272; x_wconf 82' lang='lat' dir='ltr'><strong>judicate:</strong></span> <span class='ocrx_word' id='word_1_346' title='bbox 3715 2217 3803 2258; x_wconf 89' lang='lat' dir='ltr'><strong>non</strong></span> 
     </span>
    </p>
   </div>
   <div class='ocr_carea' id='block_1_23' title="bbox 537 2290 3802 2366">
    <p class='ocr_par' dir='ltr' id='par_1_23' title="bbox 537 2290 3802 2366">
     <span class='ocr_line' id='line_1_23' title="bbox 537 2290 3802 2366; baseline -0.001 -12"><span class='ocrx_word' id='word_1_347' title='bbox 537 2297 840 2365; x_wconf 86' lang='lat' dir='ltr'><strong>vertimini,</strong></span> <span class='ocrx_word' id='word_1_348' title='bbox 868 2304 929 2352; x_wconf 93' lang='lat' dir='ltr'><strong>ut</strong></span> <span class='ocrx_word' id='word_1_349' title='bbox 947 2296 1236 2351; x_wconf 85' lang='lat' dir='ltr'><strong>deleantur</strong></span> <span class='ocrx_word' id='word_1_350' title='bbox 1259 2306 1480 2366; x_wconf 86' lang='lat' dir='ltr'><strong>peccata</strong></span> <span class='ocrx_word' id='word_1_351' title='bbox 1500 2303 1682 2350; x_wconf 90' lang='lat' dir='ltr'><strong>vestra</strong></span> <span class='ocrx_word' id='word_1_352' title='bbox 1709 2313 1724 2349; x_wconf 90' lang='lat'>:</span> <span class='ocrx_word' id='word_1_353' title='bbox 1753 2303 1812 2350; x_wconf 91' lang='lat' dir='ltr'><strong>ut</strong></span> <span class='ocrx_word' id='word_1_354' title='bbox 1832 2309 1954 2350; x_wconf 89' lang='lat' dir='ltr'><strong>cum</strong></span> <span class='ocrx_word' id='word_1_355' title='bbox 1979 2311 2142 2352; x_wconf 85' lang='lat' dir='ltr'><strong>vene-</strong></span> <span class='ocrx_word' id='word_1_356' title='bbox 2242 2290 2386 2344; x_wconf 82' lang='lat' dir='ltr'><strong>enim</strong></span> <span class='ocrx_word' id='word_1_357' title='bbox 2424 2304 2711 2360; x_wconf 79' lang='lat' dir='ltr'><strong>possumus</strong></span> <span class='ocrx_word' id='word_1_358' title='bbox 2736 2308 2856 2362; x_wconf 68' lang='lat' dir='ltr'><strong>quae</strong></span> <span class='ocrx_word' id='word_1_359' title='bbox 2883 2292 3138 2360; x_wconf 83' lang='lat' dir='ltr'><strong>vidimus,</strong></span> <span class='ocrx_word' id='word_1_360' title='bbox 3171 2304 3226 2349; x_wconf 91' lang='lat' dir='ltr'><strong>et</strong></span> <span class='ocrx_word' id='word_1_361' title='bbox 3255 2295 3588 2363; x_wconf 80' lang='lat' dir='ltr'><strong>audivimus,</strong></span> <span class='ocrx_word' id='word_1_362' title='bbox 3618 2311 3714 2353; x_wconf 82' lang='lat' dir='ltr'><strong>non</strong></span> <span class='ocrx_word' id='word_1_363' title='bbox 3736 2298 3802 2350; x_wconf 85' lang='lat' dir='ltr'><strong>lo-</strong></span> 
     </span>
    </p>
   </div>
   <div class='ocr_carea' id='block_1_24' title="bbox 535 2383 3806 2463">
    <p class='ocr_par' dir='ltr' id='par_1_24' title="bbox 535 2383 3806 2463">
     <span class='ocr_line' id='line_1_24' title="bbox 535 2383 3806 2463; baseline -0.003 -13"><span class='ocrx_word' id='word_1_364' title='bbox 535 2395 646 2450; x_wconf 92' lang='lat' dir='ltr'><strong>rint</strong></span> <span class='ocrx_word' id='word_1_365' title='bbox 669 2402 912 2463; x_wconf 90' lang='lat' dir='ltr'><strong>tempora</strong></span> <span class='ocrx_word' id='word_1_366' title='bbox 938 2389 1203 2460; x_wconf 89' lang='lat' dir='ltr'><strong>refrigerii</strong></span> <span class='ocrx_word' id='word_1_367' title='bbox 1225 2404 1253 2442; x_wconf 89' lang='lat' dir='ltr'><strong>a</strong></span> <span class='ocrx_word' id='word_1_368' title='bbox 1278 2397 1576 2458; x_wconf 89' lang='lat' dir='ltr'><strong>conspectu</strong></span> <span class='ocrx_word' id='word_1_369' title='bbox 1598 2388 1836 2452; x_wconf 87' lang='lat' dir='ltr'><strong>Domini.</strong></span> <span class='ocrx_word' id='word_1_370' title='bbox 1859 2397 1912 2444; x_wconf 91' lang='lat' dir='ltr'><strong>et</strong></span> <span class='ocrx_word' id='word_1_371' title='bbox 1935 2388 2144 2444; x_wconf 85' lang='lat' dir='ltr'><strong>miserit</strong></span> <span class='ocrx_word' id='word_1_372' title='bbox 2242 2383 2356 2454; x_wconf 77' lang='lat' dir='ltr'><strong>qui.</strong></span> <span class='ocrx_word' id='word_1_373' title='bbox 2391 2386 2458 2436; x_wconf 80' lang='lat' dir='ltr'><strong>At</strong></span> <span class='ocrx_word' id='word_1_374' title='bbox 2484 2383 2559 2438; x_wconf 88' lang='lat' dir='ltr'><strong>illi</strong></span> <span class='ocrx_word' id='word_1_375' title='bbox 2591 2384 2987 2441; x_wconf 76' lang='lat' dir='ltr'><strong>comminantes</strong></span> <span class='ocrx_word' id='word_1_376' title='bbox 3030 2386 3354 2443; x_wconf 86' lang='lat' dir='ltr'><strong>dimiserunt</strong></span> <span class='ocrx_word' id='word_1_377' title='bbox 3380 2402 3513 2444; x_wconf 86' lang='lat' dir='ltr'><strong>eos:</strong></span> <span class='ocrx_word' id='word_1_378' title='bbox 3546 2404 3646 2445; x_wconf 90' lang='lat' dir='ltr'><strong>non</strong></span> <span class='ocrx_word' id='word_1_379' title='bbox 3673 2391 3806 2444; x_wconf 84' lang='lat' dir='ltr'><strong>inve-</strong></span> 
     </span>
    </p>
   </div>
   <div class='ocr_carea' id='block_1_25' title="bbox 535 2473 3802 2556">
    <p class='ocr_par' dir='ltr' id='par_1_25' title="bbox 535 2473 3802 2556">
     <span class='ocr_line' id='line_1_25' title="bbox 535 2473 3802 2556; baseline -0.002 -17"><span class='ocrx_word' id='word_1_380' title='bbox 535 2483 792 2556; x_wconf 89' lang='lat' dir='ltr'><strong>eum,qui</strong></span> <span class='ocrx_word' id='word_1_381' title='bbox 818 2481 1137 2552; x_wconf 66' lang='lat' dir='ltr'><strong>praedicatus</strong></span> <span class='ocrx_word' id='word_1_382' title='bbox 1158 2490 1238 2534; x_wconf 82' lang='lat' dir='ltr'><strong>est</strong></span> <span class='ocrx_word' id='word_1_383' title='bbox 1258 2479 1436 2548; x_wconf 83' lang='lat' dir='ltr'><strong>vubis,</strong></span> <span class='ocrx_word' id='word_1_384' title='bbox 1456 2478 1641 2535; x_wconf 91' lang='lat' dir='ltr'><strong>Jesum</strong></span> <span class='ocrx_word' id='word_1_385' title='bbox 1663 2477 2139 2550; x_wconf 84' lang='lat' dir='ltr'><strong>Christum,quem</strong></span> <span class='ocrx_word' id='word_1_386' title='bbox 2244 2473 2457 2529; x_wconf 86' lang='lat' dir='ltr'><strong>nieutes</strong></span> <span class='ocrx_word' id='word_1_387' title='bbox 2503 2475 2776 2544; x_wconf 92' lang='lat' dir='ltr'><strong>quomodo</strong></span> <span class='ocrx_word' id='word_1_388' title='bbox 2814 2476 3073 2547; x_wconf 89' lang='lat' dir='ltr'><strong>punirent</strong></span> <span class='ocrx_word' id='word_1_389' title='bbox 3125 2492 3251 2544; x_wconf 90' lang='lat' dir='ltr'><strong>eos,</strong></span> <span class='ocrx_word' id='word_1_390' title='bbox 3286 2490 3508 2550; x_wconf 85' lang='lat' dir='ltr'><strong>propter</strong></span> <span class='ocrx_word' id='word_1_391' title='bbox 3547 2481 3802 2553; x_wconf 89' lang='lat' dir='ltr'><strong>populum,</strong></span> 
     </span>
    </p>
   </div>
   <div class='ocr_carea' id='block_1_26' title="bbox 541 2565 3808 2649">
    <p class='ocr_par' dir='ltr' id='par_1_26' title="bbox 541 2565 3808 2649">
     <span class='ocr_line' id='line_1_26' title="bbox 541 2565 3808 2649; baseline 0 -24"><span class='ocrx_word' id='word_1_392' title='bbox 541 2586 758 2649; x_wconf 80' lang='lat' dir='ltr'><strong>oportet</strong></span> <span class='ocrx_word' id='word_1_393' title='bbox 795 2575 1014 2646; x_wconf 88' lang='lat' dir='ltr'><strong>quidem</strong></span> <span class='ocrx_word' id='word_1_394' title='bbox 1053 2575 1252 2630; x_wconf 70' lang='lat' dir='ltr'><strong>cmitan</strong></span> <span class='ocrx_word' id='word_1_395' title='bbox 1294 2573 1573 2642; x_wconf 81' lang='lat' dir='ltr'><strong>suscipere</strong></span> <span class='ocrx_word' id='word_1_396' title='bbox 1602 2586 1772 2643; x_wconf 86' lang='lat' dir='ltr'><strong>usque</strong></span> <span class='ocrx_word' id='word_1_397' title='bbox 1803 2573 1855 2626; x_wconf 92' lang='lat' dir='ltr'><strong>in</strong></span> <span class='ocrx_word' id='word_1_398' title='bbox 1889 2579 2138 2642; x_wconf 88' lang='lat' dir='ltr'><strong>tempora</strong></span> <span class='ocrx_word' id='word_1_399' title='bbox 2243 2565 2367 2636; x_wconf 84' lang='lat' dir='ltr'><strong>quia</strong></span> <span class='ocrx_word' id='word_1_400' title='bbox 2397 2579 2588 2620; x_wconf 89' lang='lat' dir='ltr'><strong>omnes</strong></span> <span class='ocrx_word' id='word_1_401' title='bbox 2615 2565 2990 2622; x_wconf 88' lang='lat' dir='ltr'><strong>clariﬁcabant</strong></span> <span class='ocrx_word' id='word_1_402' title='bbox 3038 2569 3088 2622; x_wconf 89' lang='lat' dir='ltr'><strong>id</strong></span> <span class='ocrx_word' id='word_1_403' title='bbox 3134 2573 3280 2640; x_wconf 88' lang='lat' dir='ltr'><strong>quod</strong></span> <span class='ocrx_word' id='word_1_404' title='bbox 3329 2570 3536 2626; x_wconf 87' lang='lat' dir='ltr'><strong>factum</strong></span> <span class='ocrx_word' id='word_1_405' title='bbox 3585 2572 3741 2628; x_wconf 85' lang='lat' dir='ltr'><strong>fuerat</strong></span> <span class='ocrx_word' id='word_1_406' title='bbox 3761 2573 3808 2626; x_wconf 91' lang='lat' dir='ltr'><strong>in</strong></span> 
     </span>
    </p>
   </div>
   <div class='ocr_carea' id='block_1_27' title="bbox 539 2661 3809 2738">
    <p class='ocr_par' dir='ltr' id='par_1_27' title="bbox 539 2661 3809 2738">
     <span class='ocr_line' id='line_1_27' title="bbox 539 2661 3809 2738; baseline -0.004 -8"><span class='ocrx_word' id='word_1_407' title='bbox 539 2669 905 2729; x_wconf 90' lang='lat' dir='ltr'><strong>restitutionis</strong></span> <span class='ocrx_word' id='word_1_408' title='bbox 934 2670 1200 2733; x_wconf 89' lang='lat' dir='ltr'><strong>omnium,</strong></span> <span class='ocrx_word' id='word_1_409' title='bbox 1243 2684 1362 2738; x_wconf 65' lang='lat' dir='ltr'><strong>qum</strong></span> <span class='ocrx_word' id='word_1_410' title='bbox 1391 2668 1606 2721; x_wconf 87' lang='lat' dir='ltr'><strong>locutus</strong></span> <span class='ocrx_word' id='word_1_411' title='bbox 1633 2677 1716 2722; x_wconf 89' lang='lat' dir='ltr'><strong>est</strong></span> <span class='ocrx_word' id='word_1_412' title='bbox 1763 2665 1908 2720; x_wconf 89' lang='lat' dir='ltr'><strong>Deus</strong></span> <span class='ocrx_word' id='word_1_413' title='bbox 1945 2680 2039 2735; x_wconf 89' lang='lat' dir='ltr'><strong>per</strong></span> <span class='ocrx_word' id='word_1_414' title='bbox 2077 2680 2141 2720; x_wconf 90' lang='lat' dir='ltr'><strong>os</strong></span> <span class='ocrx_word' id='word_1_415' title='bbox 2243 2675 2342 2726; x_wconf 90' lang='lat' dir='ltr'><strong>eo,</strong></span> <span class='ocrx_word' id='word_1_416' title='bbox 2387 2661 2530 2730; x_wconf 90' lang='lat' dir='ltr'><strong>quod</strong></span> <span class='ocrx_word' id='word_1_417' title='bbox 2578 2661 2874 2717; x_wconf 89' lang='lat' dir='ltr'><strong>acciderat.</strong></span> <span class='ocrx_word' id='word_1_418' title='bbox 2925 2666 3207 2718; x_wconf 85' lang='lat' dir='ltr'><strong>Annorum</strong></span> <span class='ocrx_word' id='word_1_419' title='bbox 3255 2666 3401 2720; x_wconf 89' lang='lat' dir='ltr'><strong>enim</strong></span> <span class='ocrx_word' id='word_1_420' title='bbox 3450 2676 3570 2721; x_wconf 85' lang='lat' dir='ltr'><strong>erat</strong></span> <span class='ocrx_word' id='word_1_421' title='bbox 3605 2666 3809 2736; x_wconf 83' lang='lat' dir='ltr'><strong>amplius</strong></span> 
     </span>
    </p>
   </div>
   <div class='ocr_carea' id='block_1_28' title="bbox 540 2751 3811 2830">
    <p class='ocr_par' dir='ltr' id='par_1_28' title="bbox 540 2751 3811 2830">
     <span class='ocr_line' id='line_1_28' title="bbox 540 2751 3811 2830; baseline -0.003 -9"><span class='ocrx_word' id='word_1_422' title='bbox 540 2775 850 2821; x_wconf 88' lang='lat' dir='ltr'><strong>sanctorum</strong></span> <span class='ocrx_word' id='word_1_423' title='bbox 895 2777 1114 2816; x_wconf 87' lang='lat' dir='ltr'><strong>suo.um</strong></span> <span class='ocrx_word' id='word_1_424' title='bbox 1161 2777 1190 2815; x_wconf 92' lang='lat' dir='ltr'><strong>a</strong></span> <span class='ocrx_word' id='word_1_425' title='bbox 1230 2760 1430 2816; x_wconf 85' lang='lat' dir='ltr'><strong>saeculo</strong></span> <span class='ocrx_word' id='word_1_426' title='bbox 1470 2759 1882 2830; x_wconf 90' lang='lat' dir='ltr'><strong>prophetarum.</strong></span> <span class='ocrx_word' id='word_1_427' title='bbox 1928 2757 2142 2829; x_wconf 79' lang='lat' dir='ltr'><strong>Moyses</strong></span> <span class='ocrx_word' id='word_1_428' title='bbox 2243 2751 2600 2824; x_wconf 87' lang='lat' dir='ltr'><strong>quadraginta</strong></span> <span class='ocrx_word' id='word_1_429' title='bbox 2629 2752 2814 2820; x_wconf 87' lang='lat' dir='ltr'><strong>homo,</strong></span> <span class='ocrx_word' id='word_1_430' title='bbox 2847 2754 2900 2809; x_wconf 92' lang='lat' dir='ltr'><strong>in</strong></span> <span class='ocrx_word' id='word_1_431' title='bbox 2943 2769 3051 2825; x_wconf 91' lang='lat' dir='ltr'><strong>quo</strong></span> <span class='ocrx_word' id='word_1_432' title='bbox 3091 2757 3289 2811; x_wconf 90' lang='lat' dir='ltr'><strong>factum</strong></span> <span class='ocrx_word' id='word_1_433' title='bbox 3318 2755 3500 2814; x_wconf 85' lang='lat' dir='ltr'><strong>fuerat</strong></span> <span class='ocrx_word' id='word_1_434' title='bbox 3527 2759 3726 2830; x_wconf 87' lang='lat' dir='ltr'><strong>signum</strong></span> <span class='ocrx_word' id='word_1_435' title='bbox 3753 2759 3811 2812; x_wconf 86' lang='lat' dir='ltr'><strong>is-</strong></span> 
     </span>
    </p>
   </div>
   <div class='ocr_carea' id='block_1_29' title="bbox 540 2846 3810 2927">
    <p class='ocr_par' dir='ltr' id='par_1_29' title="bbox 540 2846 3810 2927">
     <span class='ocr_line' id='line_1_29' title="bbox 540 2846 3810 2927; baseline 0.001 -16"><span class='ocrx_word' id='word_1_436' title='bbox 540 2857 758 2927; x_wconf 84' lang='lat' dir='ltr'><strong>quidem</strong></span> <span class='ocrx_word' id='word_1_437' title='bbox 787 2855 930 2911; x_wconf 79' lang='lat' dir='ltr'><strong>dixit</strong></span> <span class='ocrx_word' id='word_1_438' title='bbox 971 2875 983 2910; x_wconf 90' lang='lat'><strong><em>:</em></strong></span> <span class='ocrx_word' id='word_1_439' title='bbox 1026 2854 1290 2922; x_wconf 90' lang='lat' dir='ltr'><strong>Quoniam</strong></span> <span class='ocrx_word' id='word_1_440' title='bbox 1322 2852 1648 2924; x_wconf 87' lang='lat' dir='ltr'><strong>Prophetam</strong></span> <span class='ocrx_word' id='word_1_441' title='bbox 1671 2851 1961 2909; x_wconf 89' lang='lat' dir='ltr'><strong>suscitabit</strong></span> <span class='ocrx_word' id='word_1_442' title='bbox 1985 2852 2141 2908; x_wconf 86' lang='lat' dir='ltr'><strong>vobis</strong></span> <span class='ocrx_word' id='word_1_443' title='bbox 2246 2847 2338 2902; x_wconf 84' lang='lat' dir='ltr'><strong>tuti</strong></span> <span class='ocrx_word' id='word_1_444' title='bbox 2364 2847 2633 2904; x_wconf 84' lang='lat' dir='ltr'><strong>sanitatis.</strong></span> <span class='ocrx_word' id='word_1_445' title='bbox 2680 2846 2898 2904; x_wconf 89' lang='lat' dir='ltr'><strong>Dimissi</strong></span> <span class='ocrx_word' id='word_1_446' title='bbox 2948 2857 3126 2904; x_wconf 90' lang='lat' dir='ltr'><strong>autem</strong></span> <span class='ocrx_word' id='word_1_447' title='bbox 3169 2863 3436 2906; x_wconf 87' lang='lat' dir='ltr'><strong>venerunt</strong></span> <span class='ocrx_word' id='word_1_448' title='bbox 3477 2852 3545 2907; x_wconf 89' lang='lat' dir='ltr'><strong>ad</strong></span> <span class='ocrx_word' id='word_1_449' title='bbox 3585 2867 3743 2918; x_wconf 69' lang='lat' dir='ltr'><strong>suos,</strong></span> <span class='ocrx_word' id='word_1_450' title='bbox 3767 2860 3810 2906; x_wconf 79' lang='lat' dir='ltr'><strong>el</strong></span> 
     </span>
    </p>
   </div>
   <div class='ocr_carea' id='block_1_30' title="bbox 540 2940 3808 3016">
    <p class='ocr_par' dir='ltr' id='par_1_30' title="bbox 540 2940 3808 3016">
     <span class='ocr_line' id='line_1_30' title="bbox 540 2940 3808 3016; baseline 0 -12"><span class='ocrx_word' id='word_1_451' title='bbox 540 2950 802 3004; x_wconf 83' lang='lat' dir='ltr'><strong>Dominus</strong></span> <span class='ocrx_word' id='word_1_452' title='bbox 843 2949 986 3004; x_wconf 91' lang='lat' dir='ltr'><strong>Deus</strong></span> <span class='ocrx_word' id='word_1_453' title='bbox 1014 2957 1195 3002; x_wconf 85' lang='lat' dir='ltr'><strong>vester</strong></span> <span class='ocrx_word' id='word_1_454' title='bbox 1221 2949 1288 3001; x_wconf 91' lang='lat' dir='ltr'><strong>de</strong></span> <span class='ocrx_word' id='word_1_455' title='bbox 1320 2947 1579 3002; x_wconf 88' lang='lat' dir='ltr'><strong>fratribus</strong></span> <span class='ocrx_word' id='word_1_456' title='bbox 1613 2947 1834 3012; x_wconf 84' lang='lat' dir='ltr'><strong>vestris,</strong></span> <span class='ocrx_word' id='word_1_457' title='bbox 1863 2956 2139 3016; x_wconf 80' lang='lat' dir='ltr'><strong>tamquam</strong></span> <span class='ocrx_word' id='word_1_458' title='bbox 2243 2940 2710 2994; x_wconf 83' lang='lat' dir='ltr'><strong>annuntiaverunt</strong></span> <span class='ocrx_word' id='word_1_459' title='bbox 2738 2941 2852 3008; x_wconf 85' lang='lat' dir='ltr'><strong>eis.</strong></span> <span class='ocrx_word' id='word_1_460' title='bbox 2900 2951 3098 3012; x_wconf 82' lang='lat' dir='ltr'><strong>quanta</strong></span> <span class='ocrx_word' id='word_1_461' title='bbox 3129 2941 3195 2996; x_wconf 84' lang='lat' dir='ltr'><strong>ad</strong></span> <span class='ocrx_word' id='word_1_462' title='bbox 3226 2956 3324 2998; x_wconf 87' lang='lat' dir='ltr'><strong>eos</strong></span> <span class='ocrx_word' id='word_1_463' title='bbox 3355 2943 3626 3015; x_wconf 78' lang='lat' dir='ltr'><strong>principes</strong></span> <span class='ocrx_word' id='word_1_464' title='bbox 3652 2959 3808 3000; x_wconf 59' lang='lat' dir='ltr'><strong>sacer</strong></span> 
     </span>
    </p>
   </div>
   <div class='ocr_carea' id='block_1_31' title="bbox 539 3032 3805 3110">
    <p class='ocr_par' dir='ltr' id='par_1_31' title="bbox 539 3032 3805 3110">
     <span class='ocr_line' id='line_1_31' title="bbox 539 3032 3805 3110; baseline -0 -15"><span class='ocrx_word' id='word_1_465' title='bbox 539 3043 804 3110; x_wconf 70' lang='lat' dir='ltr'><strong>meipsum</strong></span> <span class='ocrx_word' id='word_1_466' title='bbox 847 3039 1078 3093; x_wconf 84' lang='lat' dir='ltr'><strong>audietis</strong></span> <span class='ocrx_word' id='word_1_467' title='bbox 1112 3039 1264 3109; x_wconf 84' lang='lat' dir='ltr'><strong>juxta</strong></span> <span class='ocrx_word' id='word_1_468' title='bbox 1302 3039 1484 3094; x_wconf 83' lang='lat' dir='ltr'><strong>omnia</strong></span> <span class='ocrx_word' id='word_1_469' title='bbox 1527 3053 1884 3109; x_wconf 67' lang='lat' dir='ltr'><strong>quaecumque</strong></span> <span class='ocrx_word' id='word_1_470' title='bbox 1925 3039 2139 3096; x_wconf 85' lang='lat' dir='ltr'><strong>locutus</strong></span> <span class='ocrx_word' id='word_1_471' title='bbox 2176 3104 2208 3110; x_wconf 88' lang='lat'><strong>_</strong></span> <span class='ocrx_word' id='word_1_472' title='bbox 2245 3032 2430 3087; x_wconf 77' lang='grc' dir='ltr'><strong>(Ιοιιιῐῐι</strong></span> <span class='ocrx_word' id='word_1_473' title='bbox 2479 3041 2535 3087; x_wconf 72' lang='grc' dir='ltr'><strong>ει</strong></span> <span class='ocrx_word' id='word_1_474' title='bbox 2577 3033 2825 3088; x_wconf 74' lang='lat' dir='ltr'><strong>seniores</strong></span> <span class='ocrx_word' id='word_1_475' title='bbox 2866 3033 3150 3089; x_wconf 75' lang='lat' dir='ltr'><strong>diXiSSenl-</strong></span> <span class='ocrx_word' id='word_1_476' title='bbox 3202 3035 3305 3102; x_wconf 82' lang='lat' dir='ltr'><strong>Qui</strong></span> <span class='ocrx_word' id='word_1_477' title='bbox 3352 3049 3475 3091; x_wconf 83' lang='lat' dir='ltr'><strong>cum</strong></span> <span class='ocrx_word' id='word_1_478' title='bbox 3514 3037 3805 3101; x_wconf 84' lang='lat' dir='ltr'><strong>audissent,</strong></span> 
     </span>
    </p>
   </div>
   <div class='ocr_carea' id='block_1_32' title="bbox 538 3104 3806 3204">
    <p class='ocr_par' dir='ltr' id='par_1_32' title="bbox 538 3104 3806 3204">
     <span class='ocr_line' id='line_1_32' title="bbox 538 3104 3806 3204; baseline -0.002 -17"><span class='ocrx_word' id='word_1_479' title='bbox 538 3104 702 3186; x_wconf 79' lang='lat' dir='ltr'><strong>fuerit</strong></span> <span class='ocrx_word' id='word_1_480' title='bbox 731 3131 907 3186; x_wconf 83' lang='lat' dir='ltr'><strong>vobis.</strong></span> <span class='ocrx_word' id='word_1_481' title='bbox 952 3132 1068 3186; x_wconf 87' lang='lat' dir='ltr'><strong>Erit</strong></span> <span class='ocrx_word' id='word_1_482' title='bbox 1091 3104 1270 3186; x_wconf 75' lang='lat' dir='ltr'><strong>autem</strong></span> <span class='ocrx_word' id='word_1_483' title='bbox 1304 3150 1316 3185; x_wconf 90' lang='lat'><strong>:</strong></span> <span class='ocrx_word' id='word_1_484' title='bbox 1350 3134 1528 3186; x_wconf 89' lang='lat' dir='ltr'><strong>omnis</strong></span> <span class='ocrx_word' id='word_1_485' title='bbox 1550 3133 1726 3187; x_wconf 87' lang='lat' dir='ltr'><strong>anima</strong></span> <span class='ocrx_word' id='word_1_486' title='bbox 1753 3147 1874 3204; x_wconf 73' lang='lat' dir='ltr'><strong>quae</strong></span> <span class='ocrx_word' id='word_1_487' title='bbox 1901 3148 2006 3186; x_wconf 92' lang='lat' dir='ltr'><strong>non</strong></span> <span class='ocrx_word' id='word_1_488' title='bbox 2037 3148 2137 3186; x_wconf 86' lang='lat' dir='ltr'><strong>au-</strong></span> <span class='ocrx_word' id='word_1_489' title='bbox 2165 3104 2210 3166; x_wconf 59' lang='grc' dir='ltr'><strong>(ἶ</strong></span> <span class='ocrx_word' id='word_1_490' title='bbox 2246 3127 2572 3182; x_wconf 86' lang='lat' dir='ltr'><strong>unanimiter</strong></span> <span class='ocrx_word' id='word_1_491' title='bbox 2599 3127 2920 3182; x_wconf 88' lang='lat' dir='ltr'><strong>levaverunt</strong></span> <span class='ocrx_word' id='word_1_492' title='bbox 2948 3144 3134 3184; x_wconf 88' lang='lat' dir='ltr'><strong>vocem</strong></span> <span class='ocrx_word' id='word_1_493' title='bbox 3157 3130 3223 3184; x_wconf 88' lang='lat' dir='ltr'><strong>ad</strong></span> <span class='ocrx_word' id='word_1_494' title='bbox 3245 3130 3442 3198; x_wconf 86' lang='lat' dir='ltr'><strong>Deum,</strong></span> <span class='ocrx_word' id='word_1_495' title='bbox 3475 3142 3532 3187; x_wconf 90' lang='lat' dir='ltr'><strong>et</strong></span> <span class='ocrx_word' id='word_1_496' title='bbox 3551 3132 3806 3187; x_wconf 80' lang='lat' dir='ltr'><strong>dixerunt:</strong></span> 
     </span>
    </p>
   </div>
   <div class='ocr_carea' id='block_1_33' title="bbox 542 3220 3806 3294">
    <p class='ocr_par' dir='ltr' id='par_1_33' title="bbox 542 3220 3806 3294">
     <span class='ocr_line' id='line_1_33' title="bbox 542 3220 3806 3294; baseline 0.001 -17"><span class='ocrx_word' id='word_1_497' title='bbox 542 3221 706 3277; x_wconf 89' lang='lat' dir='ltr'><strong>dierit</strong></span> <span class='ocrx_word' id='word_1_498' title='bbox 730 3220 1055 3290; x_wconf 90' lang='lat' dir='ltr'><strong>Prophetam</strong></span> <span class='ocrx_word' id='word_1_499' title='bbox 1085 3223 1256 3286; x_wconf 88' lang='lat' dir='ltr'><strong>illum,</strong></span> <span class='ocrx_word' id='word_1_500' title='bbox 1283 3224 1746 3279; x_wconf 77' lang='lat' dir='ltr'><strong>exterminabitur</strong></span> <span class='ocrx_word' id='word_1_501' title='bbox 1773 3225 1841 3280; x_wconf 91' lang='lat' dir='ltr'><strong>de</strong></span> <span class='ocrx_word' id='word_1_502' title='bbox 1871 3224 2047 3294; x_wconf 88' lang='lat' dir='ltr'><strong>plebe.</strong></span> <span class='ocrx_word' id='word_1_503' title='bbox 2073 3224 2138 3278; x_wconf 84' lang='lat' dir='ltr'><strong>Et</strong></span> <span class='ocrx_word' id='word_1_504' title='bbox 2247 3221 2495 3291; x_wconf 87' lang='lat' dir='ltr'><strong>Domine,</strong></span> <span class='ocrx_word' id='word_1_505' title='bbox 2529 3231 2587 3276; x_wconf 92' lang='lat' dir='ltr'><strong>tu</strong></span> <span class='ocrx_word' id='word_1_506' title='bbox 2615 3235 2674 3276; x_wconf 90' lang='lat' dir='ltr'><strong>es</strong></span> <span class='ocrx_word' id='word_1_507' title='bbox 2705 3221 2798 3292; x_wconf 90' lang='lat' dir='ltr'><strong>qui</strong></span> <span class='ocrx_word' id='word_1_508' title='bbox 2829 3221 3010 3278; x_wconf 88' lang='lat' dir='ltr'><strong>fecisti</strong></span> <span class='ocrx_word' id='word_1_509' title='bbox 3056 3224 3279 3293; x_wconf 78' lang='lat' dir='ltr'><strong>omium,</strong></span> <span class='ocrx_word' id='word_1_510' title='bbox 3303 3233 3359 3280; x_wconf 90' lang='lat' dir='ltr'><strong>et</strong></span> <span class='ocrx_word' id='word_1_511' title='bbox 3388 3234 3612 3291; x_wconf 87' lang='lat' dir='ltr'><strong>terram,</strong></span> <span class='ocrx_word' id='word_1_512' title='bbox 3643 3239 3806 3286; x_wconf 85' lang='lat' dir='ltr'><strong>mare.</strong></span> 
     </span>
    </p>
   </div>
   <div class='ocr_carea' id='block_1_34' title="bbox 541 3313 3808 3388">
    <p class='ocr_par' dir='ltr' id='par_1_34' title="bbox 541 3313 3808 3388">
     <span class='ocr_line' id='line_1_34' title="bbox 541 3313 3808 3388; baseline 0.002 -23"><span class='ocrx_word' id='word_1_513' title='bbox 541 3327 734 3368; x_wconf 84' lang='lat' dir='ltr'><strong>omnes</strong></span> <span class='ocrx_word' id='word_1_514' title='bbox 767 3313 1044 3381; x_wconf 83' lang='lat' dir='ltr'><strong>prOpItetae</strong></span> <span class='ocrx_word' id='word_1_515' title='bbox 1083 3328 1112 3366; x_wconf 89' lang='lat' dir='ltr'><strong>a</strong></span> <span class='ocrx_word' id='word_1_516' title='bbox 1155 3315 1402 3378; x_wconf 87' lang='lat' dir='ltr'><strong>Samuel,</strong></span> <span class='ocrx_word' id='word_1_517' title='bbox 1429 3324 1483 3369; x_wconf 90' lang='lat' dir='ltr'><strong>et</strong></span> <span class='ocrx_word' id='word_1_518' title='bbox 1521 3315 1798 3386; x_wconf 84' lang='lat' dir='ltr'><strong>deinceps,</strong></span> <span class='ocrx_word' id='word_1_519' title='bbox 1842 3317 1933 3386; x_wconf 89' lang='lat' dir='ltr'><strong>qui</strong></span> <span class='ocrx_word' id='word_1_520' title='bbox 1975 3318 2137 3372; x_wconf 80' lang='lat' dir='ltr'><strong>locuti</strong></span> <span class='ocrx_word' id='word_1_521' title='bbox 2243 3324 2299 3368; x_wconf 93' lang='lat' dir='ltr'><strong>et</strong></span> <span class='ocrx_word' id='word_1_522' title='bbox 2324 3314 2506 3367; x_wconf 85' lang='lat' dir='ltr'><strong>omnia</strong></span> <span class='ocrx_word' id='word_1_523' title='bbox 2532 3328 2652 3382; x_wconf 74' lang='lat' dir='ltr'><strong>qua:</strong></span> <span class='ocrx_word' id='word_1_524' title='bbox 2685 3314 2738 3367; x_wconf 91' lang='lat' dir='ltr'><strong>iu</strong></span> <span class='ocrx_word' id='word_1_525' title='bbox 2769 3314 2850 3368; x_wconf 89' lang='lat' dir='ltr'><strong>eis</strong></span> <span class='ocrx_word' id='word_1_526' title='bbox 2877 3323 3043 3370; x_wconf 89' lang='lat' dir='ltr'><strong>sunt:</strong></span> <span class='ocrx_word' id='word_1_527' title='bbox 3075 3318 3165 3386; x_wconf 92' lang='lat' dir='ltr'><strong>qui</strong></span> <span class='ocrx_word' id='word_1_528' title='bbox 3196 3315 3404 3387; x_wconf 88' lang='lat' dir='ltr'><strong>Spiritu</strong></span> <span class='ocrx_word' id='word_1_529' title='bbox 3435 3327 3623 3373; x_wconf 87' lang='lat' dir='ltr'><strong>sancto</strong></span> <span class='ocrx_word' id='word_1_530' title='bbox 3651 3333 3739 3388; x_wconf 89' lang='lat' dir='ltr'><strong>per</strong></span> <span class='ocrx_word' id='word_1_531' title='bbox 3760 3330 3808 3370; x_wconf 86' lang='lat' dir='ltr'><strong>os</strong></span> 
     </span>
    </p>
   </div>
   <div class='ocr_carea' id='block_1_35' title="bbox 539 3403 3806 3480">
    <p class='ocr_par' dir='ltr' id='par_1_35' title="bbox 539 3403 3806 3480">
     <span class='ocr_line' id='line_1_35' title="bbox 539 3403 3806 3480; baseline 0.002 -21"><span class='ocrx_word' id='word_1_532' title='bbox 539 3413 687 3470; x_wconf 85' lang='lat' dir='ltr'><strong>sunt,</strong></span> <span class='ocrx_word' id='word_1_533' title='bbox 710 3403 1297 3458; x_wconf 85' lang='lat' dir='ltr'><strong>annuntiaveruntdies</strong></span> <span class='ocrx_word' id='word_1_534' title='bbox 1324 3406 1476 3460; x_wconf 90' lang='lat' dir='ltr'><strong>istos.</strong></span> <span class='ocrx_word' id='word_1_535' title='bbox 1499 3405 1604 3460; x_wconf 81' lang='lat' dir='ltr'><strong>Vos</strong></span> <span class='ocrx_word' id='word_1_536' title='bbox 1625 3408 1757 3462; x_wconf 78' lang='lat' dir='ltr'><strong>estis</strong></span> <span class='ocrx_word' id='word_1_537' title='bbox 1786 3408 1877 3461; x_wconf 83' lang='lat' dir='ltr'><strong>filii</strong></span> <span class='ocrx_word' id='word_1_538' title='bbox 1907 3409 2141 3478; x_wconf 84' lang='lat' dir='ltr'><strong>proplte-</strong></span> <span class='ocrx_word' id='word_1_539' title='bbox 2248 3409 2414 3476; x_wconf 89' lang='lat' dir='ltr'><strong>patris</strong></span> <span class='ocrx_word' id='word_1_540' title='bbox 2443 3405 2614 3462; x_wconf 88' lang='lat' dir='ltr'><strong>nostri</strong></span> <span class='ocrx_word' id='word_1_541' title='bbox 2655 3406 2852 3477; x_wconf 87' lang='lat' dir='ltr'><strong>David,</strong></span> <span class='ocrx_word' id='word_1_542' title='bbox 2903 3409 3056 3479; x_wconf 90' lang='lat' dir='ltr'><strong>pueri</strong></span> <span class='ocrx_word' id='word_1_543' title='bbox 3095 3411 3201 3475; x_wconf 88' lang='lat' dir='ltr'><strong>tui,</strong></span> <span class='ocrx_word' id='word_1_544' title='bbox 3252 3409 3473 3466; x_wconf 77' lang='lat' dir='ltr'><strong>dixisti:</strong></span> <span class='ocrx_word' id='word_1_545' title='bbox 3505 3412 3679 3480; x_wconf 83' lang='lat' dir='ltr'><strong>Quare</strong></span> <span class='ocrx_word' id='word_1_546' title='bbox 3723 3410 3806 3465; x_wconf 77' lang='lat' dir='ltr'><strong>frc-</strong></span> 
     </span>
    </p>
   </div>
   <div class='ocr_carea' id='block_1_36' title="bbox 537 3495 3806 3572">
    <p class='ocr_par' dir='ltr' id='par_1_36' title="bbox 537 3495 3806 3572">
     <span class='ocr_line' id='line_1_36' title="bbox 537 3495 3806 3572; baseline 0.001 -20"><span class='ocrx_word' id='word_1_547' title='bbox 537 3506 740 3564; x_wconf 86' lang='lat' dir='ltr'><strong>tarum,</strong></span> <span class='ocrx_word' id='word_1_548' title='bbox 777 3504 834 3552; x_wconf 91' lang='lat' dir='ltr'><strong>et</strong></span> <span class='ocrx_word' id='word_1_549' title='bbox 869 3495 1204 3563; x_wconf 76' lang='lat' dir='ltr'><strong>testamenti,</strong></span> <span class='ocrx_word' id='word_1_550' title='bbox 1237 3497 1379 3566; x_wconf 89' lang='lat' dir='ltr'><strong>quod</strong></span> <span class='ocrx_word' id='word_1_551' title='bbox 1410 3497 1681 3569; x_wconf 87' lang='lat' dir='ltr'><strong>disposuit</strong></span> <span class='ocrx_word' id='word_1_552' title='bbox 1705 3500 1842 3555; x_wconf 89' lang='lat' dir='ltr'><strong>Deus</strong></span> <span class='ocrx_word' id='word_1_553' title='bbox 1865 3500 1930 3555; x_wconf 89' lang='lat' dir='ltr'><strong>ad</strong></span> <span class='ocrx_word' id='word_1_554' title='bbox 1961 3512 2140 3572; x_wconf 88' lang='lat' dir='ltr'><strong>patres</strong></span> <span class='ocrx_word' id='word_1_555' title='bbox 2245 3506 2730 3569; x_wconf 87' lang='lat' dir='ltr'><strong>mueruntgentes,</strong></span> <span class='ocrx_word' id='word_1_556' title='bbox 2760 3507 2815 3554; x_wconf 88' lang='lat' dir='ltr'><strong>et</strong></span> <span class='ocrx_word' id='word_1_557' title='bbox 2841 3499 3026 3569; x_wconf 89' lang='lat' dir='ltr'><strong>populi</strong></span> <span class='ocrx_word' id='word_1_558' title='bbox 3074 3500 3318 3556; x_wconf 88' lang='lat' dir='ltr'><strong>meditati</strong></span> <span class='ocrx_word' id='word_1_559' title='bbox 3362 3512 3494 3557; x_wconf 90' lang='lat' dir='ltr'><strong>sunt</strong></span> <span class='ocrx_word' id='word_1_560' title='bbox 3521 3501 3806 3558; x_wconf 71' lang='lat' dir='ltr'><strong>inaniaiA-</strong></span> 
     </span>
    </p>
   </div>
   <div class='ocr_carea' id='block_1_37' title="bbox 539 3587 3804 3666">
    <p class='ocr_par' dir='ltr' id='par_1_37' title="bbox 539 3587 3804 3666">
     <span class='ocr_line' id='line_1_37' title="bbox 539 3587 3804 3666; baseline 0.002 -22"><span class='ocrx_word' id='word_1_561' title='bbox 539 3597 780 3653; x_wconf 86' lang='lat' dir='ltr'><strong>nostros,</strong></span> <span class='ocrx_word' id='word_1_562' title='bbox 805 3588 993 3644; x_wconf 89' lang='lat' dir='ltr'><strong>dicens</strong></span> <span class='ocrx_word' id='word_1_563' title='bbox 1016 3587 1079 3642; x_wconf 86' lang='lat' dir='ltr'><strong>ad</strong></span> <span class='ocrx_word' id='word_1_564' title='bbox 1107 3588 1382 3645; x_wconf 79' lang='lat' dir='ltr'><strong>Abraham</strong></span> <span class='ocrx_word' id='word_1_565' title='bbox 1407 3607 1421 3646; x_wconf 87' lang='lat'><strong>:</strong></span> <span class='ocrx_word' id='word_1_566' title='bbox 1451 3591 1516 3646; x_wconf 87' lang='lat' dir='ltr'><strong>Et</strong></span> <span class='ocrx_word' id='word_1_567' title='bbox 1541 3594 1594 3646; x_wconf 93' lang='lat' dir='ltr'><strong>in</strong></span> <span class='ocrx_word' id='word_1_568' title='bbox 1624 3593 1830 3648; x_wconf 85' lang='lat' dir='ltr'><strong>semine</strong></span> <span class='ocrx_word' id='word_1_569' title='bbox 1856 3602 1948 3647; x_wconf 93' lang='lat' dir='ltr'><strong>tuo</strong></span> <span class='ocrx_word' id='word_1_570' title='bbox 1979 3595 2138 3650; x_wconf 82' lang='lat' dir='ltr'><strong>bene-</strong></span> <span class='ocrx_word' id='word_1_571' title='bbox 2243 3592 2500 3647; x_wconf 89' lang='lat' dir='ltr'><strong>stiterunt</strong></span> <span class='ocrx_word' id='word_1_572' title='bbox 2547 3607 2706 3664; x_wconf 90' lang='lat' dir='ltr'><strong>reges</strong></span> <span class='ocrx_word' id='word_1_573' title='bbox 2755 3601 2940 3661; x_wconf 80' lang='lat' dir='ltr'><strong>teme,</strong></span> <span class='ocrx_word' id='word_1_574' title='bbox 2974 3600 3030 3649; x_wconf 91' lang='lat' dir='ltr'><strong>et</strong></span> <span class='ocrx_word' id='word_1_575' title='bbox 3077 3593 3350 3666; x_wconf 85' lang='lat' dir='ltr'><strong>principes</strong></span> <span class='ocrx_word' id='word_1_576' title='bbox 3375 3606 3738 3654; x_wconf 89' lang='lat' dir='ltr'><strong>convenerunt</strong></span> <span class='ocrx_word' id='word_1_577' title='bbox 3763 3596 3804 3650; x_wconf 91' lang='lat' dir='ltr'><strong>in</strong></span> 
     </span>
    </p>
   </div>
   <div class='ocr_carea' id='block_1_38' title="bbox 538 3679 3804 3756">
    <p class='ocr_par' dir='ltr' id='par_1_38' title="bbox 538 3679 3804 3756">
     <span class='ocr_line' id='line_1_38' title="bbox 538 3679 3804 3756; baseline 0.002 -20"><span class='ocrx_word' id='word_1_578' title='bbox 538 3679 790 3737; x_wconf 89' lang='lat' dir='ltr'><strong>dicentur</strong></span> <span class='ocrx_word' id='word_1_579' title='bbox 827 3695 1022 3736; x_wconf 90' lang='lat' dir='ltr'><strong>omnes</strong></span> <span class='ocrx_word' id='word_1_580' title='bbox 1064 3680 1281 3736; x_wconf 72' lang='lat' dir='ltr'><strong>familiae</strong></span> <span class='ocrx_word' id='word_1_581' title='bbox 1322 3689 1502 3738; x_wconf 65' lang='lat' dir='ltr'><strong>terrae.</strong></span> <span class='ocrx_word' id='word_1_582' title='bbox 1544 3682 1710 3737; x_wconf 85' lang='lat' dir='ltr'><strong>Vobis</strong></span> <span class='ocrx_word' id='word_1_583' title='bbox 1737 3685 1968 3753; x_wconf 88' lang='lat' dir='ltr'><strong>primum</strong></span> <span class='ocrx_word' id='word_1_584' title='bbox 2001 3686 2140 3744; x_wconf 84' lang='lat' dir='ltr'><strong>Deus</strong></span> <span class='ocrx_word' id='word_1_585' title='bbox 2243 3700 2442 3751; x_wconf 91' lang='lat' dir='ltr'><strong>unum,</strong></span> <span class='ocrx_word' id='word_1_586' title='bbox 2493 3685 2756 3741; x_wconf 77' lang='lat' dir='ltr'><strong>adversus</strong></span> <span class='ocrx_word' id='word_1_587' title='bbox 2805 3687 3120 3756; x_wconf 89' lang='lat' dir='ltr'><strong>Dominum,</strong></span> <span class='ocrx_word' id='word_1_588' title='bbox 3169 3697 3226 3745; x_wconf 88' lang='lat' dir='ltr'><strong>et</strong></span> <span class='ocrx_word' id='word_1_589' title='bbox 3271 3690 3537 3748; x_wconf 87' lang='lat' dir='ltr'><strong>adversus</strong></span> <span class='ocrx_word' id='word_1_590' title='bbox 3559 3691 3804 3748; x_wconf 86' lang='lat' dir='ltr'><strong>Christum</strong></span> 
     </span>
    </p>
   </div>
   <div class='ocr_carea' id='block_1_39' title="bbox 534 3773 3807 3846">
    <p class='ocr_par' dir='ltr' id='par_1_39' title="bbox 534 3773 3807 3846">
     <span class='ocr_line' id='line_1_39' title="bbox 534 3773 3807 3846; baseline 0.002 -16"><span class='ocrx_word' id='word_1_591' title='bbox 534 3775 808 3830; x_wconf 85' lang='lat' dir='ltr'><strong>suscitans</strong></span> <span class='ocrx_word' id='word_1_592' title='bbox 835 3773 1030 3830; x_wconf 82' lang='lat' dir='ltr'><strong>Filium</strong></span> <span class='ocrx_word' id='word_1_593' title='bbox 1069 3790 1250 3844; x_wconf 89' lang='lat' dir='ltr'><strong>suum,</strong></span> <span class='ocrx_word' id='word_1_594' title='bbox 1280 3777 1428 3832; x_wconf 88' lang='lat' dir='ltr'><strong>misit</strong></span> <span class='ocrx_word' id='word_1_595' title='bbox 1456 3791 1579 3833; x_wconf 91' lang='lat' dir='ltr'><strong>eum</strong></span> <span class='ocrx_word' id='word_1_596' title='bbox 1606 3776 2021 3834; x_wconf 87' lang='lat' dir='ltr'><strong>benedicentem</strong></span> <span class='ocrx_word' id='word_1_597' title='bbox 2046 3795 2139 3836; x_wconf 80' lang='lat' dir='ltr'><strong>vo.</strong></span> <span class='ocrx_word' id='word_1_598' title='bbox 2241 3776 2404 3846; x_wconf 82' lang='lat' dir='ltr'><strong>ejus?</strong></span> <span class='ocrx_word' id='word_1_599' title='bbox 2445 3789 2826 3834; x_wconf 90' lang='lat' dir='ltr'><strong>convenerunt</strong></span> <span class='ocrx_word' id='word_1_600' title='bbox 2853 3783 2997 3835; x_wconf 87' lang='lat' dir='ltr'><strong>enim</strong></span> <span class='ocrx_word' id='word_1_601' title='bbox 3025 3796 3152 3838; x_wconf 91' lang='lat' dir='ltr'><strong>vere</strong></span> <span class='ocrx_word' id='word_1_602' title='bbox 3181 3782 3238 3837; x_wconf 86' lang='lat' dir='ltr'><strong>in</strong></span> <span class='ocrx_word' id='word_1_603' title='bbox 3267 3783 3486 3840; x_wconf 86' lang='lat' dir='ltr'><strong>civitate</strong></span> <span class='ocrx_word' id='word_1_604' title='bbox 3519 3786 3613 3841; x_wconf 85' lang='lat' dir='ltr'><strong>ista</strong></span> <span class='ocrx_word' id='word_1_605' title='bbox 3640 3787 3807 3841; x_wconf 79' lang='lat' dir='ltr'><strong>adver-</strong></span> 
     </span>
    </p>
   </div>
   <div class='ocr_carea' id='block_1_40' title="bbox 537 3865 3804 3947">
    <p class='ocr_par' dir='ltr' id='par_1_40' title="bbox 537 3865 3804 3947">
     <span class='ocr_line' id='line_1_40' title="bbox 537 3865 3804 3947; baseline 0.002 -25"><span class='ocrx_word' id='word_1_606' title='bbox 537 3865 622 3922; x_wconf 80' lang='lat' dir='ltr'><strong>bis</strong></span> <span class='ocrx_word' id='word_1_607' title='bbox 650 3883 662 3920; x_wconf 93' lang='lat'>:</span> <span class='ocrx_word' id='word_1_608' title='bbox 689 3876 746 3920; x_wconf 91' lang='lat' dir='ltr'><strong>ut</strong></span> <span class='ocrx_word' id='word_1_609' title='bbox 768 3877 1050 3923; x_wconf 88' lang='lat' dir='ltr'><strong>convertat</strong></span> <span class='ocrx_word' id='word_1_610' title='bbox 1074 3883 1138 3924; x_wconf 89' lang='lat' dir='ltr'><strong>se</strong></span> <span class='ocrx_word' id='word_1_611' title='bbox 1159 3870 1582 3941; x_wconf 87' lang='lat' dir='ltr'><strong>unusquisquea</strong></span> <span class='ocrx_word' id='word_1_612' title='bbox 1607 3871 1846 3941; x_wconf 86' lang='lat' dir='ltr'><strong>nequitia</strong></span> <span class='ocrx_word' id='word_1_613' title='bbox 1872 3887 1990 3927; x_wconf 88' lang='lat' dir='ltr'><strong>sua.</strong></span> <span class='ocrx_word' id='word_1_614' title='bbox 2241 3885 2335 3927; x_wconf 88' lang='lat' dir='ltr'><strong>sus</strong></span> <span class='ocrx_word' id='word_1_615' title='bbox 2379 3879 2624 3926; x_wconf 89' lang='lat' dir='ltr'><strong>sanctum</strong></span> <span class='ocrx_word' id='word_1_616' title='bbox 2657 3888 2885 3942; x_wconf 87' lang='lat' dir='ltr'><strong>puerum</strong></span> <span class='ocrx_word' id='word_1_617' title='bbox 2938 3883 3086 3929; x_wconf 91' lang='lat' dir='ltr'><strong>tuum</strong></span> <span class='ocrx_word' id='word_1_618' title='bbox 3122 3873 3332 3946; x_wconf 83' lang='lat' dir='ltr'><strong>Jesum,</strong></span> <span class='ocrx_word' id='word_1_619' title='bbox 3378 3893 3536 3947; x_wconf 89' lang='lat' dir='ltr'><strong>quem</strong></span> <span class='ocrx_word' id='word_1_620' title='bbox 3579 3877 3804 3943; x_wconf 78' lang='lat' dir='ltr'><strong>tinxisti,</strong></span> 
     </span>
    </p>
   </div>
   <div class='ocr_carea' id='block_1_41' title="bbox 613 3958 3804 4042">
    <p class='ocr_par' dir='ltr' id='par_1_41' title="bbox 613 3958 3804 4042">
     <span class='ocr_line' id='line_1_41' title="bbox 613 3958 3804 4042; baseline 0.003 -29"><span class='ocrx_word' id='word_1_621' title='bbox 613 3958 764 4028; x_wconf 78' lang='grc' dir='ltr'><strong>[ϐαρ.</strong></span> <span class='ocrx_word' id='word_1_622' title='bbox 811 3958 926 4030; x_wconf 82' lang='grc' dir='ltr'><strong>ιγ.]</strong></span> <span class='ocrx_word' id='word_1_623' title='bbox 955 3960 1320 4031; x_wconf 89' lang='lat' dir='ltr'><strong>Loquentibus</strong></span> <span class='ocrx_word' id='word_1_624' title='bbox 1360 3974 1544 4020; x_wconf 86' lang='lat' dir='ltr'><strong>autem</strong></span> <span class='ocrx_word' id='word_1_625' title='bbox 1588 3963 1694 4020; x_wconf 86' lang='lat' dir='ltr'><strong>illis</strong></span> <span class='ocrx_word' id='word_1_626' title='bbox 1739 3964 1807 4020; x_wconf 86' lang='lat' dir='ltr'><strong>ad</strong></span> <span class='ocrx_word' id='word_1_627' title='bbox 1851 3966 2134 4037; x_wconf 87' lang='lat' dir='ltr'><strong>populum,</strong></span> <span class='ocrx_word' id='word_1_628' title='bbox 2240 3966 2510 4035; x_wconf 88' lang='lat' dir='ltr'><strong>llerodes,</strong></span> <span class='ocrx_word' id='word_1_629' title='bbox 2537 3975 2592 4022; x_wconf 89' lang='lat' dir='ltr'><strong>et</strong></span> <span class='ocrx_word' id='word_1_630' title='bbox 2611 3965 2836 4023; x_wconf 91' lang='lat' dir='ltr'><strong>Pontius</strong></span> <span class='ocrx_word' id='word_1_631' title='bbox 2853 3967 3075 4034; x_wconf 88' lang='lat' dir='ltr'><strong>Pilatus,</strong></span> <span class='ocrx_word' id='word_1_632' title='bbox 3105 3985 3229 4025; x_wconf 92' lang='lat' dir='ltr'><strong>cum</strong></span> <span class='ocrx_word' id='word_1_633' title='bbox 3251 3971 3526 4042; x_wconf 87' lang='lat' dir='ltr'><strong>gentibus,</strong></span> <span class='ocrx_word' id='word_1_634' title='bbox 3550 3982 3602 4029; x_wconf 86' lang='lat' dir='ltr'><strong>et</strong></span> <span class='ocrx_word' id='word_1_635' title='bbox 3618 3972 3804 4042; x_wconf 82' lang='lat' dir='ltr'><strong>populis</strong></span> 
     </span>
    </p>
   </div>
   <div class='ocr_carea' id='block_1_42' title="bbox 537 4051 3799 4132">
    <p class='ocr_par' dir='ltr' id='par_1_42' title="bbox 537 4051 3799 4132">
     <span class='ocr_line' id='line_1_42' title="bbox 537 4051 3799 4132; baseline 0.004 -24"><span class='ocrx_word' id='word_1_636' title='bbox 537 4061 975 4119; x_wconf 73' lang='lat' dir='ltr'><strong>Superveneruut</strong></span> <span class='ocrx_word' id='word_1_637' title='bbox 1019 4051 1350 4120; x_wconf 88' lang='lat' dir='ltr'><strong>sacerdotes,</strong></span> <span class='ocrx_word' id='word_1_638' title='bbox 1379 4065 1435 4110; x_wconf 91' lang='lat' dir='ltr'><strong>et</strong></span> <span class='ocrx_word' id='word_1_639' title='bbox 1465 4057 1814 4127; x_wconf 82' lang='lat' dir='ltr'><strong>magistratus</strong></span> <span class='ocrx_word' id='word_1_640' title='bbox 1845 4060 2053 4130; x_wconf 83' lang='lat' dir='ltr'><strong>templi,</strong></span> <span class='ocrx_word' id='word_1_641' title='bbox 2083 4071 2136 4116; x_wconf 90' lang='lat' dir='ltr'><strong>et</strong></span> <span class='ocrx_word' id='word_1_642' title='bbox 2237 4056 2436 4125; x_wconf 84' lang='lat' dir='ltr'><strong>israel,</strong></span> <span class='ocrx_word' id='word_1_643' title='bbox 2483 4058 2661 4114; x_wconf 84' lang='lat' dir='ltr'><strong>facere</strong></span> <span class='ocrx_word' id='word_1_644' title='bbox 2709 4074 2829 4130; x_wconf 69' lang='lat' dir='ltr'><strong>quae</strong></span> <span class='ocrx_word' id='word_1_645' title='bbox 2873 4075 3066 4116; x_wconf 88' lang='lat' dir='ltr'><strong>manus</strong></span> <span class='ocrx_word' id='word_1_646' title='bbox 3093 4070 3214 4132; x_wconf 92' lang='lat' dir='ltr'><strong>tua,</strong></span> <span class='ocrx_word' id='word_1_647' title='bbox 3255 4071 3312 4119; x_wconf 86' lang='lat' dir='ltr'><strong>et</strong></span> <span class='ocrx_word' id='word_1_648' title='bbox 3348 4065 3631 4121; x_wconf 88' lang='lat' dir='ltr'><strong>consilium</strong></span> <span class='ocrx_word' id='word_1_649' title='bbox 3673 4075 3799 4120; x_wconf 85' lang='lat' dir='ltr'><strong>tuum</strong></span> 
     </span>
    </p>
   </div>
   <div class='ocr_carea' id='block_1_43' title="bbox 535 4139 3800 4228">
    <p class='ocr_par' dir='ltr' id='par_1_43' title="bbox 535 4139 3800 4228">
     <span class='ocr_line' id='line_1_43' title="bbox 535 4139 3800 4228; baseline 0.003 -28"><span class='ocrx_word' id='word_1_650' title='bbox 535 4139 847 4207; x_wconf 78' lang='lat' dir='ltr'><strong>Sadducaei,</strong></span> <span class='ocrx_word' id='word_1_651' title='bbox 890 4139 1137 4198; x_wconf 84' lang='lat' dir='ltr'><strong>dolentes</strong></span> <span class='ocrx_word' id='word_1_652' title='bbox 1175 4143 1316 4214; x_wconf 91' lang='lat' dir='ltr'><strong>quod</strong></span> <span class='ocrx_word' id='word_1_653' title='bbox 1343 4145 1603 4202; x_wconf 88' lang='lat' dir='ltr'><strong>docerent</strong></span> <span class='ocrx_word' id='word_1_654' title='bbox 1630 4151 1883 4220; x_wconf 90' lang='lat' dir='ltr'><strong>populum</strong></span> <span class='ocrx_word' id='word_1_655' title='bbox 1917 4168 1932 4206; x_wconf 91' lang='lat'>:</span> <span class='ocrx_word' id='word_1_656' title='bbox 1961 4162 2016 4208; x_wconf 90' lang='lat' dir='ltr'><strong>et</strong></span> <span class='ocrx_word' id='word_1_657' title='bbox 2041 4167 2137 4208; x_wconf 85' lang='lat' dir='ltr'><strong>an-</strong></span> <span class='ocrx_word' id='word_1_658' title='bbox 2238 4147 2598 4206; x_wconf 88' lang='lat' dir='ltr'><strong>decreverunt</strong></span> <span class='ocrx_word' id='word_1_659' title='bbox 2633 4151 2770 4206; x_wconf 89' lang='lat' dir='ltr'><strong>fieri.</strong></span> <span class='ocrx_word' id='word_1_660' title='bbox 2808 4150 2876 4206; x_wconf 86' lang='lat' dir='ltr'><strong>Et</strong></span> <span class='ocrx_word' id='word_1_661' title='bbox 2903 4167 3068 4221; x_wconf 90' lang='lat' dir='ltr'><strong>nunc,</strong></span> <span class='ocrx_word' id='word_1_662' title='bbox 3115 4153 3366 4222; x_wconf 90' lang='lat' dir='ltr'><strong>Domine,</strong></span> <span class='ocrx_word' id='word_1_663' title='bbox 3407 4157 3616 4228; x_wconf 80' lang='lat' dir='ltr'><strong>respice</strong></span> <span class='ocrx_word' id='word_1_664' title='bbox 3643 4158 3690 4212; x_wconf 91' lang='lat' dir='ltr'><strong>iu</strong></span> <span class='ocrx_word' id='word_1_665' title='bbox 3716 4156 3800 4210; x_wconf 85' lang='lat' dir='ltr'><strong>mi-</strong></span> 
     </span>
    </p>
   </div>
   <div class='ocr_carea' id='block_1_44' title="bbox 534 4232 3792 4319">
    <p class='ocr_par' dir='ltr' id='par_1_44' title="bbox 534 4232 3792 4319">
     <span class='ocr_line' id='line_1_44' title="bbox 534 4232 3792 4319; baseline 0.003 -29"><span class='ocrx_word' id='word_1_666' title='bbox 534 4232 859 4290; x_wconf 84' lang='lat' dir='ltr'><strong>nuntiarent</strong></span> <span class='ocrx_word' id='word_1_667' title='bbox 892 4233 944 4289; x_wconf 92' lang='lat' dir='ltr'><strong>in</strong></span> <span class='ocrx_word' id='word_1_668' title='bbox 964 4233 1094 4290; x_wconf 90' lang='lat' dir='ltr'><strong>Jesu</strong></span> <span class='ocrx_word' id='word_1_669' title='bbox 1118 4237 1575 4292; x_wconf 82' lang='lat' dir='ltr'><strong>resurrectionem</strong></span> <span class='ocrx_word' id='word_1_670' title='bbox 1598 4253 1662 4295; x_wconf 83' lang='lat' dir='ltr'><strong>ex</strong></span> <span class='ocrx_word' id='word_1_671' title='bbox 1687 4243 1914 4298; x_wconf 88' lang='lat' dir='ltr'><strong>mortuis</strong></span> <span class='ocrx_word' id='word_1_672' title='bbox 1940 4261 1953 4297; x_wconf 93' lang='lat'><strong>:</strong></span> <span class='ocrx_word' id='word_1_673' title='bbox 1979 4252 2034 4298; x_wconf 91' lang='lat' dir='ltr'><strong>et</strong></span> <span class='ocrx_word' id='word_1_674' title='bbox 2055 4244 2137 4298; x_wconf 90' lang='lat' dir='ltr'><strong>in-</strong></span> <span class='ocrx_word' id='word_1_675' title='bbox 2237 4254 2335 4296; x_wconf 89' lang='lat' dir='ltr'><strong>nas</strong></span> <span class='ocrx_word' id='word_1_676' title='bbox 2357 4255 2567 4309; x_wconf 90' lang='lat' dir='ltr'><strong>eorum,</strong></span> <span class='ocrx_word' id='word_1_677' title='bbox 2599 4251 2654 4298; x_wconf 91' lang='lat' dir='ltr'><strong>et</strong></span> <span class='ocrx_word' id='word_1_678' title='bbox 2680 4241 2747 4298; x_wconf 87' lang='lat' dir='ltr'><strong>da</strong></span> <span class='ocrx_word' id='word_1_679' title='bbox 2776 4244 2947 4300; x_wconf 88' lang='lat' dir='ltr'><strong>servis</strong></span> <span class='ocrx_word' id='word_1_680' title='bbox 2978 4245 3084 4300; x_wconf 90' lang='lat' dir='ltr'><strong>tuis</strong></span> <span class='ocrx_word' id='word_1_681' title='bbox 3120 4260 3246 4302; x_wconf 92' lang='lat' dir='ltr'><strong>cum</strong></span> <span class='ocrx_word' id='word_1_682' title='bbox 3272 4249 3420 4303; x_wconf 92' lang='lat' dir='ltr'><strong>omni</strong></span> <span class='ocrx_word' id='word_1_683' title='bbox 3449 4248 3636 4305; x_wconf 87' lang='lat' dir='ltr'><strong>ﬁducia</strong></span> <span class='ocrx_word' id='word_1_684' title='bbox 3670 4249 3792 4319; x_wconf 82' lang='lat' dir='ltr'><strong>loqui</strong></span> 
     </span>
    </p>
   </div>
   <div class='ocr_carea' id='block_1_45' title="bbox 531 4327 3793 4410">
    <p class='ocr_par' dir='ltr' id='par_1_45' title="bbox 531 4327 3793 4410">
     <span class='ocr_line' id='line_1_45' title="bbox 531 4327 3793 4410; baseline 0.003 -26"><span class='ocrx_word' id='word_1_685' title='bbox 531 4327 786 4399; x_wconf 87' lang='lat' dir='ltr'><strong>jecerunt</strong></span> <span class='ocrx_word' id='word_1_686' title='bbox 807 4329 858 4382; x_wconf 93' lang='lat' dir='ltr'><strong>in</strong></span> <span class='ocrx_word' id='word_1_687' title='bbox 880 4342 976 4383; x_wconf 92' lang='lat' dir='ltr'><strong>eos</strong></span> <span class='ocrx_word' id='word_1_688' title='bbox 999 4344 1214 4396; x_wconf 83' lang='lat' dir='ltr'><strong>manus,</strong></span> <span class='ocrx_word' id='word_1_689' title='bbox 1237 4339 1295 4384; x_wconf 93' lang='lat' dir='ltr'><strong>et</strong></span> <span class='ocrx_word' id='word_1_690' title='bbox 1316 4341 1615 4400; x_wconf 87' lang='lat' dir='ltr'><strong>posuerunt</strong></span> <span class='ocrx_word' id='word_1_691' title='bbox 1633 4347 1730 4390; x_wconf 90' lang='lat' dir='ltr'><strong>eos</strong></span> <span class='ocrx_word' id='word_1_692' title='bbox 1753 4334 1808 4390; x_wconf 91' lang='lat' dir='ltr'><strong>in</strong></span> <span class='ocrx_word' id='word_1_693' title='bbox 1829 4338 2132 4395; x_wconf 88' lang='lat' dir='ltr'><strong>custodiam</strong></span> <span class='ocrx_word' id='word_1_694' title='bbox 2237 4335 2464 4391; x_wconf 91' lang='lat' dir='ltr'><strong>verbum</strong></span> <span class='ocrx_word' id='word_1_695' title='bbox 2487 4343 2663 4407; x_wconf 91' lang='lat' dir='ltr'><strong>tuum,</strong></span> <span class='ocrx_word' id='word_1_696' title='bbox 2707 4337 2758 4392; x_wconf 86' lang='lat' dir='ltr'><strong>in</strong></span> <span class='ocrx_word' id='word_1_697' title='bbox 2786 4352 2853 4394; x_wconf 90' lang='lat' dir='ltr'><strong>eo</strong></span> <span class='ocrx_word' id='word_1_698' title='bbox 2874 4339 3018 4410; x_wconf 88' lang='lat' dir='ltr'><strong>quod</strong></span> <span class='ocrx_word' id='word_1_699' title='bbox 3048 4354 3268 4396; x_wconf 88' lang='lat' dir='ltr'><strong>manum</strong></span> <span class='ocrx_word' id='word_1_700' title='bbox 3294 4352 3441 4397; x_wconf 90' lang='lat' dir='ltr'><strong>tuam</strong></span> <span class='ocrx_word' id='word_1_701' title='bbox 3467 4344 3718 4400; x_wconf 78' lang='lat' dir='ltr'><strong>extendas</strong></span> <span class='ocrx_word' id='word_1_702' title='bbox 3742 4341 3793 4395; x_wconf 69' lang='lat' dir='ltr'><strong>all</strong></span> 
     </span>
    </p>
   </div>
   <div class='ocr_carea' id='block_1_46' title="bbox 531 4420 3793 4506">
    <p class='ocr_par' dir='ltr' id='par_1_46' title="bbox 531 4420 3793 4506">
     <span class='ocr_line' id='line_1_46' title="bbox 531 4420 3793 4506; baseline 0.004 -26"><span class='ocrx_word' id='word_1_703' title='bbox 531 4422 591 4480; x_wconf 84' lang='lat' dir='ltr'><strong>in</strong></span> <span class='ocrx_word' id='word_1_704' title='bbox 621 4420 916 4477; x_wconf 87' lang='lat' dir='ltr'><strong>crastinum</strong></span> <span class='ocrx_word' id='word_1_705' title='bbox 948 4437 962 4476; x_wconf 88' lang='lat'>:</span> <span class='ocrx_word' id='word_1_706' title='bbox 991 4431 1109 4478; x_wconf 90' lang='lat' dir='ltr'><strong>erat</strong></span> <span class='ocrx_word' id='word_1_707' title='bbox 1143 4422 1287 4479; x_wconf 92' lang='lat' dir='ltr'><strong>enim</strong></span> <span class='ocrx_word' id='word_1_708' title='bbox 1327 4425 1438 4495; x_wconf 89' lang='lat' dir='ltr'><strong>jam</strong></span> <span class='ocrx_word' id='word_1_709' title='bbox 1478 4440 1725 4496; x_wconf 80' lang='lat' dir='ltr'><strong>vespera.</strong></span> <span class='ocrx_word' id='word_1_710' title='bbox 1770 4429 1922 4486; x_wconf 83' lang='lat' dir='ltr'><strong>Multi</strong></span> <span class='ocrx_word' id='word_1_711' title='bbox 1951 4444 2128 4490; x_wconf 90' lang='lat' dir='ltr'><strong>autem</strong></span> <span class='ocrx_word' id='word_1_712' title='bbox 2163 4488 2209 4506; x_wconf 43' lang='grc' dir='ltr'>Ἀ</span> <span class='ocrx_word' id='word_1_713' title='bbox 2237 4431 2527 4498; x_wconf 79' lang='lat' dir='ltr'><strong>sanitates,</strong></span> <span class='ocrx_word' id='word_1_714' title='bbox 2553 4439 2607 4486; x_wconf 88' lang='lat' dir='ltr'><strong>et</strong></span> <span class='ocrx_word' id='word_1_715' title='bbox 2631 4431 2782 4502; x_wconf 89' lang='lat' dir='ltr'><strong>signa</strong></span> <span class='ocrx_word' id='word_1_716' title='bbox 2810 4441 2865 4488; x_wconf 93' lang='lat' dir='ltr'><strong>et</strong></span> <span class='ocrx_word' id='word_1_717' title='bbox 2891 4433 3134 4505; x_wconf 86' lang='lat' dir='ltr'><strong>prodigia</strong></span> <span class='ocrx_word' id='word_1_718' title='bbox 3160 4433 3276 4491; x_wconf 86' lang='lat' dir='ltr'><strong>fieri</strong></span> <span class='ocrx_word' id='word_1_719' title='bbox 3301 4450 3400 4506; x_wconf 92' lang='lat' dir='ltr'><strong>per</strong></span> <span class='ocrx_word' id='word_1_720' title='bbox 3427 4452 3621 4494; x_wconf 88' lang='lat' dir='ltr'><strong>nomen</strong></span> <span class='ocrx_word' id='word_1_721' title='bbox 3647 4434 3793 4492; x_wconf 84' lang='lat' dir='ltr'><strong>sancti</strong></span> 
     </span>
    </p>
   </div>
   <div class='ocr_carea' id='block_1_47' title="bbox 530 4488 3790 4595">
    <p class='ocr_par' dir='ltr' id='par_1_47' title="bbox 530 4488 3790 4595">
     <span class='ocr_line' id='line_1_47' title="bbox 530 4488 3790 4595; baseline 0.004 -25"><span class='ocrx_word' id='word_1_722' title='bbox 530 4529 743 4580; x_wconf 89' lang='lat' dir='ltr'><strong>eorum,</strong></span> <span class='ocrx_word' id='word_1_723' title='bbox 773 4516 860 4586; x_wconf 87' lang='lat' dir='ltr'><strong>qui</strong></span> <span class='ocrx_word' id='word_1_724' title='bbox 885 4515 1171 4571; x_wconf 89' lang='lat' dir='ltr'><strong>audierant</strong></span> <span class='ocrx_word' id='word_1_725' title='bbox 1195 4516 1437 4585; x_wconf 87' lang='lat' dir='ltr'><strong>verbum,</strong></span> <span class='ocrx_word' id='word_1_726' title='bbox 1469 4518 1859 4579; x_wconf 89' lang='lat' dir='ltr'><strong>crediderunt:</strong></span> <span class='ocrx_word' id='word_1_727' title='bbox 1885 4533 1938 4579; x_wconf 92' lang='lat' dir='ltr'><strong>et</strong></span> <span class='ocrx_word' id='word_1_728' title='bbox 1957 4525 2131 4583; x_wconf 88' lang='lat' dir='ltr'><strong>factus</strong></span> <span class='ocrx_word' id='word_1_729' title='bbox 2157 4488 2212 4552; x_wconf 79' lang='lat' dir='ltr'><strong>D</strong></span> <span class='ocrx_word' id='word_1_730' title='bbox 2237 4523 2360 4580; x_wconf 86' lang='lat' dir='ltr'><strong>Filii</strong></span> <span class='ocrx_word' id='word_1_731' title='bbox 2389 4523 2464 4580; x_wconf 91' lang='lat' dir='ltr'><strong>tui</strong></span> <span class='ocrx_word' id='word_1_732' title='bbox 2504 4488 2790 4581; x_wconf 55' lang='lat' dir='ltr'><strong>JeSliS.vEl</strong></span> <span class='ocrx_word' id='word_1_733' title='bbox 2818 4488 2941 4581; x_wconf 64' lang='lat' dir='ltr'><strong>cuin</strong></span> <span class='ocrx_word' id='word_1_734' title='bbox 2989 4488 3259 4595; x_wconf 64' lang='lat' dir='ltr'><strong>orassent,</strong></span> <span class='ocrx_word' id='word_1_735' title='bbox 3288 4488 3470 4586; x_wconf 75' lang='lat' dir='ltr'><strong>motus</strong></span> <span class='ocrx_word' id='word_1_736' title='bbox 3512 4540 3592 4587; x_wconf 89' lang='lat' dir='ltr'><strong>est</strong></span> <span class='ocrx_word' id='word_1_737' title='bbox 3630 4530 3790 4595; x_wconf 88' lang='lat' dir='ltr'><strong>locus,</strong></span> 
     </span>
    </p>
   </div>
   <div class='ocr_carea' id='block_1_48' title="bbox 531 4608 3794 4694">
    <p class='ocr_par' dir='ltr' id='par_1_48' title="bbox 531 4608 3794 4694">
     <span class='ocr_line' id='line_1_48' title="bbox 531 4608 3794 4694; baseline 0.004 -31"><span class='ocrx_word' id='word_1_738' title='bbox 531 4620 620 4663; x_wconf 75' lang='lat' dir='ltr'><strong>eat</strong></span> <span class='ocrx_word' id='word_1_739' title='bbox 661 4622 919 4664; x_wconf 86' lang='lat' dir='ltr'><strong>numerus</strong></span> <span class='ocrx_word' id='word_1_740' title='bbox 946 4609 1180 4664; x_wconf 79' lang='lat' dir='ltr'><strong>virorum</strong></span> <span class='ocrx_word' id='word_1_741' title='bbox 1209 4608 1448 4681; x_wconf 90' lang='lat' dir='ltr'><strong>quinque</strong></span> <span class='ocrx_word' id='word_1_742' title='bbox 1477 4612 1668 4669; x_wconf 91' lang='lat' dir='ltr'><strong>millia.</strong></span> <span class='ocrx_word' id='word_1_743' title='bbox 1709 4614 1933 4671; x_wconf 85' lang='lat' dir='ltr'><strong>Factum</strong></span> <span class='ocrx_word' id='word_1_744' title='bbox 1962 4627 2050 4674; x_wconf 88' lang='lat' dir='ltr'><strong>est</strong></span> <span class='ocrx_word' id='word_1_745' title='bbox 2073 4619 2125 4676; x_wconf 92' lang='lat' dir='ltr'><strong>in</strong></span> <span class='ocrx_word' id='word_1_746' title='bbox 2234 4617 2288 4672; x_wconf 90' lang='lat' dir='ltr'><strong>in</strong></span> <span class='ocrx_word' id='word_1_747' title='bbox 2317 4632 2424 4688; x_wconf 94' lang='lat' dir='ltr'><strong>quo</strong></span> <span class='ocrx_word' id='word_1_748' title='bbox 2452 4628 2608 4673; x_wconf 87' lang='lat' dir='ltr'><strong>erant</strong></span> <span class='ocrx_word' id='word_1_749' title='bbox 2629 4620 2941 4690; x_wconf 85' lang='lat' dir='ltr'><strong>congregati</strong></span> <span class='ocrx_word' id='word_1_750' title='bbox 2965 4638 2976 4673; x_wconf 91' lang='lat'>:</span> <span class='ocrx_word' id='word_1_751' title='bbox 3011 4630 3067 4676; x_wconf 91' lang='lat' dir='ltr'><strong>et</strong></span> <span class='ocrx_word' id='word_1_752' title='bbox 3095 4622 3288 4691; x_wconf 89' lang='lat' dir='ltr'><strong>repleti</strong></span> <span class='ocrx_word' id='word_1_753' title='bbox 3319 4633 3448 4679; x_wconf 88' lang='lat' dir='ltr'><strong>sunt</strong></span> <span class='ocrx_word' id='word_1_754' title='bbox 3485 4637 3663 4680; x_wconf 79' lang='lat' dir='ltr'><strong>omnes</strong></span> <span class='ocrx_word' id='word_1_755' title='bbox 3689 4621 3794 4694; x_wconf 85' lang='lat' dir='ltr'><strong>Spi-</strong></span> 
     </span>
    </p>
   </div>
   <div class='ocr_carea' id='block_1_49' title="bbox 529 4701 3790 4782">
    <p class='ocr_par' dir='ltr' id='par_1_49' title="bbox 529 4701 3790 4782">
     <span class='ocr_line' id='line_1_49' title="bbox 529 4701 3790 4782; baseline 0.004 -28"><span class='ocrx_word' id='word_1_756' title='bbox 529 4701 852 4770; x_wconf 84' lang='lat' dir='ltr'><strong>crastinum,</strong></span> <span class='ocrx_word' id='word_1_757' title='bbox 877 4709 936 4756; x_wconf 90' lang='lat' dir='ltr'><strong>ut</strong></span> <span class='ocrx_word' id='word_1_758' title='bbox 954 4710 1414 4772; x_wconf 85' lang='lat' dir='ltr'><strong>congregarentur</strong></span> <span class='ocrx_word' id='word_1_759' title='bbox 1435 4703 1709 4776; x_wconf 89' lang='lat' dir='ltr'><strong>principes</strong></span> <span class='ocrx_word' id='word_1_760' title='bbox 1730 4721 1940 4775; x_wconf 89' lang='lat' dir='ltr'><strong>eorum,</strong></span> <span class='ocrx_word' id='word_1_761' title='bbox 1964 4720 2021 4768; x_wconf 91' lang='lat' dir='ltr'><strong>et</strong></span> <span class='ocrx_word' id='word_1_762' title='bbox 2039 4727 2128 4769; x_wconf 89' lang='lat' dir='ltr'><strong>se-</strong></span> <span class='ocrx_word' id='word_1_763' title='bbox 2233 4710 2341 4764; x_wconf 90' lang='lat' dir='ltr'><strong>ritu</strong></span> <span class='ocrx_word' id='word_1_764' title='bbox 2366 4718 2578 4776; x_wconf 86' lang='lat' dir='ltr'><strong>sancto,</strong></span> <span class='ocrx_word' id='word_1_765' title='bbox 2611 4719 2670 4766; x_wconf 90' lang='lat' dir='ltr'><strong>et</strong></span> <span class='ocrx_word' id='word_1_766' title='bbox 2700 4711 3058 4782; x_wconf 88' lang='lat' dir='ltr'><strong>loquebantur</strong></span> <span class='ocrx_word' id='word_1_767' title='bbox 3076 4714 3300 4770; x_wconf 88' lang='lat' dir='ltr'><strong>verbum</strong></span> <span class='ocrx_word' id='word_1_768' title='bbox 3327 4714 3426 4772; x_wconf 87' lang='lat' dir='ltr'><strong>Dei</strong></span> <span class='ocrx_word' id='word_1_769' title='bbox 3453 4731 3575 4773; x_wconf 92' lang='lat' dir='ltr'><strong>cum</strong></span> <span class='ocrx_word' id='word_1_770' title='bbox 3600 4716 3790 4772; x_wconf 80' lang='lat' dir='ltr'><strong>ﬁducia.</strong></span> 
     </span>
    </p>
   </div>
   <div class='ocr_carea' id='block_1_50' title="bbox 528 4783 3790 4875">
    <p class='ocr_par' dir='ltr' id='par_1_50' title="bbox 528 4783 3790 4875">
     <span class='ocr_line' id='line_1_50' title="bbox 528 4783 3790 4875; baseline 0.003 -25"><span class='ocrx_word' id='word_1_771' title='bbox 528 4792 734 4860; x_wconf 79' lang='lat' dir='ltr'><strong>niores,</strong></span> <span class='ocrx_word' id='word_1_772' title='bbox 776 4802 832 4850; x_wconf 90' lang='lat' dir='ltr'><strong>et</strong></span> <span class='ocrx_word' id='word_1_773' title='bbox 864 4793 1055 4850; x_wconf 68' lang='lat' dir='ltr'><strong>scribat</strong></span> <span class='ocrx_word' id='word_1_774' title='bbox 1089 4794 1144 4849; x_wconf 92' lang='lat' dir='ltr'><strong>in</strong></span> <span class='ocrx_word' id='word_1_775' title='bbox 1185 4783 1530 4862; x_wconf 89' lang='lat' dir='ltr'><strong>Jerusalem;</strong></span> <span class='ocrx_word' id='word_1_776' title='bbox 1567 4805 1624 4853; x_wconf 90' lang='lat' dir='ltr'><strong>et</strong></span> <span class='ocrx_word' id='word_1_777' title='bbox 1656 4799 1842 4855; x_wconf 87' lang='lat' dir='ltr'><strong>Annas</strong></span> <span class='ocrx_word' id='word_1_778' title='bbox 1869 4802 2126 4875; x_wconf 88' lang='lat' dir='ltr'><strong>princeps</strong></span> <span class='ocrx_word' id='word_1_779' title='bbox 2231 4802 2590 4862; x_wconf 83' lang='lat' dir='ltr'><strong>Multitudinis</strong></span> <span class='ocrx_word' id='word_1_780' title='bbox 2620 4814 2802 4861; x_wconf 88' lang='lat' dir='ltr'><strong>autem</strong></span> <span class='ocrx_word' id='word_1_781' title='bbox 2850 4805 3190 4862; x_wconf 89' lang='lat' dir='ltr'><strong>credentium</strong></span> <span class='ocrx_word' id='word_1_782' title='bbox 3237 4818 3358 4864; x_wconf 84' lang='lat' dir='ltr'><strong>erat</strong></span> <span class='ocrx_word' id='word_1_783' title='bbox 3387 4825 3486 4866; x_wconf 91' lang='lat' dir='ltr'><strong>cor</strong></span> <span class='ocrx_word' id='word_1_784' title='bbox 3528 4825 3714 4875; x_wconf 85' lang='lat' dir='ltr'><strong>unum,</strong></span> <span class='ocrx_word' id='word_1_785' title='bbox 3751 4816 3790 4862; x_wconf 88' lang='lat' dir='ltr'><strong>et</strong></span> 
     </span>
    </p>
   </div>
   <div class='ocr_carea' id='block_1_51' title="bbox 528 4883 3887 4974">
    <p class='ocr_par' dir='ltr' id='par_1_51' title="bbox 528 4883 3887 4974">
     <span class='ocr_line' id='line_1_51' title="bbox 528 4883 3887 4974; baseline 0.004 -33"><span class='ocrx_word' id='word_1_786' title='bbox 528 4886 898 4956; x_wconf 81' lang='lat' dir='ltr'><strong>sacerdomm,</strong></span> <span class='ocrx_word' id='word_1_787' title='bbox 927 4896 982 4942; x_wconf 90' lang='lat' dir='ltr'><strong>et</strong></span> <span class='ocrx_word' id='word_1_788' title='bbox 1000 4883 1260 4958; x_wconf 89' lang='lat' dir='ltr'><strong>Caipbas,</strong></span> <span class='ocrx_word' id='word_1_789' title='bbox 1283 4896 1337 4944; x_wconf 90' lang='lat' dir='ltr'><strong>et</strong></span> <span class='ocrx_word' id='word_1_790' title='bbox 1356 4889 1615 4958; x_wconf 87' lang='lat' dir='ltr'><strong>Joannes,</strong></span> <span class='ocrx_word' id='word_1_791' title='bbox 1638 4901 1696 4946; x_wconf 91' lang='lat' dir='ltr'><strong>et</strong></span> <span class='ocrx_word' id='word_1_792' title='bbox 1719 4892 2050 4962; x_wconf 80' lang='lat' dir='ltr'><strong>Alexander,</strong></span> <span class='ocrx_word' id='word_1_793' title='bbox 2073 4906 2128 4954; x_wconf 95' lang='lat' dir='ltr'><strong>et</strong></span> <span class='ocrx_word' id='word_1_794' title='bbox 2230 4899 2414 4954; x_wconf 88' lang='lat' dir='ltr'><strong>anima</strong></span> <span class='ocrx_word' id='word_1_795' title='bbox 2445 4912 2548 4952; x_wconf 91' lang='lat' dir='ltr'><strong>una</strong></span> <span class='ocrx_word' id='word_1_796' title='bbox 2579 4915 2591 4952; x_wconf 91' lang='lat'>:</span> <span class='ocrx_word' id='word_1_797' title='bbox 2641 4913 2742 4954; x_wconf 88' lang='lat' dir='ltr'><strong>nec</strong></span> <span class='ocrx_word' id='word_1_798' title='bbox 2769 4899 3049 4970; x_wconf 88' lang='lat' dir='ltr'><strong>quisquam</strong></span> <span class='ocrx_word' id='word_1_799' title='bbox 3073 4915 3292 4970; x_wconf 88' lang='lat' dir='ltr'><strong>eorum,</strong></span> <span class='ocrx_word' id='word_1_800' title='bbox 3342 4918 3464 4974; x_wconf 75' lang='lat' dir='ltr'><strong>qua:</strong></span> <span class='ocrx_word' id='word_1_801' title='bbox 3491 4903 3786 4974; x_wconf 75' lang='lat' dir='ltr'><strong>possidebat,</strong></span> <span class='ocrx_word' id='word_1_802' title='bbox 3886 4939 3887 4948; x_wconf 55' lang='grc' dir='ltr'><strong>η</strong></span> 
     </span>
    </p>
   </div>
   <div class='ocr_carea' id='block_1_52' title="bbox 529 4978 3786 5061">
    <p class='ocr_par' dir='ltr' id='par_1_52' title="bbox 529 4978 3786 5061">
     <span class='ocr_line' id='line_1_52' title="bbox 529 4978 3786 5061; baseline 0.003 -26"><span class='ocrx_word' id='word_1_803' title='bbox 529 4988 987 5051; x_wconf 73' lang='lat' dir='ltr'><strong>quotquoteraut</strong></span> <span class='ocrx_word' id='word_1_804' title='bbox 1020 4978 1087 5035; x_wconf 91' lang='lat' dir='ltr'><strong>de</strong></span> <span class='ocrx_word' id='word_1_805' title='bbox 1121 4995 1325 5052; x_wconf 86' lang='lat' dir='ltr'><strong>genere</strong></span> <span class='ocrx_word' id='word_1_806' title='bbox 1357 4981 1799 5041; x_wconf 88' lang='lat' dir='ltr'><strong>sacerdotali.Et</strong></span> <span class='ocrx_word' id='word_1_807' title='bbox 1821 4994 2127 5046; x_wconf 88' lang='lat' dir='ltr'><strong>statuentes</strong></span> <span class='ocrx_word' id='word_1_808' title='bbox 2227 4989 2432 5061; x_wconf 89' lang='lat' dir='ltr'><strong>aliquid</strong></span> <span class='ocrx_word' id='word_1_809' title='bbox 2479 5005 2636 5045; x_wconf 92' lang='lat' dir='ltr'><strong>suum</strong></span> <span class='ocrx_word' id='word_1_810' title='bbox 2681 5006 2804 5047; x_wconf 86' lang='lat' dir='ltr'><strong>esse</strong></span> <span class='ocrx_word' id='word_1_811' title='bbox 2852 4991 3084 5061; x_wconf 88' lang='lat' dir='ltr'><strong>dicebat,</strong></span> <span class='ocrx_word' id='word_1_812' title='bbox 3136 4993 3233 5049; x_wconf 90' lang='lat' dir='ltr'><strong>sed</strong></span> <span class='ocrx_word' id='word_1_813' title='bbox 3279 5005 3439 5051; x_wconf 89' lang='lat' dir='ltr'><strong>erant</strong></span> <span class='ocrx_word' id='word_1_814' title='bbox 3488 4996 3596 5052; x_wconf 90' lang='lat' dir='ltr'><strong>illis</strong></span> <span class='ocrx_word' id='word_1_815' title='bbox 3637 4993 3786 5050; x_wconf 85' lang='lat' dir='ltr'><strong>omnia</strong></span> 
     </span>
    </p>
   </div>
   <div class='ocr_carea' id='block_1_53' title="bbox 529 5074 3787 5161">
    <p class='ocr_par' dir='ltr' id='par_1_53' title="bbox 529 5074 3787 5161">
     <span class='ocr_line' id='line_1_53' title="bbox 529 5074 3787 5161; baseline 0.005 -32"><span class='ocrx_word' id='word_1_816' title='bbox 529 5088 627 5130; x_wconf 88' lang='lat' dir='ltr'><strong>eos</strong></span> <span class='ocrx_word' id='word_1_817' title='bbox 655 5076 707 5130; x_wconf 92' lang='lat' dir='ltr'><strong>in</strong></span> <span class='ocrx_word' id='word_1_818' title='bbox 736 5074 936 5142; x_wconf 90' lang='lat' dir='ltr'><strong>medio,</strong></span> <span class='ocrx_word' id='word_1_819' title='bbox 964 5075 1370 5146; x_wconf 90' lang='lat' dir='ltr'><strong>interrogabant</strong></span> <span class='ocrx_word' id='word_1_820' title='bbox 1401 5093 1412 5128; x_wconf 92' lang='lat'>:</span> <span class='ocrx_word' id='word_1_821' title='bbox 1447 5075 1501 5132; x_wconf 94' lang='lat' dir='ltr'><strong>In</strong></span> <span class='ocrx_word' id='word_1_822' title='bbox 1528 5092 1628 5148; x_wconf 91' lang='lat' dir='ltr'><strong>qua</strong></span> <span class='ocrx_word' id='word_1_823' title='bbox 1673 5078 1895 5147; x_wconf 88' lang='lat' dir='ltr'><strong>virtute,</strong></span> <span class='ocrx_word' id='word_1_824' title='bbox 1936 5089 2032 5136; x_wconf 88' lang='lat' dir='ltr'><strong>aut.</strong></span> <span class='ocrx_word' id='word_1_825' title='bbox 2073 5082 2124 5138; x_wconf 91' lang='lat' dir='ltr'><strong>in</strong></span> <span class='ocrx_word' id='word_1_826' title='bbox 2227 5085 2556 5140; x_wconf 89' lang='lat' dir='ltr'><strong>communia.</strong></span> <span class='ocrx_word' id='word_1_827' title='bbox 2591 5083 2880 5141; x_wconf 84' lang='lat' dir='ltr'><strong>Etvirtute</strong></span> <span class='ocrx_word' id='word_1_828' title='bbox 2909 5101 3100 5158; x_wconf 87' lang='lat' dir='ltr'><strong>magna</strong></span> <span class='ocrx_word' id='word_1_829' title='bbox 3126 5087 3430 5144; x_wconf 87' lang='lat' dir='ltr'><strong>reddebant</strong></span> <span class='ocrx_word' id='word_1_830' title='bbox 3453 5091 3676 5161; x_wconf 88' lang='lat' dir='ltr'><strong>apostoli</strong></span> <span class='ocrx_word' id='word_1_831' title='bbox 3705 5099 3787 5144; x_wconf 44' lang='lat' dir='ltr'><strong>tes.</strong></span> 
     </span>
    </p>
   </div>
   <div class='ocr_carea' id='block_1_54' title="bbox 530 5165 3782 5244">
    <p class='ocr_par' dir='ltr' id='par_1_54' title="bbox 530 5165 3782 5244">
     <span class='ocr_line' id='line_1_54' title="bbox 530 5165 3782 5244; baseline 0.005 -22"><span class='ocrx_word' id='word_1_832' title='bbox 530 5182 639 5239; x_wconf 89' lang='lat' dir='ltr'><strong>quo</strong></span> <span class='ocrx_word' id='word_1_833' title='bbox 683 5165 901 5225; x_wconf 88' lang='lat' dir='ltr'><strong>nomine</strong></span> <span class='ocrx_word' id='word_1_834' title='bbox 942 5167 1144 5225; x_wconf 86' lang='lat' dir='ltr'><strong>fecistis</strong></span> <span class='ocrx_word' id='word_1_835' title='bbox 1170 5167 1273 5224; x_wconf 94' lang='lat' dir='ltr'><strong>hoc</strong></span> <span class='ocrx_word' id='word_1_836' title='bbox 1316 5169 1444 5224; x_wconf 87' lang='lat' dir='ltr'><strong>vos?</strong></span> <span class='ocrx_word' id='word_1_837' title='bbox 1473 5169 1627 5226; x_wconf 88' lang='lat' dir='ltr'><strong>Tunc</strong></span> <span class='ocrx_word' id='word_1_838' title='bbox 1654 5174 1893 5242; x_wconf 89' lang='lat' dir='ltr'><strong>repletus</strong></span> <span class='ocrx_word' id='word_1_839' title='bbox 1919 5172 2122 5244; x_wconf 88' lang='lat' dir='ltr'><strong>Spiritu</strong></span> <span class='ocrx_word' id='word_1_840' title='bbox 2227 5179 2513 5235; x_wconf 86' lang='lat' dir='ltr'><strong>timoniunt</strong></span> <span class='ocrx_word' id='word_1_841' title='bbox 2543 5179 2962 5237; x_wconf 86' lang='lat' dir='ltr'><strong>resurrectionis</strong></span> <span class='ocrx_word' id='word_1_842' title='bbox 2984 5182 3110 5238; x_wconf 91' lang='lat' dir='ltr'><strong>Jesu</strong></span> <span class='ocrx_word' id='word_1_843' title='bbox 3132 5183 3337 5240; x_wconf 86' lang='lat' dir='ltr'><strong>Christi</strong></span> <span class='ocrx_word' id='word_1_844' title='bbox 3369 5183 3584 5240; x_wconf 89' lang='lat' dir='ltr'><strong>Domini</strong></span> <span class='ocrx_word' id='word_1_845' title='bbox 3610 5184 3782 5240; x_wconf 84' lang='lat' dir='ltr'><strong>nostri:</strong></span> 
     </span>
    </p>
   </div>
   <div class='ocr_carea' id='block_1_55' title="bbox 525 5259 3781 5350">
    <p class='ocr_par' dir='ltr' id='par_1_55' title="bbox 525 5259 3781 5350">
     <span class='ocr_line' id='line_1_55' title="bbox 525 5259 3781 5350; baseline 0.003 -32"><span class='ocrx_word' id='word_1_846' title='bbox 525 5270 718 5318; x_wconf 72' lang='lat' dir='ltr'><strong>sancto</strong></span> <span class='ocrx_word' id='word_1_847' title='bbox 744 5259 959 5330; x_wconf 89' lang='lat' dir='ltr'><strong>Petrus,</strong></span> <span class='ocrx_word' id='word_1_848' title='bbox 987 5262 1125 5318; x_wconf 80' lang='lat' dir='ltr'><strong>dixit</strong></span> <span class='ocrx_word' id='word_1_849' title='bbox 1147 5262 1213 5317; x_wconf 91' lang='lat' dir='ltr'><strong>ad</strong></span> <span class='ocrx_word' id='word_1_850' title='bbox 1245 5277 1342 5318; x_wconf 89' lang='lat' dir='ltr'><strong>eos</strong></span> <span class='ocrx_word' id='word_1_851' title='bbox 1375 5278 1390 5321; x_wconf 87' lang='lat'><strong>:</strong></span> <span class='ocrx_word' id='word_1_852' title='bbox 1421 5263 1699 5335; x_wconf 88' lang='lat' dir='ltr'><strong>Principes</strong></span> <span class='ocrx_word' id='word_1_853' title='bbox 1728 5267 1936 5337; x_wconf 89' lang='lat' dir='ltr'><strong>populi,</strong></span> <span class='ocrx_word' id='word_1_854' title='bbox 1961 5279 2015 5323; x_wconf 90' lang='lat' dir='ltr'><strong>et</strong></span> <span class='ocrx_word' id='word_1_855' title='bbox 2040 5283 2125 5324; x_wconf 81' lang='lat' dir='ltr'><strong>se-</strong></span> <span class='ocrx_word' id='word_1_856' title='bbox 2227 5280 2283 5328; x_wconf 91' lang='lat' dir='ltr'><strong>et</strong></span> <span class='ocrx_word' id='word_1_857' title='bbox 2309 5273 2483 5343; x_wconf 86' lang='lat' dir='ltr'><strong>gratia</strong></span> <span class='ocrx_word' id='word_1_858' title='bbox 2524 5288 2715 5344; x_wconf 89' lang='lat' dir='ltr'><strong>magna</strong></span> <span class='ocrx_word' id='word_1_859' title='bbox 2747 5282 2864 5329; x_wconf 85' lang='lat' dir='ltr'><strong>erat</strong></span> <span class='ocrx_word' id='word_1_860' title='bbox 2893 5274 2944 5328; x_wconf 91' lang='lat' dir='ltr'><strong>in</strong></span> <span class='ocrx_word' id='word_1_861' title='bbox 2977 5275 3230 5332; x_wconf 90' lang='lat' dir='ltr'><strong>omnibus</strong></span> <span class='ocrx_word' id='word_1_862' title='bbox 3281 5277 3409 5332; x_wconf 92' lang='lat' dir='ltr'><strong>illis.</strong></span> <span class='ocrx_word' id='word_1_863' title='bbox 3443 5277 3628 5350; x_wconf 86' lang='lat' dir='ltr'><strong>Neque</strong></span> <span class='ocrx_word' id='word_1_864' title='bbox 3667 5276 3781 5332; x_wconf 87' lang='lat' dir='ltr'><strong>enim</strong></span> 
     </span>
    </p>
   </div>
   <div class='ocr_carea' id='block_1_56' title="bbox 525 5353 3780 5444">
    <p class='ocr_par' dir='ltr' id='par_1_56' title="bbox 525 5353 3780 5444">
     <span class='ocr_line' id='line_1_56' title="bbox 525 5353 3780 5444; baseline 0.006 -35"><span class='ocrx_word' id='word_1_865' title='bbox 525 5353 732 5422; x_wconf 87' lang='lat' dir='ltr'><strong>niores,</strong></span> <span class='ocrx_word' id='word_1_866' title='bbox 756 5355 941 5412; x_wconf 88' lang='lat' dir='ltr'><strong>audite</strong></span> <span class='ocrx_word' id='word_1_867' title='bbox 972 5356 1057 5414; x_wconf 89' lang='lat' dir='ltr'><strong>:Si</strong></span> <span class='ocrx_word' id='word_1_868' title='bbox 1080 5371 1180 5412; x_wconf 91' lang='lat' dir='ltr'><strong>nos</strong></span> <span class='ocrx_word' id='word_1_869' title='bbox 1203 5355 1362 5412; x_wconf 89' lang='lat' dir='ltr'><strong>hodie</strong></span> <span class='ocrx_word' id='word_1_870' title='bbox 1383 5355 1742 5427; x_wconf 89' lang='lat' dir='ltr'><strong>dijudicamur</strong></span> <span class='ocrx_word' id='word_1_871' title='bbox 1762 5361 1814 5414; x_wconf 92' lang='lat' dir='ltr'><strong>in</strong></span> <span class='ocrx_word' id='word_1_872' title='bbox 1837 5359 2124 5417; x_wconf 81' lang='lat' dir='ltr'><strong>benefacta</strong></span> <span class='ocrx_word' id='word_1_873' title='bbox 2227 5367 2510 5438; x_wconf 88' lang='lat' dir='ltr'><strong>quisquam</strong></span> <span class='ocrx_word' id='word_1_874' title='bbox 2539 5381 2706 5437; x_wconf 86' lang='lat' dir='ltr'><strong>egens</strong></span> <span class='ocrx_word' id='word_1_875' title='bbox 2726 5377 2844 5424; x_wconf 89' lang='lat' dir='ltr'><strong>erat</strong></span> <span class='ocrx_word' id='word_1_876' title='bbox 2865 5369 3009 5424; x_wconf 87' lang='lat' dir='ltr'><strong>inter</strong></span> <span class='ocrx_word' id='word_1_877' title='bbox 3037 5369 3184 5426; x_wconf 86' lang='lat' dir='ltr'><strong>illos.</strong></span> <span class='ocrx_word' id='word_1_878' title='bbox 3213 5371 3493 5444; x_wconf 88' lang='lat' dir='ltr'><strong>Quotquot</strong></span> <span class='ocrx_word' id='word_1_879' title='bbox 3521 5375 3660 5429; x_wconf 90' lang='lat' dir='ltr'><strong>enim</strong></span> <span class='ocrx_word' id='word_1_880' title='bbox 3688 5385 3780 5442; x_wconf 79' lang='lat' dir='ltr'><strong>pos-</strong></span> 
     </span>
    </p>
   </div>
   <div class='ocr_carea' id='block_1_57' title="bbox 523 5447 3777 5536">
    <p class='ocr_par' dir='ltr' id='par_1_57' title="bbox 523 5447 3777 5536">
     <span class='ocr_line' id='line_1_57' title="bbox 523 5447 3777 5536; baseline 0.006 -32"><span class='ocrx_word' id='word_1_881' title='bbox 523 5447 764 5506; x_wconf 86' lang='lat' dir='ltr'><strong>hominis</strong></span> <span class='ocrx_word' id='word_1_882' title='bbox 790 5449 1012 5518; x_wconf 89' lang='lat' dir='ltr'><strong>infirmi,</strong></span> <span class='ocrx_word' id='word_1_883' title='bbox 1042 5449 1098 5505; x_wconf 92' lang='lat' dir='ltr'><strong>in</strong></span> <span class='ocrx_word' id='word_1_884' title='bbox 1129 5464 1237 5522; x_wconf 89' lang='lat' dir='ltr'><strong>quo</strong></span> <span class='ocrx_word' id='word_1_885' title='bbox 1261 5452 1362 5506; x_wconf 89' lang='lat' dir='ltr'><strong>iste</strong></span> <span class='ocrx_word' id='word_1_886' title='bbox 1391 5449 1578 5507; x_wconf 84' lang='lat' dir='ltr'><strong>salvus</strong></span> <span class='ocrx_word' id='word_1_887' title='bbox 1602 5450 1775 5508; x_wconf 86' lang='lat' dir='ltr'><strong>factus</strong></span> <span class='ocrx_word' id='word_1_888' title='bbox 1799 5460 1904 5520; x_wconf 91' lang='lat' dir='ltr'><strong>est,</strong></span> <span class='ocrx_word' id='word_1_889' title='bbox 1931 5462 2120 5510; x_wconf 90' lang='lat' dir='ltr'><strong>notum</strong></span> <span class='ocrx_word' id='word_1_890' title='bbox 2224 5475 2472 5518; x_wconf 85' lang='lat' dir='ltr'><strong>sessores</strong></span> <span class='ocrx_word' id='word_1_891' title='bbox 2528 5477 2782 5534; x_wconf 85' lang='lat' dir='ltr'><strong>agrorum</strong></span> <span class='ocrx_word' id='word_1_892' title='bbox 2829 5472 2924 5519; x_wconf 83' lang='lat' dir='ltr'><strong>aut</strong></span> <span class='ocrx_word' id='word_1_893' title='bbox 2973 5465 3255 5521; x_wconf 90' lang='lat' dir='ltr'><strong>domorum</strong></span> <span class='ocrx_word' id='word_1_894' title='bbox 3294 5475 3489 5536; x_wconf 88' lang='lat' dir='ltr'><strong>erant,</strong></span> <span class='ocrx_word' id='word_1_895' title='bbox 3522 5467 3777 5525; x_wconf 76' lang='lat' dir='ltr'><strong>vendentcs</strong></span> 
     </span>
    </p>
   </div>
   <div class='ocr_carea' id='block_1_58' title="bbox 523 5542 3773 5634">
    <p class='ocr_par' dir='ltr' id='par_1_58' title="bbox 523 5542 3773 5634">
     <span class='ocr_line' id='line_1_58' title="bbox 523 5542 3773 5634; baseline 0.003 -34"><span class='ocrx_word' id='word_1_896' title='bbox 523 5545 597 5601; x_wconf 83' lang='lat' dir='ltr'><strong>sit</strong></span> <span class='ocrx_word' id='word_1_897' title='bbox 632 5543 884 5599; x_wconf 84' lang='lat' dir='ltr'><strong>omnibus</strong></span> <span class='ocrx_word' id='word_1_898' title='bbox 911 5545 1087 5612; x_wconf 88' lang='lat' dir='ltr'><strong>vobis,</strong></span> <span class='ocrx_word' id='word_1_899' title='bbox 1119 5551 1176 5601; x_wconf 91' lang='lat' dir='ltr'><strong>et</strong></span> <span class='ocrx_word' id='word_1_900' title='bbox 1203 5542 1351 5600; x_wconf 93' lang='lat' dir='ltr'><strong>omni</strong></span> <span class='ocrx_word' id='word_1_901' title='bbox 1384 5545 1527 5614; x_wconf 90' lang='lat' dir='ltr'><strong>plebi</strong></span> <span class='ocrx_word' id='word_1_902' title='bbox 1557 5546 1753 5602; x_wconf 86' lang='lat' dir='ltr'><strong>Israel:</strong></span> <span class='ocrx_word' id='word_1_903' title='bbox 1781 5548 1908 5617; x_wconf 93' lang='lat' dir='ltr'><strong>quia</strong></span> <span class='ocrx_word' id='word_1_904' title='bbox 1937 5547 1990 5602; x_wconf 90' lang='lat' dir='ltr'><strong>in</strong></span> <span class='ocrx_word' id='word_1_905' title='bbox 2022 5562 2123 5603; x_wconf 90' lang='lat' dir='ltr'><strong>no-</strong></span> <span class='ocrx_word' id='word_1_906' title='bbox 2221 5554 2522 5613; x_wconf 81' lang='lat' dir='ltr'><strong>afl&#39;erebant</strong></span> <span class='ocrx_word' id='word_1_907' title='bbox 2551 5557 2719 5627; x_wconf 88' lang='lat' dir='ltr'><strong>pretia</strong></span> <span class='ocrx_word' id='word_1_908' title='bbox 2745 5573 2934 5615; x_wconf 86' lang='lat' dir='ltr'><strong>eorum</strong></span> <span class='ocrx_word' id='word_1_909' title='bbox 2959 5574 3080 5631; x_wconf 73' lang='lat' dir='ltr'><strong>quae</strong></span> <span class='ocrx_word' id='word_1_910' title='bbox 3099 5560 3430 5633; x_wconf 89' lang='lat' dir='ltr'><strong>vendebant,</strong></span> <span class='ocrx_word' id='word_1_911' title='bbox 3457 5572 3513 5620; x_wconf 86' lang='lat' dir='ltr'><strong>et</strong></span> <span class='ocrx_word' id='word_1_912' title='bbox 3535 5561 3773 5634; x_wconf 85' lang='lat' dir='ltr'><strong>ponebant</strong></span> 
     </span>
    </p>
   </div>
   <div class='ocr_carea' id='block_1_59' title="bbox 522 5634 3774 5725">
    <p class='ocr_par' dir='ltr' id='par_1_59' title="bbox 522 5634 3774 5725">
     <span class='ocr_line' id='line_1_59' title="bbox 522 5634 3774 5725; baseline 0.004 -36"><span class='ocrx_word' id='word_1_913' title='bbox 522 5636 673 5690; x_wconf 89' lang='lat' dir='ltr'><strong>mine</strong></span> <span class='ocrx_word' id='word_1_914' title='bbox 696 5637 904 5691; x_wconf 87' lang='lat' dir='ltr'><strong>Domini</strong></span> <span class='ocrx_word' id='word_1_915' title='bbox 936 5636 1106 5694; x_wconf 87' lang='lat' dir='ltr'><strong>nostri</strong></span> <span class='ocrx_word' id='word_1_916' title='bbox 1132 5636 1261 5694; x_wconf 90' lang='lat' dir='ltr'><strong>Jesu</strong></span> <span class='ocrx_word' id='word_1_917' title='bbox 1287 5634 1492 5691; x_wconf 87' lang='lat' dir='ltr'><strong>Christi</strong></span> <span class='ocrx_word' id='word_1_918' title='bbox 1516 5636 1995 5708; x_wconf 76' lang='lat' dir='ltr'><strong>Nazarteni,quem</strong></span> <span class='ocrx_word' id='word_1_919' title='bbox 2021 5652 2118 5694; x_wconf 89' lang='lat' dir='ltr'><strong>vos</strong></span> <span class='ocrx_word' id='word_1_920' title='bbox 2221 5659 2349 5705; x_wconf 79' lang='lat' dir='ltr'><strong>ante</strong></span> <span class='ocrx_word' id='word_1_921' title='bbox 2379 5649 2546 5720; x_wconf 85' lang='lat' dir='ltr'><strong>pedes</strong></span> <span class='ocrx_word' id='word_1_922' title='bbox 2574 5651 2962 5720; x_wconf 87' lang='lat' dir='ltr'><strong>apostolorum.</strong></span> <span class='ocrx_word' id='word_1_923' title='bbox 2993 5655 3344 5710; x_wconf 86' lang='lat' dir='ltr'><strong>Dividebatur</strong></span> <span class='ocrx_word' id='word_1_924' title='bbox 3371 5665 3551 5713; x_wconf 84' lang='lat' dir='ltr'><strong>autem</strong></span> <span class='ocrx_word' id='word_1_925' title='bbox 3582 5652 3774 5725; x_wconf 78' lang='lat' dir='ltr'><strong>singulis</strong></span> 
     </span>
    </p>
   </div>
   <div class='ocr_carea' id='block_1_60' title="bbox 521 5731 3769 5828">
    <p class='ocr_par' dir='ltr' id='par_1_60' title="bbox 521 5731 3769 5828">
     <span class='ocr_line' id='line_1_60' title="bbox 521 5731 3769 5828; baseline 0.005 -35"><span class='ocrx_word' id='word_1_926' title='bbox 521 5731 870 5793; x_wconf 73' lang='lat' dir='ltr'><strong>cruciﬁxistis</strong></span> <span class='ocrx_word' id='word_1_927' title='bbox 897 5755 910 5790; x_wconf 86' lang='lat'><strong>:</strong></span> <span class='ocrx_word' id='word_1_928' title='bbox 941 5753 1100 5807; x_wconf 90' lang='lat' dir='ltr'><strong>quem</strong></span> <span class='ocrx_word' id='word_1_929' title='bbox 1125 5741 1264 5798; x_wconf 89' lang='lat' dir='ltr'><strong>Deus</strong></span> <span class='ocrx_word' id='word_1_930' title='bbox 1288 5741 1568 5798; x_wconf 82' lang='lat' dir='ltr'><strong>suscitavit</strong></span> <span class='ocrx_word' id='word_1_931' title='bbox 1590 5744 1888 5809; x_wconf 88' lang='lat' dir='ltr'><strong>amortuis,</strong></span> <span class='ocrx_word' id='word_1_932' title='bbox 1927 5747 1982 5804; x_wconf 91' lang='lat' dir='ltr'><strong>in</strong></span> <span class='ocrx_word' id='word_1_933' title='bbox 2015 5749 2116 5804; x_wconf 85' lang='lat' dir='ltr'><strong>hoc</strong></span> <span class='ocrx_word' id='word_1_934' title='bbox 2222 5759 2384 5822; x_wconf 91' lang='lat' dir='ltr'><strong>prout</strong></span> <span class='ocrx_word' id='word_1_935' title='bbox 2427 5751 2626 5820; x_wconf 86' lang='lat' dir='ltr'><strong>cuique</strong></span> <span class='ocrx_word' id='word_1_936' title='bbox 2653 5763 2788 5818; x_wconf 76' lang='lat' dir='ltr'><strong>Opus</strong></span> <span class='ocrx_word' id='word_1_937' title='bbox 2829 5761 2965 5808; x_wconf 79' lang='lat' dir='ltr'><strong>erat.</strong></span> <span class='ocrx_word' id='word_1_938' title='bbox 3012 5752 3214 5824; x_wconf 80' lang='lat' dir='ltr'><strong>Josepli</strong></span> <span class='ocrx_word' id='word_1_939' title='bbox 3243 5763 3450 5824; x_wconf 88' lang='lat' dir='ltr'><strong>autem,</strong></span> <span class='ocrx_word' id='word_1_940' title='bbox 3482 5755 3572 5828; x_wconf 90' lang='lat' dir='ltr'><strong>qui</strong></span> <span class='ocrx_word' id='word_1_941' title='bbox 3599 5760 3769 5824; x_wconf 74' lang='lat' dir='ltr'><strong>cogno-</strong></span> 
     </span>
    </p>
   </div>
  </div>
