3920 6200
143 140 247 197 695

1226 138 1432 196 LIBER
1472 143 1760 201 ACTUUM
1798 143 2334 204 APOSTOLORUM.

3342 162 3448 222 694

142 262 381 314 minatus
404 262 488 311 est
520 254 807 310 Barnabas
834 255 901 309 ab
931 254 1192 325 apostolis
1219 254 1401 325 (quod
1451 268 1533 314 est
1562 258 1735 314 iuter—
1765 260 1819 320 A
1844 274 1971 317 ecce
2002 261 2100 316 viri
2132 277 2267 332 quos
2294 264 2552 334 posuistis
2582 266 2635 321 in
2667 281 2965 339 carcerem,
3015 272 3213 329 suntin
3238 280 3442 348 templo

142 359 409 423 pretatum
439 349 612 404 Filius
655 346 1061 417 consolationis)
1108 347 1346 416 Levites,
1378 348 1613 421 Cyprius
1640 367 1734 423 ge-

139 458 300 511 nere,
332 457 450 497 cum
483 440 714 495 haberet
745 454 959 510 agrum,
988 438 1231 493 vendidit
1262 456 1383 495 eum
1410 483 1423 508 ,
1451 452 1504 497 et
1552 444 1737 498 attulit

135 536 381 606 pretium,
414 544 468 589 et
495 533 692 604 posuit
722 542 844 587 ante
874 531 1039 602 pedes
1078 532 1476 601 apostolorum.

201 629 350 702 [ϐαρ.
407 624 495 697 ν.]
543 626 644 679 Vir
690 633 869 680 autem
925 624 1143 694 quidam
1194 625 1417 682 nomine
1470 628 1729 697 Ananias,

132 739 247 778 cum
278 720 516 790 Saphira
552 733 732 774 uxore
754 732 871 783 sua,
900 717 1143 773 vendidit
1165 734 1352 788 agrum
1385 729 1438 775 et
1467 720 1735 777 fraudavit

133 820 194 872 tte
226 815 397 887 pretio
428 814 586 884 agri,
623 812 842 867 conscia
896 826 1064 866 uxore
1097 827 1223 868 sua:
1258 821 1312 868 et
1353 812 1584 869 aﬂ‘erens
1607 831 1729 886 par-

135 924 229 966 tem
251 908 551 981 quamdam
576 951 592 976 ,
629 908 701 963 ad
730 906 893 978 pedes
936 909 1302 977 apostolorum
1352 911 1549 979 posuit.
1586 911 1733 966 Dixit

130 1020 299 1062 autem
330 1005 575 1061 Petrus:
635 1004 845 1061 Anania
874 1044 888 1068 ,
936 1019 1033 1058 cur
1081 1004 1307 1058 tentavit
1360 1004 1587 1060 Satanas
1633 1021 1731 1062 cor

135 1110 289 1164 tuum,
315 1098 543 1153 mentiri
581 1107 636 1151 te
662 1096 883 1164 Spiritui
912 1106 1128 1160 sancto,
1152 1106 1207 1151 et
1231 1096 1483 1154 fraudare
1510 1099 1577 1155 de
1608 1116 1731 1170 pre-

130 1193 195 1246 tio
223 1189 376 1260 agri?
408 1188 617 1243 Nonne
654 1203 878 1244 manens
910 1188 1003 1243 tibi
1037 1190 1309 1253 manebat,
1343 1199 1400 1245 et
1435 1192 1730 1247 venumda-

130 1296 227 1339 tum
259 1285 312 1339 in
345 1293 434 1337 tua
475 1292 604 1338 erat
638 1284 948 1352 potestate?
975 1283 1154 1351 Quare
1186 1284 1415 1353 posuisti
1459 1287 1511 1341 in
1561 1288 1730 1345 corde

131 1387 211 1428 tuo
239 1376 378 1429 hanc
406 1374 571 1428 rem?
601 1389 711 1427 non
740 1388 799 1428 es
822 1372 1079 1427 mentitus
1105 1374 1435 1443 hominibus,
1461 1377 1557 1431 sed
1593 1378 1722 1433 Deo.

129 1469 353 1523 Audiens
384 1475 574 1521 autem
604 1465 847 1522 Auanias
884 1467 998 1521 haec
1029 1466 1191 1522 verba
1234 1468 1430 1523 cecidit
1460 1479 1512 1525 et
1545 1473 1726 1539 exSpi-

129 1563 270 1615 ravit.
300 1561 369 1615 Et
400 1561 593 1615 factus
626 1570 709 1615 est
754 1559 915 1615 timor
943 1575 1170 1632 magnus
1196 1576 1359 1631 super
1390 1578 1580 1618 omnes
1625 1565 1718 1634 qui

1839 360 2065 421 stantes,
2093 363 2146 408 et
2170 354 2428 411 docentes
2457 357 2735 429 p0pulum.
2756 359 2909 416 Tunc
2931 362 3059 419 abiit
3089 367 3433 436 magistratus

1839 460 1960 499 cum
1983 446 2268 515 ministris,
2297 457 2352 504 et
2374 449 2595 506 adduxit
2617 452 2735 509 illos
2758 453 2875 509 sine
2898 456 2978 511 vi:
3012 457 3270 515 timebant
3291 462 3436 520 enim

1840 537 2118 607 populum,
2153 555 2219 596 ne
2247 540 2653 614 lapidarentur;
2684 554 2737 600 et
2760 560 2880 601 eum
2906 547 3263 607 adduxissent
3286 554 3429 625 illos,

1838 640 2143 688 statuerunt
2170 634 2221 689 in
2248 636 2517 691 concilio;
2554 648 2609 693 et
2638 639 2993 710 interrogavit
3040 658 3137 698 eos
3178 646 3431 718 princeps

1837 728 2201 795 sacerdotum,
2226 729 2447 788 dicens:
2481 729 2854 802 Praeeipiendo
2878 737 3232 805 praecepimus
3255 741 3431 808 vobis,

1837 834 1905 873 ne
1936 819 2204 876 doceretis
2231 822 2283 877 in
2311 824 2529 879 nomine
2553 824 2686 879 isto:
2717 834 2771 880 et
2794 841 2918 881 ecce
2939 827 3188 897 replestis
3216 830 3433 887 Jerusa-

1836 912 1939 967 lem
1969 912 2217 969 doctrina
2265 925 2484 985 vestra,
2535 926 2589 973 et
2634 918 2798 974 vultis
2843 919 3097 977 inducere
3136 936 3301 994 super
3333 940 3433 981 nos

1834 1007 2149 1075 sanguinem
2184 1006 2419 1062 hominis
2466 1008 2639 1063 istius.
2680 1008 3038 1079 Respondeas
3096 1022 3275 1069 autem
3331 1016 3431 1072 Pe-

1836 1106 1987 1163 trus,
2043 1109 2096 1153 et
2141 1100 2411 1169 apostoli,
2471 1102 2756 1157 dixerunt:
2790 1102 3026 1159 Obedire
3070 1114 3287 1176 oportet
3317 1108 3430 1164 Deo

1834 1190 2006 1260 magis
2034 1205 2195 1261 quam
2221 1190 2550 1247 hominibus.
2574 1192 2715 1248 Deus
2739 1204 2953 1265 patrum
2979 1208 3284 1253 nostrorum
3306 1216 3430 1257 sus-

1831 1280 2016 1335 citavit
2043 1282 2247 1349 Jesum,
2283 1299 2441 1351 quem
2474 1298 2569 1339 vos
2601 1286 2976 1355 interemistis,
3026 1290 3425 1360 suspendentes

1830 1372 1882 1427 in
1914 1373 2077 1443 ligno.
2111 1374 2267 1429 Ilunc
2301 1376 2597 1447 principem
2634 1387 2688 1433 et
2735 1380 3059 1436 salvatorem
3090 1382 3230 1440 Deus
3269 1388 3424 1442 exal-

1833 1466 1965 1523 tavit
1994 1468 2213 1524 dextera
2242 1485 2363 1535 sua,
2408 1471 2474 1525 ad
2522 1471 2753 1527 dandam
2782 1475 3156 1543 pcenitentiam
3203 1478 3425 1549 lsraeli,

1828 1568 1884 1614 et
1930 1561 2307 1618 remissionem
2361 1573 2730 1634 peccatorum.
2786 1566 2853 1622 Et
2902 1583 2999 1624 nos
3039 1584 3226 1628 sumus
3255 1581 3422 1632 testes

131 1657 424 1711 audierunt.
491 1655 804 1725 Sttrgentes
861 1664 1040 1710 autem
1106 1655 1337 1725 juvenes
1400 1667 1722 1714 amoverunt
1753 1652 1800 1717 B
1829 1650 2017 1708 [lorum
2050 1656 2338 1711 verborum
2364 1698 2377 1723 ,
2425 1666 2479 1713 et
2528 1658 2760 1729 Spiritus
2790 1671 3012 1717 sanctus
3037 1704 3052 1731 ,
3087 1681 3244 1735 quem
3272 1666 3422 1725 dedit

127 1765 270 1815 eum,
298 1758 351 1804 et
398 1749 711 1804 efferentes
762 1747 1113 1819 sepelierunt.
1170 1748 1393 1805 Factum
1426 1762 1507 1807 est
1536 1764 1719 1809 autem

127 1844 269 1912 quasi
294 1844 556 1898 horarum
625 1843 787 1897 trium
817 1842 1089 1912 spatium,
1136 1852 1190 1897 et
1234 1858 1374 1900 uxor
1401 1845 1591 1914 ipsius,
1626 1862 1721 1903 ne-

129 1937 290 1992 sciens
317 1936 464 2006 quod
500 1936 710 1991 factum
741 1935 935 2001 fuerat,
968 1935 1231 1991 introivit.
1264 1936 1407 1991 Dixit
1457 1949 1637 1994 autem
1668 1942 1718 1996 ei

129 2026 330 2083 Petrus:
355 2028 457 2083 Die
482 2030 649 2093 mihi,
675 2028 894 2096 mulier,
929 2027 973 2082 si
1007 2027 1138 2081 tanti
1169 2042 1357 2097 agrum
1387 2031 1718 2085 vendidisti?

128 2118 187 2171 At
216 2120 298 2172 illa
345 2120 526 2173 dixit:
579 2121 759 2175 Etiam
793 2120 946 2173 tanti.
995 2119 1186 2174 Petrus
1217 2130 1394 2175 autem
1446 2122 1514 2177 ad
1554 2138 1714 2180 eam:

130 2213 249 2279 Quid
278 2216 463 2285 utique
490 2216 761 2270 convenit
790 2216 943 2270 vobis
996 2223 1206 2271 tentare
1237 2216 1500 2286 Spiritum
1536 2219 1719 2273 Domi-

129 2309 204 2361 ni?
231 2308 364 2363 Ecce
397 2310 571 2379 pedes
602 2325 819 2377 eorum,
846 2308 937 2379 qui
962 2309 1297 2380 sepelierunt
1318 2311 1491 2365 virum
1526 2320 1709 2377 tuum,

132 2400 184 2453 ad
212 2402 451 2469 ostium;
503 2412 563 2459 et
615 2401 846 2457 eﬂ‘erent
894 2410 967 2457 te.
1017 2400 1314 2458 Confestim
1346 2404 1542 2458 cecidit
1589 2415 1715 2461 ante

134 2495 275 2563 pedes
300 2497 441 2567 ejus,
476 2508 532 2554 et
565 2498 891 2568 exspiravit.
935 2495 1205 2552 lntrantes
1235 2507 1414 2552 autem
1447 2498 1710 2568 iuvenes,

132 2588 436 2645 invenerunt
468 2592 627 2646 illam
668 2600 962 2655 mortuam,
1005 2600 1058 2645 et
1101 2591 1431 2659 extulerunt,
1464 2601 1520 2647 et
1550 2607 1710 2662 sepe-

128 2678 303 2737 lieruut
329 2682 394 2736 ad
433 2684 622 2738 virum
650 2698 831 2737 suum.
875 2682 945 2737 Et
972 2681 1143 2738 factus
1173 2692 1256 2737 est
1299 2684 1461 2739 timor
1487 2699 1713 2755 magnus

133 2772 172 2824 iu
194 2774 432 2831 universa
457 2777 727 2843 ecclesia,
761 2784 815 2830 et
841 2776 892 2830 in
922 2790 1111 2831 omnes
1142 2776 1230 2844 qui
1260 2776 1548 2832 audierunt
1570 2776 1706 2834 hanc.

133 2865 217 2919 Per
243 2883 424 2924 manus
456 2878 652 2925 autem
681 2870 1051 2939 apostolorum
1083 2867 1284 2924 ﬁebant
1308 2869 1459 2938 signa
1504 2878 1557 2925 et
1588 2885 1710 2940 pro-

136 2956 260 3027 digia
285 2961 447 3016 multa
474 2962 541 3017 in
575 2961 751 3032 plebe.
782 2960 851 3014 Et
892 2968 1050 3015 erant
1087 2960 1415 3016 unanimiter
1437 2976 1626 3017 omnes
1655 2962 1707 3017 in

1824 1748 1966 1804 Deus
2012 1750 2266 1806 omnibus
2313 1750 2694 1808 obedientihus
2742 1754 2864 1809 sibi.
2917 1756 3043 1811 Haec
3074 1772 3194 1813 cum
3235 1761 3417 1816 audis-

1822 1848 1964 1909 sent,
1999 1841 2410 1898 dissecabantur
2434 1886 2448 1911 ,
2485 1854 2539 1898 et
2568 1844 2881 1915 cogitabant
2926 1848 3235 1906 interﬁcere
3265 1852 3411 1910 illos.

1822 1930 2061 2003 Surgens
2106 1943 2286 1989 autem
2328 1934 2548 2005 quidam
2600 1937 2651 1990 in
2700 1938 2934 1994 concilio
2964 1941 3281 2010 phariszeus,
3318 1961 3415 2001 no-

1820 2028 1967 2081 mine
1995 2027 2296 2097 Gamaliel,
2349 2029 2483 2100 legis
2538 2029 2733 2086 doctor
2772 2031 3106 2092 honorabilis
3149 2039 3415 2096 universae

1822 2118 1998 2187 plebi,
2024 2119 2190 2187 jussit
2236 2120 2380 2177 foras
2410 2122 2478 2177 ad
2512 2122 2678 2180 breve
2720 2125 2967 2183 homines
2994 2128 3131 2184 fieri.
3170 2132 3417 2205 Dixitque

1818 2209 1885 2262 ad
1918 2210 2041 2264 illos
2069 2229 2080 2263 :
2113 2211 2224 2266 Viri
2253 2212 2546 2280 Israelitae,
2579 2215 2845 2273 attendite
2872 2218 3028 2273 vobis
3052 2237 3215 2291 super
3238 2224 3413 2281 homi-

1820 2302 1980 2357 nibus
2012 2302 2130 2358 istis
2160 2304 2285 2373 quid
2315 2306 2486 2360 acturi
2516 2307 2653 2361 sitis.
2686 2309 2827 2363 Ante
2852 2309 2952 2365 hos
2985 2311 3127 2366 enim
3174 2313 3290 2369 dies
3319 2332 3412 2373 ex-

1817 2393 1958 2448 stitit
1978 2394 2252 2463 Theodas,
2281 2395 2491 2463 dicens,
2514 2412 2572 2453 se
2595 2413 2717 2455 esse
2738 2400 3002 2471 aliquem,
3023 2404 3108 2458 cui
3131 2410 3412 2464 consensit

1817 2500 2079 2541 numerus
2126 2489 2365 2543 virorum
2420 2488 2636 2546 circiter
2697 2492 3257 2564 quadringentorum:
3315 2504 3407 2572 qui

1814 2577 2027 2632 occisus
2078 2590 2199 2634 est:
2249 2588 2303 2633 et
2330 2595 2517 2635 omnes
2562 2583 2651 2652 qui
2699 2585 2993 2641 credebant
3031 2587 3118 2653 ei,
3159 2591 3407 2663 dissipati

1816 2680 1962 2738 sunt,
1995 2681 2048 2727 et
2078 2673 2280 2729 redacti
2314 2673 2380 2729 ad
2403 2674 2654 2731 nihilum.
2686 2676 2816 2733 Post
2848 2679 2991 2736 hunc
3011 2683 3219 2739 exstitit
3240 2686 3406 2745 ludas

1815 2764 2068 2820 Galilaeus
2098 2766 2150 2821 in
2177 2765 2369 2823 diebus
2406 2769 2795 2838 professionis,
2839 2780 2893 2827 et
2917 2774 3116 2831 avertit
3147 2779 3403 2848 populum

1815 2867 1939 2926 post
1959 2872 2037 2923 se,
2073 2868 2129 2913 et
2160 2859 2275 2928 ipse
2302 2861 2502 2929 periit:
2546 2873 2599 2917 et
2633 2877 2847 2930 omnes,
2882 2875 3147 2937 quotquot
3177 2883 3408 2929 consen-

1814 2958 2007 3005 serunt
2030 2950 2102 3020 ei,
2134 2951 2365 3023 dispersi
2398 2962 2544 3008 sunt.
2580 2954 2648 3009 Et
2687 2972 2831 3013 nunc
2868 2959 3047 3030 itaque
3077 2962 3198 3019 dico
3226 2968 3402 3037 vobis,

134 3053 319 3118 porticu
342 3054 686 3110 Salomonis,
714 3053 1052 3110 οωιθτοτυηι
1074 3060 1253 3107 autem
1286 3068 1446 3109 nemo
1477 3054 1710 3112 audebat
1734 3033 1781 3100 C
1814 3040 2073 3099 discedite
2098 3043 2166 3098 ab
2188 3042 2495 3100 hominibus
2524 3047 2663 3116 iSliS,
2698 3058 2751 3105 et
2780 3051 2942 3108 sinite
2970 3053 3116 3109 illos:
3146 3059 3401 3127 quoniam

138 3159 185 3197 se
204 3148 534 3220 conjungere
582 3148 723 3203 illis:
778 3148 872 3203 sed
905 3145 1287 3218 magniﬁcabat
1315 3162 1409 3204 eos
1455 3149 1703 3219 populus.

144 3237 284 3309 Magis
308 3252 483 3299 autem
518 3241 816 3312 augebatur
854 3241 1193 3297 credentium
1222 3240 1273 3296 in
1297 3240 1527 3298 Domino
1567 3243 1707 3299 mul-

139 3331 283 3389 titudo
310 3336 578 3404 virorum,
618 3350 682 3390 ac
714 3336 1038 3401 mulierum,
1083 3335 1156 3389 ita
1204 3342 1261 3389 nt
1289 3333 1340 3389 in
1374 3334 1578 3405 plateas
1608 3335 1706 3404 eji-

138 3434 295 3479 cerent
318 3427 590 3489 infirmos.
616 3434 673 3482 et
710 3434 981 3498 ponerent
1013 3426 1064 3480 in
1095 3424 1305 3509 lectulis
1332 3440 1395 3481 ac
1422 3426 1662 3497 grabatis
1684 3466 1701 3493 ,

139 3523 200 3580 ut,
230 3519 472 3579 veniente
508 3523 691 3587 Petro,
725 3519 922 3575 saltem
962 3520 1153 3575 umbra
1184 3519 1326 3575 illius
1351 3520 1706 3576 obumbraret

140 3621 427 3683 quemquam
452 3614 695 3683 illorum,
720 3620 776 3669 et
805 3613 1169 3669 liberarentur
1197 3613 1266 3667 ab
1296 3612 1702 3671 infirmitatibus

140 3701 247 3755 suis.
272 3706 834 3765 Concurrebatautem
863 3717 916 3763 et
935 3707 1225 3763 multitudo
1246 3707 1546 3764 vicinarum
1574 3709 1702 3765 civi-

142 3799 278 3850 latum
300 3797 625 3867 Jerusalem,
656 3800 951 3858 aﬂerentes
978 3816 1173 3872 aegros,
1198 3811 1251 3857 et
1279 3813 1503 3859 vexatos
1532 3819 1561 3857 a
1589 3804 1700 3874 spi-

138 3882 300 3943 ritibus
325 3891 653 3953 immundis:
687 3894 777 3964 qui
799 3893 1128 3949 curabantur
1156 3908 1366 3948 omnes.
1392 3895 1699 3965 Exsurgens

140 3986 288 4035 autem
315 3987 561 4056 princeps
591 3986 968 4052 sacerdotum,
1018 3996 1072 4041 et
1117 4001 1307 4043 omnes
1337 3988 1427 4056 qui
1452 4003 1575 4043 cum
1603 3988 1697 4044 illo

139 4082 265 4129 erant
289 4076 423 4149 (qua:
462 4091 545 4137 est
587 4082 812 4136 haeresis
837 4080 1314 4150 Sadducneorum),
1345 4082 1540 4152 repleti
1572 4092 1697 4141 sunt

141 4164 265 4223 zelo:
312 4183 364 4229 et
404 4176 713 4247 iniecerunt
756 4191 948 4233 manus
985 4177 1039 4232 in
1083 4176 1385 4247 apostolos,
1409 4185 1465 4233 et
1493 4193 1693 4248 posue-

138 4268 241 4313 runt
266 4278 353 4319 eos
378 4268 429 4323 in
461 4267 707 4324 custodia
733 4268 973 4339 publica.
1004 4269 1247 4341 Angelus
1277 4279 1458 4327 autem
1478 4272 1694 4329 Domini

141 4357 217 4410 Der
254 4366 454 4414 noctem
501 4360 753 4427 aperiens
800 4360 994 4429 ianuas
1031 4362 1303 4429 carceris,
1352 4371 1407 4418 et
1453 4363 1692 4420 educens

141 4447 231 4506 eos,
253 4442 414 4503 dixit:
450 4450 542 4515 Ite,
576 4458 633 4504 et
657 4457 865 4506 stantes
911 4451 1191 4520 loquimini
1224 4451 1279 4506 in
1310 4454 1512 4524 templo
1542 4454 1687 4523 plebi

142 4534 287 4589 omnia
313 4542 470 4597 verba
503 4542 629 4597 vita:
661 4542 841 4613 hujus.
875 4544 976 4609 Qui
1021 4559 1142 4600 cum
1173 4544 1485 4613 audissent,
1517 4547 1687 4604 intra-

142 4630 550 4689 verunldiluculo
579 4634 635 4689 in
661 4633 947 4705 templum,
977 4645 1031 4690 et
1058 4634 1345 4691 docebant.
1378 4636 1688 4696 Adveniens

142 4722 287 4774 autem
324 4728 567 4799 princeps
619 4727 988 4796 sacerdotum,
1035 4740 1089 4786 et
1114 4732 1203 4801 qui
1247 4746 1367 4787 cum
1401 4747 1467 4788 eo
1495 4743 1685 4800 erant,

141 4818 468 4877 convenerunt
505 4822 821 4887 concilium,
872 4834 925 4877 et
955 4838 1145 4879 omnes
1173 4825 1419 4881 seniores
1450 4826 1684 4883 filiorum

142 4896 275 4988 Israel
304 4929 316 4965 :
361 4923 412 4969 et
439 4917 706 4970 miserunt
734 4918 801 4970 ad
830 4932 1137 4988 carcerem,
1173 4926 1230 4973 ut
1265 4918 1681 4976 adducerentur.

142 4985 249 5048 Cum
275 5015 438 5059 autem
490 5008 771 5063 venissent
808 5008 1067 5075 ministri,
1122 5020 1171 5063 et
1213 5020 1401 5081 aperto
1423 5028 1681 5080 carcere,

142 5096 230 5140 non
257 5092 570 5156 invenissent
618 5101 771 5171 illos,
806 5104 1010 5158 reversi
1042 5104 1454 5171 nuntiaverunt,
1496 5106 1682 5163 dicen-

143 5182 234 5267 tes:
263 5186 529 5251 Carcerem
558 5196 775 5267 quidem
807 5197 1109 5253 invenimus
1132 5198 1373 5253 clausum
1392 5216 1514 5255 cum
1536 5201 1683 5258 omni

138 5265 393 5351 diligentia,
423 5295 476 5341 et
498 5265 752 5343 custodes
784 5299 991 5345 stantes
1021 5299 1146 5345 ante
1172 5291 1367 5359 januas
1392 5306 1406 5345 :
1436 5293 1682 5361 aperien-

143 5364 207 5415 tes
231 5380 387 5432 autem
418 5380 684 5435 neminem
723 5383 869 5437 intus
910 5382 1238 5437 invenimus.
1288 5383 1352 5437 L't
1384 5392 1563 5438 autem
1586 5402 1681 5439 au-

145 5451 317 5520 dierunt
346 5470 438 5526 hos
466 5488 744 5529 sermones
790 5476 1135 5544 magiSIratus
1184 5475 1369 5543 templi
1397 5518 1410 5541 ,
1441 5485 1497 5529 et
1536 5477 1685 5543 prin-

146 5549 261 5618 CiPes
280 5567 634 5634 sacerdotum,
676 5570 1020 5640 ambigebant
1066 5570 1131 5624 de
1173 5570 1275 5624 illis
1310 5569 1562 5639 quidnam
1585 5570 1680 5625 ﬁe—

146 5652 225 5700 τρι.
253 5653 537 5717 Adveniens
568 5672 745 5719 autem
801 5662 1016 5733 quidam
1068 5663 1334 5718 nuntiavit
1384 5663 1501 5717 eis:
1551 5661 1684 5729 Quia

1809 3136 1853 3190 si
1877 3144 1959 3191 est
1988 3151 2056 3191 ex
2084 3135 2396 3192 hominibus
2422 3138 2707 3195 consilium
2736 3142 2838 3198 hoc
2857 3190 2871 3212 ,
2899 3156 2993 3201 aut
3015 3160 3179 3218 opus,
3205 3151 3405 3210 dissol-

1808 3239 1997 3286 vetur:
2041 3232 2085 3286 si
2116 3246 2246 3287 vero
2277 3247 2344 3287 ex
2380 3233 2488 3287 Deo
2520 3241 2638 3301 est,
2672 3250 2777 3292 non
2811 3241 3059 3308 poteritis
3095 3243 3400 3305 dissolvere

1806 3322 1965 3389 illud,
1998 3338 2065 3379 ne
2088 3323 2225 3380 forte
2258 3335 2308 3379 et
2356 3324 2465 3380 Deo
2493 3341 2794 3399 repugnare
2838 3331 3209 3391 inveniamiui.
3256 3341 3400 3395 Con-

1806 3425 2095 3469 senserunt
2114 3424 2296 3471 autem
2322 3416 2422 3471 illi.
2448 3417 2516 3473 Et
2531 3432 2896 3479 convocantes
2918 3429 3216 3496 apostolos,
3239 3432 3399 3488 cassis

1804 3507 2258 3565 denuntiavertmt
2303 3525 2371 3568 ne
2401 3515 2623 3570 omnino
2674 3517 3029 3588 loquerentur
3072 3523 3127 3577 in
3178 3525 3397 3583 nomine

1802 3602 1952 3671 Jesu,
1976 3612 2029 3658 et
2055 3603 2375 3661 dimiserunt
2397 3620 2513 3662 eos.
2543 3608 2609 3663 Et
2639 3608 2711 3665 illi
2735 3610 2952 3682 quidem
2985 3612 3394 3682 ibantgauden-

1803 3702 1884 3750 tes
1908 3710 1936 3750 a
1964 3707 2257 3765 consrtectu
2297 3700 2544 3766 concilii,
2593 3703 2847 3773 quoniam
2879 3704 3023 3775 digni
3055 3704 3226 3761 habiti
3266 3720 3395 3768 sunt

1801 3804 1902 3859 pro
1925 3789 2143 3846 nomine
2164 3790 2294 3847 Jesu
2324 3794 2707 3849 contumeliam
2744 3796 2875 3866 pati.
2908 3797 3065 3855 Omni
3097 3806 3279 3856 autem
3307 3801 3396 3858 die

1802 3895 1909 3937 non
1940 3882 2247 3951 cessabant,
2298 3884 2353 3937 in
2386 3885 2589 3956 templo
2617 3894 2673 3940 et
2698 3886 2843 3943 circa
2877 3891 3067 3945 domos
3089 3890 3347 3951 docentes
3377 3935 3392 3961 ,

1800 3983 1855 4031 et
1883 3975 2319 4046 evangelizantes
2338 3974 2612 4033 Christum
2640 3978 2848 4035 Jesum.

1871 4066 2023 4139 [Cap.
2052 4068 2161 4140 VL]
2188 4068 2242 4124 ln
2272 4069 2465 4126 diebus
2485 4079 2663 4127 autem
2696 4073 2826 4141 illis,
2852 4086 3136 4134 crescente
3162 4094 3393 4137 numero

1798 4161 2208 4233 discipulorum,
2241 4164 2439 4221 factum
2473 4176 2557 4222 est
2586 4183 2838 4225 murmur
2866 4170 3177 4229 Grzccorum
3203 4174 3393 4230 adver-

1797 4271 1891 4311 sus
1931 4255 2190 4313 Hebraeos
2215 4298 2229 4323 ,
2278 4272 2343 4312 eo
2386 4258 2531 4329 quod
2565 4258 2977 4331 despicerentur
3002 4262 3057 4318 in
3086 4263 3390 4319 ministerio

1797 4350 2108 4421 quotidiano
2152 4351 2329 4407 vidua:
2358 4367 2568 4409 eorum.
2620 4352 2998 4410 Convocantes
3024 4364 3205 4409 autem
3245 4354 3381 4409 duo-

1716 4422 1772 4481 D
1797 4446 1973 4503 decim
2020 4448 2416 4504 multitudinem
2450 4446 2841 4517 discipulorum
2866 4488 2880 4513 ,
2927 4447 3216 4503 dixerunt:
3265 4448 3384 4505 Non

1796 4550 1878 4596 est
1906 4555 2118 4611 acquum
2148 4555 2247 4595 nos
2271 4541 2655 4611 derelinquere
2700 4539 2923 4597 verbum
2958 4538 3076 4607 Dei,
3110 4548 3164 4594 et
3190 4540 3385 4598 minis-

1798 4643 1943 4689 trare
1972 4633 2193 4689 mensis.
2238 4630 2596 4687 Considerate
2634 4646 2795 4703 ergo,
2850 4630 3075 4697 fratres,
3125 4631 3272 4688 viros
3320 4648 3387 4689 ex

1794 4725 1947 4780 vobis
1976 4724 2102 4779 boni
2135 4724 2428 4779 testimonii
2464 4730 2689 4793 septem,
2721 4723 2911 4793 plenos
2934 4721 3136 4794 Spiritu
3164 4735 3384 4792 sancto,

1794 4828 1847 4873 et
1878 4819 2165 4889 sapientia,
2190 4833 2330 4889 quos
2352 4818 2743 4873 constituamus
2774 4831 2935 4887 super
2966 4816 3069 4872 hoc
3097 4832 3253 4887 opus.
3276 4817 3386 4874 Nos

1794 4927 1924 4966 vero
1965 4909 2220 4975 orationi,
2249 4919 2306 4965 et
2334 4908 2639 4964 ministerio
2664 4908 2815 4964 verbi
2863 4909 3125 4965 instantes
3156 4909 3379 4968 erimus.

1796 5006 1860 5060 Et
1883 5005 2082 5075 placuit
2111 5019 2290 5059 sermo
2310 5018 2491 5057 coram
2521 5002 2668 5057 omni
2700 5003 3067 5059 multitudine.
3104 5004 3171 5059 Et
3201 5005 3384 5075 elege-

1792 5107 1922 5154 runt
1951 5098 2309 5167 Stephanum,
2340 5097 2514 5151 virum
2546 5097 2761 5167 plenum
2795 5098 2898 5151 fide
2943 5107 2998 5153 et
3023 5098 3220 5169 Spiritu
3261 5113 3383 5155 san-

1792 5201 1901 5259 cto,
1934 5199 1988 5245 et
2018 5189 2352 5259 Philippum,
2384 5197 2438 5244 et
2458 5187 2825 5256 Proehorum,
2859 5200 2908 5245 et
2940 5192 3258 5247 Nicanorem
3280 5234 3295 5260 ,
3328 5202 3385 5251 et

1794 5284 2102 5349 Timonem,
2133 5290 2187 5337 et
2219 5280 2564 5348 Parmenam,
2590 5292 2645 5336 et
2674 5281 2950 5337 Nicolaum
2974 5284 3237 5339 advenam
3273 5287 3383 5339 An-

1793 5376 2123 5430 tiochenum.
2157 5374 2265 5429 llos
2288 5383 2592 5429 statuerunt
2620 5385 2748 5431 ante
2770 5390 2993 5443 conspet
3012 5385 3121 5430 tum
3156 5386 3374 5445 aposto-

1790 5471 1963 5524 lorum
1992 5487 2003 5523 ε
2036 5478 2090 5523 et
2120 5480 2341 5523 orantes
2386 5469 2761 5537 imposuerunt
2798 5470 2877 5524 eis
2915 5484 3129 5523 manus.
3164 5469 3229 5522 Et
3258 5484 3379 5525 vero

1788 5562 1917 5617 bum
1944 5560 2159 5615 Domini
2190 5561 2498 5629 crescebat,
2531 5568 2587 5617 et
2631 5561 3091 5631 multiplicabalur
3120 5574 3381 5618 numerus

1790 5654 2175 5724 discipulorum
2207 5653 2259 5709 in
2283 5652 2587 5711 Jerusalem
2616 5654 2805 5711 valde:
2835 5654 3002 5711 multa
3026 5656 3189 5711 etiam
3228 5652 3387 5709 turba
