  <div class='ocr_page' id='page_1' title='image "/cluster/home/n/w/nwhite01/storage/ocr_20150623/29/uva.x000826564/371.png"; bbox 0 0 3920 6200; ppageno 0'>
   <div class='ocr_carea' id='block_1_1' title="bbox 483 177 588 233">
    <p class='ocr_par' dir='ltr' id='par_1_1' title="bbox 483 177 588 233">
     <span class='ocr_line' id='line_1_1' title="bbox 483 177 588 233; baseline 0.019 -2"><span class='ocrx_word' id='word_1_1' title='bbox 483 177 588 233; x_wconf 76' lang='lat'><strong>693</strong></span> 
     </span>
    </p>
   </div>
   <div class='ocr_carea' id='block_1_2' title="bbox 1455 162 2718 227">
    <p class='ocr_par' dir='ltr' id='par_1_2' title="bbox 1455 162 2718 227">
     <span class='ocr_line' id='line_1_2' title="bbox 1455 162 2718 227; baseline -0.006 0"><span class='ocrx_word' id='word_1_2' title='bbox 1455 173 1505 227; x_wconf 85' lang='lat' dir='ltr'><strong>S.</strong></span> <span class='ocrx_word' id='word_1_3' title='bbox 1556 167 1934 226; x_wconf 76' lang='lat' dir='ltr'><strong>HIERONYMI</strong></span> <span class='ocrx_word' id='word_1_4' title='bbox 1975 164 2205 223; x_wconf 81' lang='lat' dir='ltr'><strong>DIVINA</strong></span> <span class='ocrx_word' id='word_1_5' title='bbox 2248 162 2718 220; x_wconf 76' lang='lat' dir='ltr'><strong>BIBIJOTHECA.</strong></span> 
     </span>
    </p>
   </div>
   <div class='ocr_carea' id='block_1_3' title="bbox 3653 160 3754 215">
    <p class='ocr_par' dir='ltr' id='par_1_3' title="bbox 3653 160 3754 215">
     <span class='ocr_line' id='line_1_3' title="bbox 3653 160 3754 215; baseline 0.01 -1"><span class='ocrx_word' id='word_1_6' title='bbox 3653 160 3754 215; x_wconf 75' lang='lat' dir='ltr'><strong>G96</strong></span> 
     </span>
    </p>
   </div>
   <div class='ocr_carea' id='block_1_4' title="bbox 485 274 3767 361">
    <p class='ocr_par' dir='ltr' id='par_1_4' title="bbox 485 274 3767 361">
     <span class='ocr_line' id='line_1_4' title="bbox 485 274 3767 361; baseline -0.004 -15"><span class='ocrx_word' id='word_1_7' title='bbox 485 296 826 350; x_wconf 80' lang='lat' dir='ltr'><strong>sacerdotum</strong></span> <span class='ocrx_word' id='word_1_8' title='bbox 853 294 1144 350; x_wconf 90' lang='lat' dir='ltr'><strong>obediebat</strong></span> <span class='ocrx_word' id='word_1_9' title='bbox 1173 291 1316 346; x_wconf 89' lang='lat' dir='ltr'><strong>fidei.</strong></span> <span class='ocrx_word' id='word_1_10' title='bbox 1348 290 1659 361; x_wconf 89' lang='lat' dir='ltr'><strong>Stephanus</strong></span> <span class='ocrx_word' id='word_1_11' title='bbox 1676 297 1856 342; x_wconf 89' lang='lat' dir='ltr'><strong>autem</strong></span> <span class='ocrx_word' id='word_1_12' title='bbox 1887 286 2076 356; x_wconf 91' lang='lat' dir='ltr'><strong>plenus</strong></span> <span class='ocrx_word' id='word_1_13' title='bbox 2104 288 2158 346; x_wconf 80' lang='grc' dir='ltr'>Α</span> <span class='ocrx_word' id='word_1_14' title='bbox 2185 299 2354 354; x_wconf 90' lang='lat' dir='ltr'><strong>usque</strong></span> <span class='ocrx_word' id='word_1_15' title='bbox 2398 281 2637 337; x_wconf 76' lang='lat' dir='ltr'><strong>surrexit</strong></span> <span class='ocrx_word' id='word_1_16' title='bbox 2661 281 2799 334; x_wconf 89' lang='lat' dir='ltr'><strong>alius</strong></span> <span class='ocrx_word' id='word_1_17' title='bbox 2823 292 2917 335; x_wconf 86' lang='lat' dir='ltr'><strong>rex</strong></span> <span class='ocrx_word' id='word_1_18' title='bbox 2959 279 3014 332; x_wconf 93' lang='lat' dir='ltr'><strong>in</strong></span> <span class='ocrx_word' id='word_1_19' title='bbox 3045 275 3303 348; x_wconf 65' lang='lat' dir='ltr'><strong>Egypto,</strong></span> <span class='ocrx_word' id='word_1_20' title='bbox 3334 274 3426 346; x_wconf 87' lang='lat' dir='ltr'><strong>qui</strong></span> <span class='ocrx_word' id='word_1_21' title='bbox 3456 289 3559 328; x_wconf 92' lang='lat' dir='ltr'><strong>non</strong></span> <span class='ocrx_word' id='word_1_22' title='bbox 3579 275 3767 333; x_wconf 81' lang='lat' dir='ltr'><strong>sciebat</strong></span> 
     </span>
    </p>
   </div>
   <div class='ocr_carea' id='block_1_5' title="bbox 485 380 2080 459">
    <p class='ocr_par' dir='ltr' id='par_1_5' title="bbox 485 380 2080 459">
     <span class='ocr_line' id='line_1_5' title="bbox 485 380 2080 459; baseline -0.008 -17"><span class='ocrx_word' id='word_1_23' title='bbox 485 388 655 459; x_wconf 87' lang='lat' dir='ltr'><strong>gratia</strong></span> <span class='ocrx_word' id='word_1_24' title='bbox 687 397 741 444; x_wconf 91' lang='lat' dir='ltr'><strong>et</strong></span> <span class='ocrx_word' id='word_1_25' title='bbox 767 387 1077 443; x_wconf 75' lang='lat' dir='ltr'><strong>fortitudine</strong></span> <span class='ocrx_word' id='word_1_26' title='bbox 1099 427 1112 451; x_wconf 92' lang='lat'><strong>,</strong></span> <span class='ocrx_word' id='word_1_27' title='bbox 1160 384 1394 439; x_wconf 74' lang='lat' dir='ltr'><strong>faciebat</strong></span> <span class='ocrx_word' id='word_1_28' title='bbox 1419 380 1664 453; x_wconf 87' lang='lat' dir='ltr'><strong>prodigia</strong></span> <span class='ocrx_word' id='word_1_29' title='bbox 1693 391 1746 436; x_wconf 88' lang='lat' dir='ltr'><strong>et</strong></span> <span class='ocrx_word' id='word_1_30' title='bbox 1785 381 1938 449; x_wconf 88' lang='lat' dir='ltr'><strong>signa</strong></span> <span class='ocrx_word' id='word_1_31' title='bbox 1968 392 2080 431; x_wconf 85' lang='lat' dir='ltr'><strong>ma-</strong></span> 
     </span>
    </p>
   </div>
   <div class='ocr_carea' id='block_1_6' title="bbox 489 475 2080 554">
    <p class='ocr_par' dir='ltr' id='par_1_6' title="bbox 489 475 2080 554">
     <span class='ocr_line' id='line_1_6' title="bbox 489 475 2080 554; baseline -0.006 -21"><span class='ocrx_word' id='word_1_32' title='bbox 489 499 591 554; x_wconf 78' lang='lat' dir='ltr'><strong>gua</strong></span> <span class='ocrx_word' id='word_1_33' title='bbox 619 483 670 536; x_wconf 92' lang='lat' dir='ltr'><strong>in</strong></span> <span class='ocrx_word' id='word_1_34' title='bbox 699 482 918 552; x_wconf 91' lang='lat' dir='ltr'><strong>populo.</strong></span> <span class='ocrx_word' id='word_1_35' title='bbox 961 479 1330 536; x_wconf 83' lang='lat' dir='ltr'><strong>Surrexerunt</strong></span> <span class='ocrx_word' id='word_1_36' title='bbox 1353 488 1533 531; x_wconf 90' lang='lat' dir='ltr'><strong>autem</strong></span> <span class='ocrx_word' id='word_1_37' title='bbox 1579 475 1798 545; x_wconf 88' lang='lat' dir='ltr'><strong>quidam</strong></span> <span class='ocrx_word' id='word_1_38' title='bbox 1825 475 1892 528; x_wconf 88' lang='lat' dir='ltr'><strong>de</strong></span> <span class='ocrx_word' id='word_1_39' title='bbox 1920 486 2080 543; x_wconf 86' lang='lat' dir='ltr'><strong>syna-</strong></span> 
     </span>
    </p>
   </div>
   <div class='ocr_carea' id='block_1_7' title="bbox 486 565 2076 646">
    <p class='ocr_par' dir='ltr' id='par_1_7' title="bbox 486 565 2076 646">
     <span class='ocr_line' id='line_1_7' title="bbox 486 565 2076 646; baseline -0.008 -16"><span class='ocrx_word' id='word_1_40' title='bbox 486 591 642 646; x_wconf 86' lang='lat' dir='ltr'><strong>goga,</strong></span> <span class='ocrx_word' id='word_1_41' title='bbox 667 589 786 643; x_wconf 72' lang='lat' dir='ltr'><strong>qua:</strong></span> <span class='ocrx_word' id='word_1_42' title='bbox 809 573 1109 643; x_wconf 79' lang='lat' dir='ltr'><strong>appellatur</strong></span> <span class='ocrx_word' id='word_1_43' title='bbox 1132 571 1562 634; x_wconf 87' lang='lat' dir='ltr'><strong>Libertinorum,</strong></span> <span class='ocrx_word' id='word_1_44' title='bbox 1589 579 1642 622; x_wconf 93' lang='lat' dir='ltr'><strong>et</strong></span> <span class='ocrx_word' id='word_1_45' title='bbox 1659 565 2076 637; x_wconf 74' lang='lat' dir='ltr'><strong>Cyrenensium,</strong></span> 
     </span>
    </p>
   </div>
   <div class='ocr_carea' id='block_1_8' title="bbox 489 657 2082 730">
    <p class='ocr_par' dir='ltr' id='par_1_8' title="bbox 489 657 2082 730">
     <span class='ocr_line' id='line_1_8' title="bbox 489 657 2082 730; baseline -0.008 -8"><span class='ocrx_word' id='word_1_46' title='bbox 489 676 541 722; x_wconf 90' lang='lat' dir='ltr'><strong>et</strong></span> <span class='ocrx_word' id='word_1_47' title='bbox 571 667 1082 726; x_wconf 84' lang='lat' dir='ltr'><strong>Alexandrinorum,</strong></span> <span class='ocrx_word' id='word_1_48' title='bbox 1109 675 1164 717; x_wconf 90' lang='lat' dir='ltr'><strong>et</strong></span> <span class='ocrx_word' id='word_1_49' title='bbox 1195 677 1383 717; x_wconf 89' lang='lat' dir='ltr'><strong>eorum</strong></span> <span class='ocrx_word' id='word_1_50' title='bbox 1407 661 1497 730; x_wconf 91' lang='lat' dir='ltr'><strong>qui</strong></span> <span class='ocrx_word' id='word_1_51' title='bbox 1527 669 1684 714; x_wconf 88' lang='lat' dir='ltr'><strong>erant</strong></span> <span class='ocrx_word' id='word_1_52' title='bbox 1712 675 1738 710; x_wconf 87' lang='lat' dir='ltr'><strong>a</strong></span> <span class='ocrx_word' id='word_1_53' title='bbox 1770 657 1992 722; x_wconf 87' lang='lat' dir='ltr'><strong>Cilicia,</strong></span> <span class='ocrx_word' id='word_1_54' title='bbox 2029 666 2082 710; x_wconf 89' lang='lat' dir='ltr'><strong>et</strong></span> 
     </span>
    </p>
   </div>
   <div class='ocr_carea' id='block_1_9' title="bbox 488 755 2085 828">
    <p class='ocr_par' dir='ltr' id='par_1_9' title="bbox 488 755 2085 828">
     <span class='ocr_line' id='line_1_9' title="bbox 488 755 2085 828; baseline -0.008 -13"><span class='ocrx_word' id='word_1_55' title='bbox 488 761 648 825; x_wconf 77' lang='lat' dir='ltr'><strong>Asia,</strong></span> <span class='ocrx_word' id='word_1_56' title='bbox 698 759 1040 828; x_wconf 77' lang='lat' dir='ltr'><strong>diSputantes</strong></span> <span class='ocrx_word' id='word_1_57' title='bbox 1083 772 1208 812; x_wconf 89' lang='lat' dir='ltr'><strong>cum</strong></span> <span class='ocrx_word' id='word_1_58' title='bbox 1233 755 1550 824; x_wconf 85' lang='lat' dir='ltr'><strong>Stephano:</strong></span> <span class='ocrx_word' id='word_1_59' title='bbox 1600 764 1652 808; x_wconf 92' lang='lat' dir='ltr'><strong>et</strong></span> <span class='ocrx_word' id='word_1_60' title='bbox 1678 769 1784 806; x_wconf 89' lang='lat' dir='ltr'><strong>non</strong></span> <span class='ocrx_word' id='word_1_61' title='bbox 1834 760 2085 820; x_wconf 86' lang='lat' dir='ltr'><strong>poterant</strong></span> 
     </span>
    </p>
   </div>
   <div class='ocr_carea' id='block_1_10' title="bbox 489 842 2085 920">
    <p class='ocr_par' dir='ltr' id='par_1_10' title="bbox 489 842 2085 920">
     <span class='ocr_line' id='line_1_10' title="bbox 489 842 2085 920; baseline -0.008 -13"><span class='ocrx_word' id='word_1_62' title='bbox 489 854 744 907; x_wconf 88' lang='lat' dir='ltr'><strong>resistere</strong></span> <span class='ocrx_word' id='word_1_63' title='bbox 772 851 1078 920; x_wconf 57' lang='lat' dir='ltr'><strong>sapientia,</strong></span> <span class='ocrx_word' id='word_1_64' title='bbox 1103 860 1156 903; x_wconf 93' lang='lat' dir='ltr'><strong>et</strong></span> <span class='ocrx_word' id='word_1_65' title='bbox 1181 848 1427 916; x_wconf 81' lang='lat' dir='ltr'><strong>Spiritui,</strong></span> <span class='ocrx_word' id='word_1_66' title='bbox 1450 847 1541 917; x_wconf 89' lang='lat' dir='ltr'><strong>qui</strong></span> <span class='ocrx_word' id='word_1_67' title='bbox 1565 845 1909 914; x_wconf 87' lang='lat' dir='ltr'><strong>loquebatur.</strong></span> <span class='ocrx_word' id='word_1_68' title='bbox 1933 842 2085 896; x_wconf 89' lang='lat' dir='ltr'><strong>Tunc</strong></span> 
     </span>
    </p>
   </div>
   <div class='ocr_carea' id='block_1_11' title="bbox 489 938 2082 1013">
    <p class='ocr_par' dir='ltr' id='par_1_11' title="bbox 489 938 2082 1013">
     <span class='ocr_line' id='line_1_11' title="bbox 489 938 2082 1013; baseline -0.009 -12"><span class='ocrx_word' id='word_1_69' title='bbox 489 947 886 1002; x_wconf 88' lang='lat' dir='ltr'><strong>summiserunt</strong></span> <span class='ocrx_word' id='word_1_70' title='bbox 939 945 1105 1011; x_wconf 91' lang='lat' dir='ltr'><strong>viros,</strong></span> <span class='ocrx_word' id='word_1_71' title='bbox 1148 943 1236 1013; x_wconf 89' lang='lat' dir='ltr'><strong>qui</strong></span> <span class='ocrx_word' id='word_1_72' title='bbox 1263 941 1510 996; x_wconf 89' lang='lat' dir='ltr'><strong>dicerent</strong></span> <span class='ocrx_word' id='word_1_73' title='bbox 1559 955 1620 994; x_wconf 90' lang='lat' dir='ltr'><strong>se</strong></span> <span class='ocrx_word' id='word_1_74' title='bbox 1650 938 1921 992; x_wconf 86' lang='lat' dir='ltr'><strong>audivisse</strong></span> <span class='ocrx_word' id='word_1_75' title='bbox 1959 950 2082 990; x_wconf 92' lang='lat' dir='ltr'><strong>eum</strong></span> 
     </span>
    </p>
   </div>
   <div class='ocr_carea' id='block_1_12' title="bbox 494 1028 2082 1105">
    <p class='ocr_par' dir='ltr' id='par_1_12' title="bbox 494 1028 2082 1105">
     <span class='ocr_line' id='line_1_12' title="bbox 494 1028 2082 1105; baseline -0.011 -10"><span class='ocrx_word' id='word_1_76' title='bbox 494 1041 766 1095; x_wconf 90' lang='lat' dir='ltr'><strong>dicentem</strong></span> <span class='ocrx_word' id='word_1_77' title='bbox 797 1040 964 1094; x_wconf 90' lang='lat' dir='ltr'><strong>verba</strong></span> <span class='ocrx_word' id='word_1_78' title='bbox 990 1034 1340 1105; x_wconf 68' lang='lat' dir='ltr'><strong>blaSphemiae</strong></span> <span class='ocrx_word' id='word_1_79' title='bbox 1368 1035 1418 1087; x_wconf 92' lang='lat' dir='ltr'><strong>in</strong></span> <span class='ocrx_word' id='word_1_80' title='bbox 1445 1035 1686 1103; x_wconf 84' lang='lat' dir='ltr'><strong>Moysen,</strong></span> <span class='ocrx_word' id='word_1_81' title='bbox 1719 1040 1773 1085; x_wconf 91' lang='lat' dir='ltr'><strong>et</strong></span> <span class='ocrx_word' id='word_1_82' title='bbox 1809 1028 1861 1082; x_wconf 91' lang='lat' dir='ltr'><strong>iu</strong></span> <span class='ocrx_word' id='word_1_83' title='bbox 1888 1028 2082 1082; x_wconf 91' lang='lat' dir='ltr'><strong>Deum.</strong></span> 
     </span>
    </p>
   </div>
   <div class='ocr_carea' id='block_1_13' title="bbox 490 1119 2086 1198">
    <p class='ocr_par' dir='ltr' id='par_1_13' title="bbox 490 1119 2086 1198">
     <span class='ocr_line' id='line_1_13' title="bbox 490 1119 2086 1198; baseline -0.009 -13"><span class='ocrx_word' id='word_1_84' title='bbox 490 1131 920 1186; x_wconf 88' lang='lat' dir='ltr'><strong>Commoverunt</strong></span> <span class='ocrx_word' id='word_1_85' title='bbox 947 1131 1126 1198; x_wconf 86' lang='lat' dir='ltr'><strong>itaque</strong></span> <span class='ocrx_word' id='word_1_86' title='bbox 1169 1127 1381 1196; x_wconf 85' lang='lat' dir='ltr'><strong>plebem</strong></span> <span class='ocrx_word' id='word_1_87' title='bbox 1405 1166 1419 1188; x_wconf 93' lang='lat'><strong>,</strong></span> <span class='ocrx_word' id='word_1_88' title='bbox 1452 1135 1505 1180; x_wconf 92' lang='lat' dir='ltr'><strong>et</strong></span> <span class='ocrx_word' id='word_1_89' title='bbox 1529 1123 1770 1178; x_wconf 72' lang='lat' dir='ltr'><strong>seniores</strong></span> <span class='ocrx_word' id='word_1_90' title='bbox 1798 1162 1812 1186; x_wconf 96' lang='lat'><strong>,</strong></span> <span class='ocrx_word' id='word_1_91' title='bbox 1857 1129 1912 1174; x_wconf 93' lang='lat' dir='ltr'><strong>et</strong></span> <span class='ocrx_word' id='word_1_92' title='bbox 1952 1119 2086 1173; x_wconf 90' lang='lat' dir='ltr'><strong>scri-</strong></span> 
     </span>
    </p>
   </div>
   <div class='ocr_carea' id='block_1_14' title="bbox 493 1213 2086 1288">
    <p class='ocr_par' dir='ltr' id='par_1_14' title="bbox 493 1213 2086 1288">
     <span class='ocr_line' id='line_1_14' title="bbox 493 1213 2086 1288; baseline -0.009 -10"><span class='ocrx_word' id='word_1_93' title='bbox 493 1224 590 1278; x_wconf 88' lang='lat' dir='ltr'><strong>bas</strong></span> <span class='ocrx_word' id='word_1_94' title='bbox 617 1240 631 1276; x_wconf 89' lang='lat'>:</span> <span class='ocrx_word' id='word_1_95' title='bbox 665 1232 719 1276; x_wconf 93' lang='lat' dir='ltr'><strong>et</strong></span> <span class='ocrx_word' id='word_1_96' title='bbox 748 1232 1138 1277; x_wconf 88' lang='lat' dir='ltr'><strong>concurrentes</strong></span> <span class='ocrx_word' id='word_1_97' title='bbox 1162 1229 1457 1288; x_wconf 81' lang='lat' dir='ltr'><strong>rapuerunt</strong></span> <span class='ocrx_word' id='word_1_98' title='bbox 1483 1231 1630 1279; x_wconf 92' lang='lat' dir='ltr'><strong>eum,</strong></span> <span class='ocrx_word' id='word_1_99' title='bbox 1670 1224 1724 1268; x_wconf 91' lang='lat' dir='ltr'><strong>et</strong></span> <span class='ocrx_word' id='word_1_100' title='bbox 1749 1213 2086 1267; x_wconf 82' lang='lat' dir='ltr'><strong>adduxerunt</strong></span> 
     </span>
    </p>
   </div>
   <div class='ocr_carea' id='block_1_15' title="bbox 499 1304 2088 1382">
    <p class='ocr_par' dir='ltr' id='par_1_15' title="bbox 499 1304 2088 1382">
     <span class='ocr_line' id='line_1_15' title="bbox 499 1304 2088 1382; baseline -0.008 -12"><span class='ocrx_word' id='word_1_101' title='bbox 499 1316 552 1370; x_wconf 89' lang='lat' dir='ltr'><strong>in</strong></span> <span class='ocrx_word' id='word_1_102' title='bbox 585 1314 876 1370; x_wconf 91' lang='lat' dir='ltr'><strong>concilium</strong></span> <span class='ocrx_word' id='word_1_103' title='bbox 902 1359 916 1382; x_wconf 92' lang='lat'><strong>,</strong></span> <span class='ocrx_word' id='word_1_104' title='bbox 959 1321 1015 1367; x_wconf 93' lang='lat' dir='ltr'><strong>et</strong></span> <span class='ocrx_word' id='word_1_105' title='bbox 1046 1320 1354 1366; x_wconf 86' lang='lat' dir='ltr'><strong>statuerunt</strong></span> <span class='ocrx_word' id='word_1_106' title='bbox 1385 1310 1550 1363; x_wconf 89' lang='lat' dir='ltr'><strong>falsos</strong></span> <span class='ocrx_word' id='word_1_107' title='bbox 1602 1316 1788 1371; x_wconf 87' lang='lat' dir='ltr'><strong>testes,</strong></span> <span class='ocrx_word' id='word_1_108' title='bbox 1821 1304 1910 1373; x_wconf 87' lang='lat' dir='ltr'><strong>qui</strong></span> <span class='ocrx_word' id='word_1_109' title='bbox 1941 1304 2088 1357; x_wconf 82' lang='lat' dir='ltr'><strong>dice-</strong></span> 
     </span>
    </p>
   </div>
   <div class='ocr_carea' id='block_1_16' title="bbox 491 1395 2088 1469">
    <p class='ocr_par' dir='ltr' id='par_1_16' title="bbox 491 1395 2088 1469">
     <span class='ocr_line' id='line_1_16' title="bbox 491 1395 2088 1469; baseline -0.009 -7"><span class='ocrx_word' id='word_1_110' title='bbox 491 1419 654 1463; x_wconf 91' lang='lat' dir='ltr'><strong>rent:</strong></span> <span class='ocrx_word' id='word_1_111' title='bbox 689 1406 862 1461; x_wconf 85' lang='lat' dir='ltr'><strong>Homo</strong></span> <span class='ocrx_word' id='word_1_112' title='bbox 917 1406 1019 1459; x_wconf 85' lang='lat' dir='ltr'><strong>iste</strong></span> <span class='ocrx_word' id='word_1_113' title='bbox 1064 1418 1172 1459; x_wconf 91' lang='lat' dir='ltr'><strong>non</strong></span> <span class='ocrx_word' id='word_1_114' title='bbox 1210 1411 1389 1457; x_wconf 80' lang='lat' dir='ltr'><strong>cessat</strong></span> <span class='ocrx_word' id='word_1_115' title='bbox 1424 1399 1568 1469; x_wconf 90' lang='lat' dir='ltr'><strong>loqui</strong></span> <span class='ocrx_word' id='word_1_116' title='bbox 1615 1397 1776 1452; x_wconf 90' lang='lat' dir='ltr'><strong>verba</strong></span> <span class='ocrx_word' id='word_1_117' title='bbox 1825 1395 2088 1450; x_wconf 89' lang='lat' dir='ltr'><strong>adversus</strong></span> 
     </span>
    </p>
   </div>
   <div class='ocr_carea' id='block_1_17' title="bbox 493 1488 2086 1566">
    <p class='ocr_par' dir='ltr' id='par_1_17' title="bbox 493 1488 2086 1566">
     <span class='ocr_line' id='line_1_17' title="bbox 493 1488 2086 1566; baseline -0.012 -9"><span class='ocrx_word' id='word_1_118' title='bbox 493 1502 671 1557; x_wconf 89' lang='lat' dir='ltr'><strong>locum</strong></span> <span class='ocrx_word' id='word_1_119' title='bbox 721 1507 1001 1565; x_wconf 89' lang='lat' dir='ltr'><strong>sanctum,</strong></span> <span class='ocrx_word' id='word_1_120' title='bbox 1050 1506 1106 1552; x_wconf 90' lang='lat' dir='ltr'><strong>et</strong></span> <span class='ocrx_word' id='word_1_121' title='bbox 1149 1497 1346 1566; x_wconf 88' lang='lat' dir='ltr'><strong>legem.</strong></span> <span class='ocrx_word' id='word_1_122' title='bbox 1395 1491 1715 1548; x_wconf 83' lang='lat' dir='ltr'><strong>Audivimus</strong></span> <span class='ocrx_word' id='word_1_123' title='bbox 1761 1488 1905 1543; x_wconf 92' lang='lat' dir='ltr'><strong>enim</strong></span> <span class='ocrx_word' id='word_1_124' title='bbox 1962 1503 2086 1542; x_wconf 90' lang='lat' dir='ltr'><strong>eum</strong></span> 
     </span>
    </p>
   </div>
   <div class='ocr_carea' id='block_1_18' title="bbox 490 1578 2090 1656">
    <p class='ocr_par' dir='ltr' id='par_1_18' title="bbox 490 1578 2090 1656">
     <span class='ocr_line' id='line_1_18' title="bbox 490 1578 2090 1656; baseline -0.011 -10"><span class='ocrx_word' id='word_1_125' title='bbox 490 1591 802 1646; x_wconf 80' lang='lat' dir='ltr'><strong>dicentem:</strong></span> <span class='ocrx_word' id='word_1_126' title='bbox 850 1587 1120 1656; x_wconf 85' lang='lat' dir='ltr'><strong>Quoniam</strong></span> <span class='ocrx_word' id='word_1_127' title='bbox 1152 1585 1310 1640; x_wconf 78' lang='lat' dir='ltr'><strong>Jesus</strong></span> <span class='ocrx_word' id='word_1_128' title='bbox 1349 1583 1675 1639; x_wconf 71' lang='lat' dir='ltr'><strong>Nazartcnus</strong></span> <span class='ocrx_word' id='word_1_129' title='bbox 1717 1578 1804 1633; x_wconf 90' lang='lat' dir='ltr'><strong>hic</strong></span> <span class='ocrx_word' id='word_1_130' title='bbox 1842 1579 2090 1632; x_wconf 87' lang='lat' dir='ltr'><strong>destruet</strong></span> 
     </span>
    </p>
   </div>
   <div class='ocr_carea' id='block_1_19' title="bbox 2182 368 3768 446">
    <p class='ocr_par' dir='ltr' id='par_1_19' title="bbox 2182 368 3768 446">
     <span class='ocr_line' id='line_1_19' title="bbox 2182 368 3768 446; baseline -0.004 -14"><span class='ocrx_word' id='word_1_131' title='bbox 2182 377 2411 446; x_wconf 87' lang='lat' dir='ltr'><strong>Joseph.</strong></span> <span class='ocrx_word' id='word_1_132' title='bbox 2456 373 2557 430; x_wconf 80' lang='lat' dir='ltr'><strong>llic</strong></span> <span class='ocrx_word' id='word_1_133' title='bbox 2593 371 3028 429; x_wconf 76' lang='lat' dir='ltr'><strong>circumveniens</strong></span> <span class='ocrx_word' id='word_1_134' title='bbox 3061 383 3235 440; x_wconf 86' lang='lat' dir='ltr'><strong>genus</strong></span> <span class='ocrx_word' id='word_1_135' title='bbox 3277 377 3551 432; x_wconf 90' lang='lat' dir='ltr'><strong>nostrum,</strong></span> <span class='ocrx_word' id='word_1_136' title='bbox 3590 368 3768 425; x_wconf 81' lang='lat' dir='ltr'><strong>afﬂixit</strong></span> 
     </span>
    </p>
   </div>
   <div class='ocr_carea' id='block_1_20' title="bbox 2183 463 3768 542">
    <p class='ocr_par' dir='ltr' id='par_1_20' title="bbox 2183 463 3768 542">
     <span class='ocr_line' id='line_1_20' title="bbox 2183 463 3768 542; baseline -0.003 -20"><span class='ocrx_word' id='word_1_137' title='bbox 2183 482 2369 542; x_wconf 86' lang='lat' dir='ltr'><strong>patres</strong></span> <span class='ocrx_word' id='word_1_138' title='bbox 2401 478 2642 533; x_wconf 90' lang='lat' dir='ltr'><strong>nostros,</strong></span> <span class='ocrx_word' id='word_1_139' title='bbox 2665 475 2726 521; x_wconf 89' lang='lat' dir='ltr'><strong>ut</strong></span> <span class='ocrx_word' id='word_1_140' title='bbox 2753 475 3089 536; x_wconf 84' lang='lat' dir='ltr'><strong>exponerent</strong></span> <span class='ocrx_word' id='word_1_141' title='bbox 3112 464 3350 518; x_wconf 83' lang='lat' dir='ltr'><strong>infantes</strong></span> <span class='ocrx_word' id='word_1_142' title='bbox 3375 477 3505 517; x_wconf 91' lang='lat' dir='ltr'><strong>suos</strong></span> <span class='ocrx_word' id='word_1_143' title='bbox 3527 479 3588 517; x_wconf 91' lang='lat' dir='ltr'><strong>ne</strong></span> <span class='ocrx_word' id='word_1_144' title='bbox 3608 463 3768 518; x_wconf 77' lang='lat' dir='ltr'><strong>viviﬁ—</strong></span> 
     </span>
    </p>
   </div>
   <div class='ocr_carea' id='block_1_21' title="bbox 2183 553 3769 627">
    <p class='ocr_par' dir='ltr' id='par_1_21' title="bbox 2183 553 3769 627">
     <span class='ocr_line' id='line_1_21' title="bbox 2183 553 3769 627; baseline -0.004 -10"><span class='ocrx_word' id='word_1_145' title='bbox 2183 571 2463 617; x_wconf 89' lang='lat' dir='ltr'><strong>carentur.</strong></span> <span class='ocrx_word' id='word_1_146' title='bbox 2499 560 2704 615; x_wconf 88' lang='lat' dir='ltr'><strong>Eodem</strong></span> <span class='ocrx_word' id='word_1_147' title='bbox 2747 569 2994 627; x_wconf 90' lang='lat' dir='ltr'><strong>tempore</strong></span> <span class='ocrx_word' id='word_1_148' title='bbox 3027 565 3184 610; x_wconf 91' lang='lat' dir='ltr'><strong>natus</strong></span> <span class='ocrx_word' id='word_1_149' title='bbox 3214 565 3298 610; x_wconf 89' lang='lat' dir='ltr'><strong>est</strong></span> <span class='ocrx_word' id='word_1_150' title='bbox 3329 553 3570 626; x_wconf 81' lang='lat' dir='ltr'><strong>Moyses,</strong></span> <span class='ocrx_word' id='word_1_151' title='bbox 3599 564 3648 609; x_wconf 88' lang='lat' dir='ltr'><strong>et</strong></span> <span class='ocrx_word' id='word_1_152' title='bbox 3672 554 3769 610; x_wconf 86' lang='lat' dir='ltr'><strong>fuit</strong></span> 
     </span>
    </p>
   </div>
   <div class='ocr_carea' id='block_1_22' title="bbox 2185 646 3772 724">
    <p class='ocr_par' dir='ltr' id='par_1_22' title="bbox 2185 646 3772 724">
     <span class='ocr_line' id='line_1_22' title="bbox 2185 646 3772 724; baseline -0.004 -17"><span class='ocrx_word' id='word_1_153' title='bbox 2185 662 2376 724; x_wconf 90' lang='lat' dir='ltr'><strong>gratus</strong></span> <span class='ocrx_word' id='word_1_154' title='bbox 2419 654 2551 718; x_wconf 90' lang='lat' dir='ltr'><strong>Deo,</strong></span> <span class='ocrx_word' id='word_1_155' title='bbox 2601 651 2694 722; x_wconf 90' lang='lat' dir='ltr'><strong>qui</strong></span> <span class='ocrx_word' id='word_1_156' title='bbox 2742 650 2989 704; x_wconf 90' lang='lat' dir='ltr'><strong>nutritus</strong></span> <span class='ocrx_word' id='word_1_157' title='bbox 3036 659 3121 703; x_wconf 88' lang='lat' dir='ltr'><strong>est</strong></span> <span class='ocrx_word' id='word_1_158' title='bbox 3169 647 3342 701; x_wconf 91' lang='lat' dir='ltr'><strong>tribus</strong></span> <span class='ocrx_word' id='word_1_159' title='bbox 3389 646 3672 708; x_wconf 87' lang='lat' dir='ltr'><strong>mensibus,</strong></span> <span class='ocrx_word' id='word_1_160' title='bbox 3718 647 3772 700; x_wconf 89' lang='lat' dir='ltr'><strong>in</strong></span> 
     </span>
    </p>
   </div>
   <div class='ocr_carea' id='block_1_23' title="bbox 2187 739 3771 818">
    <p class='ocr_par' dir='ltr' id='par_1_23' title="bbox 2187 739 3771 818">
     <span class='ocr_line' id='line_1_23' title="bbox 2187 739 3771 818; baseline -0.005 -16"><span class='ocrx_word' id='word_1_161' title='bbox 2187 748 2350 802; x_wconf 90' lang='lat' dir='ltr'><strong>domo</strong></span> <span class='ocrx_word' id='word_1_162' title='bbox 2385 747 2556 818; x_wconf 88' lang='lat' dir='ltr'><strong>patris</strong></span> <span class='ocrx_word' id='word_1_163' title='bbox 2587 745 2693 800; x_wconf 90' lang='lat' dir='ltr'><strong>sui.</strong></span> <span class='ocrx_word' id='word_1_164' title='bbox 2739 743 3008 813; x_wconf 86' lang='lat' dir='ltr'><strong>Exposito</strong></span> <span class='ocrx_word' id='word_1_165' title='bbox 3046 751 3227 796; x_wconf 89' lang='lat' dir='ltr'><strong>autem</strong></span> <span class='ocrx_word' id='word_1_166' title='bbox 3257 741 3376 806; x_wconf 89' lang='lat' dir='ltr'><strong>illo,</strong></span> <span class='ocrx_word' id='word_1_167' title='bbox 3421 739 3631 794; x_wconf 88' lang='lat' dir='ltr'><strong>sustulit</strong></span> <span class='ocrx_word' id='word_1_168' title='bbox 3652 754 3771 796; x_wconf 90' lang='lat' dir='ltr'><strong>eum</strong></span> 
     </span>
    </p>
   </div>
   <div class='ocr_carea' id='block_1_24' title="bbox 2190 831 3776 903">
    <p class='ocr_par' dir='ltr' id='par_1_24' title="bbox 2190 831 3776 903">
     <span class='ocr_line' id='line_1_24' title="bbox 2190 831 3776 903; baseline -0.003 -10"><span class='ocrx_word' id='word_1_169' title='bbox 2190 839 2297 893; x_wconf 89' lang='lat' dir='ltr'><strong>filia</strong></span> <span class='ocrx_word' id='word_1_170' title='bbox 2346 839 2671 903; x_wconf 86' lang='lat' dir='ltr'><strong>Pharaonis,</strong></span> <span class='ocrx_word' id='word_1_171' title='bbox 2704 848 2759 892; x_wconf 90' lang='lat' dir='ltr'><strong>et</strong></span> <span class='ocrx_word' id='word_1_172' title='bbox 2810 836 3035 890; x_wconf 84' lang='lat' dir='ltr'><strong>nutrivit</strong></span> <span class='ocrx_word' id='word_1_173' title='bbox 3073 849 3196 889; x_wconf 90' lang='lat' dir='ltr'><strong>eum</strong></span> <span class='ocrx_word' id='word_1_174' title='bbox 3239 833 3340 888; x_wconf 91' lang='lat' dir='ltr'><strong>sibi</strong></span> <span class='ocrx_word' id='word_1_175' title='bbox 3391 833 3446 887; x_wconf 93' lang='lat' dir='ltr'><strong>in</strong></span> <span class='ocrx_word' id='word_1_176' title='bbox 3493 833 3670 887; x_wconf 89' lang='lat' dir='ltr'><strong>filium.</strong></span> <span class='ocrx_word' id='word_1_177' title='bbox 3707 831 3776 888; x_wconf 84' lang='lat' dir='ltr'><strong>Et</strong></span> 
     </span>
    </p>
   </div>
   <div class='ocr_carea' id='block_1_25' title="bbox 2187 924 3772 1002">
    <p class='ocr_par' dir='ltr' id='par_1_25' title="bbox 2187 924 3772 1002">
     <span class='ocr_line' id='line_1_25' title="bbox 2187 924 3772 1002; baseline -0.004 -16"><span class='ocrx_word' id='word_1_178' title='bbox 2187 932 2435 987; x_wconf 89' lang='lat' dir='ltr'><strong>eruditus</strong></span> <span class='ocrx_word' id='word_1_179' title='bbox 2462 942 2543 986; x_wconf 85' lang='lat' dir='ltr'><strong>est</strong></span> <span class='ocrx_word' id='word_1_180' title='bbox 2571 931 2790 1002; x_wconf 85' lang='lat' dir='ltr'><strong>Moyses</strong></span> <span class='ocrx_word' id='word_1_181' title='bbox 2815 930 2963 985; x_wconf 91' lang='lat' dir='ltr'><strong>omni</strong></span> <span class='ocrx_word' id='word_1_182' title='bbox 3007 927 3274 996; x_wconf 86' lang='lat' dir='ltr'><strong>sapientia</strong></span> <span class='ocrx_word' id='word_1_183' title='bbox 3307 924 3682 997; x_wconf 65' lang='lat' dir='ltr'><strong>Egyptiorutn,</strong></span> <span class='ocrx_word' id='word_1_184' title='bbox 3714 934 3772 980; x_wconf 86' lang='lat' dir='ltr'><strong>et</strong></span> 
     </span>
    </p>
   </div>
   <div class='ocr_carea' id='block_1_26' title="bbox 2187 1020 3770 1097">
    <p class='ocr_par' dir='ltr' id='par_1_26' title="bbox 2187 1020 3770 1097">
     <span class='ocr_line' id='line_1_26' title="bbox 2187 1020 3770 1097; baseline -0.006 -16"><span class='ocrx_word' id='word_1_185' title='bbox 2187 1037 2306 1081; x_wconf 91' lang='lat' dir='ltr'><strong>erat</strong></span> <span class='ocrx_word' id='word_1_186' title='bbox 2336 1035 2527 1097; x_wconf 89' lang='lat' dir='ltr'><strong>potens</strong></span> <span class='ocrx_word' id='word_1_187' title='bbox 2562 1027 2614 1080; x_wconf 94' lang='lat' dir='ltr'><strong>in</strong></span> <span class='ocrx_word' id='word_1_188' title='bbox 2649 1025 2852 1090; x_wconf 85' lang='lat' dir='ltr'><strong>verbis,</strong></span> <span class='ocrx_word' id='word_1_189' title='bbox 2885 1034 2940 1079; x_wconf 93' lang='lat' dir='ltr'><strong>et</strong></span> <span class='ocrx_word' id='word_1_190' title='bbox 2979 1023 3033 1076; x_wconf 92' lang='lat' dir='ltr'><strong>in</strong></span> <span class='ocrx_word' id='word_1_191' title='bbox 3063 1020 3326 1091; x_wconf 89' lang='lat' dir='ltr'><strong>operibus</strong></span> <span class='ocrx_word' id='word_1_192' title='bbox 3367 1020 3500 1073; x_wconf 90' lang='lat' dir='ltr'><strong>suis.</strong></span> <span class='ocrx_word' id='word_1_193' title='bbox 3532 1020 3649 1073; x_wconf 90' lang='lat' dir='ltr'><strong>Cum</strong></span> <span class='ocrx_word' id='word_1_194' title='bbox 3673 1033 3770 1072; x_wconf 86' lang='lat' dir='ltr'><strong>au-</strong></span> 
     </span>
    </p>
   </div>
   <div class='ocr_carea' id='block_1_27' title="bbox 2191 1113 3772 1186">
    <p class='ocr_par' dir='ltr' id='par_1_27' title="bbox 2191 1113 3772 1186">
     <span class='ocr_line' id='line_1_27' title="bbox 2191 1113 3772 1186; baseline -0.008 -12"><span class='ocrx_word' id='word_1_195' title='bbox 2191 1130 2298 1174; x_wconf 89' lang='lat' dir='ltr'><strong>tem</strong></span> <span class='ocrx_word' id='word_1_196' title='bbox 2359 1120 2679 1186; x_wconf 77' lang='lat' dir='ltr'><strong>impleretur</strong></span> <span class='ocrx_word' id='word_1_197' title='bbox 2719 1119 2767 1172; x_wconf 92' lang='lat' dir='ltr'><strong>ei</strong></span> <span class='ocrx_word' id='word_1_198' title='bbox 2817 1113 3176 1186; x_wconf 81' lang='lat' dir='ltr'><strong>quadraginta</strong></span> <span class='ocrx_word' id='word_1_199' title='bbox 3223 1126 3493 1165; x_wconf 89' lang='lat' dir='ltr'><strong>annorum</strong></span> <span class='ocrx_word' id='word_1_200' title='bbox 3542 1121 3772 1180; x_wconf 88' lang='lat' dir='ltr'><strong>tempus,</strong></span> 
     </span>
    </p>
   </div>
   <div class='ocr_carea' id='block_1_28' title="bbox 2189 1202 3778 1279">
    <p class='ocr_par' dir='ltr' id='par_1_28' title="bbox 2189 1202 3778 1279">
     <span class='ocr_line' id='line_1_28' title="bbox 2189 1202 3778 1279; baseline -0.008 -12"><span class='ocrx_word' id='word_1_201' title='bbox 2189 1211 2436 1268; x_wconf 86' lang='lat' dir='ltr'><strong>ascendit</strong></span> <span class='ocrx_word' id='word_1_202' title='bbox 2463 1213 2512 1265; x_wconf 93' lang='lat' dir='ltr'><strong>in</strong></span> <span class='ocrx_word' id='word_1_203' title='bbox 2547 1227 2642 1265; x_wconf 91' lang='lat' dir='ltr'><strong>cor</strong></span> <span class='ocrx_word' id='word_1_204' title='bbox 2675 1210 2792 1279; x_wconf 89' lang='lat' dir='ltr'><strong>ejus</strong></span> <span class='ocrx_word' id='word_1_205' title='bbox 2816 1250 2830 1274; x_wconf 98' lang='lat'><strong>,</strong></span> <span class='ocrx_word' id='word_1_206' title='bbox 2863 1217 2923 1262; x_wconf 89' lang='lat' dir='ltr'><strong>ut</strong></span> <span class='ocrx_word' id='word_1_207' title='bbox 2959 1207 3209 1262; x_wconf 87' lang='lat' dir='ltr'><strong>visitaret</strong></span> <span class='ocrx_word' id='word_1_208' title='bbox 3251 1204 3456 1260; x_wconf 82' lang='lat' dir='ltr'><strong>fratres</strong></span> <span class='ocrx_word' id='word_1_209' title='bbox 3500 1217 3619 1257; x_wconf 89' lang='lat' dir='ltr'><strong>suos</strong></span> <span class='ocrx_word' id='word_1_210' title='bbox 3644 1202 3778 1256; x_wconf 83' lang='lat' dir='ltr'><strong>filios</strong></span> 
     </span>
    </p>
   </div>
   <div class='ocr_carea' id='block_1_29' title="bbox 2191 1293 3778 1370">
    <p class='ocr_par' dir='ltr' id='par_1_29' title="bbox 2191 1293 3778 1370">
     <span class='ocr_line' id='line_1_29' title="bbox 2191 1293 3778 1370; baseline -0.008 -10"><span class='ocrx_word' id='word_1_211' title='bbox 2191 1304 2379 1360; x_wconf 90' lang='lat' dir='ltr'><strong>Israel.</strong></span> <span class='ocrx_word' id='word_1_212' title='bbox 2416 1304 2480 1358; x_wconf 84' lang='lat' dir='ltr'><strong>Et</strong></span> <span class='ocrx_word' id='word_1_213' title='bbox 2528 1318 2652 1359; x_wconf 93' lang='lat' dir='ltr'><strong>cum</strong></span> <span class='ocrx_word' id='word_1_214' title='bbox 2681 1301 2911 1356; x_wconf 89' lang='lat' dir='ltr'><strong>vidisset</strong></span> <span class='ocrx_word' id='word_1_215' title='bbox 2953 1299 3242 1370; x_wconf 82' lang='lat' dir='ltr'><strong>quemdam</strong></span> <span class='ocrx_word' id='word_1_216' title='bbox 3289 1296 3539 1366; x_wconf 89' lang='lat' dir='ltr'><strong>injuriam</strong></span> <span class='ocrx_word' id='word_1_217' title='bbox 3579 1293 3778 1364; x_wconf 82' lang='lat' dir='ltr'><strong>patien-</strong></span> 
     </span>
    </p>
   </div>
   <div class='ocr_carea' id='block_1_30' title="bbox 2193 1389 3779 1462">
    <p class='ocr_par' dir='ltr' id='par_1_30' title="bbox 2193 1389 3779 1462">
     <span class='ocr_line' id='line_1_30' title="bbox 2193 1389 3779 1462; baseline -0.007 -10"><span class='ocrx_word' id='word_1_218' title='bbox 2193 1407 2326 1462; x_wconf 90' lang='lat' dir='ltr'><strong>tem,</strong></span> <span class='ocrx_word' id='word_1_219' title='bbox 2354 1397 2650 1451; x_wconf 87' lang='lat' dir='ltr'><strong>vindicavit</strong></span> <span class='ocrx_word' id='word_1_220' title='bbox 2693 1394 2846 1449; x_wconf 92' lang='lat' dir='ltr'><strong>illum</strong></span> <span class='ocrx_word' id='word_1_221' title='bbox 2884 1411 2897 1447; x_wconf 91' lang='lat'><strong>:</strong></span> <span class='ocrx_word' id='word_1_222' title='bbox 2939 1403 2995 1449; x_wconf 91' lang='lat' dir='ltr'><strong>et</strong></span> <span class='ocrx_word' id='word_1_223' title='bbox 3035 1392 3167 1448; x_wconf 89' lang='lat' dir='ltr'><strong>fecit</strong></span> <span class='ocrx_word' id='word_1_224' title='bbox 3206 1391 3468 1446; x_wconf 89' lang='lat' dir='ltr'><strong>ultionem</strong></span> <span class='ocrx_word' id='word_1_225' title='bbox 3502 1391 3548 1444; x_wconf 87' lang='lat' dir='ltr'><strong>ei</strong></span> <span class='ocrx_word' id='word_1_226' title='bbox 3582 1389 3662 1459; x_wconf 89' lang='lat' dir='ltr'><strong>qui</strong></span> <span class='ocrx_word' id='word_1_227' title='bbox 3691 1389 3779 1442; x_wconf 81' lang='lat' dir='ltr'><strong>in-</strong></span> 
     </span>
    </p>
   </div>
   <div class='ocr_carea' id='block_1_31' title="bbox 2187 1482 3780 1559">
    <p class='ocr_par' dir='ltr' id='par_1_31' title="bbox 2187 1482 3780 1559">
     <span class='ocr_line' id='line_1_31' title="bbox 2187 1482 3780 1559; baseline -0.003 -19"><span class='ocrx_word' id='word_1_228' title='bbox 2187 1491 2388 1559; x_wconf 89' lang='lat' dir='ltr'><strong>jnriam</strong></span> <span class='ocrx_word' id='word_1_229' title='bbox 2433 1488 2763 1552; x_wconf 89' lang='lat' dir='ltr'><strong>sustinebat,</strong></span> <span class='ocrx_word' id='word_1_230' title='bbox 2814 1501 3075 1557; x_wconf 78' lang='lat' dir='ltr'><strong>percusso</strong></span> <span class='ocrx_word' id='word_1_231' title='bbox 3116 1483 3396 1556; x_wconf 68' lang='lat' dir='ltr'><strong>Egyptio.</strong></span> <span class='ocrx_word' id='word_1_232' title='bbox 3439 1482 3780 1538; x_wconf 83' lang='lat' dir='ltr'><strong>Existimabat</strong></span> 
     </span>
    </p>
   </div>
   <div class='ocr_carea' id='block_1_32' title="bbox 2194 1579 3780 1652">
    <p class='ocr_par' dir='ltr' id='par_1_32' title="bbox 2194 1579 3780 1652">
     <span class='ocr_line' id='line_1_32' title="bbox 2194 1579 3780 1652; baseline -0.003 -17"><span class='ocrx_word' id='word_1_233' title='bbox 2194 1593 2376 1638; x_wconf 88' lang='lat' dir='ltr'><strong>autem</strong></span> <span class='ocrx_word' id='word_1_234' title='bbox 2403 1583 2707 1652; x_wconf 86' lang='lat' dir='ltr'><strong>intelligere</strong></span> <span class='ocrx_word' id='word_1_235' title='bbox 2735 1583 2957 1647; x_wconf 81' lang='lat' dir='ltr'><strong>fratres,</strong></span> <span class='ocrx_word' id='word_1_236' title='bbox 2988 1579 3248 1651; x_wconf 88' lang='lat' dir='ltr'><strong>quoniam</strong></span> <span class='ocrx_word' id='word_1_237' title='bbox 3286 1579 3418 1633; x_wconf 91' lang='lat' dir='ltr'><strong>Deus</strong></span> <span class='ocrx_word' id='word_1_238' title='bbox 3447 1593 3536 1648; x_wconf 91' lang='lat' dir='ltr'><strong>per</strong></span> <span class='ocrx_word' id='word_1_239' title='bbox 3558 1593 3780 1631; x_wconf 86' lang='lat' dir='ltr'><strong>manum</strong></span> 
     </span>
    </p>
   </div>
   <div class='ocr_carea' id='block_1_33' title="bbox 492 1662 3774 1750">
    <p class='ocr_par' dir='ltr' id='par_1_33' title="bbox 492 1662 3774 1750">
     <span class='ocr_line' id='line_1_33' title="bbox 492 1662 3774 1750; baseline -0.005 -9"><span class='ocrx_word' id='word_1_240' title='bbox 492 1687 671 1742; x_wconf 92' lang='lat' dir='ltr'><strong>locum</strong></span> <span class='ocrx_word' id='word_1_241' title='bbox 702 1685 862 1738; x_wconf 89' lang='lat' dir='ltr'><strong>istum</strong></span> <span class='ocrx_word' id='word_1_242' title='bbox 886 1725 901 1750; x_wconf 95' lang='lat'><strong>,</strong></span> <span class='ocrx_word' id='word_1_243' title='bbox 950 1691 1005 1736; x_wconf 85' lang='lat' dir='ltr'><strong>et</strong></span> <span class='ocrx_word' id='word_1_244' title='bbox 1051 1679 1281 1733; x_wconf 82' lang='lat' dir='ltr'><strong>mutabit</strong></span> <span class='ocrx_word' id='word_1_245' title='bbox 1313 1677 1664 1740; x_wconf 80' lang='lat' dir='ltr'><strong>tradilioneS.</strong></span> <span class='ocrx_word' id='word_1_246' title='bbox 1697 1688 1831 1743; x_wconf 86' lang='lat' dir='ltr'><strong>quas</strong></span> <span class='ocrx_word' id='word_1_247' title='bbox 1864 1669 2088 1725; x_wconf 73' lang='lat' dir='ltr'><strong>ll‘adidil</strong></span> <span class='ocrx_word' id='word_1_248' title='bbox 2118 1662 2168 1722; x_wconf 81' lang='grc' dir='ltr'><strong>Β</strong></span> <span class='ocrx_word' id='word_1_249' title='bbox 2197 1678 2367 1748; x_wconf 91' lang='lat' dir='ltr'><strong>ipsius</strong></span> <span class='ocrx_word' id='word_1_250' title='bbox 2393 1678 2544 1732; x_wconf 90' lang='lat' dir='ltr'><strong>daret</strong></span> <span class='ocrx_word' id='word_1_251' title='bbox 2576 1677 2808 1732; x_wconf 89' lang='lat' dir='ltr'><strong>salutem</strong></span> <span class='ocrx_word' id='word_1_252' title='bbox 2843 1674 2950 1730; x_wconf 91' lang='lat' dir='ltr'><strong>illis</strong></span> <span class='ocrx_word' id='word_1_253' title='bbox 2979 1693 2992 1728; x_wconf 91' lang='lat'>:</span> <span class='ocrx_word' id='word_1_254' title='bbox 3023 1684 3080 1728; x_wconf 91' lang='lat' dir='ltr'><strong>at</strong></span> <span class='ocrx_word' id='word_1_255' title='bbox 3108 1673 3185 1728; x_wconf 90' lang='lat' dir='ltr'><strong>illi</strong></span> <span class='ocrx_word' id='word_1_256' title='bbox 3230 1687 3337 1726; x_wconf 88' lang='lat' dir='ltr'><strong>non</strong></span> <span class='ocrx_word' id='word_1_257' title='bbox 3379 1671 3774 1724; x_wconf 83' lang='lat' dir='ltr'><strong>intellexerunt.</strong></span> 
     </span>
    </p>
   </div>
   <div class='ocr_carea' id='block_1_34' title="bbox 493 1761 2093 1844">
    <p class='ocr_par' dir='ltr' id='par_1_34' title="bbox 493 1761 2093 1844">
     <span class='ocr_line' id='line_1_34' title="bbox 493 1761 2093 1844; baseline -0.009 -14"><span class='ocrx_word' id='word_1_258' title='bbox 493 1777 652 1830; x_wconf 91' lang='lat' dir='ltr'><strong>nobis</strong></span> <span class='ocrx_word' id='word_1_259' title='bbox 693 1776 929 1844; x_wconf 83' lang='lat' dir='ltr'><strong>Moyses.</strong></span> <span class='ocrx_word' id='word_1_260' title='bbox 959 1772 1028 1825; x_wconf 86' lang='lat' dir='ltr'><strong>Et</strong></span> <span class='ocrx_word' id='word_1_261' title='bbox 1064 1772 1338 1825; x_wconf 88' lang='lat' dir='ltr'><strong>intuentes</strong></span> <span class='ocrx_word' id='word_1_262' title='bbox 1365 1784 1489 1823; x_wconf 92' lang='lat' dir='ltr'><strong>eum</strong></span> <span class='ocrx_word' id='word_1_263' title='bbox 1516 1781 1707 1822; x_wconf 90' lang='lat' dir='ltr'><strong>omnes</strong></span> <span class='ocrx_word' id='word_1_264' title='bbox 1732 1805 1747 1829; x_wconf 94' lang='lat'><strong>,</strong></span> <span class='ocrx_word' id='word_1_265' title='bbox 1800 1765 1887 1833; x_wconf 85' lang='lat' dir='ltr'><strong>qui</strong></span> <span class='ocrx_word' id='word_1_266' title='bbox 1934 1761 2093 1817; x_wconf 83' lang='lat' dir='ltr'><strong>sede-</strong></span> 
     </span>
    </p>
   </div>
   <div class='ocr_carea' id='block_1_35' title="bbox 493 1853 2094 1928">
    <p class='ocr_par' dir='ltr' id='par_1_35' title="bbox 493 1853 2094 1928">
     <span class='ocr_line' id='line_1_35' title="bbox 493 1853 2094 1928; baseline -0.01 -7"><span class='ocrx_word' id='word_1_267' title='bbox 493 1867 628 1921; x_wconf 89' lang='lat' dir='ltr'><strong>bant</strong></span> <span class='ocrx_word' id='word_1_268' title='bbox 667 1866 718 1919; x_wconf 91' lang='lat' dir='ltr'><strong>in</strong></span> <span class='ocrx_word' id='word_1_269' title='bbox 747 1862 1000 1928; x_wconf 89' lang='lat' dir='ltr'><strong>concilio,</strong></span> <span class='ocrx_word' id='word_1_270' title='bbox 1030 1861 1282 1916; x_wconf 88' lang='lat' dir='ltr'><strong>viderunt</strong></span> <span class='ocrx_word' id='word_1_271' title='bbox 1330 1860 1520 1914; x_wconf 88' lang='lat' dir='ltr'><strong>faciem</strong></span> <span class='ocrx_word' id='word_1_272' title='bbox 1550 1859 1666 1928; x_wconf 89' lang='lat' dir='ltr'><strong>ejus</strong></span> <span class='ocrx_word' id='word_1_273' title='bbox 1701 1867 1972 1926; x_wconf 87' lang='lat' dir='ltr'><strong>tamquam</strong></span> <span class='ocrx_word' id='word_1_274' title='bbox 2015 1853 2094 1906; x_wconf 87' lang='lat' dir='ltr'><strong>fa-</strong></span> 
     </span>
    </p>
   </div>
   <div class='ocr_carea' id='block_1_36' title="bbox 500 1957 878 2026">
    <p class='ocr_par' dir='ltr' id='par_1_36' title="bbox 500 1957 878 2026">
     <span class='ocr_line' id='line_1_36' title="bbox 500 1957 878 2026; baseline -0.016 -12"><span class='ocrx_word' id='word_1_275' title='bbox 500 1959 643 2014; x_wconf 85' lang='lat' dir='ltr'><strong>ciem</strong></span> <span class='ocrx_word' id='word_1_276' title='bbox 676 1957 878 2026; x_wconf 77' lang='lat' dir='ltr'><strong>angeli.</strong></span> 
     </span>
    </p>
   </div>
   <div class='ocr_carea' id='block_1_37' title="bbox 562 2039 2092 2121">
    <p class='ocr_par' dir='ltr' id='par_1_37' title="bbox 562 2039 2092 2121">
     <span class='ocr_line' id='line_1_37' title="bbox 562 2039 2092 2121; baseline -0.005 -19"><span class='ocrx_word' id='word_1_277' title='bbox 562 2048 712 2121; x_wconf 87' lang='lat' dir='ltr'><strong>[Cap.</strong></span> <span class='ocrx_word' id='word_1_278' title='bbox 741 2047 880 2118; x_wconf 67' lang='grc' dir='ltr'><strong>γη]</strong></span> <span class='ocrx_word' id='word_1_279' title='bbox 918 2045 1060 2100; x_wconf 83' lang='lat' dir='ltr'><strong>Dixit</strong></span> <span class='ocrx_word' id='word_1_280' title='bbox 1103 2055 1283 2099; x_wconf 90' lang='lat' dir='ltr'><strong>autem</strong></span> <span class='ocrx_word' id='word_1_281' title='bbox 1320 2045 1574 2114; x_wconf 87' lang='lat' dir='ltr'><strong>princeps</strong></span> <span class='ocrx_word' id='word_1_282' title='bbox 1612 2042 1958 2098; x_wconf 77' lang='lat' dir='ltr'><strong>sacerdotum</strong></span> <span class='ocrx_word' id='word_1_283' title='bbox 1990 2059 2002 2093; x_wconf 88' lang='lat'><strong>:</strong></span> <span class='ocrx_word' id='word_1_284' title='bbox 2037 2039 2092 2095; x_wconf 89' lang='lat' dir='ltr'><strong>Si</strong></span> 
     </span>
    </p>
   </div>
   <div class='ocr_carea' id='block_1_38' title="bbox 497 2135 2092 2205">
    <p class='ocr_par' dir='ltr' id='par_1_38' title="bbox 497 2135 2092 2205">
     <span class='ocr_line' id='line_1_38' title="bbox 497 2135 2092 2205; baseline -0.006 -9"><span class='ocrx_word' id='word_1_285' title='bbox 497 2142 613 2196; x_wconf 68' lang='lat' dir='ltr'><strong>haec</strong></span> <span class='ocrx_word' id='word_1_286' title='bbox 645 2142 715 2194; x_wconf 91' lang='lat' dir='ltr'><strong>ita</strong></span> <span class='ocrx_word' id='word_1_287' title='bbox 748 2154 808 2194; x_wconf 90' lang='lat' dir='ltr'><strong>se</strong></span> <span class='ocrx_word' id='word_1_288' title='bbox 836 2138 1078 2192; x_wconf 88' lang='lat' dir='ltr'><strong>habent?</strong></span> <span class='ocrx_word' id='word_1_289' title='bbox 1121 2137 1223 2205; x_wconf 91' lang='lat' dir='ltr'><strong>Qui</strong></span> <span class='ocrx_word' id='word_1_290' title='bbox 1253 2137 1330 2190; x_wconf 90' lang='lat' dir='ltr'><strong>ait</strong></span> <span class='ocrx_word' id='word_1_291' title='bbox 1357 2153 1370 2190; x_wconf 86' lang='lat'><strong>:</strong></span> <span class='ocrx_word' id='word_1_292' title='bbox 1404 2135 1517 2190; x_wconf 85' lang='lat' dir='ltr'><strong>Viri</strong></span> <span class='ocrx_word' id='word_1_293' title='bbox 1550 2135 1770 2199; x_wconf 85' lang='lat' dir='ltr'><strong>fratres,</strong></span> <span class='ocrx_word' id='word_1_294' title='bbox 1803 2141 1864 2189; x_wconf 92' lang='lat' dir='ltr'><strong>et</strong></span> <span class='ocrx_word' id='word_1_295' title='bbox 1891 2142 2092 2202; x_wconf 89' lang='lat' dir='ltr'><strong>patres,</strong></span> 
     </span>
    </p>
   </div>
   <div class='ocr_carea' id='block_1_39' title="bbox 494 2227 2097 2303">
    <p class='ocr_par' dir='ltr' id='par_1_39' title="bbox 494 2227 2097 2303">
     <span class='ocr_line' id='line_1_39' title="bbox 494 2227 2097 2303; baseline -0.007 -12"><span class='ocrx_word' id='word_1_296' title='bbox 494 2236 679 2292; x_wconf 89' lang='lat' dir='ltr'><strong>audite</strong></span> <span class='ocrx_word' id='word_1_297' title='bbox 711 2254 721 2287; x_wconf 93' lang='lat'>:</span> <span class='ocrx_word' id='word_1_298' title='bbox 756 2234 899 2289; x_wconf 88' lang='lat' dir='ltr'><strong>Deus</strong></span> <span class='ocrx_word' id='word_1_299' title='bbox 927 2234 1117 2303; x_wconf 77' lang='lat' dir='ltr'><strong>glorize</strong></span> <span class='ocrx_word' id='word_1_300' title='bbox 1155 2231 1407 2302; x_wconf 87' lang='lat' dir='ltr'><strong>apparuit</strong></span> <span class='ocrx_word' id='word_1_301' title='bbox 1447 2231 1583 2298; x_wconf 90' lang='lat' dir='ltr'><strong>patri</strong></span> <span class='ocrx_word' id='word_1_302' title='bbox 1625 2239 1815 2283; x_wconf 88' lang='lat' dir='ltr'><strong>nostro</strong></span> <span class='ocrx_word' id='word_1_303' title='bbox 1862 2227 2097 2282; x_wconf 76' lang='lat' dir='ltr'><strong>Abraba:</strong></span> 
     </span>
    </p>
   </div>
   <div class='ocr_carea' id='block_1_40' title="bbox 495 2318 2096 2394">
    <p class='ocr_par' dir='ltr' id='par_1_40' title="bbox 495 2318 2096 2394">
     <span class='ocr_line' id='line_1_40' title="bbox 495 2318 2096 2394; baseline -0.007 -11"><span class='ocrx_word' id='word_1_304' title='bbox 495 2343 618 2384; x_wconf 93' lang='lat' dir='ltr'><strong>cum</strong></span> <span class='ocrx_word' id='word_1_305' title='bbox 647 2337 794 2382; x_wconf 88' lang='lat' dir='ltr'><strong>esset</strong></span> <span class='ocrx_word' id='word_1_306' title='bbox 823 2325 876 2380; x_wconf 93' lang='lat' dir='ltr'><strong>in</strong></span> <span class='ocrx_word' id='word_1_307' title='bbox 909 2324 1324 2394; x_wconf 80' lang='lat' dir='ltr'><strong>Mesopmamia,</strong></span> <span class='ocrx_word' id='word_1_308' title='bbox 1354 2322 1502 2393; x_wconf 91' lang='lat' dir='ltr'><strong>prius</strong></span> <span class='ocrx_word' id='word_1_309' title='bbox 1527 2335 1686 2390; x_wconf 89' lang='lat' dir='ltr'><strong>quam</strong></span> <span class='ocrx_word' id='word_1_310' title='bbox 1715 2328 2019 2374; x_wconf 87' lang='lat' dir='ltr'><strong>moraretur</strong></span> <span class='ocrx_word' id='word_1_311' title='bbox 2044 2318 2096 2372; x_wconf 93' lang='lat' dir='ltr'><strong>in</strong></span> 
     </span>
    </p>
   </div>
   <div class='ocr_carea' id='block_1_41' title="bbox 496 2409 2100 2483">
    <p class='ocr_par' dir='ltr' id='par_1_41' title="bbox 496 2409 2100 2483">
     <span class='ocr_line' id='line_1_41' title="bbox 496 2409 2100 2483; baseline -0.007 -8"><span class='ocrx_word' id='word_1_312' title='bbox 496 2419 736 2483; x_wconf 80' lang='lat' dir='ltr'><strong>Cbaran,</strong></span> <span class='ocrx_word' id='word_1_313' title='bbox 767 2429 822 2473; x_wconf 90' lang='lat' dir='ltr'><strong>et</strong></span> <span class='ocrx_word' id='word_1_314' title='bbox 850 2418 986 2472; x_wconf 82' lang='lat' dir='ltr'><strong>dixit</strong></span> <span class='ocrx_word' id='word_1_315' title='bbox 1024 2417 1092 2471; x_wconf 91' lang='lat' dir='ltr'><strong>ad</strong></span> <span class='ocrx_word' id='word_1_316' title='bbox 1140 2416 1292 2470; x_wconf 91' lang='lat' dir='ltr'><strong>illum</strong></span> <span class='ocrx_word' id='word_1_317' title='bbox 1325 2433 1336 2468; x_wconf 92' lang='lat'><strong>:</strong></span> <span class='ocrx_word' id='word_1_318' title='bbox 1371 2413 1472 2468; x_wconf 80' lang='lat' dir='ltr'><strong>Exi</strong></span> <span class='ocrx_word' id='word_1_319' title='bbox 1501 2413 1568 2468; x_wconf 91' lang='lat' dir='ltr'><strong>de</strong></span> <span class='ocrx_word' id='word_1_320' title='bbox 1609 2423 1754 2468; x_wconf 86' lang='lat' dir='ltr'><strong>terra</strong></span> <span class='ocrx_word' id='word_1_321' title='bbox 1795 2422 1905 2476; x_wconf 87' lang='lat' dir='ltr'><strong>tua,</strong></span> <span class='ocrx_word' id='word_1_322' title='bbox 1938 2420 1994 2466; x_wconf 90' lang='lat' dir='ltr'><strong>et</strong></span> <span class='ocrx_word' id='word_1_323' title='bbox 2031 2409 2100 2464; x_wconf 90' lang='lat' dir='ltr'><strong>de</strong></span> 
     </span>
    </p>
   </div>
   <div class='ocr_carea' id='block_1_42' title="bbox 499 2507 2096 2582">
    <p class='ocr_par' dir='ltr' id='par_1_42' title="bbox 499 2507 2096 2582">
     <span class='ocr_line' id='line_1_42' title="bbox 499 2507 2096 2582; baseline -0.007 -15"><span class='ocrx_word' id='word_1_324' title='bbox 499 2511 824 2582; x_wconf 88' lang='lat' dir='ltr'><strong>cognatione</strong></span> <span class='ocrx_word' id='word_1_325' title='bbox 855 2518 969 2574; x_wconf 91' lang='lat' dir='ltr'><strong>tua,</strong></span> <span class='ocrx_word' id='word_1_326' title='bbox 1007 2519 1060 2563; x_wconf 91' lang='lat' dir='ltr'><strong>et</strong></span> <span class='ocrx_word' id='word_1_327' title='bbox 1101 2509 1224 2563; x_wconf 90' lang='lat' dir='ltr'><strong>veni</strong></span> <span class='ocrx_word' id='word_1_328' title='bbox 1275 2507 1328 2562; x_wconf 92' lang='lat' dir='ltr'><strong>in</strong></span> <span class='ocrx_word' id='word_1_329' title='bbox 1364 2517 1585 2571; x_wconf 90' lang='lat' dir='ltr'><strong>terram,</strong></span> <span class='ocrx_word' id='word_1_330' title='bbox 1620 2521 1781 2575; x_wconf 92' lang='lat' dir='ltr'><strong>quam</strong></span> <span class='ocrx_word' id='word_1_331' title='bbox 1825 2512 2096 2558; x_wconf 89' lang='lat' dir='ltr'><strong>monstra-</strong></span> 
     </span>
    </p>
   </div>
   <div class='ocr_carea' id='block_1_43' title="bbox 499 2595 2096 2661">
    <p class='ocr_par' dir='ltr' id='par_1_43' title="bbox 499 2595 2096 2661">
     <span class='ocr_line' id='line_1_43' title="bbox 499 2595 2096 2661; baseline -0.008 -2"><span class='ocrx_word' id='word_1_332' title='bbox 499 2619 629 2659; x_wconf 89' lang='lat' dir='ltr'><strong>vero</strong></span> <span class='ocrx_word' id='word_1_333' title='bbox 662 2604 780 2658; x_wconf 88' lang='lat' dir='ltr'><strong>tibi.</strong></span> <span class='ocrx_word' id='word_1_334' title='bbox 813 2603 968 2658; x_wconf 88' lang='lat' dir='ltr'><strong>Tunc</strong></span> <span class='ocrx_word' id='word_1_335' title='bbox 989 2600 1122 2656; x_wconf 79' lang='lat' dir='ltr'><strong>exiit</strong></span> <span class='ocrx_word' id='word_1_336' title='bbox 1149 2599 1217 2655; x_wconf 89' lang='lat' dir='ltr'><strong>de</strong></span> <span class='ocrx_word' id='word_1_337' title='bbox 1247 2610 1390 2653; x_wconf 88' lang='lat' dir='ltr'><strong>terra</strong></span> <span class='ocrx_word' id='word_1_338' title='bbox 1421 2597 1825 2661; x_wconf 55' lang='lat' dir='ltr'><strong>Chaldaeorum,</strong></span> <span class='ocrx_word' id='word_1_339' title='bbox 1859 2604 1914 2650; x_wconf 92' lang='lat' dir='ltr'><strong>et</strong></span> <span class='ocrx_word' id='word_1_340' title='bbox 1940 2595 2096 2648; x_wconf 89' lang='lat' dir='ltr'><strong>babi-</strong></span> 
     </span>
    </p>
   </div>
   <div class='ocr_carea' id='block_1_44' title="bbox 500 2692 2098 2761">
    <p class='ocr_par' dir='ltr' id='par_1_44' title="bbox 500 2692 2098 2761">
     <span class='ocr_line' id='line_1_44' title="bbox 500 2692 2098 2761; baseline -0.006 -11"><span class='ocrx_word' id='word_1_341' title='bbox 500 2696 634 2750; x_wconf 83' lang='lat' dir='ltr'><strong>tavit</strong></span> <span class='ocrx_word' id='word_1_342' title='bbox 664 2696 716 2750; x_wconf 91' lang='lat' dir='ltr'><strong>in</strong></span> <span class='ocrx_word' id='word_1_343' title='bbox 741 2695 978 2750; x_wconf 87' lang='lat' dir='ltr'><strong>Cbaran.</strong></span> <span class='ocrx_word' id='word_1_344' title='bbox 1013 2693 1083 2748; x_wconf 81' lang='lat' dir='ltr'><strong>Et</strong></span> <span class='ocrx_word' id='word_1_345' title='bbox 1112 2692 1264 2758; x_wconf 91' lang='lat' dir='ltr'><strong>inde,</strong></span> <span class='ocrx_word' id='word_1_346' title='bbox 1301 2699 1589 2761; x_wconf 89' lang='lat' dir='ltr'><strong>postquam</strong></span> <span class='ocrx_word' id='word_1_347' title='bbox 1615 2699 1862 2744; x_wconf 90' lang='lat' dir='ltr'><strong>mortuus</strong></span> <span class='ocrx_word' id='word_1_348' title='bbox 1887 2696 1973 2744; x_wconf 90' lang='lat' dir='ltr'><strong>est</strong></span> <span class='ocrx_word' id='word_1_349' title='bbox 2002 2702 2098 2756; x_wconf 87' lang='lat' dir='ltr'><strong>pa-</strong></span> 
     </span>
    </p>
   </div>
   <div class='ocr_carea' id='block_1_45' title="bbox 502 2781 2099 2858">
    <p class='ocr_par' dir='ltr' id='par_1_45' title="bbox 502 2781 2099 2858">
     <span class='ocr_line' id='line_1_45' title="bbox 502 2781 2099 2858; baseline -0.006 -17"><span class='ocrx_word' id='word_1_350' title='bbox 502 2797 586 2843; x_wconf 91' lang='lat' dir='ltr'><strong>ter</strong></span> <span class='ocrx_word' id='word_1_351' title='bbox 627 2787 766 2858; x_wconf 86' lang='lat' dir='ltr'><strong>ejus,</strong></span> <span class='ocrx_word' id='word_1_352' title='bbox 816 2787 1095 2842; x_wconf 88' lang='lat' dir='ltr'><strong>transtulit</strong></span> <span class='ocrx_word' id='word_1_353' title='bbox 1144 2785 1297 2840; x_wconf 91' lang='lat' dir='ltr'><strong>illum</strong></span> <span class='ocrx_word' id='word_1_354' title='bbox 1333 2785 1384 2837; x_wconf 93' lang='lat' dir='ltr'><strong>iu</strong></span> <span class='ocrx_word' id='word_1_355' title='bbox 1434 2795 1631 2839; x_wconf 86' lang='lat' dir='ltr'><strong>terram</strong></span> <span class='ocrx_word' id='word_1_356' title='bbox 1679 2781 1859 2844; x_wconf 87' lang='lat' dir='ltr'><strong>istam,</strong></span> <span class='ocrx_word' id='word_1_357' title='bbox 1905 2782 1958 2834; x_wconf 93' lang='lat' dir='ltr'><strong>in</strong></span> <span class='ocrx_word' id='word_1_358' title='bbox 1993 2794 2099 2850; x_wconf 90' lang='lat' dir='ltr'><strong>qua</strong></span> 
     </span>
    </p>
   </div>
   <div class='ocr_carea' id='block_1_46' title="bbox 498 2872 2096 2937">
    <p class='ocr_par' dir='ltr' id='par_1_46' title="bbox 498 2872 2096 2937">
     <span class='ocr_line' id='line_1_46' title="bbox 498 2872 2096 2937; baseline -0.008 0"><span class='ocrx_word' id='word_1_359' title='bbox 498 2897 641 2937; x_wconf 91' lang='lat' dir='ltr'><strong>nunc</strong></span> <span class='ocrx_word' id='word_1_360' title='bbox 670 2895 769 2935; x_wconf 90' lang='lat' dir='ltr'><strong>vos</strong></span> <span class='ocrx_word' id='word_1_361' title='bbox 794 2878 1074 2933; x_wconf 89' lang='lat' dir='ltr'><strong>habitatis.</strong></span> <span class='ocrx_word' id='word_1_362' title='bbox 1107 2878 1176 2933; x_wconf 89' lang='lat' dir='ltr'><strong>Et</strong></span> <span class='ocrx_word' id='word_1_363' title='bbox 1205 2893 1310 2932; x_wconf 90' lang='lat' dir='ltr'><strong>nou</strong></span> <span class='ocrx_word' id='word_1_364' title='bbox 1345 2875 1495 2931; x_wconf 86' lang='lat' dir='ltr'><strong>dedit</strong></span> <span class='ocrx_word' id='word_1_365' title='bbox 1521 2875 1602 2928; x_wconf 90' lang='lat' dir='ltr'><strong>illi</strong></span> <span class='ocrx_word' id='word_1_366' title='bbox 1635 2872 2008 2929; x_wconf 68' lang='lat' dir='ltr'><strong>haereditatem</strong></span> <span class='ocrx_word' id='word_1_367' title='bbox 2045 2872 2096 2925; x_wconf 93' lang='lat' dir='ltr'><strong>in</strong></span> 
     </span>
    </p>
   </div>
   <div class='ocr_carea' id='block_1_47' title="bbox 499 2965 2097 3041">
    <p class='ocr_par' dir='ltr' id='par_1_47' title="bbox 499 2965 2097 3041">
     <span class='ocr_line' id='line_1_47' title="bbox 499 2965 2097 3041; baseline -0.007 -12"><span class='ocrx_word' id='word_1_368' title='bbox 499 2988 588 3041; x_wconf 88' lang='lat' dir='ltr'><strong>ea,</strong></span> <span class='ocrx_word' id='word_1_369' title='bbox 620 2987 724 3028; x_wconf 89' lang='lat' dir='ltr'><strong>nec</strong></span> <span class='ocrx_word' id='word_1_370' title='bbox 753 2987 974 3041; x_wconf 79' lang='lat' dir='ltr'><strong>paSsum</strong></span> <span class='ocrx_word' id='word_1_371' title='bbox 1006 2971 1183 3041; x_wconf 91' lang='lat' dir='ltr'><strong>pedis,</strong></span> <span class='ocrx_word' id='word_1_372' title='bbox 1209 2970 1304 3025; x_wconf 88' lang='lat' dir='ltr'><strong>sed</strong></span> <span class='ocrx_word' id='word_1_373' title='bbox 1331 2969 1580 3039; x_wconf 87' lang='lat' dir='ltr'><strong>promisit</strong></span> <span class='ocrx_word' id='word_1_374' title='bbox 1611 2967 1743 3023; x_wconf 88' lang='lat' dir='ltr'><strong>dare</strong></span> <span class='ocrx_word' id='word_1_375' title='bbox 1771 2967 1846 3022; x_wconf 92' lang='lat' dir='ltr'><strong>illi</strong></span> <span class='ocrx_word' id='word_1_376' title='bbox 1884 2980 2005 3021; x_wconf 91' lang='lat' dir='ltr'><strong>eam</strong></span> <span class='ocrx_word' id='word_1_377' title='bbox 2045 2965 2097 3018; x_wconf 92' lang='lat' dir='ltr'><strong>in</strong></span> 
     </span>
    </p>
   </div>
   <div class='ocr_carea' id='block_1_48' title="bbox 2199 1764 3785 1839">
    <p class='ocr_par' dir='ltr' id='par_1_48' title="bbox 2199 1764 3785 1839">
     <span class='ocr_line' id='line_1_48' title="bbox 2199 1764 3785 1839; baseline -0.006 -14"><span class='ocrx_word' id='word_1_378' title='bbox 2199 1770 2461 1839; x_wconf 87' lang='lat' dir='ltr'><strong>Sequenti</strong></span> <span class='ocrx_word' id='word_1_379' title='bbox 2493 1784 2624 1824; x_wconf 93' lang='lat' dir='ltr'><strong>vero</strong></span> <span class='ocrx_word' id='word_1_380' title='bbox 2651 1767 2741 1823; x_wconf 92' lang='lat' dir='ltr'><strong>die</strong></span> <span class='ocrx_word' id='word_1_381' title='bbox 2779 1767 3033 1838; x_wconf 85' lang='lat' dir='ltr'><strong>apparuit</strong></span> <span class='ocrx_word' id='word_1_382' title='bbox 3059 1767 3168 1822; x_wconf 90' lang='lat' dir='ltr'><strong>illis</strong></span> <span class='ocrx_word' id='word_1_383' title='bbox 3211 1764 3546 1835; x_wconf 88' lang='lat' dir='ltr'><strong>litigantibus</strong></span> <span class='ocrx_word' id='word_1_384' title='bbox 3576 1779 3588 1816; x_wconf 92' lang='lat'>:</span> <span class='ocrx_word' id='word_1_385' title='bbox 3614 1771 3664 1816; x_wconf 86' lang='lat' dir='ltr'><strong>et</strong></span> <span class='ocrx_word' id='word_1_386' title='bbox 3700 1777 3785 1816; x_wconf 68' lang='lat' dir='ltr'><strong>re~</strong></span> 
     </span>
    </p>
   </div>
   <div class='ocr_carea' id='block_1_49' title="bbox 2196 1854 3783 1929">
    <p class='ocr_par' dir='ltr' id='par_1_49' title="bbox 2196 1854 3783 1929">
     <span class='ocr_line' id='line_1_49' title="bbox 2196 1854 3783 1929; baseline -0.005 -13"><span class='ocrx_word' id='word_1_387' title='bbox 2196 1861 2531 1916; x_wconf 91' lang='lat' dir='ltr'><strong>conciliabat</strong></span> <span class='ocrx_word' id='word_1_388' title='bbox 2554 1875 2650 1915; x_wconf 92' lang='lat' dir='ltr'><strong>eos</strong></span> <span class='ocrx_word' id='word_1_389' title='bbox 2679 1861 2732 1914; x_wconf 91' lang='lat' dir='ltr'><strong>in</strong></span> <span class='ocrx_word' id='word_1_390' title='bbox 2757 1875 2888 1929; x_wconf 87' lang='lat' dir='ltr'><strong>pace</strong></span> <span class='ocrx_word' id='word_1_391' title='bbox 2912 1859 3098 1914; x_wconf 90' lang='lat' dir='ltr'><strong>dicens</strong></span> <span class='ocrx_word' id='word_1_392' title='bbox 3129 1876 3140 1911; x_wconf 88' lang='lat'>:</span> <span class='ocrx_word' id='word_1_393' title='bbox 3170 1857 3310 1924; x_wconf 79' lang='lat' dir='ltr'><strong>Viri,</strong></span> <span class='ocrx_word' id='word_1_394' title='bbox 3341 1856 3530 1910; x_wconf 78' lang='lat' dir='ltr'><strong>fratres</strong></span> <span class='ocrx_word' id='word_1_395' title='bbox 3557 1854 3701 1920; x_wconf 88' lang='lat' dir='ltr'><strong>estis,</strong></span> <span class='ocrx_word' id='word_1_396' title='bbox 3727 1863 3783 1908; x_wconf 94' lang='lat' dir='ltr'><strong>ut</strong></span> 
     </span>
    </p>
   </div>
   <div class='ocr_carea' id='block_1_50' title="bbox 2200 1945 3780 2022">
    <p class='ocr_par' dir='ltr' id='par_1_50' title="bbox 2200 1945 3780 2022">
     <span class='ocr_line' id='line_1_50' title="bbox 2200 1945 3780 2022; baseline -0.006 -15"><span class='ocrx_word' id='word_1_397' title='bbox 2200 1952 2328 2022; x_wconf 89' lang='lat' dir='ltr'><strong>quid</strong></span> <span class='ocrx_word' id='word_1_398' title='bbox 2360 1953 2570 2007; x_wconf 83' lang='lat' dir='ltr'><strong>nucetis</strong></span> <span class='ocrx_word' id='word_1_399' title='bbox 2599 1951 2968 2007; x_wconf 84' lang='lat' dir='ltr'><strong>alterutrum?</strong></span> <span class='ocrx_word' id='word_1_400' title='bbox 2995 1950 3097 2018; x_wconf 88' lang='lat' dir='ltr'><strong>Qui</strong></span> <span class='ocrx_word' id='word_1_401' title='bbox 3133 1960 3316 2004; x_wconf 91' lang='lat' dir='ltr'><strong>autem</strong></span> <span class='ocrx_word' id='word_1_402' title='bbox 3353 1948 3598 2018; x_wconf 90' lang='lat' dir='ltr'><strong>injuriam</strong></span> <span class='ocrx_word' id='word_1_403' title='bbox 3625 1945 3780 2001; x_wconf 86' lang='lat' dir='ltr'><strong>facie-</strong></span> 
     </span>
    </p>
   </div>
   <div class='ocr_carea' id='block_1_51' title="bbox 2199 2040 3781 2114">
    <p class='ocr_par' dir='ltr' id='par_1_51' title="bbox 2199 2040 3781 2114">
     <span class='ocr_line' id='line_1_51' title="bbox 2199 2040 3781 2114; baseline -0.003 -15"><span class='ocrx_word' id='word_1_404' title='bbox 2199 2045 2292 2100; x_wconf 88' lang='lat' dir='ltr'><strong>bat</strong></span> <span class='ocrx_word' id='word_1_405' title='bbox 2322 2046 2596 2114; x_wconf 91' lang='lat' dir='ltr'><strong>proximo,</strong></span> <span class='ocrx_word' id='word_1_406' title='bbox 2643 2045 2848 2114; x_wconf 89' lang='lat' dir='ltr'><strong>repulit</strong></span> <span class='ocrx_word' id='word_1_407' title='bbox 2893 2060 3040 2106; x_wconf 88' lang='lat' dir='ltr'><strong>eum.</strong></span> <span class='ocrx_word' id='word_1_408' title='bbox 3073 2043 3262 2098; x_wconf 91' lang='lat' dir='ltr'><strong>dicens</strong></span> <span class='ocrx_word' id='word_1_409' title='bbox 3295 2061 3308 2096; x_wconf 88' lang='lat'><strong>:</strong></span> <span class='ocrx_word' id='word_1_410' title='bbox 3343 2043 3475 2108; x_wconf 90' lang='lat' dir='ltr'><strong>Quis</strong></span> <span class='ocrx_word' id='word_1_411' title='bbox 3506 2051 3554 2096; x_wconf 91' lang='lat' dir='ltr'><strong>te</strong></span> <span class='ocrx_word' id='word_1_412' title='bbox 3593 2040 3781 2095; x_wconf 85' lang='lat' dir='ltr'><strong>consti-</strong></span> 
     </span>
    </p>
   </div>
   <div class='ocr_carea' id='block_1_52' title="bbox 2203 2134 3779 2209">
    <p class='ocr_par' dir='ltr' id='par_1_52' title="bbox 2203 2134 3779 2209">
     <span class='ocr_line' id='line_1_52' title="bbox 2203 2134 3779 2209; baseline -0.004 -16"><span class='ocrx_word' id='word_1_413' title='bbox 2203 2140 2305 2193; x_wconf 89' lang='lat' dir='ltr'><strong>tuit</strong></span> <span class='ocrx_word' id='word_1_414' title='bbox 2337 2140 2639 2208; x_wconf 88' lang='lat' dir='ltr'><strong>principem</strong></span> <span class='ocrx_word' id='word_1_415' title='bbox 2671 2150 2726 2194; x_wconf 89' lang='lat' dir='ltr'><strong>et</strong></span> <span class='ocrx_word' id='word_1_416' title='bbox 2769 2139 3010 2209; x_wconf 91' lang='lat' dir='ltr'><strong>judicem</strong></span> <span class='ocrx_word' id='word_1_417' title='bbox 3053 2153 3217 2208; x_wconf 88' lang='lat' dir='ltr'><strong>super</strong></span> <span class='ocrx_word' id='word_1_418' title='bbox 3263 2137 3403 2192; x_wconf 88' lang='lat' dir='ltr'><strong>nos?</strong></span> <span class='ocrx_word' id='word_1_419' title='bbox 3435 2134 3677 2205; x_wconf 88' lang='lat' dir='ltr'><strong>numquid</strong></span> <span class='ocrx_word' id='word_1_420' title='bbox 3708 2136 3779 2187; x_wconf 81' lang='lat' dir='ltr'><strong>in-</strong></span> 
     </span>
    </p>
   </div>
   <div class='ocr_carea' id='block_1_53' title="bbox 2200 2217 3778 2300">
    <p class='ocr_par' dir='ltr' id='par_1_53' title="bbox 2200 2217 3778 2300">
     <span class='ocr_line' id='line_1_53' title="bbox 2200 2217 3778 2300; baseline -0.003 -17"><span class='ocrx_word' id='word_1_421' title='bbox 2200 2217 2455 2285; x_wconf 87' lang='lat' dir='ltr'><strong>terficere</strong></span> <span class='ocrx_word' id='word_1_422' title='bbox 2487 2247 2573 2285; x_wconf 92' lang='lat' dir='ltr'><strong>me</strong></span> <span class='ocrx_word' id='word_1_423' title='bbox 2605 2243 2660 2285; x_wconf 93' lang='lat' dir='ltr'><strong>tu</strong></span> <span class='ocrx_word' id='word_1_424' title='bbox 2696 2232 2799 2298; x_wconf 87' lang='lat' dir='ltr'><strong>vis,</strong></span> <span class='ocrx_word' id='word_1_425' title='bbox 2835 2229 3297 2300; x_wconf 88' lang='lat' dir='ltr'><strong>quemadmodum</strong></span> <span class='ocrx_word' id='word_1_426' title='bbox 3333 2227 3642 2282; x_wconf 83' lang='lat' dir='ltr'><strong>interfecisti</strong></span> <span class='ocrx_word' id='word_1_427' title='bbox 3674 2225 3778 2279; x_wconf 89' lang='lat' dir='ltr'><strong>beri</strong></span> 
     </span>
    </p>
   </div>
   <div class='ocr_carea' id='block_1_54' title="bbox 2199 2319 3779 2395">
    <p class='ocr_par' dir='ltr' id='par_1_54' title="bbox 2199 2319 3779 2395">
     <span class='ocr_line' id='line_1_54' title="bbox 2199 2319 3779 2395; baseline -0.005 -17"><span class='ocrx_word' id='word_1_428' title='bbox 2199 2323 2558 2395; x_wconf 58' lang='lat' dir='ltr'><strong>[Egyptium‘f</strong></span> <span class='ocrx_word' id='word_1_429' title='bbox 2587 2323 2748 2394; x_wconf 86' lang='lat' dir='ltr'><strong>Fugit</strong></span> <span class='ocrx_word' id='word_1_430' title='bbox 2789 2332 2974 2377; x_wconf 91' lang='lat' dir='ltr'><strong>autem</strong></span> <span class='ocrx_word' id='word_1_431' title='bbox 3016 2324 3236 2393; x_wconf 87' lang='lat' dir='ltr'><strong>Moyses</strong></span> <span class='ocrx_word' id='word_1_432' title='bbox 3269 2321 3322 2375; x_wconf 92' lang='lat' dir='ltr'><strong>in</strong></span> <span class='ocrx_word' id='word_1_433' title='bbox 3352 2323 3516 2374; x_wconf 89' lang='lat' dir='ltr'><strong>verbo</strong></span> <span class='ocrx_word' id='word_1_434' title='bbox 3555 2319 3650 2372; x_wconf 77' lang='lat' dir='ltr'><strong>isto</strong></span> <span class='ocrx_word' id='word_1_435' title='bbox 3687 2334 3701 2371; x_wconf 89' lang='lat'><strong><em>:</em></strong></span> <span class='ocrx_word' id='word_1_436' title='bbox 3731 2328 3779 2370; x_wconf 90' lang='lat' dir='ltr'><strong>et</strong></span> 
     </span>
    </p>
   </div>
   <div class='ocr_carea' id='block_1_55' title="bbox 2201 2407 3777 2480">
    <p class='ocr_par' dir='ltr' id='par_1_55' title="bbox 2201 2407 3777 2480">
     <span class='ocr_line' id='line_1_55' title="bbox 2201 2407 3777 2480; baseline -0.005 -11"><span class='ocrx_word' id='word_1_437' title='bbox 2201 2416 2380 2470; x_wconf 89' lang='lat' dir='ltr'><strong>factus</strong></span> <span class='ocrx_word' id='word_1_438' title='bbox 2407 2423 2494 2470; x_wconf 88' lang='lat' dir='ltr'><strong>est</strong></span> <span class='ocrx_word' id='word_1_439' title='bbox 2519 2416 2730 2469; x_wconf 87' lang='lat' dir='ltr'><strong>advena</strong></span> <span class='ocrx_word' id='word_1_440' title='bbox 2763 2414 2815 2468; x_wconf 93' lang='lat' dir='ltr'><strong>in</strong></span> <span class='ocrx_word' id='word_1_441' title='bbox 2859 2423 3006 2469; x_wconf 88' lang='lat' dir='ltr'><strong>terra</strong></span> <span class='ocrx_word' id='word_1_442' title='bbox 3049 2413 3284 2479; x_wconf 83' lang='lat' dir='ltr'><strong>Madian,</strong></span> <span class='ocrx_word' id='word_1_443' title='bbox 3316 2411 3408 2467; x_wconf 83' lang='lat' dir='ltr'><strong>ubi</strong></span> <span class='ocrx_word' id='word_1_444' title='bbox 3439 2409 3692 2480; x_wconf 80' lang='lat' dir='ltr'><strong>generavit</strong></span> <span class='ocrx_word' id='word_1_445' title='bbox 3720 2407 3777 2461; x_wconf 87' lang='lat' dir='ltr'><strong>fi-</strong></span> 
     </span>
    </p>
   </div>
   <div class='ocr_carea' id='block_1_56' title="bbox 2201 2501 3780 2578">
    <p class='ocr_par' dir='ltr' id='par_1_56' title="bbox 2201 2501 3780 2578">
     <span class='ocr_line' id='line_1_56' title="bbox 2201 2501 3780 2578; baseline -0.005 -16"><span class='ocrx_word' id='word_1_446' title='bbox 2201 2508 2306 2563; x_wconf 90' lang='lat' dir='ltr'><strong>lios</strong></span> <span class='ocrx_word' id='word_1_447' title='bbox 2347 2509 2506 2563; x_wconf 93' lang='lat' dir='ltr'><strong>duos.</strong></span> <span class='ocrx_word' id='word_1_448' title='bbox 2550 2507 2626 2562; x_wconf 81' lang='lat' dir='ltr'><strong>Et</strong></span> <span class='ocrx_word' id='word_1_449' title='bbox 2657 2507 2888 2578; x_wconf 83' lang='lat' dir='ltr'><strong>expletis</strong></span> <span class='ocrx_word' id='word_1_450' title='bbox 2919 2508 3078 2561; x_wconf 91' lang='lat' dir='ltr'><strong>annis</strong></span> <span class='ocrx_word' id='word_1_451' title='bbox 3121 2505 3502 2576; x_wconf 82' lang='lat' dir='ltr'><strong>quadraginta,</strong></span> <span class='ocrx_word' id='word_1_452' title='bbox 3551 2501 3780 2573; x_wconf 85' lang='lat' dir='ltr'><strong>apparuit</strong></span> 
     </span>
    </p>
   </div>
   <div class='ocr_carea' id='block_1_57' title="bbox 2201 2597 3781 2670">
    <p class='ocr_par' dir='ltr' id='par_1_57' title="bbox 2201 2597 3781 2670">
     <span class='ocr_line' id='line_1_57' title="bbox 2201 2597 3781 2670; baseline -0.004 -14"><span class='ocrx_word' id='word_1_453' title='bbox 2201 2601 2284 2656; x_wconf 91' lang='lat' dir='ltr'><strong>illi</strong></span> <span class='ocrx_word' id='word_1_454' title='bbox 2320 2601 2373 2656; x_wconf 90' lang='lat' dir='ltr'><strong>in</strong></span> <span class='ocrx_word' id='word_1_455' title='bbox 2400 2602 2618 2657; x_wconf 88' lang='lat' dir='ltr'><strong>deserto</strong></span> <span class='ocrx_word' id='word_1_456' title='bbox 2650 2602 2852 2656; x_wconf 86' lang='lat' dir='ltr'><strong>montis</strong></span> <span class='ocrx_word' id='word_1_457' title='bbox 2882 2601 3016 2656; x_wconf 85' lang='lat' dir='ltr'><strong>Sina</strong></span> <span class='ocrx_word' id='word_1_458' title='bbox 3047 2601 3272 2670; x_wconf 88' lang='lat' dir='ltr'><strong>angelus</strong></span> <span class='ocrx_word' id='word_1_459' title='bbox 3315 2600 3368 2653; x_wconf 90' lang='lat' dir='ltr'><strong>in</strong></span> <span class='ocrx_word' id='word_1_460' title='bbox 3417 2600 3536 2668; x_wconf 90' lang='lat' dir='ltr'><strong>igne</strong></span> <span class='ocrx_word' id='word_1_461' title='bbox 3566 2597 3781 2651; x_wconf 66' lang='lat' dir='ltr'><strong>flammae</strong></span> 
     </span>
    </p>
   </div>
   <div class='ocr_carea' id='block_1_58' title="bbox 2201 2688 3784 2767">
    <p class='ocr_par' dir='ltr' id='par_1_58' title="bbox 2201 2688 3784 2767">
     <span class='ocr_line' id='line_1_58' title="bbox 2201 2688 3784 2767; baseline -0.006 -16"><span class='ocrx_word' id='word_1_462' title='bbox 2201 2697 2344 2751; x_wconf 90' lang='lat' dir='ltr'><strong>rubi.</strong></span> <span class='ocrx_word' id='word_1_463' title='bbox 2375 2695 2590 2767; x_wconf 87' lang='lat' dir='ltr'><strong>Moyses</strong></span> <span class='ocrx_word' id='word_1_464' title='bbox 2613 2704 2792 2750; x_wconf 90' lang='lat' dir='ltr'><strong>autem</strong></span> <span class='ocrx_word' id='word_1_465' title='bbox 2827 2695 3038 2758; x_wconf 85' lang='lat' dir='ltr'><strong>videns,</strong></span> <span class='ocrx_word' id='word_1_466' title='bbox 3070 2693 3375 2749; x_wconf 88' lang='lat' dir='ltr'><strong>admiratus</strong></span> <span class='ocrx_word' id='word_1_467' title='bbox 3400 2702 3482 2746; x_wconf 79' lang='lat' dir='ltr'><strong>est</strong></span> <span class='ocrx_word' id='word_1_468' title='bbox 3512 2693 3704 2746; x_wconf 89' lang='lat' dir='ltr'><strong>visum.</strong></span> <span class='ocrx_word' id='word_1_469' title='bbox 3728 2688 3784 2742; x_wconf 85' lang='lat' dir='ltr'><strong>Et</strong></span> 
     </span>
    </p>
   </div>
   <div class='ocr_carea' id='block_1_59' title="bbox 2201 2785 3782 2855">
    <p class='ocr_par' dir='ltr' id='par_1_59' title="bbox 2201 2785 3782 2855">
     <span class='ocr_line' id='line_1_59' title="bbox 2201 2785 3782 2855; baseline -0.004 -13"><span class='ocrx_word' id='word_1_470' title='bbox 2201 2787 2495 2842; x_wconf 89' lang='lat' dir='ltr'><strong>accedente</strong></span> <span class='ocrx_word' id='word_1_471' title='bbox 2519 2787 2637 2855; x_wconf 89' lang='lat' dir='ltr'><strong>illo,</strong></span> <span class='ocrx_word' id='word_1_472' title='bbox 2672 2799 2731 2842; x_wconf 94' lang='lat' dir='ltr'><strong>ut</strong></span> <span class='ocrx_word' id='word_1_473' title='bbox 2756 2787 3150 2855; x_wconf 91' lang='lat' dir='ltr'><strong>consideraret,</strong></span> <span class='ocrx_word' id='word_1_474' title='bbox 3180 2789 3316 2842; x_wconf 88' lang='lat' dir='ltr'><strong>facta</strong></span> <span class='ocrx_word' id='word_1_475' title='bbox 3343 2797 3428 2840; x_wconf 90' lang='lat' dir='ltr'><strong>est</strong></span> <span class='ocrx_word' id='word_1_476' title='bbox 3456 2785 3520 2839; x_wconf 90' lang='lat' dir='ltr'><strong>ad</strong></span> <span class='ocrx_word' id='word_1_477' title='bbox 3546 2800 3668 2839; x_wconf 91' lang='lat' dir='ltr'><strong>eum</strong></span> <span class='ocrx_word' id='word_1_478' title='bbox 3692 2796 3782 2836; x_wconf 88' lang='lat' dir='ltr'><strong>vox</strong></span> 
     </span>
    </p>
   </div>
   <div class='ocr_carea' id='block_1_60' title="bbox 2205 2878 3778 2950">
    <p class='ocr_par' dir='ltr' id='par_1_60' title="bbox 2205 2878 3778 2950">
     <span class='ocr_line' id='line_1_60' title="bbox 2205 2878 3778 2950; baseline -0.006 -14"><span class='ocrx_word' id='word_1_479' title='bbox 2205 2880 2439 2944; x_wconf 90' lang='lat' dir='ltr'><strong>Domini,</strong></span> <span class='ocrx_word' id='word_1_480' title='bbox 2489 2880 2678 2936; x_wconf 89' lang='lat' dir='ltr'><strong>dicens</strong></span> <span class='ocrx_word' id='word_1_481' title='bbox 2721 2899 2732 2933; x_wconf 90' lang='lat'><strong>:</strong></span> <span class='ocrx_word' id='word_1_482' title='bbox 2782 2881 2893 2950; x_wconf 88' lang='lat' dir='ltr'><strong>Ego</strong></span> <span class='ocrx_word' id='word_1_483' title='bbox 2943 2894 3064 2934; x_wconf 90' lang='lat' dir='ltr'><strong>sum</strong></span> <span class='ocrx_word' id='word_1_484' title='bbox 3105 2878 3247 2934; x_wconf 85' lang='lat' dir='ltr'><strong>Deus</strong></span> <span class='ocrx_word' id='word_1_485' title='bbox 3293 2887 3504 2948; x_wconf 88' lang='lat' dir='ltr'><strong>patrum</strong></span> <span class='ocrx_word' id='word_1_486' title='bbox 3555 2886 3778 2938; x_wconf 90' lang='lat' dir='ltr'><strong>tuorum,</strong></span> 
     </span>
    </p>
   </div>
   <div class='ocr_carea' id='block_1_61' title="bbox 2204 2973 3784 3042">
    <p class='ocr_par' dir='ltr' id='par_1_61' title="bbox 2204 2973 3784 3042">
     <span class='ocr_line' id='line_1_61' title="bbox 2204 2973 3784 3042; baseline -0.003 -13"><span class='ocrx_word' id='word_1_487' title='bbox 2204 2975 2348 3032; x_wconf 93' lang='lat' dir='ltr'><strong>Deus</strong></span> <span class='ocrx_word' id='word_1_488' title='bbox 2379 2977 2677 3042; x_wconf 86' lang='lat' dir='ltr'><strong>Abraham,</strong></span> <span class='ocrx_word' id='word_1_489' title='bbox 2703 2977 2848 3032; x_wconf 83' lang='lat' dir='ltr'><strong>Deus</strong></span> <span class='ocrx_word' id='word_1_490' title='bbox 2880 2976 3051 3038; x_wconf 89' lang='lat' dir='ltr'><strong>Isaac,</strong></span> <span class='ocrx_word' id='word_1_491' title='bbox 3086 2985 3142 3032; x_wconf 91' lang='lat' dir='ltr'><strong>et</strong></span> <span class='ocrx_word' id='word_1_492' title='bbox 3177 2976 3319 3031; x_wconf 89' lang='lat' dir='ltr'><strong>Deus</strong></span> <span class='ocrx_word' id='word_1_493' title='bbox 3353 2974 3543 3029; x_wconf 83' lang='lat' dir='ltr'><strong>Jacob.</strong></span> <span class='ocrx_word' id='word_1_494' title='bbox 3575 2973 3784 3027; x_wconf 66' lang='lat' dir='ltr'><strong>Tremeo</strong></span> 
     </span>
    </p>
   </div>
   <div class='ocr_carea' id='block_1_62' title="bbox 501 3038 2094 3139">
    <p class='ocr_par' dir='ltr' id='par_1_62' title="bbox 501 3061 2094 3137">
     <span class='ocr_line' id='line_1_62' title="bbox 501 3061 2094 3137; baseline -0.007 -17"><span class='ocrx_word' id='word_1_495' title='bbox 501 3069 926 3137; x_wconf 88' lang='lat' dir='ltr'><strong>possessionem,</strong></span> <span class='ocrx_word' id='word_1_496' title='bbox 961 3072 1019 3119; x_wconf 90' lang='lat' dir='ltr'><strong>et</strong></span> <span class='ocrx_word' id='word_1_497' title='bbox 1053 3064 1246 3118; x_wconf 90' lang='lat' dir='ltr'><strong>semini</strong></span> <span class='ocrx_word' id='word_1_498' title='bbox 1284 3063 1402 3132; x_wconf 86' lang='lat' dir='ltr'><strong>ejus</strong></span> <span class='ocrx_word' id='word_1_499' title='bbox 1444 3071 1566 3132; x_wconf 88' lang='lat' dir='ltr'><strong>post</strong></span> <span class='ocrx_word' id='word_1_500' title='bbox 1594 3061 1793 3130; x_wconf 89' lang='lat' dir='ltr'><strong>ipsum,</strong></span> <span class='ocrx_word' id='word_1_501' title='bbox 1821 3074 1947 3114; x_wconf 90' lang='lat' dir='ltr'><strong>cum</strong></span> <span class='ocrx_word' id='word_1_502' title='bbox 1991 3072 2094 3111; x_wconf 91' lang='lat' dir='ltr'><strong>non</strong></span> 
     </span>
    </p>
   </div>
   <div class='ocr_carea' id='block_1_63' title="bbox 2199 3038 3782 3139">
    <p class='ocr_par' dir='ltr' id='par_1_63' title="bbox 2205 3065 3782 3139">
     <span class='ocr_line' id='line_1_63' title="bbox 2205 3065 3782 3139; baseline -0.003 -18"><span class='ocrx_word' id='word_1_503' title='bbox 2205 3068 2378 3124; x_wconf 83' lang='lat' dir='ltr'><strong>factus</strong></span> <span class='ocrx_word' id='word_1_504' title='bbox 2399 3078 2582 3124; x_wconf 89' lang='lat' dir='ltr'><strong>autem</strong></span> <span class='ocrx_word' id='word_1_505' title='bbox 2609 3068 2840 3139; x_wconf 85' lang='lat' dir='ltr'><strong>Moyses,</strong></span> <span class='ocrx_word' id='word_1_506' title='bbox 2865 3083 2972 3122; x_wconf 90' lang='lat' dir='ltr'><strong>non</strong></span> <span class='ocrx_word' id='word_1_507' title='bbox 2996 3068 3235 3123; x_wconf 90' lang='lat' dir='ltr'><strong>audebat</strong></span> <span class='ocrx_word' id='word_1_508' title='bbox 3259 3067 3622 3122; x_wconf 83' lang='lat' dir='ltr'><strong>considerare.</strong></span> <span class='ocrx_word' id='word_1_509' title='bbox 3654 3065 3782 3119; x_wconf 90' lang='lat' dir='ltr'><strong>Dixit</strong></span> 
     </span>
    </p>
   </div>
   <div class='ocr_carea' id='block_1_64' title="bbox 503 3153 2098 3220">
    <p class='ocr_par' dir='ltr' id='par_1_64' title="bbox 503 3153 2098 3220">
     <span class='ocr_line' id='line_1_64' title="bbox 503 3153 2098 3220; baseline -0.005 -6"><span class='ocrx_word' id='word_1_510' title='bbox 503 3161 732 3214; x_wconf 88' lang='lat' dir='ltr'><strong>haberet</strong></span> <span class='ocrx_word' id='word_1_511' title='bbox 775 3161 962 3213; x_wconf 88' lang='lat' dir='ltr'><strong>filitun.</strong></span> <span class='ocrx_word' id='word_1_512' title='bbox 997 3161 1234 3214; x_wconf 90' lang='lat' dir='ltr'><strong>Locutus</strong></span> <span class='ocrx_word' id='word_1_513' title='bbox 1285 3166 1372 3212; x_wconf 90' lang='lat' dir='ltr'><strong>est</strong></span> <span class='ocrx_word' id='word_1_514' title='bbox 1418 3168 1596 3211; x_wconf 87' lang='lat' dir='ltr'><strong>autem</strong></span> <span class='ocrx_word' id='word_1_515' title='bbox 1642 3157 1691 3210; x_wconf 89' lang='lat' dir='ltr'><strong>ei</strong></span> <span class='ocrx_word' id='word_1_516' title='bbox 1740 3155 1884 3210; x_wconf 89' lang='lat' dir='ltr'><strong>Deus</strong></span> <span class='ocrx_word' id='word_1_517' title='bbox 1919 3173 1933 3210; x_wconf 90' lang='lat'><strong>:</strong></span> <span class='ocrx_word' id='word_1_518' title='bbox 1966 3153 2098 3220; x_wconf 88' lang='lat' dir='ltr'><strong>Quia</strong></span> 
     </span>
    </p>
   </div>
   <div class='ocr_carea' id='block_1_65' title="bbox 503 3247 2101 3318">
    <p class='ocr_par' dir='ltr' id='par_1_65' title="bbox 503 3247 2101 3318">
     <span class='ocr_line' id='line_1_65' title="bbox 503 3247 2101 3318; baseline -0.003 -13"><span class='ocrx_word' id='word_1_519' title='bbox 503 3252 608 3306; x_wconf 87' lang='lat' dir='ltr'><strong>erit</strong></span> <span class='ocrx_word' id='word_1_520' title='bbox 637 3265 823 3304; x_wconf 88' lang='lat' dir='ltr'><strong>semen</strong></span> <span class='ocrx_word' id='word_1_521' title='bbox 863 3250 982 3318; x_wconf 85' lang='lat' dir='ltr'><strong>eius</strong></span> <span class='ocrx_word' id='word_1_522' title='bbox 1013 3251 1195 3304; x_wconf 91' lang='lat' dir='ltr'><strong>accola</strong></span> <span class='ocrx_word' id='word_1_523' title='bbox 1240 3248 1292 3302; x_wconf 93' lang='lat' dir='ltr'><strong>in</strong></span> <span class='ocrx_word' id='word_1_524' title='bbox 1340 3257 1483 3301; x_wconf 88' lang='lat' dir='ltr'><strong>terra</strong></span> <span class='ocrx_word' id='word_1_525' title='bbox 1527 3248 1702 3302; x_wconf 89' lang='lat' dir='ltr'><strong>aliena</strong></span> <span class='ocrx_word' id='word_1_526' title='bbox 1724 3289 1738 3313; x_wconf 94' lang='lat'><strong>,</strong></span> <span class='ocrx_word' id='word_1_527' title='bbox 1771 3259 1825 3301; x_wconf 92' lang='lat' dir='ltr'><strong>et</strong></span> <span class='ocrx_word' id='word_1_528' title='bbox 1855 3247 2101 3302; x_wconf 90' lang='lat' dir='ltr'><strong>servituti</strong></span> 
     </span>
    </p>
   </div>
   <div class='ocr_carea' id='block_1_66' title="bbox 503 3339 2103 3412">
    <p class='ocr_par' dir='ltr' id='par_1_66' title="bbox 503 3339 2103 3412">
     <span class='ocr_line' id='line_1_66' title="bbox 503 3339 2103 3412; baseline -0.004 -12"><span class='ocrx_word' id='word_1_529' title='bbox 503 3358 600 3400; x_wconf 91' lang='lat' dir='ltr'><strong>eos</strong></span> <span class='ocrx_word' id='word_1_530' title='bbox 623 3343 943 3412; x_wconf 88' lang='lat' dir='ltr'><strong>subjicient,</strong></span> <span class='ocrx_word' id='word_1_531' title='bbox 965 3353 1020 3396; x_wconf 90' lang='lat' dir='ltr'><strong>et</strong></span> <span class='ocrx_word' id='word_1_532' title='bbox 1050 3343 1191 3395; x_wconf 89' lang='lat' dir='ltr'><strong>male</strong></span> <span class='ocrx_word' id='word_1_533' title='bbox 1220 3339 1528 3394; x_wconf 88' lang='lat' dir='ltr'><strong>tractabunt</strong></span> <span class='ocrx_word' id='word_1_534' title='bbox 1552 3355 1646 3394; x_wconf 90' lang='lat' dir='ltr'><strong>eos</strong></span> <span class='ocrx_word' id='word_1_535' title='bbox 1669 3341 1825 3394; x_wconf 90' lang='lat' dir='ltr'><strong>annis</strong></span> <span class='ocrx_word' id='word_1_536' title='bbox 1846 3339 2103 3410; x_wconf 75' lang='lat' dir='ltr'><strong>quadrin-</strong></span> 
     </span>
    </p>
   </div>
   <div class='ocr_carea' id='block_1_67' title="bbox 503 3431 2103 3508">
    <p class='ocr_par' dir='ltr' id='par_1_67' title="bbox 503 3431 2103 3508">
     <span class='ocr_line' id='line_1_67' title="bbox 503 3431 2103 3508; baseline -0.004 -17"><span class='ocrx_word' id='word_1_537' title='bbox 503 3436 680 3508; x_wconf 87' lang='lat' dir='ltr'><strong>gentis</strong></span> <span class='ocrx_word' id='word_1_538' title='bbox 713 3454 726 3487; x_wconf 86' lang='lat'><strong>:</strong></span> <span class='ocrx_word' id='word_1_539' title='bbox 760 3444 816 3490; x_wconf 91' lang='lat' dir='ltr'><strong>et</strong></span> <span class='ocrx_word' id='word_1_540' title='bbox 845 3442 1066 3506; x_wconf 88' lang='lat' dir='ltr'><strong>gentem</strong></span> <span class='ocrx_word' id='word_1_541' title='bbox 1089 3435 1175 3487; x_wconf 90' lang='lat' dir='ltr'><strong>cui</strong></span> <span class='ocrx_word' id='word_1_542' title='bbox 1200 3431 1508 3498; x_wconf 89' lang='lat' dir='ltr'><strong>servierint,</strong></span> <span class='ocrx_word' id='word_1_543' title='bbox 1529 3431 1786 3500; x_wconf 89' lang='lat' dir='ltr'><strong>judicabo</strong></span> <span class='ocrx_word' id='word_1_544' title='bbox 1816 3448 1937 3502; x_wconf 86' lang='lat' dir='ltr'><strong>ego,</strong></span> <span class='ocrx_word' id='word_1_545' title='bbox 1967 3431 2103 3485; x_wconf 85' lang='lat' dir='ltr'><strong>dixit</strong></span> 
     </span>
    </p>
   </div>
   <div class='ocr_carea' id='block_1_68' title="bbox 506 3521 2100 3597">
    <p class='ocr_par' dir='ltr' id='par_1_68' title="bbox 506 3521 2100 3597">
     <span class='ocr_line' id='line_1_68' title="bbox 506 3521 2100 3597; baseline -0.005 -14"><span class='ocrx_word' id='word_1_546' title='bbox 506 3528 770 3583; x_wconf 87' lang='lat' dir='ltr'><strong>Dominus</strong></span> <span class='ocrx_word' id='word_1_547' title='bbox 799 3545 813 3582; x_wconf 87' lang='lat'><strong>:</strong></span> <span class='ocrx_word' id='word_1_548' title='bbox 840 3537 896 3583; x_wconf 91' lang='lat' dir='ltr'><strong>et</strong></span> <span class='ocrx_word' id='word_1_549' title='bbox 937 3535 1062 3597; x_wconf 89' lang='lat' dir='ltr'><strong>post</strong></span> <span class='ocrx_word' id='word_1_550' title='bbox 1101 3527 1219 3580; x_wconf 85' lang='lat' dir='ltr'><strong>haec</strong></span> <span class='ocrx_word' id='word_1_551' title='bbox 1248 3521 1495 3589; x_wconf 86' lang='lat' dir='ltr'><strong>exibunt,</strong></span> <span class='ocrx_word' id='word_1_552' title='bbox 1525 3533 1578 3577; x_wconf 91' lang='lat' dir='ltr'><strong>et</strong></span> <span class='ocrx_word' id='word_1_553' title='bbox 1623 3524 1859 3576; x_wconf 88' lang='lat' dir='ltr'><strong>servient</strong></span> <span class='ocrx_word' id='word_1_554' title='bbox 1887 3521 2014 3575; x_wconf 89' lang='lat' dir='ltr'><strong>mihi</strong></span> <span class='ocrx_word' id='word_1_555' title='bbox 2048 3521 2100 3575; x_wconf 94' lang='lat' dir='ltr'><strong>in</strong></span> 
     </span>
    </p>
   </div>
   <div class='ocr_carea' id='block_1_69' title="bbox 507 3615 2100 3680">
    <p class='ocr_par' dir='ltr' id='par_1_69' title="bbox 507 3615 2100 3680">
     <span class='ocr_line' id='line_1_69' title="bbox 507 3615 2100 3680; baseline -0.008 0"><span class='ocrx_word' id='word_1_556' title='bbox 507 3625 628 3680; x_wconf 90' lang='lat' dir='ltr'><strong>loco</strong></span> <span class='ocrx_word' id='word_1_557' title='bbox 658 3624 782 3678; x_wconf 90' lang='lat' dir='ltr'><strong>isto.</strong></span> <span class='ocrx_word' id='word_1_558' title='bbox 827 3622 894 3677; x_wconf 87' lang='lat' dir='ltr'><strong>Et</strong></span> <span class='ocrx_word' id='word_1_559' title='bbox 919 3620 1069 3677; x_wconf 87' lang='lat' dir='ltr'><strong>dedit</strong></span> <span class='ocrx_word' id='word_1_560' title='bbox 1107 3621 1181 3674; x_wconf 90' lang='lat' dir='ltr'><strong>illi</strong></span> <span class='ocrx_word' id='word_1_561' title='bbox 1221 3628 1598 3673; x_wconf 89' lang='lat' dir='ltr'><strong>testamentum</strong></span> <span class='ocrx_word' id='word_1_562' title='bbox 1634 3615 2100 3670; x_wconf 88' lang='lat' dir='ltr'><strong>circumcisionis:</strong></span> 
     </span>
    </p>
   </div>
   <div class='ocr_carea' id='block_1_70' title="bbox 503 3710 2100 3788">
    <p class='ocr_par' dir='ltr' id='par_1_70' title="bbox 503 3710 2100 3788">
     <span class='ocr_line' id='line_1_70' title="bbox 503 3710 2100 3788; baseline -0.009 -13"><span class='ocrx_word' id='word_1_563' title='bbox 503 3729 559 3775; x_wconf 90' lang='lat' dir='ltr'><strong>et</strong></span> <span class='ocrx_word' id='word_1_564' title='bbox 583 3719 663 3773; x_wconf 90' lang='lat' dir='ltr'><strong>sic</strong></span> <span class='ocrx_word' id='word_1_565' title='bbox 693 3717 880 3788; x_wconf 91' lang='lat' dir='ltr'><strong>genuit</strong></span> <span class='ocrx_word' id='word_1_566' title='bbox 908 3717 1078 3785; x_wconf 87' lang='lat' dir='ltr'><strong>Isaac,</strong></span> <span class='ocrx_word' id='word_1_567' title='bbox 1111 3725 1168 3770; x_wconf 92' lang='lat' dir='ltr'><strong>et</strong></span> <span class='ocrx_word' id='word_1_568' title='bbox 1195 3710 1536 3768; x_wconf 91' lang='lat' dir='ltr'><strong>circumcidit</strong></span> <span class='ocrx_word' id='word_1_569' title='bbox 1564 3726 1686 3766; x_wconf 91' lang='lat' dir='ltr'><strong>eum</strong></span> <span class='ocrx_word' id='word_1_570' title='bbox 1728 3710 1816 3764; x_wconf 93' lang='lat' dir='ltr'><strong>die</strong></span> <span class='ocrx_word' id='word_1_571' title='bbox 1858 3719 2050 3764; x_wconf 91' lang='lat' dir='ltr'><strong>octavo</strong></span> <span class='ocrx_word' id='word_1_572' title='bbox 2088 3727 2100 3761; x_wconf 87' lang='lat'>:</span> 
     </span>
    </p>
   </div>
   <div class='ocr_carea' id='block_1_71' title="bbox 502 3803 2105 3878">
    <p class='ocr_par' dir='ltr' id='par_1_71' title="bbox 502 3803 2105 3878">
     <span class='ocr_line' id='line_1_71' title="bbox 502 3803 2105 3878; baseline -0.006 -11"><span class='ocrx_word' id='word_1_573' title='bbox 502 3822 558 3867; x_wconf 89' lang='lat' dir='ltr'><strong>et</strong></span> <span class='ocrx_word' id='word_1_574' title='bbox 586 3810 984 3878; x_wconf 84' lang='lat' dir='ltr'><strong>lsaac,Jacob:</strong></span> <span class='ocrx_word' id='word_1_575' title='bbox 1019 3819 1075 3866; x_wconf 91' lang='lat' dir='ltr'><strong>et</strong></span> <span class='ocrx_word' id='word_1_576' title='bbox 1099 3809 1289 3874; x_wconf 85' lang='lat' dir='ltr'><strong>Jacob,</strong></span> <span class='ocrx_word' id='word_1_577' title='bbox 1323 3806 1608 3862; x_wconf 91' lang='lat' dir='ltr'><strong>duodecim</strong></span> <span class='ocrx_word' id='word_1_578' title='bbox 1640 3804 2006 3860; x_wconf 85' lang='lat' dir='ltr'><strong>Patriarcbas.</strong></span> <span class='ocrx_word' id='word_1_579' title='bbox 2041 3803 2105 3858; x_wconf 87' lang='lat' dir='ltr'><strong>Et</strong></span> 
     </span>
    </p>
   </div>
   <div class='ocr_carea' id='block_1_72' title="bbox 503 3896 2101 3971">
    <p class='ocr_par' dir='ltr' id='par_1_72' title="bbox 503 3896 2101 3971">
     <span class='ocr_line' id='line_1_72' title="bbox 503 3896 2101 3971; baseline -0.006 -11"><span class='ocrx_word' id='word_1_580' title='bbox 503 3904 836 3961; x_wconf 81' lang='lat' dir='ltr'><strong>Patriarchae</strong></span> <span class='ocrx_word' id='word_1_581' title='bbox 885 3905 1226 3969; x_wconf 84' lang='lat' dir='ltr'><strong>aemulantes,</strong></span> <span class='ocrx_word' id='word_1_582' title='bbox 1276 3899 1477 3971; x_wconf 86' lang='lat' dir='ltr'><strong>Joseph</strong></span> <span class='ocrx_word' id='word_1_583' title='bbox 1521 3898 1882 3955; x_wconf 89' lang='lat' dir='ltr'><strong>vendiderunt</strong></span> <span class='ocrx_word' id='word_1_584' title='bbox 1918 3897 1971 3951; x_wconf 91' lang='lat' dir='ltr'><strong>iu</strong></span> <span class='ocrx_word' id='word_1_585' title='bbox 2004 3896 2101 3951; x_wconf 71' lang='lat' dir='ltr'><strong>AS-</strong></span> 
     </span>
    </p>
   </div>
   <div class='ocr_carea' id='block_1_73' title="bbox 503 3991 2103 4070">
    <p class='ocr_par' dir='ltr' id='par_1_73' title="bbox 503 3991 2103 4070">
     <span class='ocr_line' id='line_1_73' title="bbox 503 3991 2103 4070; baseline -0.004 -20"><span class='ocrx_word' id='word_1_586' title='bbox 503 4007 751 4070; x_wconf 83' lang='lat' dir='ltr'><strong>gyptum,</strong></span> <span class='ocrx_word' id='word_1_587' title='bbox 794 4005 848 4051; x_wconf 91' lang='lat' dir='ltr'><strong>et</strong></span> <span class='ocrx_word' id='word_1_588' title='bbox 885 4005 1004 4050; x_wconf 91' lang='lat' dir='ltr'><strong>erat</strong></span> <span class='ocrx_word' id='word_1_589' title='bbox 1048 3996 1187 4050; x_wconf 91' lang='lat' dir='ltr'><strong>Dens</strong></span> <span class='ocrx_word' id='word_1_590' title='bbox 1226 4009 1348 4049; x_wconf 91' lang='lat' dir='ltr'><strong>cum</strong></span> <span class='ocrx_word' id='word_1_591' title='bbox 1389 4009 1456 4048; x_wconf 91' lang='lat' dir='ltr'><strong>eo</strong></span> <span class='ocrx_word' id='word_1_592' title='bbox 1486 4011 1498 4046; x_wconf 91' lang='lat'><strong>:</strong></span> <span class='ocrx_word' id='word_1_593' title='bbox 1530 4004 1585 4048; x_wconf 90' lang='lat' dir='ltr'><strong>et</strong></span> <span class='ocrx_word' id='word_1_594' title='bbox 1619 3991 1822 4062; x_wconf 90' lang='lat' dir='ltr'><strong>eripuit</strong></span> <span class='ocrx_word' id='word_1_595' title='bbox 1867 4006 2010 4045; x_wconf 77' lang='lat' dir='ltr'><strong>eum.</strong></span> <span class='ocrx_word' id='word_1_596' title='bbox 2037 4007 2103 4044; x_wconf 84' lang='lat' dir='ltr'><strong>ex</strong></span> 
     </span>
    </p>
   </div>
   <div class='ocr_carea' id='block_1_74' title="bbox 501 4086 2106 4155">
    <p class='ocr_par' dir='ltr' id='par_1_74' title="bbox 501 4086 2106 4155">
     <span class='ocr_line' id='line_1_74' title="bbox 501 4086 2106 4155; baseline -0.005 -7"><span class='ocrx_word' id='word_1_597' title='bbox 501 4090 758 4148; x_wconf 86' lang='lat' dir='ltr'><strong>omnibus</strong></span> <span class='ocrx_word' id='word_1_598' title='bbox 784 4087 1228 4144; x_wconf 85' lang='lat' dir='ltr'><strong>tribulationibus</strong></span> <span class='ocrx_word' id='word_1_599' title='bbox 1256 4088 1375 4155; x_wconf 89' lang='lat' dir='ltr'><strong>ejus</strong></span> <span class='ocrx_word' id='word_1_600' title='bbox 1404 4103 1420 4143; x_wconf 85' lang='lat'><strong>:</strong></span> <span class='ocrx_word' id='word_1_601' title='bbox 1449 4096 1503 4141; x_wconf 89' lang='lat' dir='ltr'><strong>et</strong></span> <span class='ocrx_word' id='word_1_602' title='bbox 1528 4086 1678 4142; x_wconf 90' lang='lat' dir='ltr'><strong>dedit</strong></span> <span class='ocrx_word' id='word_1_603' title='bbox 1707 4090 1755 4141; x_wconf 91' lang='lat' dir='ltr'><strong>ei</strong></span> <span class='ocrx_word' id='word_1_604' title='bbox 1794 4086 2020 4155; x_wconf 79' lang='lat' dir='ltr'><strong>gratiam</strong></span> <span class='ocrx_word' id='word_1_605' title='bbox 2049 4096 2106 4142; x_wconf 90' lang='lat' dir='ltr'><strong>et</strong></span> 
     </span>
    </p>
   </div>
   <div class='ocr_carea' id='block_1_75' title="bbox 499 4178 2103 4256">
    <p class='ocr_par' dir='ltr' id='par_1_75' title="bbox 499 4178 2103 4256">
     <span class='ocr_line' id='line_1_75' title="bbox 499 4178 2103 4256; baseline -0.002 -16"><span class='ocrx_word' id='word_1_606' title='bbox 499 4181 824 4256; x_wconf 86' lang='lat' dir='ltr'><strong>sapientiam</strong></span> <span class='ocrx_word' id='word_1_607' title='bbox 858 4181 910 4235; x_wconf 93' lang='lat' dir='ltr'><strong>in</strong></span> <span class='ocrx_word' id='word_1_608' title='bbox 943 4187 1238 4248; x_wconf 90' lang='lat' dir='ltr'><strong>conspectu</strong></span> <span class='ocrx_word' id='word_1_609' title='bbox 1269 4178 1570 4233; x_wconf 90' lang='lat' dir='ltr'><strong>Pharaonis</strong></span> <span class='ocrx_word' id='word_1_610' title='bbox 1606 4181 1746 4250; x_wconf 89' lang='lat' dir='ltr'><strong>regis</strong></span> <span class='ocrx_word' id='word_1_611' title='bbox 1779 4179 2014 4251; x_wconf 64' lang='lat' dir='ltr'><strong>Egypti,</strong></span> <span class='ocrx_word' id='word_1_612' title='bbox 2049 4191 2103 4236; x_wconf 92' lang='lat' dir='ltr'><strong>et</strong></span> 
     </span>
    </p>
   </div>
   <div class='ocr_carea' id='block_1_76' title="bbox 505 4270 2104 4342">
    <p class='ocr_par' dir='ltr' id='par_1_76' title="bbox 505 4270 2104 4342">
     <span class='ocr_line' id='line_1_76' title="bbox 505 4270 2104 4342; baseline -0.003 -11"><span class='ocrx_word' id='word_1_613' title='bbox 505 4274 789 4332; x_wconf 89' lang='lat' dir='ltr'><strong>constituit</strong></span> <span class='ocrx_word' id='word_1_614' title='bbox 819 4288 940 4328; x_wconf 92' lang='lat' dir='ltr'><strong>eum</strong></span> <span class='ocrx_word' id='word_1_615' title='bbox 977 4271 1326 4340; x_wconf 72' lang='lat' dir='ltr'><strong>prtepositum</strong></span> <span class='ocrx_word' id='word_1_616' title='bbox 1377 4285 1539 4340; x_wconf 89' lang='lat' dir='ltr'><strong>super</strong></span> <span class='ocrx_word' id='word_1_617' title='bbox 1573 4270 1886 4342; x_wconf 62' lang='lat' dir='ltr'><strong>Egyptum,</strong></span> <span class='ocrx_word' id='word_1_618' title='bbox 1917 4280 1972 4327; x_wconf 86' lang='lat' dir='ltr'><strong>et</strong></span> <span class='ocrx_word' id='word_1_619' title='bbox 2015 4288 2104 4326; x_wconf 80' lang='lat' dir='ltr'><strong>su-</strong></span> 
     </span>
    </p>
   </div>
   <div class='ocr_carea' id='block_1_77' title="bbox 500 4362 2102 4439">
    <p class='ocr_par' dir='ltr' id='par_1_77' title="bbox 500 4362 2102 4439">
     <span class='ocr_line' id='line_1_77' title="bbox 500 4362 2102 4439; baseline -0.003 -16"><span class='ocrx_word' id='word_1_620' title='bbox 500 4384 600 4439; x_wconf 88' lang='lat' dir='ltr'><strong>per</strong></span> <span class='ocrx_word' id='word_1_621' title='bbox 621 4381 837 4422; x_wconf 90' lang='lat' dir='ltr'><strong>omnem</strong></span> <span class='ocrx_word' id='word_1_622' title='bbox 867 4365 1088 4420; x_wconf 90' lang='lat' dir='ltr'><strong>domum</strong></span> <span class='ocrx_word' id='word_1_623' title='bbox 1115 4377 1291 4418; x_wconf 89' lang='lat' dir='ltr'><strong>suam.</strong></span> <span class='ocrx_word' id='word_1_624' title='bbox 1330 4362 1684 4418; x_wconf 86' lang='lat' dir='ltr'><strong>Venitautem</strong></span> <span class='ocrx_word' id='word_1_625' title='bbox 1711 4366 1878 4418; x_wconf 88' lang='lat' dir='ltr'><strong>fames</strong></span> <span class='ocrx_word' id='word_1_626' title='bbox 1908 4365 1959 4418; x_wconf 93' lang='lat' dir='ltr'><strong>in</strong></span> <span class='ocrx_word' id='word_1_627' title='bbox 1987 4367 2102 4419; x_wconf 91' lang='lat' dir='ltr'><strong>uui-</strong></span> 
     </span>
    </p>
   </div>
   <div class='ocr_carea' id='block_1_78' title="bbox 2205 3158 3782 3227">
    <p class='ocr_par' dir='ltr' id='par_1_78' title="bbox 2205 3158 3782 3227">
     <span class='ocr_line' id='line_1_78' title="bbox 2205 3158 3782 3227; baseline -0.005 -11"><span class='ocrx_word' id='word_1_628' title='bbox 2205 3173 2385 3218; x_wconf 92' lang='lat' dir='ltr'><strong>autem</strong></span> <span class='ocrx_word' id='word_1_629' title='bbox 2434 3162 2509 3216; x_wconf 92' lang='lat' dir='ltr'><strong>illi</strong></span> <span class='ocrx_word' id='word_1_630' title='bbox 2561 3161 2823 3216; x_wconf 92' lang='lat' dir='ltr'><strong>Dominus</strong></span> <span class='ocrx_word' id='word_1_631' title='bbox 2867 3180 2879 3214; x_wconf 88' lang='lat'>:</span> <span class='ocrx_word' id='word_1_632' title='bbox 2925 3161 3090 3217; x_wconf 89' lang='lat' dir='ltr'><strong>Solve</strong></span> <span class='ocrx_word' id='word_1_633' title='bbox 3134 3159 3561 3215; x_wconf 88' lang='lat' dir='ltr'><strong>calceamentum</strong></span> <span class='ocrx_word' id='word_1_634' title='bbox 3601 3158 3782 3227; x_wconf 89' lang='lat' dir='ltr'><strong>pedum</strong></span> 
     </span>
    </p>
   </div>
   <div class='ocr_carea' id='block_1_79' title="bbox 2206 3255 3777 3324">
    <p class='ocr_par' dir='ltr' id='par_1_79' title="bbox 2206 3255 3777 3324">
     <span class='ocr_line' id='line_1_79' title="bbox 2206 3255 3777 3324; baseline -0.004 -16"><span class='ocrx_word' id='word_1_635' title='bbox 2206 3264 2425 3310; x_wconf 90' lang='lat' dir='ltr'><strong>tuorum</strong></span> <span class='ocrx_word' id='word_1_636' title='bbox 2458 3273 2470 3309; x_wconf 92' lang='lat'>:</span> <span class='ocrx_word' id='word_1_637' title='bbox 2505 3255 2658 3310; x_wconf 91' lang='lat' dir='ltr'><strong>locus</strong></span> <span class='ocrx_word' id='word_1_638' title='bbox 2681 3255 2826 3308; x_wconf 90' lang='lat' dir='ltr'><strong>enim</strong></span> <span class='ocrx_word' id='word_1_639' title='bbox 2872 3255 2924 3308; x_wconf 92' lang='lat' dir='ltr'><strong>in</strong></span> <span class='ocrx_word' id='word_1_640' title='bbox 2965 3269 3075 3324; x_wconf 91' lang='lat' dir='ltr'><strong>quo</strong></span> <span class='ocrx_word' id='word_1_641' title='bbox 3106 3263 3238 3319; x_wconf 88' lang='lat' dir='ltr'><strong>stas,</strong></span> <span class='ocrx_word' id='word_1_642' title='bbox 3284 3262 3434 3308; x_wconf 89' lang='lat' dir='ltr'><strong>terra</strong></span> <span class='ocrx_word' id='word_1_643' title='bbox 3476 3263 3658 3306; x_wconf 88' lang='lat' dir='ltr'><strong>sancta</strong></span> <span class='ocrx_word' id='word_1_644' title='bbox 3687 3257 3777 3304; x_wconf 77' lang='lat' dir='ltr'><strong>est.</strong></span> 
     </span>
    </p>
   </div>
   <div class='ocr_carea' id='block_1_80' title="bbox 2206 3341 3778 3415">
    <p class='ocr_par' dir='ltr' id='par_1_80' title="bbox 2206 3341 3778 3415">
     <span class='ocr_line' id='line_1_80' title="bbox 2206 3341 3778 3415; baseline -0.004 -14"><span class='ocrx_word' id='word_1_645' title='bbox 2206 3346 2412 3401; x_wconf 80' lang='lat' dir='ltr'><strong>Videris</strong></span> <span class='ocrx_word' id='word_1_646' title='bbox 2464 3346 2570 3400; x_wconf 89' lang='lat' dir='ltr'><strong>vidi</strong></span> <span class='ocrx_word' id='word_1_647' title='bbox 2630 3345 2978 3402; x_wconf 90' lang='lat' dir='ltr'><strong>afflictionem</strong></span> <span class='ocrx_word' id='word_1_648' title='bbox 3036 3345 3221 3415; x_wconf 88' lang='lat' dir='ltr'><strong>populi</strong></span> <span class='ocrx_word' id='word_1_649' title='bbox 3272 3347 3413 3410; x_wconf 91' lang='lat' dir='ltr'><strong>mei,</strong></span> <span class='ocrx_word' id='word_1_650' title='bbox 3466 3345 3554 3415; x_wconf 88' lang='lat' dir='ltr'><strong>qui</strong></span> <span class='ocrx_word' id='word_1_651' title='bbox 3609 3352 3690 3398; x_wconf 88' lang='lat' dir='ltr'><strong>est</strong></span> <span class='ocrx_word' id='word_1_652' title='bbox 3735 3341 3778 3395; x_wconf 90' lang='lat' dir='ltr'><strong>in</strong></span> 
     </span>
    </p>
   </div>
   <div class='ocr_carea' id='block_1_81' title="bbox 2205 3436 3779 3512">
    <p class='ocr_par' dir='ltr' id='par_1_81' title="bbox 2205 3436 3779 3512">
     <span class='ocr_line' id='line_1_81' title="bbox 2205 3436 3779 3512; baseline -0.006 -16"><span class='ocrx_word' id='word_1_653' title='bbox 2205 3439 2468 3512; x_wconf 64' lang='lat' dir='ltr'><strong>Egypto,</strong></span> <span class='ocrx_word' id='word_1_654' title='bbox 2498 3453 2555 3497; x_wconf 92' lang='lat' dir='ltr'><strong>et</strong></span> <span class='ocrx_word' id='word_1_655' title='bbox 2583 3443 2848 3512; x_wconf 91' lang='lat' dir='ltr'><strong>gemitum</strong></span> <span class='ocrx_word' id='word_1_656' title='bbox 2882 3456 3073 3497; x_wconf 91' lang='lat' dir='ltr'><strong>eorum</strong></span> <span class='ocrx_word' id='word_1_657' title='bbox 3113 3441 3328 3508; x_wconf 90' lang='lat' dir='ltr'><strong>audivi,</strong></span> <span class='ocrx_word' id='word_1_658' title='bbox 3360 3451 3416 3496; x_wconf 92' lang='lat' dir='ltr'><strong>et</strong></span> <span class='ocrx_word' id='word_1_659' title='bbox 3453 3437 3699 3495; x_wconf 85' lang='lat' dir='ltr'><strong>descendi</strong></span> <span class='ocrx_word' id='word_1_660' title='bbox 3727 3436 3779 3488; x_wconf 84' lang='lat' dir='ltr'><strong>li-</strong></span> 
     </span>
    </p>
   </div>
   <div class='ocr_carea' id='block_1_82' title="bbox 2206 3532 3773 3604">
    <p class='ocr_par' dir='ltr' id='par_1_82' title="bbox 2206 3532 3773 3604">
     <span class='ocr_line' id='line_1_82' title="bbox 2206 3532 3773 3604; baseline -0.005 -17"><span class='ocrx_word' id='word_1_661' title='bbox 2206 3532 2402 3588; x_wconf 89' lang='lat' dir='ltr'><strong>berare</strong></span> <span class='ocrx_word' id='word_1_662' title='bbox 2429 3549 2546 3588; x_wconf 88' lang='lat' dir='ltr'><strong>eos.</strong></span> <span class='ocrx_word' id='word_1_663' title='bbox 2578 3535 2647 3588; x_wconf 84' lang='lat' dir='ltr'><strong>Et</strong></span> <span class='ocrx_word' id='word_1_664' title='bbox 2673 3551 2819 3590; x_wconf 91' lang='lat' dir='ltr'><strong>nunc</strong></span> <span class='ocrx_word' id='word_1_665' title='bbox 2843 3535 2992 3601; x_wconf 90' lang='lat' dir='ltr'><strong>veni,</strong></span> <span class='ocrx_word' id='word_1_666' title='bbox 3019 3545 3074 3589; x_wconf 93' lang='lat' dir='ltr'><strong>et</strong></span> <span class='ocrx_word' id='word_1_667' title='bbox 3099 3535 3308 3589; x_wconf 87' lang='lat' dir='ltr'><strong>mittam</strong></span> <span class='ocrx_word' id='word_1_668' title='bbox 3327 3541 3382 3588; x_wconf 91' lang='lat' dir='ltr'><strong>te</strong></span> <span class='ocrx_word' id='word_1_669' title='bbox 3405 3534 3457 3589; x_wconf 92' lang='lat' dir='ltr'><strong>in</strong></span> <span class='ocrx_word' id='word_1_670' title='bbox 3483 3532 3773 3604; x_wconf 61' lang='lat' dir='ltr'><strong>Egyptum.</strong></span> 
     </span>
    </p>
   </div>
   <div class='ocr_carea' id='block_1_83' title="bbox 2207 3624 3774 3698">
    <p class='ocr_par' dir='ltr' id='par_1_83' title="bbox 2207 3624 3774 3698">
     <span class='ocr_line' id='line_1_83' title="bbox 2207 3624 3774 3698; baseline -0.004 -18"><span class='ocrx_word' id='word_1_671' title='bbox 2207 3624 2362 3680; x_wconf 85' lang='lat' dir='ltr'><strong>Hunc</strong></span> <span class='ocrx_word' id='word_1_672' title='bbox 2393 3626 2638 3698; x_wconf 87' lang='lat' dir='ltr'><strong>Moysen,</strong></span> <span class='ocrx_word' id='word_1_673' title='bbox 2671 3643 2832 3698; x_wconf 91' lang='lat' dir='ltr'><strong>quem</strong></span> <span class='ocrx_word' id='word_1_674' title='bbox 2864 3636 3232 3698; x_wconf 80' lang='lat' dir='ltr'><strong>negaverunt,</strong></span> <span class='ocrx_word' id='word_1_675' title='bbox 3260 3628 3507 3682; x_wconf 85' lang='lat' dir='ltr'><strong>dicentes</strong></span> <span class='ocrx_word' id='word_1_676' title='bbox 3540 3645 3550 3678; x_wconf 92' lang='lat'>:</span> <span class='ocrx_word' id='word_1_677' title='bbox 3584 3625 3705 3692; x_wconf 85' lang='lat' dir='ltr'><strong>Quis</strong></span> <span class='ocrx_word' id='word_1_678' title='bbox 3732 3631 3774 3675; x_wconf 93' lang='lat' dir='ltr'><strong>te</strong></span> 
     </span>
    </p>
   </div>
   <div class='ocr_carea' id='block_1_84' title="bbox 2207 3718 3775 3794">
    <p class='ocr_par' dir='ltr' id='par_1_84' title="bbox 2207 3718 3775 3794">
     <span class='ocr_line' id='line_1_84' title="bbox 2207 3718 3775 3794; baseline -0.005 -15"><span class='ocrx_word' id='word_1_679' title='bbox 2207 3723 2488 3779; x_wconf 91' lang='lat' dir='ltr'><strong>constituit</strong></span> <span class='ocrx_word' id='word_1_680' title='bbox 2523 3724 2824 3794; x_wconf 89' lang='lat' dir='ltr'><strong>principem</strong></span> <span class='ocrx_word' id='word_1_681' title='bbox 2855 3733 2910 3780; x_wconf 91' lang='lat' dir='ltr'><strong>et</strong></span> <span class='ocrx_word' id='word_1_682' title='bbox 2943 3723 3220 3794; x_wconf 87' lang='lat' dir='ltr'><strong>judicem?</strong></span> <span class='ocrx_word' id='word_1_683' title='bbox 3251 3723 3393 3778; x_wconf 89' lang='lat' dir='ltr'><strong>hunc</strong></span> <span class='ocrx_word' id='word_1_684' title='bbox 3422 3723 3562 3777; x_wconf 89' lang='lat' dir='ltr'><strong>Deus</strong></span> <span class='ocrx_word' id='word_1_685' title='bbox 3597 3718 3775 3791; x_wconf 81' lang='lat' dir='ltr'><strong>princi-</strong></span> 
     </span>
    </p>
   </div>
   <div class='ocr_carea' id='block_1_85' title="bbox 2207 3808 3769 3886">
    <p class='ocr_par' dir='ltr' id='par_1_85' title="bbox 2207 3808 3769 3886">
     <span class='ocr_line' id='line_1_85' title="bbox 2207 3808 3769 3886; baseline -0.006 -15"><span class='ocrx_word' id='word_1_686' title='bbox 2207 3831 2332 3886; x_wconf 88' lang='lat' dir='ltr'><strong>pem</strong></span> <span class='ocrx_word' id='word_1_687' title='bbox 2360 3827 2416 3871; x_wconf 91' lang='lat' dir='ltr'><strong>et</strong></span> <span class='ocrx_word' id='word_1_688' title='bbox 2448 3816 2852 3885; x_wconf 88' lang='lat' dir='ltr'><strong>redemptorem</strong></span> <span class='ocrx_word' id='word_1_689' title='bbox 2901 3817 3080 3881; x_wconf 87' lang='lat' dir='ltr'><strong>misit,</strong></span> <span class='ocrx_word' id='word_1_690' title='bbox 3115 3831 3239 3873; x_wconf 89' lang='lat' dir='ltr'><strong>cum</strong></span> <span class='ocrx_word' id='word_1_691' title='bbox 3273 3831 3437 3870; x_wconf 91' lang='lat' dir='ltr'><strong>manu</strong></span> <span class='ocrx_word' id='word_1_692' title='bbox 3469 3812 3662 3885; x_wconf 88' lang='lat' dir='ltr'><strong>angeli,</strong></span> <span class='ocrx_word' id='word_1_693' title='bbox 3695 3808 3769 3878; x_wconf 87' lang='lat' dir='ltr'><strong>qui</strong></span> 
     </span>
    </p>
   </div>
   <div class='ocr_carea' id='block_1_86' title="bbox 2208 3906 3771 3978">
    <p class='ocr_par' dir='ltr' id='par_1_86' title="bbox 2208 3906 3771 3978">
     <span class='ocr_line' id='line_1_86' title="bbox 2208 3906 3771 3978; baseline -0.007 -14"><span class='ocrx_word' id='word_1_694' title='bbox 2208 3909 2465 3978; x_wconf 87' lang='lat' dir='ltr'><strong>apparuit</strong></span> <span class='ocrx_word' id='word_1_695' title='bbox 2512 3909 2588 3962; x_wconf 92' lang='lat' dir='ltr'><strong>illi</strong></span> <span class='ocrx_word' id='word_1_696' title='bbox 2627 3910 2680 3962; x_wconf 91' lang='lat' dir='ltr'><strong>in</strong></span> <span class='ocrx_word' id='word_1_697' title='bbox 2712 3909 2869 3963; x_wconf 89' lang='lat' dir='ltr'><strong>rubo.</strong></span> <span class='ocrx_word' id='word_1_698' title='bbox 2917 3909 3014 3962; x_wconf 87' lang='lat' dir='ltr'><strong>llic</strong></span> <span class='ocrx_word' id='word_1_699' title='bbox 3043 3909 3230 3964; x_wconf 77' lang='lat' dir='ltr'><strong>eduxit</strong></span> <span class='ocrx_word' id='word_1_700' title='bbox 3261 3907 3407 3968; x_wconf 85' lang='lat' dir='ltr'><strong>illos,</strong></span> <span class='ocrx_word' id='word_1_701' title='bbox 3447 3906 3642 3962; x_wconf 87' lang='lat' dir='ltr'><strong>faciens</strong></span> <span class='ocrx_word' id='word_1_702' title='bbox 3666 3914 3771 3972; x_wconf 91' lang='lat' dir='ltr'><strong>pro-</strong></span> 
     </span>
    </p>
   </div>
   <div class='ocr_carea' id='block_1_87' title="bbox 2208 3993 3769 4072">
    <p class='ocr_par' dir='ltr' id='par_1_87' title="bbox 2208 3993 3769 4072">
     <span class='ocr_line' id='line_1_87' title="bbox 2208 3993 3769 4072; baseline -0.01 -15"><span class='ocrx_word' id='word_1_703' title='bbox 2208 4001 2353 4072; x_wconf 90' lang='lat' dir='ltr'><strong>digia</strong></span> <span class='ocrx_word' id='word_1_704' title='bbox 2375 4011 2430 4056; x_wconf 91' lang='lat' dir='ltr'><strong>et</strong></span> <span class='ocrx_word' id='word_1_705' title='bbox 2460 4001 2611 4070; x_wconf 86' lang='lat' dir='ltr'><strong>signa</strong></span> <span class='ocrx_word' id='word_1_706' title='bbox 2644 4000 2696 4055; x_wconf 90' lang='lat' dir='ltr'><strong>in</strong></span> <span class='ocrx_word' id='word_1_707' title='bbox 2732 4009 2874 4056; x_wconf 90' lang='lat' dir='ltr'><strong>terra</strong></span> <span class='ocrx_word' id='word_1_708' title='bbox 2899 3999 3118 4072; x_wconf 65' lang='lat' dir='ltr'><strong>[Egypti</strong></span> <span class='ocrx_word' id='word_1_709' title='bbox 3138 4043 3152 4067; x_wconf 93' lang='lat'><strong>,</strong></span> <span class='ocrx_word' id='word_1_710' title='bbox 3182 4010 3235 4055; x_wconf 91' lang='lat' dir='ltr'><strong>et</strong></span> <span class='ocrx_word' id='word_1_711' title='bbox 3265 3999 3319 4054; x_wconf 91' lang='lat' dir='ltr'><strong>in</strong></span> <span class='ocrx_word' id='word_1_712' title='bbox 3350 3999 3532 4053; x_wconf 79' lang='lat' dir='ltr'><strong>Rubro</strong></span> <span class='ocrx_word' id='word_1_713' title='bbox 3561 3993 3701 4057; x_wconf 89' lang='lat' dir='ltr'><strong>mari,</strong></span> <span class='ocrx_word' id='word_1_714' title='bbox 3725 3999 3769 4044; x_wconf 91' lang='lat' dir='ltr'><strong>et</strong></span> 
     </span>
    </p>
   </div>
   <div class='ocr_carea' id='block_1_88' title="bbox 2211 4087 3765 4162">
    <p class='ocr_par' dir='ltr' id='par_1_88' title="bbox 2211 4087 3765 4162">
     <span class='ocr_line' id='line_1_88' title="bbox 2211 4087 3765 4162; baseline -0.004 -15"><span class='ocrx_word' id='word_1_715' title='bbox 2211 4093 2264 4148; x_wconf 92' lang='lat' dir='ltr'><strong>in</strong></span> <span class='ocrx_word' id='word_1_716' title='bbox 2316 4094 2539 4148; x_wconf 87' lang='lat' dir='ltr'><strong>deserto</strong></span> <span class='ocrx_word' id='word_1_717' title='bbox 2596 4092 2752 4146; x_wconf 82' lang='lat' dir='ltr'><strong>armis</strong></span> <span class='ocrx_word' id='word_1_718' title='bbox 2806 4093 3190 4162; x_wconf 89' lang='lat' dir='ltr'><strong>quadraginta.</strong></span> <span class='ocrx_word' id='word_1_719' title='bbox 3255 4089 3352 4144; x_wconf 86' lang='lat' dir='ltr'><strong>Hic</strong></span> <span class='ocrx_word' id='word_1_720' title='bbox 3409 4100 3492 4144; x_wconf 90' lang='lat' dir='ltr'><strong>est</strong></span> <span class='ocrx_word' id='word_1_721' title='bbox 3543 4087 3765 4158; x_wconf 79' lang='lat' dir='ltr'><strong>MoyseS.</strong></span> 
     </span>
    </p>
   </div>
   <div class='ocr_carea' id='block_1_89' title="bbox 2209 4173 3765 4258">
    <p class='ocr_par' dir='ltr' id='par_1_89' title="bbox 2209 4173 3765 4258">
     <span class='ocr_line' id='line_1_89' title="bbox 2209 4173 3765 4258; baseline -0.012 -16"><span class='ocrx_word' id='word_1_722' title='bbox 2209 4187 2300 4258; x_wconf 90' lang='lat' dir='ltr'><strong>qui</strong></span> <span class='ocrx_word' id='word_1_723' title='bbox 2345 4186 2490 4242; x_wconf 89' lang='lat' dir='ltr'><strong>dixit</strong></span> <span class='ocrx_word' id='word_1_724' title='bbox 2526 4186 2655 4240; x_wconf 86' lang='lat' dir='ltr'><strong>filiis</strong></span> <span class='ocrx_word' id='word_1_725' title='bbox 2697 4185 2865 4240; x_wconf 84' lang='lat' dir='ltr'><strong>Israel</strong></span> <span class='ocrx_word' id='word_1_726' title='bbox 2898 4203 2910 4238; x_wconf 90' lang='lat'><strong>:</strong></span> <span class='ocrx_word' id='word_1_727' title='bbox 2950 4184 3279 4254; x_wconf 86' lang='lat' dir='ltr'><strong>Prophetam</strong></span> <span class='ocrx_word' id='word_1_728' title='bbox 3320 4181 3602 4237; x_wconf 87' lang='lat' dir='ltr'><strong>suscitabit</strong></span> <span class='ocrx_word' id='word_1_729' title='bbox 3637 4173 3765 4229; x_wconf 82' lang='lat' dir='ltr'><strong>vobis</strong></span> 
     </span>
    </p>
   </div>
   <div class='ocr_carea' id='block_1_90' title="bbox 2210 4275 3761 4346">
    <p class='ocr_par' dir='ltr' id='par_1_90' title="bbox 2210 4275 3761 4346">
     <span class='ocr_line' id='line_1_90' title="bbox 2210 4275 3761 4346; baseline -0.01 -12"><span class='ocrx_word' id='word_1_730' title='bbox 2210 4279 2353 4334; x_wconf 87' lang='lat' dir='ltr'><strong>Deus</strong></span> <span class='ocrx_word' id='word_1_731' title='bbox 2382 4279 2449 4334; x_wconf 91' lang='lat' dir='ltr'><strong>de</strong></span> <span class='ocrx_word' id='word_1_732' title='bbox 2472 4277 2734 4332; x_wconf 89' lang='lat' dir='ltr'><strong>fratribus</strong></span> <span class='ocrx_word' id='word_1_733' title='bbox 2772 4277 2968 4332; x_wconf 91' lang='lat' dir='ltr'><strong>vestris</strong></span> <span class='ocrx_word' id='word_1_734' title='bbox 2997 4295 3010 4330; x_wconf 90' lang='lat'><strong>:</strong></span> <span class='ocrx_word' id='word_1_735' title='bbox 3039 4285 3314 4346; x_wconf 86' lang='lat' dir='ltr'><strong>tamquam</strong></span> <span class='ocrx_word' id='word_1_736' title='bbox 3343 4289 3463 4341; x_wconf 88' lang='lat' dir='ltr'><strong>me,</strong></span> <span class='ocrx_word' id='word_1_737' title='bbox 3491 4275 3654 4343; x_wconf 86' lang='lat' dir='ltr'><strong>ipsum</strong></span> <span class='ocrx_word' id='word_1_738' title='bbox 3681 4282 3761 4320; x_wconf 84' lang='lat' dir='ltr'><strong>au-</strong></span> 
     </span>
    </p>
   </div>
   <div class='ocr_carea' id='block_1_91' title="bbox 2211 4365 3759 4438">
    <p class='ocr_par' dir='ltr' id='par_1_91' title="bbox 2211 4365 3759 4438">
     <span class='ocr_line' id='line_1_91' title="bbox 2211 4365 3759 4438; baseline -0.01 -13"><span class='ocrx_word' id='word_1_739' title='bbox 2211 4370 2392 4425; x_wconf 89' lang='lat' dir='ltr'><strong>dietis.</strong></span> <span class='ocrx_word' id='word_1_740' title='bbox 2428 4368 2527 4422; x_wconf 90' lang='lat' dir='ltr'><strong>llic</strong></span> <span class='ocrx_word' id='word_1_741' title='bbox 2554 4378 2655 4433; x_wconf 90' lang='lat' dir='ltr'><strong>est,</strong></span> <span class='ocrx_word' id='word_1_742' title='bbox 2685 4368 2775 4438; x_wconf 90' lang='lat' dir='ltr'><strong>qui</strong></span> <span class='ocrx_word' id='word_1_743' title='bbox 2800 4366 2902 4421; x_wconf 92' lang='lat' dir='ltr'><strong>fuit</strong></span> <span class='ocrx_word' id='word_1_744' title='bbox 2931 4369 2980 4420; x_wconf 92' lang='lat' dir='ltr'><strong>in</strong></span> <span class='ocrx_word' id='word_1_745' title='bbox 3013 4367 3254 4422; x_wconf 86' lang='lat' dir='ltr'><strong>Ecclesia</strong></span> <span class='ocrx_word' id='word_1_746' title='bbox 3274 4367 3331 4421; x_wconf 89' lang='lat' dir='ltr'><strong>in</strong></span> <span class='ocrx_word' id='word_1_747' title='bbox 3362 4365 3639 4420; x_wconf 86' lang='lat' dir='ltr'><strong>solitudine</strong></span> <span class='ocrx_word' id='word_1_748' title='bbox 3657 4372 3759 4413; x_wconf 86' lang='lat' dir='ltr'><strong>cum</strong></span> 
     </span>
    </p>
   </div>
   <div class='ocr_carea' id='block_1_92' title="bbox 505 4431 3761 4534">
    <p class='ocr_par' dir='ltr' id='par_1_92' title="bbox 505 4431 3761 4534">
     <span class='ocr_line' id='line_1_92' title="bbox 505 4431 3761 4534; baseline -0.005 -19"><span class='ocrx_word' id='word_1_749' title='bbox 505 4475 726 4516; x_wconf 75' lang='lat' dir='ltr'><strong>versam</strong></span> <span class='ocrx_word' id='word_1_750' title='bbox 759 4459 1053 4530; x_wconf 64' lang='lat' dir='ltr'><strong>Egyptum</strong></span> <span class='ocrx_word' id='word_1_751' title='bbox 1075 4465 1133 4512; x_wconf 90' lang='lat' dir='ltr'><strong>et</strong></span> <span class='ocrx_word' id='word_1_752' title='bbox 1161 4453 1440 4524; x_wconf 89' lang='lat' dir='ltr'><strong>Chanaan,</strong></span> <span class='ocrx_word' id='word_1_753' title='bbox 1472 4464 1527 4509; x_wconf 92' lang='lat' dir='ltr'><strong>et</strong></span> <span class='ocrx_word' id='word_1_754' title='bbox 1557 4455 1833 4510; x_wconf 88' lang='lat' dir='ltr'><strong>tribulatio</strong></span> <span class='ocrx_word' id='word_1_755' title='bbox 1865 4471 2057 4526; x_wconf 88' lang='lat' dir='ltr'><strong>magna</strong></span> <span class='ocrx_word' id='word_1_756' title='bbox 2086 4475 2099 4512; x_wconf 90' lang='lat'><strong>:</strong></span> <span class='ocrx_word' id='word_1_757' title='bbox 2124 4431 2182 4490; x_wconf 65' lang='grc' dir='ltr'>Β</span> <span class='ocrx_word' id='word_1_758' title='bbox 2208 4465 2425 4534; x_wconf 83' lang='lat' dir='ltr'><strong>angelo,</strong></span> <span class='ocrx_word' id='word_1_759' title='bbox 2457 4465 2546 4534; x_wconf 90' lang='lat' dir='ltr'><strong>qui</strong></span> <span class='ocrx_word' id='word_1_760' title='bbox 2583 4462 2905 4532; x_wconf 88' lang='lat' dir='ltr'><strong>loquebatur</strong></span> <span class='ocrx_word' id='word_1_761' title='bbox 2931 4461 2980 4516; x_wconf 90' lang='lat' dir='ltr'><strong>ei</strong></span> <span class='ocrx_word' id='word_1_762' title='bbox 3007 4461 3278 4516; x_wconf 80' lang='lat' dir='ltr'><strong>iu’monte</strong></span> <span class='ocrx_word' id='word_1_763' title='bbox 3306 4459 3462 4525; x_wconf 90' lang='lat' dir='ltr'><strong>Sina,</strong></span> <span class='ocrx_word' id='word_1_764' title='bbox 3484 4468 3656 4515; x_wconf 83' lang='lat' dir='ltr'><strong>etcum</strong></span> <span class='ocrx_word' id='word_1_765' title='bbox 3681 4464 3761 4518; x_wconf 79' lang='lat' dir='ltr'><strong>pa-</strong></span> 
     </span>
    </p>
   </div>
   <div class='ocr_carea' id='block_1_93' title="bbox 503 4549 2104 4619">
    <p class='ocr_par' dir='ltr' id='par_1_93' title="bbox 503 4549 2104 4619">
     <span class='ocr_line' id='line_1_93' title="bbox 503 4549 2104 4619; baseline -0.002 -10"><span class='ocrx_word' id='word_1_766' title='bbox 503 4565 560 4609; x_wconf 89' lang='lat' dir='ltr'><strong>et</strong></span> <span class='ocrx_word' id='word_1_767' title='bbox 586 4568 693 4608; x_wconf 91' lang='lat' dir='ltr'><strong>non</strong></span> <span class='ocrx_word' id='word_1_768' title='bbox 721 4551 1072 4608; x_wconf 84' lang='lat' dir='ltr'><strong>inveniebant</strong></span> <span class='ocrx_word' id='word_1_769' title='bbox 1097 4551 1248 4606; x_wconf 90' lang='lat' dir='ltr'><strong>cibos</strong></span> <span class='ocrx_word' id='word_1_770' title='bbox 1281 4558 1459 4619; x_wconf 90' lang='lat' dir='ltr'><strong>patres</strong></span> <span class='ocrx_word' id='word_1_771' title='bbox 1491 4549 1681 4603; x_wconf 88' lang='lat' dir='ltr'><strong>nostri.</strong></span> <span class='ocrx_word' id='word_1_772' title='bbox 1705 4549 1840 4604; x_wconf 66' lang='lat' dir='ltr'><strong>(tum</strong></span> <span class='ocrx_word' id='word_1_773' title='bbox 1863 4551 2104 4606; x_wconf 88' lang='lat' dir='ltr'><strong>audisset</strong></span> 
     </span>
    </p>
   </div>
   <div class='ocr_carea' id='block_1_94' title="bbox 505 4641 2105 4713">
    <p class='ocr_par' dir='ltr' id='par_1_94' title="bbox 505 4641 2105 4713">
     <span class='ocr_line' id='line_1_94' title="bbox 505 4641 2105 4713; baseline -0.003 -12"><span class='ocrx_word' id='word_1_774' title='bbox 505 4657 688 4702; x_wconf 90' lang='lat' dir='ltr'><strong>autem</strong></span> <span class='ocrx_word' id='word_1_775' title='bbox 715 4643 884 4700; x_wconf 81' lang='lat' dir='ltr'><strong>Jacob</strong></span> <span class='ocrx_word' id='word_1_776' title='bbox 923 4659 1048 4698; x_wconf 91' lang='lat' dir='ltr'><strong>esse</strong></span> <span class='ocrx_word' id='word_1_777' title='bbox 1079 4642 1410 4697; x_wconf 91' lang='lat' dir='ltr'><strong>frumentum</strong></span> <span class='ocrx_word' id='word_1_778' title='bbox 1453 4641 1504 4694; x_wconf 92' lang='lat' dir='ltr'><strong>in</strong></span> <span class='ocrx_word' id='word_1_779' title='bbox 1536 4641 1770 4713; x_wconf 65' lang='lat' dir='ltr'><strong>Aﬂgypto</strong></span> <span class='ocrx_word' id='word_1_780' title='bbox 1794 4681 1810 4708; x_wconf 92' lang='lat'><strong>,</strong></span> <span class='ocrx_word' id='word_1_781' title='bbox 1842 4642 1988 4695; x_wconf 91' lang='lat' dir='ltr'><strong>misit</strong></span> <span class='ocrx_word' id='word_1_782' title='bbox 2012 4658 2105 4710; x_wconf 90' lang='lat' dir='ltr'><strong>pa-</strong></span> 
     </span>
    </p>
   </div>
   <div class='ocr_carea' id='block_1_95' title="bbox 503 4734 2105 4806">
    <p class='ocr_par' dir='ltr' id='par_1_95' title="bbox 503 4734 2105 4806">
     <span class='ocr_line' id='line_1_95' title="bbox 503 4734 2105 4806; baseline 0 -15"><span class='ocrx_word' id='word_1_783' title='bbox 503 4746 619 4793; x_wconf 90' lang='lat' dir='ltr'><strong>tres</strong></span> <span class='ocrx_word' id='word_1_784' title='bbox 669 4745 887 4793; x_wconf 91' lang='lat' dir='ltr'><strong>uostros</strong></span> <span class='ocrx_word' id='word_1_785' title='bbox 929 4737 1163 4806; x_wconf 91' lang='lat' dir='ltr'><strong>primum</strong></span> <span class='ocrx_word' id='word_1_786' title='bbox 1200 4755 1212 4790; x_wconf 87' lang='lat'><strong>:</strong></span> <span class='ocrx_word' id='word_1_787' title='bbox 1244 4745 1298 4790; x_wconf 93' lang='lat' dir='ltr'><strong>et</strong></span> <span class='ocrx_word' id='word_1_788' title='bbox 1336 4735 1388 4789; x_wconf 91' lang='lat' dir='ltr'><strong>in</strong></span> <span class='ocrx_word' id='word_1_789' title='bbox 1437 4734 1677 4790; x_wconf 88' lang='lat' dir='ltr'><strong>secundo</strong></span> <span class='ocrx_word' id='word_1_790' title='bbox 1725 4735 1974 4804; x_wconf 90' lang='lat' dir='ltr'><strong>cognitus</strong></span> <span class='ocrx_word' id='word_1_791' title='bbox 2022 4745 2105 4791; x_wconf 88' lang='lat' dir='ltr'><strong>est</strong></span> 
     </span>
    </p>
   </div>
   <div class='ocr_carea' id='block_1_96' title="bbox 499 4828 2101 4902">
    <p class='ocr_par' dir='ltr' id='par_1_96' title="bbox 499 4828 2101 4902">
     <span class='ocr_line' id='line_1_96' title="bbox 499 4828 2101 4902; baseline -0.001 -14"><span class='ocrx_word' id='word_1_792' title='bbox 499 4830 704 4902; x_wconf 82' lang='lat' dir='ltr'><strong>Joseph</strong></span> <span class='ocrx_word' id='word_1_793' title='bbox 725 4846 754 4885; x_wconf 89' lang='lat' dir='ltr'><strong>a</strong></span> <span class='ocrx_word' id='word_1_794' title='bbox 781 4831 1043 4885; x_wconf 85' lang='lat' dir='ltr'><strong>fratribus</strong></span> <span class='ocrx_word' id='word_1_795' title='bbox 1065 4829 1198 4895; x_wconf 88' lang='lat' dir='ltr'><strong>suis,</strong></span> <span class='ocrx_word' id='word_1_796' title='bbox 1219 4839 1275 4885; x_wconf 91' lang='lat' dir='ltr'><strong>et</strong></span> <span class='ocrx_word' id='word_1_797' title='bbox 1295 4828 1701 4884; x_wconf 90' lang='lat' dir='ltr'><strong>manifestatum</strong></span> <span class='ocrx_word' id='word_1_798' title='bbox 1726 4839 1808 4883; x_wconf 90' lang='lat' dir='ltr'><strong>est</strong></span> <span class='ocrx_word' id='word_1_799' title='bbox 1830 4829 2101 4886; x_wconf 88' lang='lat' dir='ltr'><strong>Pharaoni</strong></span> 
     </span>
    </p>
   </div>
   <div class='ocr_carea' id='block_1_97' title="bbox 501 4919 2096 4995">
    <p class='ocr_par' dir='ltr' id='par_1_97' title="bbox 501 4919 2096 4995">
     <span class='ocr_line' id='line_1_97' title="bbox 501 4919 2096 4995; baseline -0.001 -15"><span class='ocrx_word' id='word_1_800' title='bbox 501 4939 672 4995; x_wconf 88' lang='lat' dir='ltr'><strong>genus</strong></span> <span class='ocrx_word' id='word_1_801' title='bbox 709 4924 846 4994; x_wconf 88' lang='lat' dir='ltr'><strong>ejus.</strong></span> <span class='ocrx_word' id='word_1_802' title='bbox 880 4923 1099 4979; x_wconf 90' lang='lat' dir='ltr'><strong>Mittens</strong></span> <span class='ocrx_word' id='word_1_803' title='bbox 1131 4933 1309 4978; x_wconf 88' lang='lat' dir='ltr'><strong>autem</strong></span> <span class='ocrx_word' id='word_1_804' title='bbox 1350 4919 1555 4990; x_wconf 89' lang='lat' dir='ltr'><strong>Joseph</strong></span> <span class='ocrx_word' id='word_1_805' title='bbox 1599 4920 1884 4976; x_wconf 84' lang='lat' dir='ltr'><strong>accersivit</strong></span> <span class='ocrx_word' id='word_1_806' title='bbox 1927 4921 2096 4978; x_wconf 86' lang='lat' dir='ltr'><strong>Jacob</strong></span> 
     </span>
    </p>
   </div>
   <div class='ocr_carea' id='block_1_98' title="bbox 502 5017 2094 5090">
    <p class='ocr_par' dir='ltr' id='par_1_98' title="bbox 502 5017 2094 5090">
     <span class='ocr_line' id='line_1_98' title="bbox 502 5017 2094 5090; baseline -0.001 -17"><span class='ocrx_word' id='word_1_807' title='bbox 502 5030 713 5090; x_wconf 91' lang='lat' dir='ltr'><strong>patrem</strong></span> <span class='ocrx_word' id='word_1_808' title='bbox 741 5033 898 5073; x_wconf 92' lang='lat' dir='ltr'><strong>suum</strong></span> <span class='ocrx_word' id='word_1_809' title='bbox 922 5058 937 5083; x_wconf 95' lang='lat'><strong>,</strong></span> <span class='ocrx_word' id='word_1_810' title='bbox 965 5027 1020 5072; x_wconf 91' lang='lat' dir='ltr'><strong>et</strong></span> <span class='ocrx_word' id='word_1_811' title='bbox 1051 5032 1268 5073; x_wconf 91' lang='lat' dir='ltr'><strong>omnem</strong></span> <span class='ocrx_word' id='word_1_812' title='bbox 1296 5017 1673 5088; x_wconf 85' lang='lat' dir='ltr'><strong>cognationem</strong></span> <span class='ocrx_word' id='word_1_813' title='bbox 1704 5031 1854 5071; x_wconf 89' lang='lat' dir='ltr'><strong>suam</strong></span> <span class='ocrx_word' id='word_1_814' title='bbox 1889 5017 1941 5071; x_wconf 91' lang='lat' dir='ltr'><strong>in</strong></span> <span class='ocrx_word' id='word_1_815' title='bbox 1971 5019 2094 5072; x_wconf 88' lang='lat' dir='ltr'><strong>ani-</strong></span> 
     </span>
    </p>
   </div>
   <div class='ocr_carea' id='block_1_99' title="bbox 500 5109 2091 5181">
    <p class='ocr_par' dir='ltr' id='par_1_99' title="bbox 500 5109 2091 5181">
     <span class='ocr_line' id='line_1_99' title="bbox 500 5109 2091 5181; baseline 0.001 -16"><span class='ocrx_word' id='word_1_816' title='bbox 500 5111 694 5165; x_wconf 88' lang='lat' dir='ltr'><strong>mabus</strong></span> <span class='ocrx_word' id='word_1_817' title='bbox 735 5111 1076 5181; x_wconf 83' lang='lat' dir='ltr'><strong>septuaginta</strong></span> <span class='ocrx_word' id='word_1_818' title='bbox 1125 5110 1386 5180; x_wconf 90' lang='lat' dir='ltr'><strong>quinque.</strong></span> <span class='ocrx_word' id='word_1_819' title='bbox 1426 5109 1490 5164; x_wconf 84' lang='lat' dir='ltr'><strong>Et</strong></span> <span class='ocrx_word' id='word_1_820' title='bbox 1526 5110 1808 5167; x_wconf 89' lang='lat' dir='ltr'><strong>descendit</strong></span> <span class='ocrx_word' id='word_1_821' title='bbox 1835 5110 2000 5166; x_wconf 84' lang='lat' dir='ltr'><strong>Jacob</strong></span> <span class='ocrx_word' id='word_1_822' title='bbox 2041 5111 2091 5166; x_wconf 91' lang='lat' dir='ltr'><strong>in</strong></span> 
     </span>
    </p>
   </div>
   <div class='ocr_carea' id='block_1_100' title="bbox 503 5202 2088 5276">
    <p class='ocr_par' dir='ltr' id='par_1_100' title="bbox 503 5202 2088 5276">
     <span class='ocr_line' id='line_1_100' title="bbox 503 5202 2088 5276; baseline 0.001 -18"><span class='ocrx_word' id='word_1_823' title='bbox 503 5202 823 5276; x_wconf 66' lang='lat' dir='ltr'><strong>Egyptum,</strong></span> <span class='ocrx_word' id='word_1_824' title='bbox 855 5211 911 5258; x_wconf 90' lang='lat' dir='ltr'><strong>et</strong></span> <span class='ocrx_word' id='word_1_825' title='bbox 949 5203 1236 5258; x_wconf 90' lang='lat' dir='ltr'><strong>defunctus</strong></span> <span class='ocrx_word' id='word_1_826' title='bbox 1269 5211 1354 5258; x_wconf 88' lang='lat' dir='ltr'><strong>est</strong></span> <span class='ocrx_word' id='word_1_827' title='bbox 1399 5205 1537 5273; x_wconf 90' lang='lat' dir='ltr'><strong>ipse,</strong></span> <span class='ocrx_word' id='word_1_828' title='bbox 1571 5211 1626 5258; x_wconf 89' lang='lat' dir='ltr'><strong>et</strong></span> <span class='ocrx_word' id='word_1_829' title='bbox 1673 5213 1854 5273; x_wconf 87' lang='lat' dir='ltr'><strong>patres</strong></span> <span class='ocrx_word' id='word_1_830' title='bbox 1895 5205 2088 5260; x_wconf 90' lang='lat' dir='ltr'><strong>nostri.</strong></span> 
     </span>
    </p>
   </div>
   <div class='ocr_carea' id='block_1_101' title="bbox 498 5295 2094 5370">
    <p class='ocr_par' dir='ltr' id='par_1_101' title="bbox 498 5295 2094 5370">
     <span class='ocr_line' id='line_1_101' title="bbox 498 5295 2094 5370; baseline 0.001 -18"><span class='ocrx_word' id='word_1_831' title='bbox 498 5296 568 5352; x_wconf 87' lang='lat' dir='ltr'><strong>Et</strong></span> <span class='ocrx_word' id='word_1_832' title='bbox 600 5297 850 5352; x_wconf 89' lang='lat' dir='ltr'><strong>translati</strong></span> <span class='ocrx_word' id='word_1_833' title='bbox 876 5306 1003 5351; x_wconf 92' lang='lat' dir='ltr'><strong>sunt</strong></span> <span class='ocrx_word' id='word_1_834' title='bbox 1029 5297 1081 5351; x_wconf 91' lang='lat' dir='ltr'><strong>in</strong></span> <span class='ocrx_word' id='word_1_835' title='bbox 1109 5295 1352 5363; x_wconf 87' lang='lat' dir='ltr'><strong>Sichem,</strong></span> <span class='ocrx_word' id='word_1_836' title='bbox 1381 5307 1435 5353; x_wconf 92' lang='lat' dir='ltr'><strong>ct</strong></span> <span class='ocrx_word' id='word_1_837' title='bbox 1467 5299 1626 5367; x_wconf 90' lang='lat' dir='ltr'><strong>positi</strong></span> <span class='ocrx_word' id='word_1_838' title='bbox 1666 5310 1792 5354; x_wconf 90' lang='lat' dir='ltr'><strong>sunt</strong></span> <span class='ocrx_word' id='word_1_839' title='bbox 1823 5301 1874 5354; x_wconf 92' lang='lat' dir='ltr'><strong>in</strong></span> <span class='ocrx_word' id='word_1_840' title='bbox 1908 5301 2094 5370; x_wconf 91' lang='lat' dir='ltr'><strong>sepul-</strong></span> 
     </span>
    </p>
   </div>
   <div class='ocr_carea' id='block_1_102' title="bbox 498 5390 2097 5463">
    <p class='ocr_par' dir='ltr' id='par_1_102' title="bbox 498 5390 2097 5463">
     <span class='ocr_line' id='line_1_102' title="bbox 498 5390 2097 5463; baseline 0 -15"><span class='ocrx_word' id='word_1_841' title='bbox 498 5407 614 5458; x_wconf 90' lang='lat' dir='ltr'><strong>cro,</strong></span> <span class='ocrx_word' id='word_1_842' title='bbox 637 5391 781 5462; x_wconf 91' lang='lat' dir='ltr'><strong>quod</strong></span> <span class='ocrx_word' id='word_1_843' title='bbox 803 5393 938 5446; x_wconf 92' lang='lat' dir='ltr'><strong>emit</strong></span> <span class='ocrx_word' id='word_1_844' title='bbox 960 5390 1230 5446; x_wconf 83' lang='lat' dir='ltr'><strong>Abraham</strong></span> <span class='ocrx_word' id='word_1_845' title='bbox 1264 5392 1438 5462; x_wconf 89' lang='lat' dir='ltr'><strong>pretio</strong></span> <span class='ocrx_word' id='word_1_846' title='bbox 1463 5393 1673 5463; x_wconf 88' lang='lat' dir='ltr'><strong>argenti</strong></span> <span class='ocrx_word' id='word_1_847' title='bbox 1697 5409 1725 5447; x_wconf 90' lang='lat' dir='ltr'><strong>a</strong></span> <span class='ocrx_word' id='word_1_848' title='bbox 1751 5393 1874 5449; x_wconf 90' lang='lat' dir='ltr'><strong>filiis</strong></span> <span class='ocrx_word' id='word_1_849' title='bbox 1897 5394 2097 5448; x_wconf 66' lang='lat' dir='ltr'><strong>Humor</strong></span> 
     </span>
    </p>
   </div>
   <div class='ocr_carea' id='block_1_103' title="bbox 495 5484 2098 5557">
    <p class='ocr_par' dir='ltr' id='par_1_103' title="bbox 495 5484 2098 5557">
     <span class='ocr_line' id='line_1_103' title="bbox 495 5484 2098 5557; baseline 0.002 -19"><span class='ocrx_word' id='word_1_850' title='bbox 495 5484 589 5540; x_wconf 81' lang='lat' dir='ltr'><strong>filii</strong></span> <span class='ocrx_word' id='word_1_851' title='bbox 609 5485 852 5541; x_wconf 91' lang='lat' dir='ltr'><strong>Sichem.</strong></span> <span class='ocrx_word' id='word_1_852' title='bbox 882 5485 1016 5539; x_wconf 90' lang='lat' dir='ltr'><strong>Cum</strong></span> <span class='ocrx_word' id='word_1_853' title='bbox 1041 5496 1220 5541; x_wconf 88' lang='lat' dir='ltr'><strong>autem</strong></span> <span class='ocrx_word' id='word_1_854' title='bbox 1245 5487 1710 5556; x_wconf 87' lang='lat' dir='ltr'><strong>appropinquaret</strong></span> <span class='ocrx_word' id='word_1_855' title='bbox 1733 5495 1944 5556; x_wconf 88' lang='lat' dir='ltr'><strong>tempus</strong></span> <span class='ocrx_word' id='word_1_856' title='bbox 1972 5501 2098 5557; x_wconf 91' lang='lat' dir='ltr'><strong>pro-</strong></span> 
     </span>
    </p>
   </div>
   <div class='ocr_carea' id='block_1_104' title="bbox 499 5576 2097 5648">
    <p class='ocr_par' dir='ltr' id='par_1_104' title="bbox 499 5576 2097 5648">
     <span class='ocr_line' id='line_1_104' title="bbox 499 5576 2097 5648; baseline 0.003 -18"><span class='ocrx_word' id='word_1_857' title='bbox 499 5577 795 5644; x_wconf 88' lang='lat' dir='ltr'><strong>missionis,</strong></span> <span class='ocrx_word' id='word_1_858' title='bbox 827 5592 988 5648; x_wconf 90' lang='lat' dir='ltr'><strong>quam</strong></span> <span class='ocrx_word' id='word_1_859' title='bbox 1019 5576 1301 5632; x_wconf 90' lang='lat' dir='ltr'><strong>confessus</strong></span> <span class='ocrx_word' id='word_1_860' title='bbox 1324 5587 1443 5632; x_wconf 91' lang='lat' dir='ltr'><strong>erat</strong></span> <span class='ocrx_word' id='word_1_861' title='bbox 1467 5577 1612 5632; x_wconf 91' lang='lat' dir='ltr'><strong>Dens</strong></span> <span class='ocrx_word' id='word_1_862' title='bbox 1637 5577 1893 5642; x_wconf 78' lang='lat' dir='ltr'><strong>Abrahae,</strong></span> <span class='ocrx_word' id='word_1_863' title='bbox 1925 5580 2097 5634; x_wconf 91' lang='lat' dir='ltr'><strong>crevit</strong></span> 
     </span>
    </p>
   </div>
   <div class='ocr_carea' id='block_1_105' title="bbox 500 5667 2094 5742">
    <p class='ocr_par' dir='ltr' id='par_1_105' title="bbox 500 5667 2094 5742">
     <span class='ocr_line' id='line_1_105' title="bbox 500 5667 2094 5742; baseline 0.006 -23"><span class='ocrx_word' id='word_1_864' title='bbox 500 5667 752 5735; x_wconf 89' lang='lat' dir='ltr'><strong>populus,</strong></span> <span class='ocrx_word' id='word_1_865' title='bbox 783 5679 839 5724; x_wconf 92' lang='lat' dir='ltr'><strong>et</strong></span> <span class='ocrx_word' id='word_1_866' title='bbox 877 5669 1266 5738; x_wconf 87' lang='lat' dir='ltr'><strong>multiplicatus</strong></span> <span class='ocrx_word' id='word_1_867' title='bbox 1307 5680 1390 5724; x_wconf 85' lang='lat' dir='ltr'><strong>est</strong></span> <span class='ocrx_word' id='word_1_868' title='bbox 1436 5674 1488 5724; x_wconf 88' lang='lat' dir='ltr'><strong>in</strong></span> <span class='ocrx_word' id='word_1_869' title='bbox 1518 5671 1774 5742; x_wconf 63' lang='lat' dir='ltr'><strong>Egypto,</strong></span> <span class='ocrx_word' id='word_1_870' title='bbox 1805 5681 1860 5728; x_wconf 91' lang='lat' dir='ltr'><strong>et</strong></span> <span class='ocrx_word' id='word_1_871' title='bbox 1883 5673 2094 5742; x_wconf 85' lang='lat' dir='ltr'><strong>quoad-</strong></span> 
     </span>
    </p>
   </div>
   <div class='ocr_carea' id='block_1_106' title="bbox 2207 4540 3756 4626">
    <p class='ocr_par' dir='ltr' id='par_1_106' title="bbox 2207 4540 3756 4626">
     <span class='ocr_line' id='line_1_106' title="bbox 2207 4540 3756 4626; baseline -0.014 -14"><span class='ocrx_word' id='word_1_872' title='bbox 2207 4558 2377 4612; x_wconf 91' lang='lat' dir='ltr'><strong>tribus</strong></span> <span class='ocrx_word' id='word_1_873' title='bbox 2416 4556 2616 4611; x_wconf 88' lang='lat' dir='ltr'><strong>nostris</strong></span> <span class='ocrx_word' id='word_1_874' title='bbox 2645 4573 2660 4612; x_wconf 87' lang='lat'><strong>:</strong></span> <span class='ocrx_word' id='word_1_875' title='bbox 2710 4556 2800 4626; x_wconf 93' lang='lat' dir='ltr'><strong>qui</strong></span> <span class='ocrx_word' id='word_1_876' title='bbox 2840 4555 3048 4624; x_wconf 80' lang='lat' dir='ltr'><strong>accepit</strong></span> <span class='ocrx_word' id='word_1_877' title='bbox 3077 4553 3238 4607; x_wconf 79' lang='lat' dir='ltr'><strong>verba</strong></span> <span class='ocrx_word' id='word_1_878' title='bbox 3287 4553 3415 4607; x_wconf 70' lang='lat' dir='ltr'><strong>vitae</strong></span> <span class='ocrx_word' id='word_1_879' title='bbox 3446 4554 3566 4608; x_wconf 88' lang='lat' dir='ltr'><strong>dare</strong></span> <span class='ocrx_word' id='word_1_880' title='bbox 3601 4540 3756 4600; x_wconf 88' lang='lat' dir='ltr'><strong>nobis.</strong></span> 
     </span>
    </p>
   </div>
   <div class='ocr_carea' id='block_1_107' title="bbox 2203 4639 3758 4717">
    <p class='ocr_par' dir='ltr' id='par_1_107' title="bbox 2203 4639 3758 4717">
     <span class='ocr_line' id='line_1_107' title="bbox 2203 4639 3758 4717; baseline -0.007 -12"><span class='ocrx_word' id='word_1_881' title='bbox 2203 4650 2301 4705; x_wconf 86' lang='lat' dir='ltr'><strong>Cui</strong></span> <span class='ocrx_word' id='word_1_882' title='bbox 2328 4650 2623 4704; x_wconf 90' lang='lat' dir='ltr'><strong>noluerunt</strong></span> <span class='ocrx_word' id='word_1_883' title='bbox 2652 4649 2873 4704; x_wconf 88' lang='lat' dir='ltr'><strong>obedire</strong></span> <span class='ocrx_word' id='word_1_884' title='bbox 2897 4655 3076 4717; x_wconf 91' lang='lat' dir='ltr'><strong>patres</strong></span> <span class='ocrx_word' id='word_1_885' title='bbox 3102 4646 3273 4700; x_wconf 91' lang='lat' dir='ltr'><strong>nostri</strong></span> <span class='ocrx_word' id='word_1_886' title='bbox 3302 4663 3312 4697; x_wconf 88' lang='lat'><strong>:</strong></span> <span class='ocrx_word' id='word_1_887' title='bbox 3341 4645 3439 4699; x_wconf 87' lang='lat' dir='ltr'><strong>sed</strong></span> <span class='ocrx_word' id='word_1_888' title='bbox 3462 4639 3758 4713; x_wconf 58' lang='lat' dir='ltr'><strong>repulerunt.</strong></span> 
     </span>
    </p>
   </div>
   <div class='ocr_carea' id='block_1_108' title="bbox 2205 4732 3761 4809">
    <p class='ocr_par' dir='ltr' id='par_1_108' title="bbox 2205 4732 3761 4809">
     <span class='ocr_line' id='line_1_108' title="bbox 2205 4732 3761 4809; baseline -0.008 -12"><span class='ocrx_word' id='word_1_889' title='bbox 2205 4753 2261 4797; x_wconf 90' lang='lat' dir='ltr'><strong>et</strong></span> <span class='ocrx_word' id='word_1_890' title='bbox 2289 4742 2463 4796; x_wconf 84' lang='lat' dir='ltr'><strong>aversi</strong></span> <span class='ocrx_word' id='word_1_891' title='bbox 2490 4752 2615 4797; x_wconf 92' lang='lat' dir='ltr'><strong>sunt</strong></span> <span class='ocrx_word' id='word_1_892' title='bbox 2642 4742 2692 4795; x_wconf 92' lang='lat' dir='ltr'><strong>in</strong></span> <span class='ocrx_word' id='word_1_893' title='bbox 2720 4740 2973 4795; x_wconf 88' lang='lat' dir='ltr'><strong>cordibus</strong></span> <span class='ocrx_word' id='word_1_894' title='bbox 3000 4741 3112 4793; x_wconf 82' lang='lat' dir='ltr'><strong>suis</strong></span> <span class='ocrx_word' id='word_1_895' title='bbox 3134 4740 3185 4792; x_wconf 93' lang='lat' dir='ltr'><strong>in</strong></span> <span class='ocrx_word' id='word_1_896' title='bbox 3211 4737 3532 4809; x_wconf 63' lang='lat' dir='ltr'><strong>Egyptum,</strong></span> <span class='ocrx_word' id='word_1_897' title='bbox 3554 4732 3761 4788; x_wconf 68' lang='lat' dir='ltr'><strong>dicentes</strong></span> 
     </span>
    </p>
   </div>
   <div class='ocr_carea' id='block_1_109' title="bbox 2207 4829 3755 4902">
    <p class='ocr_par' dir='ltr' id='par_1_109' title="bbox 2207 4829 3755 4902">
     <span class='ocr_line' id='line_1_109' title="bbox 2207 4829 3755 4902; baseline -0.005 -14"><span class='ocrx_word' id='word_1_898' title='bbox 2207 4834 2272 4888; x_wconf 90' lang='lat' dir='ltr'><strong>ad</strong></span> <span class='ocrx_word' id='word_1_899' title='bbox 2324 4835 2549 4890; x_wconf 86' lang='lat' dir='ltr'><strong>Aaron:</strong></span> <span class='ocrx_word' id='word_1_900' title='bbox 2596 4836 2702 4890; x_wconf 85' lang='lat' dir='ltr'><strong>Fac</strong></span> <span class='ocrx_word' id='word_1_901' title='bbox 2751 4835 2906 4888; x_wconf 90' lang='lat' dir='ltr'><strong>nobis</strong></span> <span class='ocrx_word' id='word_1_902' title='bbox 2950 4833 3106 4898; x_wconf 91' lang='lat' dir='ltr'><strong>deos,</strong></span> <span class='ocrx_word' id='word_1_903' title='bbox 3153 4832 3244 4902; x_wconf 92' lang='lat' dir='ltr'><strong>qui</strong></span> <span class='ocrx_word' id='word_1_904' title='bbox 3293 4829 3592 4902; x_wconf 69' lang='lat' dir='ltr'><strong>prrecedant</strong></span> <span class='ocrx_word' id='word_1_905' title='bbox 3638 4832 3755 4874; x_wconf 62' lang='lat' dir='ltr'><strong>nos:</strong></span> 
     </span>
    </p>
   </div>
   <div class='ocr_carea' id='block_1_110' title="bbox 2204 4908 3754 4999">
    <p class='ocr_par' dir='ltr' id='par_1_110' title="bbox 2204 4908 3754 4999">
     <span class='ocr_line' id='line_1_110' title="bbox 2204 4908 3754 4999; baseline -0.008 -17"><span class='ocrx_word' id='word_1_906' title='bbox 2204 4926 2416 4999; x_wconf 84' lang='lat' dir='ltr'><strong>Moyses</strong></span> <span class='ocrx_word' id='word_1_907' title='bbox 2445 4925 2588 4980; x_wconf 87' lang='lat' dir='ltr'><strong>enim</strong></span> <span class='ocrx_word' id='word_1_908' title='bbox 2631 4926 2737 4990; x_wconf 92' lang='lat' dir='ltr'><strong>hic,</strong></span> <span class='ocrx_word' id='word_1_909' title='bbox 2769 4925 2862 4996; x_wconf 90' lang='lat' dir='ltr'><strong>qui</strong></span> <span class='ocrx_word' id='word_1_910' title='bbox 2892 4923 3078 4978; x_wconf 89' lang='lat' dir='ltr'><strong>eduxit</strong></span> <span class='ocrx_word' id='word_1_911' title='bbox 3109 4938 3207 4976; x_wconf 90' lang='lat' dir='ltr'><strong>nos</strong></span> <span class='ocrx_word' id='word_1_912' title='bbox 3253 4924 3322 4978; x_wconf 88' lang='lat' dir='ltr'><strong>de</strong></span> <span class='ocrx_word' id='word_1_913' title='bbox 3359 4934 3502 4978; x_wconf 83' lang='lat' dir='ltr'><strong>terra</strong></span> <span class='ocrx_word' id='word_1_914' title='bbox 3550 4908 3754 4986; x_wconf 68' lang='lat' dir='ltr'><strong>Egypli.</strong></span> 
     </span>
    </p>
   </div>
   <div class='ocr_carea' id='block_1_111' title="bbox 2206 5001 3756 5088">
    <p class='ocr_par' dir='ltr' id='par_1_111' title="bbox 2206 5001 3756 5088">
     <span class='ocr_line' id='line_1_111' title="bbox 2206 5001 3756 5088; baseline -0.011 -14"><span class='ocrx_word' id='word_1_915' title='bbox 2206 5019 2475 5074; x_wconf 86' lang='lat' dir='ltr'><strong>nescimus</strong></span> <span class='ocrx_word' id='word_1_916' title='bbox 2505 5017 2629 5088; x_wconf 87' lang='lat' dir='ltr'><strong>quid</strong></span> <span class='ocrx_word' id='word_1_917' title='bbox 2669 5017 2865 5072; x_wconf 87' lang='lat' dir='ltr'><strong>factum</strong></span> <span class='ocrx_word' id='word_1_918' title='bbox 2897 5016 2966 5071; x_wconf 90' lang='lat' dir='ltr'><strong>sit</strong></span> <span class='ocrx_word' id='word_1_919' title='bbox 2992 5015 3062 5069; x_wconf 91' lang='lat' dir='ltr'><strong>ei.</strong></span> <span class='ocrx_word' id='word_1_920' title='bbox 3092 5014 3157 5068; x_wconf 83' lang='lat' dir='ltr'><strong>Et</strong></span> <span class='ocrx_word' id='word_1_921' title='bbox 3196 5014 3422 5068; x_wconf 85' lang='lat' dir='ltr'><strong>vitulum</strong></span> <span class='ocrx_word' id='word_1_922' title='bbox 3468 5012 3689 5068; x_wconf 89' lang='lat' dir='ltr'><strong>fecerunt</strong></span> <span class='ocrx_word' id='word_1_923' title='bbox 3714 5001 3756 5050; x_wconf 85' lang='lat' dir='ltr'><strong>in</strong></span> 
     </span>
    </p>
   </div>
   <div class='ocr_carea' id='block_1_112' title="bbox 2205 5096 3754 5177">
    <p class='ocr_par' dir='ltr' id='par_1_112' title="bbox 2205 5096 3754 5177">
     <span class='ocr_line' id='line_1_112' title="bbox 2205 5096 3754 5177; baseline -0.008 -11"><span class='ocrx_word' id='word_1_924' title='bbox 2205 5112 2398 5166; x_wconf 88' lang='lat' dir='ltr'><strong>diebus</strong></span> <span class='ocrx_word' id='word_1_925' title='bbox 2429 5113 2557 5177; x_wconf 87' lang='lat' dir='ltr'><strong>illis,</strong></span> <span class='ocrx_word' id='word_1_926' title='bbox 2587 5121 2641 5168; x_wconf 90' lang='lat' dir='ltr'><strong>et</strong></span> <span class='ocrx_word' id='word_1_927' title='bbox 2666 5111 2977 5166; x_wconf 84' lang='lat' dir='ltr'><strong>obtulerunt</strong></span> <span class='ocrx_word' id='word_1_928' title='bbox 3002 5106 3232 5163; x_wconf 86' lang='lat' dir='ltr'><strong>hostiam</strong></span> <span class='ocrx_word' id='word_1_929' title='bbox 3259 5107 3572 5170; x_wconf 88' lang='lat' dir='ltr'><strong>simulacro,</strong></span> <span class='ocrx_word' id='word_1_930' title='bbox 3603 5105 3652 5153; x_wconf 78' lang='lat' dir='ltr'><strong>et</strong></span> <span class='ocrx_word' id='word_1_931' title='bbox 3678 5096 3754 5145; x_wconf 64' lang='grc' dir='ltr'><strong>Ιωο</strong></span> 
     </span>
    </p>
   </div>
   <div class='ocr_carea' id='block_1_113' title="bbox 2207 5191 3752 5274">
    <p class='ocr_par' dir='ltr' id='par_1_113' title="bbox 2207 5191 3752 5274">
     <span class='ocr_line' id='line_1_113' title="bbox 2207 5191 3752 5274; baseline -0.012 -14"><span class='ocrx_word' id='word_1_932' title='bbox 2207 5207 2457 5262; x_wconf 89' lang='lat' dir='ltr'><strong>tabantur</strong></span> <span class='ocrx_word' id='word_1_933' title='bbox 2485 5207 2536 5259; x_wconf 90' lang='lat' dir='ltr'><strong>in</strong></span> <span class='ocrx_word' id='word_1_934' title='bbox 2567 5205 2820 5274; x_wconf 86' lang='lat' dir='ltr'><strong>operibus</strong></span> <span class='ocrx_word' id='word_1_935' title='bbox 2849 5216 3099 5256; x_wconf 91' lang='lat' dir='ltr'><strong>manuum</strong></span> <span class='ocrx_word' id='word_1_936' title='bbox 3129 5215 3371 5254; x_wconf 90' lang='lat' dir='ltr'><strong>suarum.</strong></span> <span class='ocrx_word' id='word_1_937' title='bbox 3397 5191 3658 5252; x_wconf 80' lang='lat' dir='ltr'><strong>Convertit</strong></span> <span class='ocrx_word' id='word_1_938' title='bbox 3679 5198 3752 5238; x_wconf 78' lang='lat' dir='ltr'><strong>au-</strong></span> 
     </span>
    </p>
   </div>
   <div class='ocr_carea' id='block_1_114' title="bbox 2205 5284 3746 5367">
    <p class='ocr_par' dir='ltr' id='par_1_114' title="bbox 2205 5284 3746 5367">
     <span class='ocr_line' id='line_1_114' title="bbox 2205 5284 3746 5367; baseline -0.01 -12"><span class='ocrx_word' id='word_1_939' title='bbox 2205 5309 2311 5356; x_wconf 88' lang='lat' dir='ltr'><strong>tem</strong></span> <span class='ocrx_word' id='word_1_940' title='bbox 2349 5301 2509 5367; x_wconf 91' lang='lat' dir='ltr'><strong>Deus,</strong></span> <span class='ocrx_word' id='word_1_941' title='bbox 2543 5311 2596 5356; x_wconf 92' lang='lat' dir='ltr'><strong>et</strong></span> <span class='ocrx_word' id='word_1_942' title='bbox 2625 5298 2844 5353; x_wconf 85' lang='lat' dir='ltr'><strong>tradidit</strong></span> <span class='ocrx_word' id='word_1_943' title='bbox 2867 5311 2961 5352; x_wconf 91' lang='lat' dir='ltr'><strong>eos</strong></span> <span class='ocrx_word' id='word_1_944' title='bbox 2991 5295 3195 5350; x_wconf 90' lang='lat' dir='ltr'><strong>servire</strong></span> <span class='ocrx_word' id='word_1_945' title='bbox 3228 5294 3434 5348; x_wconf 76' lang='lat' dir='ltr'><strong>militia:</strong></span> <span class='ocrx_word' id='word_1_946' title='bbox 3462 5293 3575 5348; x_wconf 78' lang='lat' dir='ltr'><strong>cmli</strong></span> <span class='ocrx_word' id='word_1_947' title='bbox 3598 5331 3610 5352; x_wconf 95' lang='lat'><strong>,</strong></span> <span class='ocrx_word' id='word_1_948' title='bbox 3634 5284 3746 5337; x_wconf 64' lang='lat' dir='ltr'><strong>sicut</strong></span> 
     </span>
    </p>
   </div>
   <div class='ocr_carea' id='block_1_115' title="bbox 2200 5373 3746 5464">
    <p class='ocr_par' dir='ltr' id='par_1_115' title="bbox 2200 5373 3746 5464">
     <span class='ocr_line' id='line_1_115' title="bbox 2200 5373 3746 5464; baseline -0.016 -15"><span class='ocrx_word' id='word_1_949' title='bbox 2200 5395 2460 5464; x_wconf 89' lang='lat' dir='ltr'><strong>scriptum</strong></span> <span class='ocrx_word' id='word_1_950' title='bbox 2493 5404 2571 5447; x_wconf 91' lang='lat' dir='ltr'><strong>est</strong></span> <span class='ocrx_word' id='word_1_951' title='bbox 2617 5392 2668 5447; x_wconf 94' lang='lat' dir='ltr'><strong>iu</strong></span> <span class='ocrx_word' id='word_1_952' title='bbox 2704 5391 2843 5446; x_wconf 90' lang='lat' dir='ltr'><strong>libro</strong></span> <span class='ocrx_word' id='word_1_953' title='bbox 2901 5388 3285 5459; x_wconf 89' lang='lat' dir='ltr'><strong>prophetarum</strong></span> <span class='ocrx_word' id='word_1_954' title='bbox 3319 5405 3331 5441; x_wconf 92' lang='lat'><strong>:</strong></span> <span class='ocrx_word' id='word_1_955' title='bbox 3368 5380 3618 5454; x_wconf 83' lang='lat' dir='ltr'><strong>Numquid</strong></span> <span class='ocrx_word' id='word_1_956' title='bbox 3657 5373 3746 5426; x_wconf 72' lang='lat' dir='ltr'><strong>vir-</strong></span> 
     </span>
    </p>
   </div>
   <div class='ocr_carea' id='block_1_116' title="bbox 2201 5463 3742 5549">
    <p class='ocr_par' dir='ltr' id='par_1_116' title="bbox 2201 5463 3742 5549">
     <span class='ocr_line' id='line_1_116' title="bbox 2201 5463 3742 5549; baseline -0.003 -6"><span class='ocrx_word' id='word_1_957' title='bbox 2201 5491 2360 5543; x_wconf 88' lang='lat' dir='ltr'><strong>timas</strong></span> <span class='ocrx_word' id='word_1_958' title='bbox 2387 5499 2438 5542; x_wconf 81' lang='lat' dir='ltr'><strong>et</strong></span> <span class='ocrx_word' id='word_1_959' title='bbox 2471 5487 2675 5540; x_wconf 88' lang='lat' dir='ltr'><strong>hostias</strong></span> <span class='ocrx_word' id='word_1_960' title='bbox 2701 5482 2970 5538; x_wconf 86' lang='lat' dir='ltr'><strong>obtulistis</strong></span> <span class='ocrx_word' id='word_1_961' title='bbox 3006 5480 3136 5536; x_wconf 91' lang='lat' dir='ltr'><strong>mihi</strong></span> <span class='ocrx_word' id='word_1_962' title='bbox 3169 5481 3325 5536; x_wconf 88' lang='lat' dir='ltr'><strong>annis</strong></span> <span class='ocrx_word' id='word_1_963' title='bbox 3357 5475 3675 5549; x_wconf 48' lang='lat' dir='ltr'><strong>quadratihm</strong></span> <span class='ocrx_word' id='word_1_964' title='bbox 3704 5463 3742 5514; x_wconf 74' lang='grc' dir='ltr'>ί¹¹</span> 
     </span>
    </p>
   </div>
   <div class='ocr_carea' id='block_1_117' title="bbox 2201 5563 3740 5648">
    <p class='ocr_par' dir='ltr' id='par_1_117' title="bbox 2201 5563 3740 5648">
     <span class='ocr_line' id='line_1_117' title="bbox 2201 5563 3740 5648; baseline -0.016 -10"><span class='ocrx_word' id='word_1_965' title='bbox 2201 5583 2438 5648; x_wconf 85' lang='lat' dir='ltr'><strong>deserto,</strong></span> <span class='ocrx_word' id='word_1_966' title='bbox 2466 5581 2660 5636; x_wconf 89' lang='lat' dir='ltr'><strong>domus</strong></span> <span class='ocrx_word' id='word_1_967' title='bbox 2705 5578 2902 5633; x_wconf 79' lang='lat' dir='ltr'><strong>Israel?</strong></span> <span class='ocrx_word' id='word_1_968' title='bbox 2935 5577 2999 5631; x_wconf 85' lang='lat' dir='ltr'><strong>Et</strong></span> <span class='ocrx_word' id='word_1_969' title='bbox 3033 5573 3353 5644; x_wconf 87' lang='lat' dir='ltr'><strong>suscepistis</strong></span> <span class='ocrx_word' id='word_1_970' title='bbox 3384 5563 3740 5628; x_wconf 83' lang='lat' dir='ltr'><strong>tabernaculum</strong></span> 
     </span>
    </p>
   </div>
   <div class='ocr_carea' id='block_1_118' title="bbox 2199 5659 3741 5739">
    <p class='ocr_par' dir='ltr' id='par_1_118' title="bbox 2199 5659 3741 5739">
     <span class='ocr_line' id='line_1_118' title="bbox 2199 5659 3741 5739; baseline -0.005 -11"><span class='ocrx_word' id='word_1_971' title='bbox 2199 5673 2435 5739; x_wconf 87' lang='lat' dir='ltr'><strong>Molocb,</strong></span> <span class='ocrx_word' id='word_1_972' title='bbox 2463 5681 2519 5730; x_wconf 92' lang='lat' dir='ltr'><strong>et</strong></span> <span class='ocrx_word' id='word_1_973' title='bbox 2545 5669 2693 5728; x_wconf 90' lang='lat' dir='ltr'><strong>sidus</strong></span> <span class='ocrx_word' id='word_1_974' title='bbox 2720 5667 2817 5725; x_wconf 91' lang='lat' dir='ltr'><strong>Dei</strong></span> <span class='ocrx_word' id='word_1_975' title='bbox 2845 5667 3011 5724; x_wconf 89' lang='lat' dir='ltr'><strong>vestri</strong></span> <span class='ocrx_word' id='word_1_976' title='bbox 3041 5666 3365 5739; x_wconf 82' lang='lat' dir='ltr'><strong>Rempham,</strong></span> <span class='ocrx_word' id='word_1_977' title='bbox 3397 5663 3602 5735; x_wconf 83' lang='lat' dir='ltr'><strong>figuras,</strong></span> <span class='ocrx_word' id='word_1_978' title='bbox 3632 5659 3741 5721; x_wconf 69' lang='lat' dir='ltr'><strong>qu”</strong></span> 
     </span>
    </p>
   </div>
  </div>
