3920 6200
537 217 643 277 699

1535 219 1593 274 S.
1636 213 2023 276 IIIERONYMI
2061 215 2288 275 DIVINA
2332 212 2814 275 BIBLIOTHECA.
3716 219 3806 276 700

538 346 644 391 tem
694 334 1070 391 ascendissent
1105 332 1173 388 de
1209 346 1368 403 aqua,
1418 331 1656 401 Spiritus
1707 329 1922 387 Domini
1964 328 2141 400 rapuit
2166 332 2219 393 Α
2244 330 2333 387 die
2360 344 2424 386 ac
2462 341 2644 401 nocte,
2682 338 2743 387 ut
2770 345 2894 387 eum
2937 328 3326 387 interﬁcerent.
3376 330 3710 402 Accipientes
3735 348 3812 391 an-

537 426 870 497 Philippum,
903 436 956 481 et
983 425 1216 495 amplius
1240 439 1349 479 non
1372 424 1651 480 viditeum
1680 420 1994 479 Eunuchus.
2029 419 2143 475 Ibat

535 529 718 575 autem
748 534 843 589 per
872 518 1009 572 viam
1039 532 1193 571 suam
1221 515 1484 587 gaudens.
1518 515 1802 587 Philippus
1830 524 2011 570 autem
2052 512 2139 568 in-

533 619 732 666 ventus
777 617 861 663 est
900 609 952 663 in
984 609 1175 676 Azoto,
1227 616 1280 662 et
1328 607 1699 677 pertransiens
1741 603 2145 675 evangelizabat

537 698 845 755 civitatibus
877 700 1112 770 cunctis,
1144 699 1321 755 donec
1359 699 1569 754 veniret
1598 698 1945 753 Cmsarmam.

609 790 758 863 |Cap.
794 789 908 861 IX]
938 790 1135 846 Saulus
1165 800 1344 846 autem
1376 789 1555 845 adhuc
1581 790 1795 861 spirans
1825 791 2095 844 minarum
2123 832 2139 858 ,

535 893 591 939 et
618 883 783 939 caedis
814 885 866 939 in
887 884 1185 954 discipulos
1217 883 1450 951 Domini,
1485 885 1719 940 accessit
1743 883 1811 939 ad
1843 883 2139 954 principem

533 976 898 1045 sacerdotum,
925 986 980 1033 et
1001 978 1158 1049 petiit
1186 979 1253 1033 ab
1277 993 1342 1033 eo
1362 977 1621 1047 epistolas
1649 978 1703 1033 in
1728 977 2050 1032 Damascum
2072 975 2141 1032 ad

536 1085 840 1143 synagogas
868 1088 881 1124 :
910 1080 967 1126 ut
994 1072 1039 1126 si
1070 1086 1210 1141 quos
1243 1072 1546 1127 invenisset
1575 1070 1735 1140 hujus
1759 1070 1858 1125 vite
1888 1071 2051 1139 viros,
2080 1086 2143 1126 ac

538 1165 820 1228 mulieres,
856 1165 1075 1219 vinctos
1104 1165 1429 1235 perduceret
1475 1164 1530 1218 in
1560 1163 1887 1220 Jerusalem.
1921 1163 1990 1218 Et
2018 1178 2141 1219 cum

537 1258 639 1313 iter
670 1256 891 1323 faceret,
938 1258 1184 1328 contigit,
1220 1264 1278 1312 ut
1311 1257 1780 1327 apprOpinquaret
1829 1256 2093 1310 Damasco
2124 1272 2140 1315 :

538 1360 592 1408 ct
617 1351 796 1407 subito
824 1351 1184 1407 circumfulsit
1212 1367 1335 1406 eum
1364 1352 1455 1407 lux
1480 1350 1553 1406 de
1576 1351 1735 1406 coelo.
1768 1350 1834 1405 Et
1856 1348 2060 1407 cadens
2087 1350 2141 1405 in

538 1455 735 1502 terram
766 1445 968 1501 audivit
997 1460 1187 1501 vocem
1233 1444 1504 1500 dicentem
1533 1444 1637 1499 sibi
1671 1462 1684 1498 :
1725 1444 1913 1507 Saulc,
1955 1442 2139 1510 Saule,

536 1540 665 1610 quid
696 1555 781 1594 mc
811 1540 1204 1611 persequeris?
1233 1539 1334 1607 Qui
1377 1539 1515 1593 dixit
1544 1555 1557 1592 :
1589 1538 1720 1605 Quis
1746 1552 1805 1592 es
1830 1579 1846 1605 ,
1881 1535 2143 1592 Domine?

541 1633 610 1687 Et
649 1632 741 1687 ille
771 1651 783 1686 :
835 1632 948 1703 Ego
984 1647 1101 1687 sum
1131 1632 1314 1700 Jesus,
1345 1645 1505 1701 quem
1536 1638 1593 1685 tu
1621 1629 1984 1700 persequeris.
2029 1627 2138 1682 Du-

2243 434 2354 481 tem
2402 441 2525 482 eum
2573 425 2823 495 discipuli
2871 435 3051 494 nocte,
3106 440 3207 496 per
3256 440 3475 483 murum
3525 425 3811 485 dimiserunt

2243 533 2391 586 eum,
2419 517 2801 574 submittentes
2835 519 2888 573 in
2912 526 3121 588 sporta.
3144 516 3281 573 Cum
3304 526 3491 574 autem
3521 519 3746 576 venisset
3768 520 3810 576 in

2242 611 2568 677 Jerusalem,
2596 611 2839 668 tentabat
2865 627 2926 668 se
2951 612 3182 682 jungere
3207 612 3520 683 discipulis,
3552 623 3608 669 et
3649 630 3813 673 omna

2245 708 2512 764 timebant
2535 723 2680 776 eum,
2710 722 2819 763 non
2846 709 3132 764 credentes
3153 707 3296 778 quod
3332 715 3483 764 esset
3520 707 3808 779 discipulus.

2246 802 2520 856 Barnabas
2560 810 2742 856 autem
2785 788 3186 871 apprehensum
3218 799 3371 855 illum
3402 797 3562 855 duxit
3604 801 3669 856 ad
3695 803 3814 871 Apo-

2243 894 2452 951 stolos:
2491 903 2549 949 et
2577 894 2819 949 narravit
2856 893 2963 949 illis
2986 891 3259 963 quomodo
3282 891 3336 946 in
3370 892 3454 946 via
3480 892 3697 948 vidisset
3725 894 3812 948 Do-

2244 988 2450 1042 minum
2478 1027 2494 1050 ,
2531 996 2585 1041 et
2614 987 2738 1057 quia
2781 986 2989 1041 locutus
3027 994 3113 1041 est
3137 985 3210 1054 ei,
3242 993 3297 1039 et
3324 984 3599 1054 quomodo
3640 986 3688 1040 in
3724 986 3812 1041 Da-

2246 1095 2427 1137 masco
2472 1079 2794 1135 fiducialiter
2830 1080 3005 1151 egerit
3056 1080 3110 1133 in
3161 1079 3384 1132 nomine
3425 1076 3578 1133 Jesu.
3619 1078 3680 1132 Et
3714 1089 3813 1134 erat

2244 1187 2366 1227 cum
2390 1171 2499 1228 illis
2529 1171 2739 1227 intrans
2761 1179 2819 1227 et
2842 1172 3031 1227 exiens
3064 1170 3116 1225 in
3144 1169 3473 1235 Jerusalem,
3496 1180 3549 1225 et
3572 1170 3811 1226 fiduciali-

2246 1273 2327 1321 ter
2363 1279 2527 1335 agens
2573 1265 2625 1319 in
2676 1264 2894 1319 nomine
2938 1263 3174 1318 Domini.
3224 1262 3575 1332 Loquebatur
3623 1278 3812 1335 quoque

2243 1357 2517 1428 gentibus,
2545 1365 2602 1412 et
2626 1356 2935 1427 disputabat
2954 1371 3077 1411 cum
3100 1355 3308 1412 Graecis
3338 1371 3355 1409 :
3388 1355 3464 1410 illi
3492 1364 3664 1411 autem
3682 1372 3814 1428 (μιξε-

2245 1449 2437 1505 rebant
2484 1448 2735 1504 occidere
2765 1464 2912 1504 eum.
2945 1447 3104 1516 Quod
3133 1462 3257 1503 cum
3304 1448 3677 1518 cognovissent
3721 1449 3813 1503 fra-

2244 1551 2376 1607 tres,
2398 1542 2743 1599 deduxerunt
2770 1558 2892 1597 cum
2915 1542 3248 1605 Caesaream,
3279 1551 3335 1596 et
3363 1539 3668 1597 dimiserunt
3696 1541 3814 1597 Tar.

2243 1649 2386 1694 sum.
2434 1634 2679 1690 Ecclesia
2705 1634 2923 1705 quidem
2961 1650 3058 1704 per
3088 1643 3258 1689 totam
3300 1632 3552 1697 Judatam,
3598 1645 3649 1691 et
3676 1634 3815 1692 Gali-

539 1742 658 1781 rum
686 1735 772 1780 est
796 1725 891 1781 tibi
919 1734 1108 1780 contra
1158 1723 1438 1778 stimulum
1468 1723 1771 1778 calcitrare.
1805 1721 1874 1776 Et
1902 1712 2139 1776 tremens
2174 1721 2219 1782 Β
2244 1730 2420 1798 leam,
2453 1738 2508 1784 et
2531 1729 2852 1795 Samariam,
2887 1728 3123 1783 habebat
3155 1742 3365 1798 pacem,
3389 1738 3441 1783 et
3466 1728 3812 1784 aedificabatur

536 1834 601 1875 ac
640 1829 864 1888 Stupens
890 1818 1029 1873 dixit
1061 1834 1076 1872 :
1109 1817 1361 1881 Domine,
1390 1813 1517 1886 quid
1561 1829 1647 1869 me
1684 1813 1765 1868 vis
1809 1811 2028 1868 facere?
2068 1810 2138 1867 Et

541 1912 804 1967 Dominus
830 1911 896 1966 ad
928 1926 1052 1966 eum
1086 1928 1101 1964 :
1127 1910 1322 1981 Surge,
1354 1920 1407 1965 et
1437 1908 1722 1980 ingredere
1748 1908 2051 1977 civitatem,
2080 1915 2137 1965 et

540 2004 614 2060 ibi
641 2004 850 2060 dicetur
894 2004 987 2059 tibi
1020 2003 1150 2075 quid
1182 2012 1233 2059 te
1274 2012 1517 2073 oporteat
1573 2002 1769 2058 facere.
1810 2000 1918 2058 Viri
1952 2011 2134 2057 autem

539 2097 642 2161 illi,
687 2096 777 2167 qui
819 2096 1220 2151 comitabantur
1267 2111 1387 2150 cum
1429 2110 1517 2161 eo,
1570 2095 1786 2151 stabant
1822 2094 2132 2165 stupefacti,

539 2189 827 2245 audientes
855 2188 1072 2260 quidem
1105 2204 1317 2256 vocem,
1352 2190 1623 2245 neminem
1656 2197 1835 2244 autem
1865 2187 2132 2245 videntes.

545 2283 793 2339 Surrexit
824 2294 1002 2338 autem
1052 2283 1249 2339 Saulus
1293 2282 1361 2338 de
1407 2292 1574 2351 terra,
1616 2284 1923 2353 apertisque
1963 2282 2136 2338 oculis

536 2375 669 2433 nihil
703 2375 936 2433 videbat.
967 2375 1048 2433 Ad
1082 2391 1273 2432 manus
1300 2384 1483 2432 autem
1515 2375 1667 2432 illum
1704 2375 2001 2443 trahentes,
2050 2375 2135 2431 in-

537 2469 896 2526 troduxerunt
937 2470 1280 2525 Damascum.
1331 2469 1398 2525 Et
1440 2477 1558 2524 erat
1604 2467 1677 2524 ibi
1724 2468 1894 2524 tribus
1944 2466 2136 2523 diebus

537 2576 644 2617 non
674 2561 886 2628 videns,
938 2572 993 2618 et
1036 2578 1143 2618 non
1179 2560 1546 2631 manducavit,
1592 2575 1771 2632 neque
1801 2560 1949 2616 bibit.
2005 2558 2136 2617 Erat

535 2665 714 2712 autem
741 2654 958 2727 quidam
990 2654 1290 2726 discipulus
1312 2655 1582 2725 Damasci,
1610 2654 1833 2711 nomine
1863 2653 2094 2710 Ananias
2119 2670 2133 2706 :

534 2756 591 2805 et
614 2748 749 2804 dixit
778 2747 843 2803 ad
890 2747 1044 2805 illum
1077 2748 1128 2803 in
1160 2751 1281 2804 visu
1329 2749 1608 2817 Dominus,
1663 2747 1890 2805 Anania.
1940 2750 2009 2802 At
2046 2746 2136 2803 ille

534 2844 611 2899 ait
640 2861 653 2897 :
681 2842 821 2899 Ecce
846 2859 966 2914 ego,
992 2842 1245 2899 Domine.
1278 2843 1346 2897 Et
1368 2842 1633 2899 Dominus
1660 2843 1726 2898 ad
1752 2857 1873 2899 eum
1900 2859 1913 2896 :
1938 2840 2133 2913 Surge,

536 2947 593 2995 et
632 2938 767 2993 vade
794 2939 846 2993 in
879 2937 1078 3003 vicum,
1107 2938 1198 3008 qui
1229 2945 1455 2993 vocatur
1487 2945 1667 2994 rectus
1698 2954 1713 2992 :
1759 2944 1818 2994 et
1853 2952 2036 3008 quaere
2078 2934 2134 2992 in

533 3034 698 3090 domo
726 3033 878 3089 ludat
911 3035 1133 3091 Saulum
1167 3036 1385 3090 nomine
1411 3033 1734 3091 Tarsensem
1768 3052 1781 3088 :
1823 3047 1951 3088 ecce
1988 3031 2134 3087 enim

2240 1822 2525 1876 ambulans
2557 1822 2608 1875 in
2651 1822 2846 1875 timore
2886 1820 3123 1890 Domini,
3168 1829 3223 1875 et
3262 1818 3626 1876 consolatione
3647 1820 3807 1876 sancti

2238 1914 2471 1984 Spiritus
2512 1914 2847 1984 replebatur.
2894 1912 3119 1968 Factum
3167 1922 3253 1969 est
3291 1922 3498 1981 autem,
3539 1922 3597 1968 ut
3641 1913 3812 1971 Petrus

2238 2008 2369 2065 dum
2405 2008 2759 2078 pertransiret
2802 2008 3111 2077 universos,
3158 2008 3444 2063 deveniret
3482 2006 3547 2063 ad
3595 2015 3808 2073 sanctos,

2239 2102 2331 2173 qui
2359 2101 2673 2157 habitabant
2711 2100 2931 2172 Lyddm.
2982 2099 3191 2156 invenit
3232 2108 3415 2155 autem
3463 2100 3536 2156 ibi
3566 2100 3811 2157 hominem

2237 2193 2545 2267 quemdam,
2578 2193 2796 2249 nomine
2832 2192 3083 2259 IEneam,
3129 2192 3199 2248 ab
3230 2193 3388 2248 annis
3416 2203 3539 2250 octo
3568 2195 3810 2264 iacentem

2238 2288 2291 2343 in
2319 2288 2565 2358 grabato,
2605 2285 2698 2358 qui
2726 2297 2842 2342 erat
2870 2286 3214 2359 paralyticos.
3259 2286 3329 2341 Et
3363 2290 3442 2341 ait
3485 2287 3559 2342 illi
3603 2291 3809 2344 Petrus:

2239 2380 2437 2447 Enen,
2475 2388 2632 2435 sanat
2662 2389 2713 2435 te
2745 2379 3009 2434 Dominus
3048 2378 3207 2436 Jesus
3244 2378 3540 2436 Christus:
3580 2395 3742 2452 surge,
3765 2391 3812 2436 et

2238 2484 2422 2530 sterne
2469 2473 2587 2529 tibi.
2620 2472 2688 2527 Et
2731 2470 2991 2528 continuo
3029 2473 3288 2528 surrexit.
3336 2473 3403 2528 Et
3431 2472 3670 2530 viderunt
3698 2490 3810 2531 eum

2238 2581 2449 2629 omnes,
2488 2566 2578 2635 qui
2621 2564 2935 2620 habitabant
2964 2564 3166 2637 Lyddaa
3195 2574 3250 2621 et
3276 2564 3505 2622 Saronae
3540 2585 3552 2619 :
3581 2567 3666 2636 qui
3700 2581 3813 2623 eon-

2240 2659 2380 2716 versi
2408 2667 2535 2715 sunt
2555 2657 2620 2713 ad
2651 2657 2966 2714 Dominum.
2994 2657 3053 2712 In
3073 2657 3249 2729 Joppe
3268 2667 3451 2715 autem
3476 2658 3575 2715 fuit
3594 2659 3811 2731 quadam

2237 2752 2521 2822 discipula,
2559 2754 2783 2808 nomine
2810 2751 3063 2820 Tabitha,
3095 2767 3216 2823 quo:
3260 2752 3610 2825 interpretata
3639 2754 3812 2810 dicitur

2241 2845 2460 2901 Dorcas.
2493 2844 2617 2901 llaec
2656 2852 2772 2900 erat
2820 2845 2981 2913 plena
3010 2844 3266 2913 operibus
3308 2845 3487 2914 bonis,
3519 2854 3575 2901 et
3598 2847 3808 2901 eleemo-

2238 2938 2409 3010 synis,
2444 2952 2579 3008 quas
2628 2937 2875 2992 faciebat.
2922 2936 3143 2993 Factum
3194 2946 3279 2994 est
3329 2947 3509 2993 autem
3555 2938 3606 2993 in
3645 2938 3814 2994 diebus

2239 3028 2369 3095 illis,
2415 3037 2474 3084 ut
2519 3029 2788 3084 inlirmata
2831 3036 3156 3084 moreretur.
3189 3027 3362 3096 Quam
3403 3044 3526 3084 cum
3560 3030 3814 3090 lavisse-nt.

534 3133 674 3181 orat.
708 3125 799 3197 (Et
826 3126 959 3180 vidit
983 3129 1154 3181 virum
1179 3126 1444 3181 Anauiam
1468 3127 1712 3195 nomine,
1743 3125 2132 3187 introeuntem,
2162 3107 2209 3178 Ο
2240 3131 2537 3191 posuerunt
2566 3136 2687 3177 eam
2714 3120 2767 3176 in
2798 3121 3098 3178 caenaculo.
3124 3120 3261 3177 Cum
3288 3130 3470 3177 autem
3501 3136 3659 3192 prope
3683 3130 3815 3176 esset

533 3229 590 3274 et
634 3218 999 3288 imponentem
1031 3220 1134 3274 sibi
1168 3234 1360 3275 manus
1411 3228 1468 3274 ut
1507 3218 1682 3275 visum
1712 3215 1987 3290 recipiat.)
2034 3216 2140 3274 Re-

534 3312 757 3383 spondit
781 3321 959 3366 autem
992 3313 1230 3367 Ananias
1259 3330 1274 3366 :
1308 3311 1559 3380 Domine,
1591 3310 1770 3366 audivi
1801 3326 1829 3364 a
1859 3310 2042 3365 multis
2070 3308 2141 3365 de

535 3405 653 3461 viro
686 3403 810 3468 hoc,
843 3412 1041 3473 quanta
1075 3402 1211 3456 mala
1244 3400 1440 3457 fecerit
1469 3403 1673 3457 sanctis
1702 3403 1807 3457 tuis
1838 3401 1890 3457 in
1921 3402 2140 3457 Jerusa-

536 3497 647 3553 lem
680 3515 691 3552 :
723 3505 778 3552 et
803 3496 891 3551 hic
918 3495 1079 3550 habet
1112 3503 1434 3564 potestatem
1462 3509 1493 3549 a
1519 3478 1860 3565 principibus
1883 3492 2140 3550 sacerdo-

534 3595 646 3643 tum
693 3584 950 3656 alligandi
1004 3598 1214 3652 omnes,
1268 3582 1361 3655 qui
1414 3584 1674 3639 invocant
1712 3598 1907 3639 nomen
1964 3591 2135 3637 tuum.

537 3682 676 3737 Dixit
716 3688 897 3736 autem
937 3679 1003 3734 ad
1038 3694 1161 3735 eum
1195 3675 1497 3733 Dominus:
1542 3673 1709 3743 Vade,
1747 3674 2000 3746 quoniam
2043 3687 2139 3731 vas

532 3772 816 3832 electionis
839 3784 923 3828 est
960 3772 1092 3828 mihi
1123 3772 1244 3835 iste,
1279 3781 1335 3826 ut
1381 3778 1561 3841 portet
1591 3782 1790 3825 nomen
1818 3782 1999 3824 meum
2044 3782 2138 3822 co-

534 3882 649 3922 ram
681 3867 953 3937 gentibus,
1003 3877 1057 3923 et
1094 3867 1331 3938 regibus,
1366 3875 1421 3922 et
1466 3864 1589 3921 filiis
1612 3862 1797 3919 Israel.
1839 3862 1954 3933 Ego
1991 3861 2134 3919 enim

537 3958 818 4013 ostendam
849 3960 949 4025 illi,
979 3969 1179 4029 quanta
1209 3969 1455 4030 oporteat
1487 3974 1610 4015 eum
1637 3973 1739 4029 pro
1769 3956 1991 4013 nomine
2012 3972 2136 4012 meo

544 4048 677 4118 pati.
712 4048 780 4103 Et
799 4048 932 4103 abiit
963 4051 1222 4117 Ananiae,
1242 4059 1297 4107 et
1319 4051 1567 4106 introivit
1588 4054 1643 4105 in
1665 4050 1927 4106 domum:
1953 4056 2011 4105 et
2035 4049 2137 4104 im-

537 4156 747 4214 ponens
769 4141 818 4196 ei
844 4157 1054 4209 manus,
1084 4142 1217 4197 dixit
1244 4161 1255 4197 :
1285 4142 1450 4199 Saule
1478 4143 1666 4213 frater,
1702 4143 1963 4200 Dominus
1989 4143 2135 4199 misit

536 4250 625 4291 me
654 4234 837 4303 Jesus,
866 4234 960 4305 qui
1000 4235 1249 4306 apparuit
1280 4235 1372 4290 tibi
1414 4236 1466 4291 in
1493 4235 1575 4290 via
1616 4250 1721 4306 qua
1753 4235 2026 4303 veniebas,
2077 4244 2136 4291 ut

533 4329 743 4397 videas,
770 4338 828 4386 et
851 4329 1131 4400 implcaris
1159 4328 1363 4399 Spiritu
1394 4340 1604 4386 sancto.
1635 4328 1704 4384 Et
1728 4329 2015 4386 confestim
2043 4345 2135 4386 ce-

2242 3214 2429 3286 i.ydda
2467 3214 2534 3269 ad
2577 3215 2811 3283 Joppen,
2867 3213 3121 3285 discipuli
3169 3214 3454 3270 audientes
3483 3216 3602 3287 quia
3645 3214 3815 3270 Petrus

2240 3318 2387 3363 esset
2423 3306 2475 3361 in
2510 3321 2592 3372 ea,
2624 3306 2890 3362 miserunt
2915 3305 3052 3362 duos
3082 3306 3228 3362 viros
3254 3308 3320 3361 ad
3364 3322 3509 3373 eum,
3540 3316 3776 3377 rogantes
3802 3324 3812 3361 :

2239 3401 2318 3457 Ne
2350 3400 2623 3473 pigriteris
2648 3401 2835 3457 venire
2855 3416 3029 3472 usque
3057 3401 3125 3456 ad
3155 3416 3275 3457 nos.
3305 3399 3614 3473 Exsurgens
3654 3410 3813 3455 autem

2242 3494 2429 3549 Petrus
2462 3492 2612 3548 venit
2640 3508 2765 3548 cum
2793 3493 2922 3549 illis.
2956 3491 3026 3547 Et
3049 3507 3172 3549 cum
3202 3492 3537 3562 advenisset,
3568 3493 3813 3548 duxerunt

2240 3585 2389 3640 illum
2418 3585 2470 3640 in
2493 3585 2829 3641 omnaculum
2857 3603 2870 3641 :
2895 3594 2950 3640 et
2969 3585 3450 3641 circumsteterunt
3473 3585 3620 3640 illunt
3644 3598 3813 3639 omnes

2240 3676 2413 3731 vidua:
2458 3675 2673 3744 flentes,
2721 3687 2776 3733 et
2817 3675 3168 3733 ostendentes
3213 3678 3262 3734 ei
3313 3678 3526 3734 tunicas
3554 3687 3609 3734 et
3634 3687 3811 3743 vestes,

2237 3785 2371 3841 quas
2416 3768 2651 3825 faciebat
2696 3770 2803 3826 illis
2853 3770 3072 3826 Dorcas.
3115 3771 3318 3841 Ejectis
3360 3779 3542 3828 autem
3587 3770 3809 3829 omnibus

2236 3865 2403 3932 foras,
2436 3865 2627 3921 Petrus
2651 3880 2867 3937 ponens
2900 3882 3074 3938 genua
3105 3868 3282 3924 oravit
3314 3886 3329 3924 :
3371 3876 3428 3924 et
3452 3882 3731 3925 conversus
3753 3866 3808 3922 ad

2234 3974 2457 4031 corpus,
2488 3960 2629 4015 dixit
2656 3979 2670 4015 :
2701 3959 2951 4026 Tahitha,
2982 3975 3166 4032 surge.
3197 3963 3272 4017 At
3296 3962 3385 4016 illa
3415 3963 3628 4033 aperuit
3649 3959 3808 4017 oculos

2234 4067 2361 4109 suos
2386 4069 2400 4109 :
2423 4061 2475 4108 et
2504 4052 2619 4108 viso
2643 4051 2827 4119 Petro,
2858 4052 3085 4108 resedit.
3114 4054 3258 4108 Dans
3282 4064 3463 4109 autem
3487 4053 3563 4110 illi
3593 4067 3803 4117 manum,

2234 4144 2414 4201 erexit
2436 4158 2579 4201 eam.
2615 4144 2685 4200 Et
2712 4159 2834 4201 cum
2861 4155 3112 4202 vocasset
3145 4156 3388 4215 sanctos,
3421 4156 3477 4202 et
3508 4146 3708 4212 viduas,
3734 4158 3804 4198 as-

2231 4237 2465 4308 signavit
2495 4251 2615 4293 eam
2662 4237 2860 4293 vivam.
2908 4238 3109 4294 Notum
3148 4246 3327 4294 autem
3377 4238 3582 4295 factum
3624 4246 3701 4294 est
3725 4250 3802 4307 per

2232 4330 2543 4386 universam
2573 4329 2782 4401 Joppen
2809 4347 2823 4385 :
2849 4340 2903 4386 et
2933 4330 3290 4387 crediderunt
3312 4331 3469 4388 multi
3496 4331 3550 4385 in
3576 4330 3798 4385 Domino.

534 4422 781 4479 ciderunt
812 4422 882 4478 ab
911 4422 1084 4478 oculis
1113 4422 1232 4492 ejus
1260 4430 1531 4491 tamquam
1560 4436 1823 4493 squamas,
1852 4430 1908 4479 et
1954 4423 2127 4479 visum
2188 4488 2195 4493 ι
2233 4420 2455 4480 Factum
2511 4429 2599 4478 est
2647 4430 2853 4493 autem,
2903 4431 2962 4478 ut
3005 4422 3124 4478 dies
3169 4423 3373 4479 multos
3418 4430 3711 4480 moraretur
3754 4419 3798 4473 in

534 4518 739 4588 recepit
769 4536 781 4571 :
819 4526 875 4573 et
902 4488 1467 4589 surgens'baptizatus
1491 4488 1696 4574 est.'Et
1719 4531 1841 4573 cum
1887 4518 2127 4586 accepis-
2154 4488 2208 4557 Ῑ)
2231 4515 2426 4589 Joppe,
2451 4516 2593 4588 apud
2615 4488 2896 4573 Simonem
2926 4516 3217 4588 quemdam
3240 4517 3554 4574 curiarium.

534 4618 621 4667 set
645 4610 848 4678 cibum,
880 4610 1224 4667 confortatus
1242 4620 1344 4668 est.
1380 4610 1502 4666 Fuit
1530 4619 1710 4667 autem
1737 4624 1861 4667 cum
1892 4610 2132 4681 discipu-

534 4701 620 4771 lis,
649 4704 740 4774 qui
767 4712 925 4759 erant
952 4703 1224 4773 Damasci,
1259 4720 1355 4776 per
1385 4704 1500 4759 dies
1528 4704 1756 4775 aliquot.
1788 4704 1852 4759 Et
1871 4703 2133 4759 continuo

532 4796 586 4852 in
630 4798 916 4870 synagOgis
968 4797 1295 4868 prtedicabat
1350 4795 1563 4864 Jesum,
1610 4794 1866 4869 quoniam
1912 4795 2000 4852 hic
2049 4804 2133 4852 est

534 4889 703 4945 Filius
734 4890 851 4946 Dei.
882 4890 1184 4961 Stupebant
1209 4899 1388 4948 autem
1417 4904 1604 4945 omnes
1633 4890 1724 4960 qui
1743 4888 2054 4956 audiebant,
2078 4896 2135 4944 et

529 4982 784 5040 dicebant
810 5000 824 5038 :
855 4983 1046 5041 Nonne
1073 4984 1161 5041 hic
1187 4993 1292 5051 est,
1325 4984 1418 5056 qui
1444 4984 1784 5054 expugnabat
1832 4982 1886 5038 in
1915 4982 2133 5039 Jerusa-

530 5075 635 5131 lem
668 5090 784 5143 eos,
807 5076 897 5148 qui
920 5077 1246 5134 invocabant
1274 5092 1471 5134 nomen
1503 5076 1647 5133 istud
1676 5092 1692 5132 :
1724 5086 1779 5132 et
1804 5075 1910 5133 huc
1937 5076 2002 5131 ad
2028 5076 2131 5133 hoc

530 5170 700 5239 venit,
734 5179 792 5225 ut
821 5170 1033 5225 vinctos
1064 5170 1183 5226 illos
1215 5170 1436 5227 duceret
1464 5169 1532 5226 ad
1563 5170 1838 5242 principes
1868 5167 2130 5225 sacerdo-

531 5264 681 5319 tum?
722 5262 918 5321 Saulus
955 5273 1137 5320 autem
1184 5264 1355 5320 multo
1398 5265 1573 5335 magis
1604 5262 2042 5329 convalescebat,
2075 5271 2131 5316 et

530 5357 895 5414 confundebat
924 5357 1164 5424 Iudaeos,
1194 5360 1281 5427 qui
1329 5357 1643 5413 habitabant
1684 5356 1950 5422 Damasci,
1980 5354 2128 5411 affir-

531 5466 707 5520 mans,
746 5451 1001 5522 quoniam
1032 5450 1118 5507 hic
1145 5459 1229 5507 est
1251 5450 1519 5506 Christus.
1553 5451 1685 5506 Cum
1712 5459 1893 5506 autem
1935 5448 2129 5521 imple-

528 5556 716 5603 rentur
755 5548 873 5601 dies
911 5546 1091 5615 multi,
1123 5548 1409 5603 consilium
1456 5548 1699 5604 fecerunt
1736 5549 1789 5605 in
1829 5562 1994 5604 unum
2034 5548 2130 5604 Ju-

530 5638 656 5705 dtei,
689 5651 745 5695 ut
772 5656 894 5695 cum
947 5642 1335 5700 interficerent.
1380 5643 1534 5698 Nota:
1577 5654 1755 5700 autem
1801 5644 1959 5701 factm
2001 5654 2130 5701 sunt

525 5730 691 5786 Saulo
723 5731 937 5788 insidiae
972 5748 1186 5791 eorum.
1220 5735 1612 5794 Custodiebant
1652 5744 1832 5793 autem
1862 5746 1919 5794 et
1946 5746 2131 5810 portas

2305 4608 2457 4682 [ϐαρ.
2494 4608 2586 4681 Χ.]
2615 4609 2712 4665 Vir
2759 4617 2938 4666 autem
2969 4608 3188 4680 quidam
3215 4619 3336 4665 erat
3363 4609 3417 4666 in
3459 4609 3693 4666 Caesarea
3713 4618 3800 4659 no-

2235 4704 2382 4759 mine
2407 4702 2719 4769 Cornelius,
2741 4700 3004 4759 Centurio
3034 4703 3309 4773 eohortis,
3343 4720 3465 4773 quae
3495 4704 3686 4760 dicitur
3712 4700 3800 4756 ita-

2234 4796 2336 4852 lica
2363 4839 2379 4866 ,
2412 4795 2701 4865 religiosus
2724 4836 2740 4861 ,
2786 4810 2851 4851 ac
2893 4797 3093 4852 timens
3125 4795 3294 4851 Deum
3335 4811 3458 4853 cum
3495 4796 3635 4851 omni
3661 4794 3798 4850 domo

2235 4902 2331 4943 sua
2356 4930 2372 4955 ,
2415 4886 2628 4942 faciens
2656 4887 3039 4960 eleemosynas
3067 4887 3268 4944 multas
3298 4887 3446 4957 plebi
3473 4928 3489 4953 ,
3537 4895 3593 4942 et
3625 4886 3796 4955 depre-

2235 4997 2368 5040 cans
2390 4982 2560 5038 Deum
2588 4998 2847 5052 semper:
2882 4984 2927 5039 is
2958 4983 3094 5039 vidit
3121 4985 3175 5039 in
3199 4984 3316 5038 visu
3334 4982 3640 5049 manifeste,
3669 4976 3797 5049 quasi

2235 5077 2370 5133 hora
2401 5076 2510 5133 diei
2539 5092 2679 5134 nona
2708 5119 2723 5144 ,
2780 5077 3046 5145 Angelum
3097 5076 3192 5132 Dei
3230 5077 3604 5132 introeuntem
3641 5071 3702 5128 ad
3730 5086 3795 5133 se.

2234 5180 2288 5227 et
2318 5170 2587 5227 dicentem
2623 5170 2725 5226 sibi
2753 5167 3033 5226 :Corneli.
3088 5167 3158 5225 At
3188 5169 3280 5224 ille
3303 5168 3529 5223 intuens
3560 5180 3677 5222 eum
3701 5206 3715 5230 ,
3745 5160 3798 5215 Ii-

2233 5282 2389 5324 more
2430 5275 2757 5337 correptus,
2788 5265 2965 5322 dixit:
3017 5264 3154 5333 Quid
3194 5274 3277 5319 est
3302 5303 3319 5331 ,
3370 5262 3641 5319 Domine?
3675 5255 3793 5314 Dixit

2231 5371 2410 5416 autem
2433 5360 2509 5416 illi
2539 5378 2550 5413 :
2575 5359 2863 5415 Orationes
2890 5368 2995 5412 tute
3024 5366 3078 5412 et
3108 5356 3477 5425 eleemosyna:
3505 5364 3612 5410 tuae
3630 5364 3791 5407 ascen.

2231 5452 2433 5509 derunt
2480 5452 2533 5506 in
2580 5448 2901 5505 memoriam
2951 5450 3003 5504 in
3044 5457 3343 5517 conspectu
3391 5446 3506 5502 Dei.
3566 5445 3629 5500 Et
3674 5448 3789 5496 nunc

2231 5546 2389 5603 mitte
2430 5544 2577 5600 viros
2615 5542 2670 5597 in
2711 5542 2960 5612 Joppen,
3001 5551 3057 5598 et
3085 5540 3290 5596 accersi
3326 5539 3604 5595 Simonem
3623 5545 3786 5607 quem-

2231 5641 2379 5707 dam,
2410 5640 2500 5713 qui
2531 5637 2949 5709 cognominatur
2969 5635 3165 5692 Petrus
3190 5652 3201 5688 :
3230 5632 3321 5690 hic
3343 5632 3645 5704 bospitatur
3668 5619 3783 5697 apud

2232 5735 2509 5797 Simonem
2561 5730 2853 5803 quemdam
2896 5728 3185 5787 curiarium
3209 5770 3227 5797 ,
3285 5726 3444 5799 cujus
3495 5735 3578 5785 est
3624 5722 3782 5781 domui
