3920 6200
116 256 206 312 ’101

1161 248 1363 306 LIBER
1405 247 1689 306 ACTUUH
1724 248 2253 309 APOSTOLORUM.

3261 258 3366 313 702

112 371 257 440 juxta
293 380 466 421 mare:
512 363 597 418 hic
634 362 776 417 dicet
812 361 909 416 tibi
950 361 1077 431 quid
1117 370 1169 417 te
1196 371 1442 432 oporteat
1475 361 1674 417 facere.
1703 366 1756 425 Α
1783 364 2032 419 Domino.
2072 363 2338 435 Aper-iens
2365 372 2545 419 autent
2576 363 2771 420 Petrus
2800 380 2864 421 os
2886 380 3067 435 suum,
3103 368 3239 425 dixit
3266 391 3278 426 :
3311 373 3368 427 ln

111 462 179 517 Et
222 476 339 514 cum
382 457 714 513 discessisset
754 455 1015 525 angelus,
1060 456 1153 526 qui
1201 456 1521 526 loquebatur
1566 456 1668 521 illi,

108 553 306 608 vocavit
331 551 461 604 duos
489 549 814 604 domesticos
844 563 973 603 suos
997 589 1012 613 ,
1058 554 1116 602 et
1156 548 1386 603 militem
1419 557 1668 603 metuen-

105 657 204 702 tem
236 644 531 711 Dominum,
563 659 627 699 ex
659 644 744 698 his
771 643 860 711 qui
892 642 970 697 illi
1003 644 1292 713 parebant.
1324 644 1669 709 Quibuscum

104 744 361 795 narrasset
385 734 562 791 omnia
588 779 601 801 ,
627 734 774 789 misit
798 735 924 790 illos
952 734 1004 790 in
1040 735 1275 806 Joppen.
1316 736 1540 791 Postera
1573 751 1667 789 au-

106 846 200 892 tem
241 835 322 889 die
360 836 459 889 iter
490 834 600 889 illis
639 834 994 900 facientibus,
1018 842 1073 889 et
1101 833 1668 906 appropinquantibus

103 927 320 993 civitati,
374 926 617 982 ascendit
658 926 850 982 Petrus
900 927 952 980 in
996 928 1279 996 superiora
1309 968 1322 991 ,
1383 937 1440 980 ut
1483 935 1669 981 oraret

103 1023 223 1077 circa
247 1020 428 1073 horam
454 1028 683 1073 sextam.
721 1019 926 1074 Etcum
951 1020 1201 1086 esurirct,
1228 1020 1393 1073 voluit
1423 1028 1661 1090 gustare.

103 1110 393 1167 Parantibus
437 1118 617 1165 autem
653 1110 799 1175 illis,
852 1111 1047 1165 cecidit
1094 1126 1259 1180 super
1306 1127 1427 1165 eum
1467 1112 1664 1164 mentis

103 1219 370 1261 excessus:
418 1210 471 1259 et
508 1204 641 1257 vidit
668 1204 865 1259 malum
898 1214 1180 1273 apertum,
1227 1214 1281 1257 et
1327 1204 1665 1258 descendens

100 1312 179 1351 vas
204 1296 486 1365 quoddam,
515 1296 657 1351 velut
682 1296 911 1351 linteum
939 1311 1214 1366 magnum,
1240 1308 1469 1365 quatuor
1496 1296 1665 1351 initiis

100 1390 317 1444 submitti
360 1389 428 1445 de
473 1390 615 1444 caelo
666 1390 719 1443 in
763 1398 995 1455 terram,
1041 1390 1092 1442 iu
1127 1404 1236 1459 quo
1280 1399 1438 1443 erant
1477 1390 1662 1445 omnia

100 1482 435 1553 quadrupedia
462 1524 476 1549 ,
506 1493 563 1537 et
591 1491 875 1555 serpentes
910 1492 1069 1537 terrze
1094 1524 1109 1550 ,
1152 1492 1203 1537 et
1234 1482 1475 1536 volatilia
1511 1483 1659 1539 creli.

102 1579 153 1632 Et
182 1578 306 1631 facta
352 1586 433 1632 est
470 1591 572 1631 vox
612 1576 676 1631 ad
704 1592 827 1631 eum
858 1594 871 1632 :
909 1577 1115 1647 Surge,
1149 1576 1340 1646 Petre,
1372 1576 1579 1641 occide,
1607 1588 1661 1632 et

100 1674 354 1729 manduca.
397 1671 694 1728 Aitautem
724 1672 952 1727 Petrus:
982 1670 1176 1738 Absit,
1222 1672 1449 1726 Domine
1476 1714 1490 1737 ,
1536 1672 1656 1740 quia

1773 457 2003 512 veritate
2034 457 2299 527 comperi,
2329 458 2453 527 quia
2478 472 2586 513 non
2616 466 2699 513 est
2722 473 3083 528 persomtrum
3113 475 3370 534 acceptor

1774 548 1916 603 Deus
1946 568 1957 602 :
1993 549 2087 604 sed
2113 548 2165 603 in
2197 549 2345 604 omni
2372 559 2535 619 gente
2557 590 2572 615 ,
2604 550 2693 619 qui
2725 550 2876 605 timet
2904 566 3027 606 eum
3052 592 3067 619 ,
3094 565 3145 608 et
3174 570 3367 623 opera.

1770 642 2164 711 turjuSIitiam,
2208 652 2468 710 acceptus
2497 650 2582 696 est
2606 642 2702 697 illi.
2749 642 2985 698 Verbum
3036 646 3180 700 misit
3220 648 3364 703 Deus

1768 734 1895 789 ﬁliis
1925 736 2115 801 Israel,
2141 737 2467 790 annuntians
2498 750 2686 805 pacem
2735 751 2830 805 per
2855 736 3048 792 Jesum
3088 737 3361 797 Cbristunt

1770 825 1882 898 (hic
1910 836 1995 882 est
2018 828 2261 882 omnium
2297 828 2609 898 Dominus).
2660 828 2771 884 Vos
2812 830 2961 885 scitis
2992 832 3133 900 quod
3165 832 3365 890 factum

1766 930 1853 975 est
1877 920 2101 975 verbum
2134 936 2231 990 per
2262 920 2568 975 universam
2597 919 2839 977 Judmam
2866 942 2877 976 :
2914 924 3176 994 incipiens
3217 928 3363 982 enim

1766 1027 1796 1066 a
1820 1012 2063 1076 Galilaea,
2087 1022 2209 1083 post
2232 1013 2564 1084 baptismum
2592 1015 2736 1084 quod
2766 1017 3077 1085 praedicavit
3098 1018 3361 1089 Joannes,

1765 1105 1950 1161 Jesum
1985 1122 2014 1160 a
2043 1106 2311 1162 Nazaretlt
2340 1126 2352 1159 :
2380 1109 2656 1177 quomodo
2680 1112 2836 1165 unxit
2861 1126 2980 1166 eum
3009 1112 3213 1182 Spiritu
3239 1132 3362 1170 san-

1765 1212 1887 1266 cto,
1920 1208 1977 1253 et
2004 1200 2207 1255 virtute
2231 1240 2248 1267 ,
2290 1199 2383 1270 qui
2416 1203 2730 1271 pertransiit
2760 1204 3148 1260 bcnefaciendo
3186 1219 3237 1263 et
3274 1224 3359 1263 sa-

1766 1291 1946 1347 nando
1976 1307 2168 1349 omnes
2215 1308 2508 1364 oppressos
2558 1310 2588 1350 a
2625 1295 2879 1365 diabolo,
2933 1302 3185 1369 quoniam
3219 1303 3362 1359 Deus

1766 1398 1884 1443 erat
1929 1404 2051 1443 cum
2096 1389 2210 1443 illo.
2254 1388 2322 1444 Et
2353 1404 2453 1444 nos
2501 1399 2670 1446 testes
2708 1406 2893 1447 sumus
2937 1396 3207 1460 omnium,
3238 1412 3358 1467 quce

1768 1484 1891 1538 fecit
1916 1483 1970 1537 in
2002 1484 2226 1553 regione
2247 1483 2559 1540 Iudaeorum
2588 1525 2604 1552 ,
2632 1496 2686 1541 et
2711 1486 3045 1554 Jerusalem,
3070 1505 3227 1560 quem
3259 1506 3355 1543 oe-

1765 1577 2014 1632 ciderunt
2044 1578 2443 1649 suspendentes
2468 1580 2520 1633 in
2549 1580 2717 1651 ligno.
2761 1582 2920 1637 llunc
2951 1583 3096 1638 Deus
3120 1586 3356 1640 suscita-

1766 1670 1842 1723 vit
1871 1670 2029 1724 tertia
2056 1670 2144 1726 die
2168 1713 2184 1739 ,
2235 1680 2287 1727 et
2317 1672 2467 1727 dedit
2501 1688 2626 1728 eum
2666 1676 3010 1731 manifestum
3042 1678 3157 1733 ﬁeri
3184 1723 3197 1745 ,
3246 1694 3353 1734 non

98 1783 358 1839 numquam
406 1767 736 1822 manducavi
787 1782 952 1821 omne
989 1780 1276 1821 commune
1325 1777 1377 1819 et
1426 1767 1658 1820 immun-
1690 1750 1739 1810 Β
1766 1765 1910 1818 omni
1940 1765 2172 1833 populo,
2215 1765 2311 1821 sed
2340 1765 2567 1821 testibus
2594 1768 2973 1835 praeordinatis
3000 1784 3029 1823 a
3057 1771 3209 1826 Deo:
3257 1789 3355 1827 no-

100 1862 223 1917 dum.
266 1862 324 1915 lit
368 1876 471 1916 vox
515 1861 718 1916 iterum
752 1859 996 1915 secundo
1022 1859 1087 1912 ad
1127 1873 1285 1913 eum:
1317 1856 1470 1925 Quod
1502 1857 1650 1913 Deus

96 1954 396 2025 puriﬁcavit,
434 1963 491 2009 tu
531 1968 820 2008 commune
853 1968 922 2007 ne
953 1951 1178 2008 dixeris.
1225 1952 1339 2007 Hoc
1368 1960 1548 2007 autem
1582 1952 1660 2008 fa-

96 2061 215 2106 ctum
254 2060 330 2105 est
378 2066 475 2121 per
526 2060 656 2104 ter:
700 2058 755 2104 et
800 2048 982 2103 statim
1029 2056 1305 2116 receptum
1348 2058 1428 2102 est
1476 2048 1656 2102 vasin

100 2143 285 2198 malum.
324 2141 389 2196 Et
420 2140 551 2196 dum
578 2139 722 2194 intra
751 2154 809 2195 se
840 2140 1120 2194 bresitaret
1150 2138 1369 2205 Petrus,
1398 2138 1656 2208 quidnam

97 2243 213 2290 esset
235 2234 379 2298 visio,
410 2248 576 2303 quam
608 2231 835 2287 vidisset
862 2248 872 2283 :
908 2244 1035 2285 ecce
1063 2228 1185 2297 viri,
1212 2229 1301 2299 qui
1331 2229 1479 2283 missi
1502 2234 1658 2283 erant

98 2344 119 2381 a
140 2328 365 2383 Cornelio
389 2368 404 2392 ,
434 2327 779 2397 iuquirentes
801 2324 1021 2379 domum
1055 2324 1294 2379 Simonis
1319 2364 1333 2389 ,
1366 2322 1657 2377 astiterunt

98 2420 385 2490 adjanuam.
418 2419 488 2474 Et
526 2434 655 2475 cum
684 2426 968 2473 vocassent
989 2459 1001 2482 ,
1028 2415 1468 2485 interrogabant,
1493 2414 1543 2468 si
1574 2413 1658 2469 Si-

98 2530 228 2583 mon,
257 2515 342 2586 qui
368 2514 796 2586 cognominatur
824 2512 1015 2568 Petrus
1036 2553 1049 2575 ,
1079 2512 1188 2565 illic
1223 2510 1445 2565 haberet
1475 2508 1659 2579 hospi-

97 2611 222 2665 tium.
264 2610 421 2667 Petro
468 2617 655 2664 autem
688 2606 961 2678 cogitante
988 2605 1056 2660 de
1089 2606 1325 2671 visione,
1362 2603 1497 2658 dixit
1536 2602 1659 2673 Spi-

99 2704 208 2759 ritus
243 2704 326 2759 ei:
373 2704 515 2758 Ecce
559 2699 667 2755 viri
701 2711 812 2755 tres
844 2706 1093 2769 qumrunt
1127 2705 1196 2752 te.
1254 2696 1425 2766 Surge
1452 2695 1657 2763 itaque,

96 2795 362 2862 descende,
393 2804 444 2851 et
482 2794 632 2849 vade
662 2808 783 2848 cum
824 2792 904 2847 eis
931 2791 1063 2846 nihil
1098 2789 1348 2843 dubitans
1375 2807 1385 2841 :
1412 2788 1531 2857 quia
1558 2800 1660 2857 ego

96 2890 195 2943 misi
228 2889 361 2944 illos.
413 2887 772 2945 Descendens
817 2895 997 2941 autem
1034 2884 1230 2938 Petrus
1270 2881 1335 2935 ad
1371 2881 1545 2944 viros,
1577 2879 1660 2933 di-

100 2983 192 3038 xit:
224 2983 351 3037 Ecce
393 2997 493 3053 ego
536 2997 664 3036 sum
700 2995 859 3050 quem
889 2977 1131 3049 quzeritis
1158 2992 1172 3041 ;
1206 2990 1325 3046 qum
1353 2988 1518 3028 causa
1549 2980 1652 3039 est,

97 3086 285 3145 propter
326 3090 484 3147 quam
551 3070 828 3128 venistis?
878 3069 982 3138 Qui
1026 3068 1318 3123 dixerunt:
1364 3063 1655 3121 Cornelius

97 3134 357 3237 Centurio,
386 3171 467 3225 vir
494 3169 686 3239 justus
708 3206 723 3233 ,
767 3174 822 3221 et
862 3165 1061 3219 timens
1092 3163 1260 3217 Deum
1288 3203 1301 3226 ,
1334 3171 1384 3214 et
1414 3160 1655 3214 testimo-
1682 3134 1730 3198 Ο

99 3261 216 3315 nium
240 3262 431 3317 habens
454 3262 521 3316 ab
566 3258 817 3314 universa
844 3264 1004 3328 gente
1031 3255 1342 3311 Iud-.eorum
1363 3295 1377 3320 ,
1422 3265 1654 3321 respon-

98 3369 190 3408 sum
208 3357 405 3427 accepit
426 3356 494 3411 ab
514 3354 725 3425 angelo
746 3362 961 3419 sancto,
983 3352 1253 3406 accersire
1278 3358 1330 3404 te
1352 3349 1402 3403 in
1433 3348 1652 3402 domum

98 3460 239 3515 suam,
268 3458 319 3505 et
342 3450 531 3505 audire
569 3446 735 3502 verba
759 3445 857 3500 abs
889 3454 960 3499 te.
994 3443 1347 3498 lntroducens
1377 3455 1507 3511 ergo
1535 3454 1652 3507 eos,

97 3547 266 3612 recepit
296 3542 558 3613 hospitio.
603 3539 864 3610 Sequenti
897 3546 1075 3592 autem
1104 3538 1191 3592 die
1221 3551 1445 3607 surgens
1477 3534 1656 3606 profe-

98 3643 192 3689 ctus
216 3645 288 3690 est
318 3651 434 3690 cum
462 3634 622 3690 illis:
656 3642 709 3688 et
737 3631 956 3702 quidam
984 3646 1051 3686 ex
1078 3629 1341 3685 fratribus
1381 3628 1448 3683 ab
1478 3627 1650 3697 Joppe

98 3731 301 3786 comitati
328 3742 453 3787 sunt
482 3744 642 3787 eum.
706 3728 891 3782 Altera
926 3735 1104 3781 autem
1150 3726 1238 3779 die
1268 3723 1515 3779 introivit
1538 3721 1657 3776 Ca:-

96 3834 293 3878 saream.
338 3823 634 3880 Cornelius
676 3836 811 3877 vero
859 3819 1214 3889 exspectabat
1261 3818 1405 3885 illos,
1454 3832 1656 3872 convo-

95 3914 203 3968 catis
223 3918 457 3987 cognatis
483 3914 643 3982 suis,
677 3921 731 3968 et
754 3912 1075 3968 necessariis
1105 3910 1315 3964 amicis.
1359 3910 1423 3963 Et
1454 3907 1653 3963 factum

94 4016 160 4061 est
185 4022 292 4063 cum
320 4010 613 4065 introisset
635 4007 851 4069 Petrus,
882 4004 1077 4060 obvius
1098 4005 1253 4058 venit
1277 4002 1325 4058 ei
1348 4001 1653 4068 Cornelius,

95 4106 135 4151 et
166 4100 435 4168 procidens
476 4100 555 4157 ad
605 4099 770 4170 pedes
820 4097 936 4168 ejus
980 4096 1247 4151 adoravit.
1289 4094 1483 4149 Petrus
1526 4107 1657 4148 vero

92 4188 291 4247 elevavit
317 4208 459 4261 eum,
485 4192 688 4249 dicens
713 4210 724 4245 :
752 4190 948 4261 Surge,
975 4198 1031 4245 et
1054 4204 1155 4259 ego
1179 4188 1295 4258 ipse
1315 4187 1476 4241 homo
1508 4200 1651 4241 sum.

94 4280 148 4335 Et
173 4284 379 4356 loquens
409 4302 543 4342 cum
586 4285 681 4340 illo
725 4285 979 4350 intravit,
1012 4292 1064 4337 et
1092 4282 1298 4337 invenit
1339 4279 1538 4335 multos
1565 4279 1654 4349 qui

95 4387 420 4434 convenerant
450 4399 463 4437 :
494 4376 752 4447 dixitque
778 4375 845 4431 ad
876 4375 999 4431 illos
1026 4396 1038 4431 :
1074 4374 1183 4429 Vos
1204 4374 1354 4429 scitis
1377 4372 1653 4443 quomodo

94 4465 426 4526 abominatum
459 4472 540 4527 sit
569 4470 686 4524 viro
712 4468 902 4524 Judazo
924 4508 936 4531 ,
968 4468 1228 4538 conjungi
1266 4475 1359 4521 aut
1387 4466 1652 4522 accedere

1761 1856 1873 1921 bis,
1927 1857 2017 1925 qui
2063 1856 2519 1913 manducavimus
2551 1868 2605 1914 et
2631 1860 2868 1916 bibimus
2898 1876 3019 1916 cum
3053 1862 3172 1929 illo,
3211 1873 3356 1934 post-

1760 1964 1921 2018 quam
1954 1949 2251 2005 rccurrexit
2282 1964 2311 2003 a
2336 1950 2589 2006 mortuis.
2632 1951 2703 2005 Et
2726 1956 2985 2023 praecepit
3024 1955 3179 2010 nobis
3220 1972 3361 2026 prce-

1760 2042 1942 2097 dicare
1974 2044 2194 2112 populo,
2225 2052 2280 2099 et
2310 2046 2591 2101 testiﬁcari
2618 2087 2633 2115 ,
2666 2048 2792 2119 quia
2824 2050 2941 2119 ipse
2972 2059 3075 2119 est,
3106 2051 3198 2121 qui
3220 2067 3355 2107 con—

1761 2135 1987 2190 stitutus
2028 2145 2111 2190 est
2156 2152 2184 2191 a
2229 2137 2345 2193 Deo
2384 2139 2548 2207 judex
2594 2142 2842 2196 vivorum
2884 2152 2939 2198 et
2985 2154 3349 2203 mortuorum.

1761 2232 1899 2287 lluic
1946 2247 2137 2289 omnes
2182 2235 2460 2303 prophetas
2493 2236 2862 2292 testimonium
2907 2240 3235 2308 perhibent,
3273 2258 3360 2298 re-

1762 2325 2079 2381 missionem
2141 2336 2488 2396 peccatorum
2552 2329 2803 2398 accipere
2854 2347 2949 2399 per
2991 2346 3189 2387 nomen
3236 2335 3355 2403 ejus

1761 2430 1953 2471 omnes
1996 2418 2088 2487 qui
2133 2416 2366 2472 credunt
2395 2419 2447 2473 in
2474 2434 2619 2474 eum.
2677 2422 2868 2477 Adhuc
2906 2423 3164 2493 loquente
3193 2426 3358 2481 Petro

1761 2508 1927 2563 verba
1954 2510 2089 2577 haec,
2120 2508 2318 2564 cecidit
2346 2509 2585 2580 Spiritus
2607 2520 2825 2567 sanctus
2847 2528 3012 2584 super
3037 2530 3229 2571 omnes
3266 2521 3357 2587 qui

1762 2606 2058 2661 audiebant
2100 2605 2349 2661 verbum.
2401 2606 2467 2661 Et
2507 2607 2905 2677 obstupuerunt
2951 2625 3021 2665 ex
3069 2612 3359 2667 circumci-

1762 2699 1915 2753 sione
1962 2697 2189 2765 ﬁdeles,
2232 2697 2322 2768 qui
2357 2708 2618 2755 venerant
2661 2715 2784 2755 cum
2830 2702 3029 2757 Petro:
3064 2705 3187 2773 quia
3216 2704 3356 2760 et-in

1762 2791 2010 2846 nationes
2034 2790 2207 2861 gratia
2234 2790 2473 2860 Spiritus
2504 2793 2672 2847 sancti
2703 2792 2871 2848 eﬁ‘usa
2903 2803 3006 2849 est.
3050 2794 3358 2852 Audiebant

1760 2889 1903 2940 enim
1929 2887 2049 2942 illos
2078 2887 2360 2954 loquentes
2392 2886 2611 2956 linguis,
2642 2896 2695 2942 et
2716 2890 3125 2959 magniﬁcantes
3148 2890 3341 2947 Deum.

1759 2977 1910 3033 Tunc
1942 2979 2225 3047 respondit
2267 2978 2463 3035 Petrus
2489 2996 2501 3032 :
2551 2978 2822 3050 Numquid
2852 2997 3044 3051 aquam
3073 2984 3195 3053 quis
3226 2998 3353 3052 pru-

1759 3071 1949 3127 bibere
1980 3082 2197 3142 potest,
2240 3082 2298 3127 ut
2329 3089 2434 3127 non
2462 3072 2803 3143 baptizentur
2833 3073 2889 3127 hi
2914 3115 2929 3142 ,
2960 3077 3052 3145 qui
3088 3074 3351 3145 Spiritum

1759 3173 2009 3219 sanctum
2052 3174 2381 3235 acceperunt
2413 3165 2555 3221 sicut
2581 3176 2638 3222 et
2674 3166 2816 3221 nos?
2847 3167 2913 3220 Et
2939 3168 3102 3237 jussit
3131 3184 3224 3223 eos
3257 3170 3353 3223 ba-

1761 3257 1949 3326 ptizari
1976 3259 2027 3313 in
2061 3257 2280 3314 nomine
2325 3258 2540 3313 Domini
2589 3259 2717 3315 Jesu
2750 3259 2972 3314 Christi.
3015 3260 3167 3317 Tunc
3202 3276 3357 3331 roga-

1761 3360 1953 3405 verunt
1986 3366 2133 3416 eum,
2166 3361 2222 3404 ut
2250 3360 2499 3407 maneret
2527 3352 2665 3421 apud
2689 3368 2784 3407 eos
2817 3354 3023 3422 aliquot
3054 3354 3267 3409 diebus.

1834 3445 1988 3517 |Cap.
2015 3443 2131 3516 XL]
2165 3444 2469 3500 Audieruut
2508 3456 2687 3500 autem
2728 3446 2970 3516 Apostoli
2997 3491 3011 3511 ,
3048 3455 3102 3502 et
3135 3447 3356 3515 lratrcs,

1758 3540 1851 3610 qui
1882 3550 2038 3594 erant
2082 3538 2136 3592 in
2177 3537 2362 3593 Judma
2391 3581 2405 3607 ,
2437 3539 2691 3605 quoniam
2725 3546 2779 3593 et
2812 3548 3001 3609 gentes
3031 3550 3359 3610 receperunt

1760 3630 1984 3685 verbum
2016 3628 2131 3685 Dei.
2174 3628 2311 3684 Cum
2341 3638 2521 3683 autem
2562 3631 2900 3686 ascendisset
2948 3631 3141 3685 Petrus
3186 3632 3351 3687 Jero-

1758 3723 2047 3793 solyinam,
2081 3722 2465 3793 disceptabant
2491 3723 2757 3778 adversus
2787 3724 2959 3790 illum,
2987 3722 3076 3792 qui
3102 3732 3257 3778 erant
3287 3739 3354 3779 ex

1757 3818 2174 3873 circumcisione
2200 3858 2215 3884 ,
2272 3817 2561 3872 dicentes:
2594 3817 2775 3885 Quare
2818 3819 3051 3873 introisti
3098 3819 3165 3874 ad
3206 3820 3354 3875 viros

1758 3909 2085 3980 przrputium
2117 3908 2400 3975 habentes,
2446 3917 2501 3962 et
2542 3909 2888 3964 manducasti
2924 3925 3047 3965 cum
3076 3910 3227 3967 illis?
3269 3912 3355 3966 lu-

1758 4000 1967 4071 cipiens
2018 4010 2197 4054 autem
2246 3998 2441 4054 Petrus
2478 4001 2784 4070 exponebat
2811 4001 2920 4057 illis
2960 4002 3243 4071 ordinem,
3272 4003 3357 4058 di-

1759 4107 1893 4148 cens
1925 4109 1940 4148 :
1974 4093 2088 4163 Ego
2114 4106 2262 4147 eram
2294 4092 2346 4146 in
2379 4090 2597 4148 civitate
2623 4093 2795 4164 Joppe
2820 4110 3012 4165 orans,
3055 4104 3111 4152 et
3153 4096 3263 4151 vidi
3299 4095 3353 4151 in

1758 4199 1987 4243 excessu
2028 4174 2225 4241 mentis
2250 4184 2519 4242 visionem
2542 4226 2558 4254 ,
2589 4186 2930 4244 descendens
2959 4203 3050 4245 vas
3081 4190 3352 4261 quoddam

1760 4280 1905 4335 velut
1950 4279 2172 4335 linteum
2216 4295 2474 4352 magnum
2518 4290 2751 4350 quatuor
2790 4280 2959 4335 initiis
2990 4281 3252 4335 summitti
3286 4280 3354 4335 de

1758 4372 1919 4438 ctelo,
1945 4379 2002 4427 et
2031 4372 2176 4426 venit
2203 4388 2377 4443 usque
2418 4373 2486 4428 ad
2516 4388 2623 4431 me.
2665 4371 2720 4426 In
2754 4372 2896 4441 quod
2922 4372 3138 4427 intuens
3165 4373 3347 4426 consi-

1758 4469 2015 4523 derabam
2043 4510 2059 4537 ,
2090 4477 2146 4524 et
2172 4468 2283 4523 vidi
2309 4469 2676 4540 quadrupedia
2718 4478 2908 4541 terrae,
2946 4475 3001 4520 et
3023 4466 3227 4521 bestias
3248 4508 3263 4533 ,
3296 4475 3352 4522 et

92 4556 145 4611 ad
166 4560 505 4633 alienigenam
540 4579 555 4616 :
607 4561 702 4616 sed
735 4559 865 4614 mihi
895 4531 1133 4614 ostendit
1171 4531 1312 4615 Deus
1336 4600 1351 4624 ,
1382 4558 1650 4614 neminem
1678 4531 1735 4593 D
1761 4565 1973 4634 reptilia
1997 4605 2011 4629 ,
2044 4531 2113 4620 ret
2142 4531 2385 4619 volatilia
2432 4531 2576 4619 caeli.
2620 4536 2811 4617 Audivi
2861 4569 3038 4614 autem
3066 4569 3121 4613 et
3152 4531 3340 4614 vocem

94 4664 401 4712 communem
445 4664 544 4711 aut
588 4653 929 4708 immundum
961 4652 1144 4708 dicere
1172 4652 1475 4707 hominem.
1518 4651 1652 4707 Pro-

94 4752 196 4812 pter
226 4752 358 4820 quod
405 4751 527 4807 sine
564 4749 907 4806 dubitatione
948 4750 1069 4805 veni
1116 4749 1437 4805 accersitus.
1486 4746 1657 4805 Inter—

92 4851 204 4908 rogo
226 4858 376 4915 ergo,
407 4861 569 4918 quam
598 4844 669 4900 ob
689 4858 909 4899 causam
930 4843 1243 4899 accersistis
1266 4858 1352 4899 me
1373 4842 1396 4894 ?
1425 4843 1495 4898 Et
1524 4843 1656 4899 Cor-

93 4938 247 4994 nelius
274 4942 381 4996 ait:
424 4942 470 4998 A
524 4942 915 5011 nudiusquarta
961 4940 1048 4994 die
1075 4954 1247 5009 usque
1280 4939 1345 4995 ad
1379 4939 1520 4995 hanc
1553 4940 1651 4995 ho-

94 5042 191 5084 ram
217 5074 229 5095 ,
265 5049 422 5091 orans
453 5052 604 5093 eram
640 5035 773 5089 hora
804 5048 947 5089 nona
975 5034 1025 5087 in
1050 5033 1212 5088 domo
1239 5048 1355 5087 mea
1383 5075 1398 5101 ,
1443 5042 1498 5087 et
1525 5048 1653 5087 ecce

92 5119 164 5173 vir
185 5128 326 5181 stetit
352 5137 477 5183 ante
510 5143 597 5184 me
627 5129 679 5183 in
709 5140 864 5183 veste
888 5126 1111 5182 candida
1131 5169 1145 5193 ,
1178 5137 1230 5180 et
1255 5127 1366 5180 ait:
1410 5124 1650 5190 Corneli,

95 5215 317 5272 exaudita
350 5229 429 5274 est
458 5221 631 5276 oratio
666 5228 778 5285 tua,
809 5228 863 5275 et
889 5219 1249 5291 eleemosynze
1282 5230 1387 5274 tute
1413 5234 1653 5275 comme-

95 5314 295 5361 moratae
322 5321 444 5365 sunt
488 5314 539 5367 iu
586 5321 882 5382 conspectu
928 5311 1044 5366 Dei.
1082 5311 1237 5367 Mitte
1282 5327 1412 5383 ergo
1446 5312 1498 5367 in
1527 5312 1653 5381 Jop-

96 5406 208 5461 Pen,
238 5407 289 5452 et
311 5405 513 5457 accersi
542 5402 846 5471 Simonem,
870 5403 959 5473 qui
980 5404 1397 5473 cognominatur
1423 5403 1647 5460 Petrus:

97 5481 173 5539 hic
202 5488 488 5560 hospitatur
517 5498 567 5552 in
598 5498 762 5553 domo
788 5497 1027 5554 Simonis
1055 5498 1273 5554 coriarii
1292 5500 1451 5569 juxta
1478 5513 1647 5553 mare.

103 5572 369 5639 Confestim
395 5603 523 5658 ergo
551 5590 672 5645 misi
699 5590 767 5646 ad
794 5601 843 5645 te
875 5609 887 5645 :
918 5600 973 5645 et
999 5602 1052 5644 tu
1077 5590 1397 5647 benefecisti
1425 5592 1653 5647 venien-

100 5665 178 5723 do.
216 5674 355 5735 Nunc
392 5696 517 5752 ergo
545 5699 736 5742 omnes
776 5700 877 5741 nos
919 5690 974 5739 in
1016 5696 1313 5756 conspectu
1363 5695 1453 5741 tuo
1484 5685 1647 5739 adsu-

101 5774 225 5837 mus;
249 5772 425 5831 audire
453 5783 630 5839 omnia
661 5796 1021 5855 quaecumque
1044 5781 1137 5838 tibi
1168 5791 1437 5853 praecepta
1466 5790 1591 5839 sunt
1617 5796 1649 5838 a

1760 4660 2028 4716 dicentem
2055 4658 2186 4713 mihi
2214 4678 2224 4711 :
2260 4659 2467 4729 Surge,
2504 4658 2693 4719 Petre,
2730 4653 2941 4719 occide,
2975 4660 3030 4707 et
3056 4652 3346 4707 manduca.

1762 4752 1881 4808 Dixi
1904 4760 2085 4807 autem
2117 4770 2131 4807 :
2182 4749 2566 4821 Nequaquam,
2600 4748 2847 4802 Domine.
2891 4744 3025 4813 Quia
3058 4758 3350 4799 commune

1759 4856 1850 4900 aut
1902 4846 2243 4902 immundum
2292 4859 2584 4913 numquam
2638 4841 2887 4895 introivit
2930 4841 2982 4893 in
3033 4854 3092 4893 os
3145 4853 3349 4892 meum.

1761 4940 2064 5011 Respondit
2108 4948 2288 4993 autem
2319 4953 2423 4991 vox
2455 4935 2695 4991 secundo
2736 4934 2802 4989 de
2838 4934 2978 4989 caelo
3005 4950 3016 4986 :
3046 4932 3177 5000 Quze
3207 4931 3353 4986 Deus

1757 5036 2069 5099 mundavit,
2124 5042 2178 5087 tu
2226 5047 2293 5086 ne
2332 5044 2620 5087 commune
2657 5028 2878 5081 dixeris.
2922 5026 3035 5081 Hoc
3060 5033 3239 5080 autem
3269 5023 3351 5078 fa-

1756 5140 1898 5185 ctum
1930 5138 2011 5183 est
2043 5142 2139 5195 per
2173 5133 2295 5181 ter:
2345 5133 2399 5178 et
2436 5132 2651 5191 recepta
2679 5130 2805 5175 sunt
2837 5122 3019 5174 omnia
3050 5132 3266 5173 rursum
3298 5118 3350 5172 in

1755 5223 1977 5278 ccelum.
2021 5220 2085 5273 Et
2125 5233 2255 5273 ecce
2300 5216 2402 5270 viri
2451 5225 2560 5270 tres
2614 5212 2900 5269 confestim
2957 5213 3247 5268 astiterunt
3299 5212 3351 5264 in

1756 5315 1942 5378 domo,
1973 5313 2027 5367 in
2060 5328 2159 5380 qua
2189 5326 2337 5365 eram
2369 5352 2380 5375 ,
2414 5309 2565 5363 missi
2608 5323 2638 5363 a
2676 5308 2925 5363 Caesarea
2966 5306 3030 5360 ad
3061 5320 3168 5360 me.
3208 5305 3352 5359 Dixit

1758 5416 1938 5462 autem
1966 5404 2203 5475 Spiritus
2234 5403 2363 5456 mihi
2392 5447 2405 5469 ,
2450 5410 2504 5454 ut
2546 5402 2677 5455 irem
2709 5415 2830 5454 cum
2856 5399 2965 5453 illis
2986 5440 3000 5465 ,
3029 5398 3160 5452 nihil
3191 5396 3355 5450 hmsi-

1758 5511 1899 5556 tans.
1940 5500 2223 5555 Venerunt
2254 5506 2435 5552 autem
2464 5513 2676 5551 mecum
2704 5504 2759 5551 et
2786 5511 2877 5551 sex
2910 5496 3101 5551 fratres
3142 5494 3228 5547 isti
3256 5534 3269 5556 ,
3296 5500 3350 5546 et

1759 5592 1988 5665 ingressi
2014 5606 2201 5648 sumus
2233 5592 2285 5645 in
2316 5590 2537 5645 domum
2575 5592 2697 5644 viri.
2762 5590 3013 5645 Narravit
3040 5596 3221 5642 autem
3257 5599 3352 5639 no-

1758 5688 1864 5754 bis,
1890 5685 2166 5758 quomodo
2208 5684 2432 5741 vidisset
2461 5684 2726 5755 Angelum
2767 5684 2819 5737 in
2858 5682 3021 5737 domo
3054 5693 3171 5741 sua,
3207 5686 3348 5731 stan-

1761 5794 1872 5843 tem
1902 5792 1958 5841 et
1986 5781 2260 5841 dicentem
2289 5781 2393 5839 sibi
2425 5797 2439 5839 :
2487 5779 2637 5838 Mitte
2680 5780 2733 5836 in
2780 5778 2989 5850 Joppen
3018 5818 3034 5847 ,
3064 5781 3117 5832 et
3145 5771 3352 5831 accersi
