3920 6200
500 228 610 286 703

1495 221 1554 277 S.
1601 214 1990 276 HIERONYIII
2024 213 2260 272 DIVINA
2300 214 2776 275 BIBLIOTBECA.

3678 217 3776 271 τοι

498 349 779 407 Simonem
804 392 820 415 ,
866 350 960 420 qui
996 344 1416 419 cognominatur
1441 343 1638 399 Petrus
1657 385 1674 410 ,
1714 342 1807 413 qui
1843 341 2096 411 loquetur
2122 336 2176 397 Δ
2201 346 2441 391 mentum
2468 346 2641 403 tuum,
2671 346 2731 393 et
2753 351 2986 408 sequere
3008 352 3117 393 me.
3150 336 3219 391 Et
3249 335 3441 391 exiens
3466 334 3785 406 sequebatur

504 442 603 497 tibi
625 442 786 498 verba
811 484 827 509 ,
863 442 916 495 in
942 440 1137 511 quibus
1159 438 1341 492 salvus
1362 435 1474 492 eris
1499 444 1560 490 tu
1577 476 1593 501 ,
1626 444 1683 490 et
1707 434 1970 489 universa
1999 432 2099 487 do-

500 549 622 591 mus
648 544 761 590 tua.
799 532 934 589 Cum
982 541 1163 588 autem
1218 530 1510 602 coepissem
1542 529 1721 599 loqui,
1751 526 1948 582 cecidit
1976 525 2100 594 Spi-

506 628 648 684 ritus
679 636 897 682 sanctus
943 640 1107 696 super
1150 639 1289 689 eos,
1338 623 1481 679 sicut
1521 631 1576 676 et
1622 621 1675 676 in
1708 634 1810 675 nos
1838 620 1895 674 in
1921 618 2097 673 initio.

508 719 847 777 Recordatus
885 733 1003 773 sum
1057 728 1239 773 autem
1281 716 1431 771 verbi
1480 713 1737 781 Domini,
1770 712 1912 768 sicut
1952 711 2104 765 dice-

508 814 632 869 bat:
681 812 920 867 Joannes
970 811 1190 882 quidem
1235 809 1537 881 baptizavit
1578 823 1751 879 aqua,
1791 822 1891 862 vos
1919 813 2101 861 autem

512 904 919 976 baptizabimini
954 904 1160 975 Spiritu
1186 914 1394 960 sancto.
1448 900 1505 958 Si
1533 916 1663 971 ergo
1702 900 1950 955 eamdem
1976 914 2103 968 gra-

507 1000 638 1057 tiam
681 999 832 1056 dedit
867 1000 975 1057 illis
1011 1000 1181 1065 Deus,
1212 1000 1352 1054 sicut
1379 1007 1435 1054 et
1463 997 1619 1052 nobis
1648 996 1740 1066 qui
1771 993 2107 1050 credidimus

510 1092 566 1149 in
607 1093 895 1149 Dominum
936 1095 1122 1150 Jesum
1153 1092 1467 1148 Christum:
1499 1104 1601 1161 ego
1629 1089 1748 1159 quis
1787 1103 1937 1144 eram
1965 1131 1980 1154 ,
2012 1085 2107 1157 qui

511 1202 726 1257 possem
772 1186 1068 1255 prohibere
1114 1186 1337 1242 Deum?
1386 1184 1484 1239 His
1513 1183 1748 1250 auditis,
1781 1190 2104 1238 tacuerunt:

509 1289 564 1333 et
587 1278 1025 1348 glorificaverunt
1054 1278 1249 1340 Deum,
1280 1277 1528 1332 dicentes
1553 1292 1567 1330 :
1611 1276 1753 1345 Ergo
1777 1283 1834 1329 et
1857 1276 2110 1344 gentibus

518 1367 894 1440 paenitentiam
940 1368 1086 1424 dedit
1138 1368 1282 1424 Deus
1325 1368 1391 1422 ad
1436 1368 1624 1422 vitam.
1665 1367 1732 1421 Et
1761 1367 1835 1421 illi
1866 1366 2105 1437 quidem,

515 1462 606 1531 qui
639 1460 871 1531 dispersi
900 1460 1119 1516 fuerant
1146 1476 1177 1516 a
1210 1459 1589 1525 tribulatione,
1619 1474 1739 1530 qua:
1766 1458 1902 1513 facta
1936 1458 2113 1513 fuerat

513 1552 615 1608 sub
639 1552 935 1623 Stephano,
968 1554 1480 1623 perambulaverunt
1510 1567 1679 1620 usque
1702 1551 1765 1606 ad
1790 1549 2108 1620 Phoenicen,

513 1654 570 1700 et
598 1643 834 1716 Cyprum
858 1685 874 1710 ,
920 1653 977 1700 et
1017 1645 1393 1710 Antiochiam,
1439 1643 1644 1699 nemini
1676 1644 1960 1713 loquentes
1991 1657 2114 1698 ver-

2202 447 2351 493 eum.
2394 440 2450 486 et
2478 431 2759 487 nesciebat
2783 433 2910 503 quia
2949 446 3137 487 verum
3174 439 3280 497 est,
3313 428 3460 501 quod
3497 427 3656 483 fiebat
3694 445 3786 498 per

2202 526 2455 595 angelum
2475 526 2855 581 :existimabat
2879 536 3059 581 autem
3084 539 3144 581 se
3170 529 3346 580 visum
3374 521 3785 578 videre.’l'rans—

2203 628 2399 676 euntes
2444 630 2626 676 autem
2656 621 2884 690 primam
2916 630 2971 676 et
2997 619 3289 676 secundam
3318 616 3614 672 custodiam
3641 660 3659 685 ,
3698 632 3788 673 ve-

2206 724 2401 767 nerunt
2428 713 2496 768 ad
2522 722 2732 783 portam
2758 714 3037 779 Ferreum,
3069 729 3190 782 qua!
3216 711 3366 767 ducit
3389 711 3457 765 ad
3489 711 3783 767 civitatem:

2206 824 2328 878 qua:
2361 810 2503 863 ultro
2532 817 2716 878 aperta
2756 818 2840 863 est
2868 806 2965 863 eis.
3018 808 3085 863 Et
3121 814 3386 862 exeuntes
3417 814 3789 875 processerunt

2206 903 2386 956 virum
2421 917 2586 956 unum
2612 918 2628 954 :
2651 912 2704 957 et
2737 903 2999 957 continuo
3041 898 3295 955 discessit
3339 897 3564 968 angelus
3602 897 3673 953 ab
3701 913 3784 954 eo.

2209 995 2275 1049 Et
2316 994 2507 1049 Petrus
2544 995 2611 1049 ad
2643 1010 2704 1049 se
2753 1008 3026 1058 reversus,
3058 992 3201 1048 dixit
3243 1009 3257 1045 :
3309 990 3464 1046 Nunc
3493 992 3599 1046 scio
3637 1008 3780 1058 vere,

2208 1087 2332 1156 quia
2367 1086 2514 1140 misit
2546 1086 2805 1140 Dominus
2832 1084 3087 1155 angelum
3111 1099 3292 1147 suum,
3320 1091 3381 1138 et
3406 1082 3599 1153 eripuit
3618 1083 3785 1139 mede

2211 1194 2375 1235 manu
2406 1178 2659 1244 Herodis,
2694 1188 2745 1232 et
2782 1178 2848 1232 de
2887 1178 3034 1232 omni
3064 1177 3477 1247 exspectatione
3504 1177 3667 1247 plebis
3699 1177 3789 1232 Ju-

2211 1270 2475 1326 dzeorum.
2516 1269 2993 1340 Cousideransque
3040 1270 3195 1326 venit
3240 1270 3306 1324 ad
3357 1270 3568 1324 domum
3611 1270 3788 1326 Maria:

2212 1367 2402 1421 matris
2439 1364 2689 1428 Joannis,
2736 1364 2828 1434 qui
2870 1365 3283 1434 cognominatus
3320 1373 3403 1419 est
3442 1362 3658 1429 Marcus,
3698 1363 3786 1418 ubi

2212 1468 2367 1513 erant
2389 1457 2542 1512 multi
2564 1457 2896 1527 congregati,
2921 1465 2978 1510 et
2995 1464 3235 1511 orantes.
3261 1454 3514 1510 Pulsante
3532 1463 3702 1510 autem
3723 1470 3787 1510 eo

2214 1554 2412 1606 ostium
2439 1552 2638 1618 januae,
2684 1550 2951 1620 processit
2992 1549 3170 1620 puella
3212 1548 3279 1603 ad
3319 1547 3644 1615 audiendum,
3679 1565 3782 1602 no-

2215 1646 2359 1699 mine
2385 1643 2593 1698 Rhode.
2618 1643 2685 1698 Et
2705 1651 2764 1698 ut
2784 1643 3039 1713 cognovit
3064 1658 3254 1698 vocem
3278 1641 3443 1707 Petri,
3465 1656 3566 1712 pra:
3586 1641 3781 1712 gaudio

517 1737 669 1800 bum,
690 1738 793 1792 nisi
817 1736 1183 1792 solisJudmis.
1211 1737 1572 1792 Erantautem
1594 1736 1810 1807 quidam
1833 1754 1899 1793 ex
1915 1736 2107 1792 eisviri
2137 1720 2189 1782 Β
2216 1752 2321 1792 non
2371 1738 2583 1805 aperuit
2622 1735 2843 1805 jannam
2865 1778 2880 1802 ,
2928 1734 3023 1789 sed
3071 1735 3216 1789 intro
3262 1746 3487 1789 currens
3527 1734 3789 1787 nuntiavit

520 1826 727 1898 Cyprii,
762 1839 816 1884 et
844 1826 1114 1899 Cyrenaei,
1145 1829 1235 1898 qui
1264 1844 1387 1883 cum
1409 1829 1726 1884 introissent
1746 1828 2110 1896 Antiochiam,

520 1920 889 1989 loquebantur
934 1931 988 1977 et
1019 1922 1085 1977 ad
1112 1921 1334 1978 Graecos
1361 1968 1375 1992 ,
1417 1925 1800 1979 annuntiautes
1830 1925 2111 1979 Dominum

521 2012 729 2068 Jesum.
773 2014 839 2068 Et
865 2024 985 2069 erat
1026 2030 1218 2070 manus
1251 2016 1463 2070 Domini
1490 2032 1609 2072 cum
1640 2017 1760 2073 eis:
1802 2018 2114 2087 multusque

528 2121 796 2162 numerus
843 2108 1180 2164 credentium
1224 2124 1528 2166 conversus
1568 2120 1655 2167 est
1700 2112 1765 2166 ad
1803 2104 2107 2167 llominu'm.

526 2200 786 2256 Pervenit
810 2211 988 2257 autem
1018 2218 1199 2259 sermo
1229 2199 1294 2259 ad
1339 2220 1499 2261 aures
1535 2205 1822 2271 Ecclesiae,
1855 2222 1975 2277 quae
1998 2214 2117 2262 erat

520 2292 912 2364 Jerosolymis,
971 2309 1135 2365 super
1176 2296 1296 2352 istis
1336 2317 1348 2352 :
1398 2308 1452 2353 et
1502 2299 1767 2355 miserunt
1813 2300 2111 2354 Barnabam

523 2404 697 2458 usque
723 2388 789 2444 ad
820 2391 1185 2447 Antiochiam.
1242 2392 1344 2460 Qui
1375 2408 1498 2448 cum
1535 2395 1913 2464 pervenisset,
1946 2405 2001 2449 et
2036 2394 2116 2448 vi-

522 2481 694 2537 disset
721 2481 945 2552 gratiam
979 2482 1070 2538 Dei
1098 2525 1113 2549 ,
1165 2483 1382 2552 gavisus
1417 2494 1537 2541 est:
1566 2494 1624 2540 et
1654 2486 1971 2541 hortabatur
1998 2500 2116 2540 om-

524 2589 622 2630 nes
654 2574 707 2629 in
739 2575 1020 2645 proposito
1047 2576 1228 2631 cordis
1258 2593 1579 2647 permanere
1608 2579 1660 2634 in
1694 2579 1957 2633 Domino:
1988 2579 2112 2649 quia

523 2675 642 2722 erat
664 2668 746 2723 vir
771 2668 965 2735 bonus,
1007 2678 1062 2723 et
1093 2669 1286 2739 plenus
1317 2672 1524 2740 Spiritu
1558 2680 1776 2737 sancto,
1798 2682 1855 2726 et
1884 2672 2008 2727 ﬁde.
2052 2674 2116 2728 Et

522 2758 766 2829 apposita
799 2770 886 2817 est
914 2763 1079 2817 multa
1108 2764 1266 2818 turba
1295 2763 1546 2819 Domino.
1588 2765 1875 2821 Profectus
1898 2774 1982 2821 est
2014 2782 2115 2821 au-

525 2859 633 2906 tem
660 2851 932 2908 Barnabas
966 2854 1192 2909 Tarsum
1220 2898 1235 2922 ,
1285 2867 1347 2912 ut
1373 2866 1647 2927 quazreret
1675 2857 1931 2923 Saulum;
1955 2874 2114 2930 quem

525 2956 648 2998 cum
682 2944 1016 3014 invenisset,
1074 2948 1329 3020 perduxit
1376 2950 1743 3006 Antiochiam.
1803 2952 1868 3006 Et
1915 2969 2114 3007 annum

526 3044 698 3091 totum
729 3042 1031 3095 conversati
1061 3053 1187 3097 sunt
1215 3044 1287 3098 ibi
1321 3045 1371 3098 in
1404 3043 1649 3100 Ecclesia
1679 3062 1694 3102 :
1734 3055 1789 3101 et
1815 3047 2111 3102 docuerunt

531 3129 743 3185 turbam
796 3133 1061 3203 multam,
1114 3136 1184 3190 ita
1228 3144 1286 3192 ut
1328 3140 1842 3208 cognominarentur
1885 3143 2113 3210 primum

529 3221 835 3278 Antiochia:
865 3224 1136 3297 discipuli,
1165 3228 1477 3284 Christiani.
1520 3230 1580 3285 In
1610 3231 1692 3286 his
1721 3243 1900 3286 autem
1931 3233 2122 3287 diebus

532 3318 1052 3383 superveneruntab
1071 3318 1429 3391 Jerosolymis
1454 3322 1728 3391 propheta:
1753 3324 2119 3379 Antiochiam:

533 3416 591 3460 et
614 3422 844 3477 surgens
873 3425 1015 3464 unus
1043 3426 1109 3465 ex
1132 3413 1214 3465 eis
1246 3413 1463 3467 nomine
1498 3415 1717 3483 Agabus
1740 3458 1754 3481 ,
1789 3416 2127 3485 significabat

538 3513 632 3567 per
661 3502 912 3569 spiritum
957 3502 1152 3557 famem
1208 3519 1456 3573 magnam
1510 3504 1743 3560 futuram
1783 3509 1834 3561 in
1865 3510 2127 3565 universo

537 3590 669 3646 orbe
699 3600 960 3648 terrarum
984 3634 1000 3661 ,
1028 3609 1148 3663 quae
1172 3594 1310 3650 facta
1338 3604 1421 3650 est
1445 3595 1545 3650 sub
1570 3594 1818 3652 Claudio.
1868 3599 2126 3669 Discipuli

532 3689 714 3735 autem
742 3724 757 3748 ,
791 3692 949 3752 prout
970 3670 1093 3756 quis
1122 3685 1395 3755 habebat,
1424 3699 1824 3758 pmposuerunt
1850 3690 2040 3760 singuli
2076 3694 2127 3748 in

540 3772 902 3831 ministerium
926 3777 1176 3845 mittere,
1211 3777 1581 3834 habitantibus
1622 3781 1678 3835 in
1724 3781 1915 3837 Judaea
1952 3783 2130 3839 fratri-

543 3862 642 3916 bus
672 3883 685 3916 ;
717 3866 861 3934 quod
902 3877 956 3922 et
993 3868 1279 3937 fecerunt,
1330 3873 1606 3928 mittentes
1644 3873 1711 3928 ad
1755 3875 1999 3930 seniores
2034 3892 2130 3947 per

543 3971 734 4009 tnanus
761 3957 1023 4016 Barnabas
1054 3971 1109 4015 et
1134 3961 1303 4018 Sauli.

618 4044 771 4117 [Cap.
806 4046 947 4119 Xll.]
975 4050 1176 4109 Eodem
1209 4065 1387 4111 autem
1432 4067 1676 4129 tempore
1712 4061 1860 4116 misit
1890 4062 2134 4118 Herodes

542 4155 638 4196 rex
672 4156 884 4210 manus,
916 4151 974 4197 ut
1003 4143 1269 4215 affligeret
1301 4150 1561 4218 quosdam
1591 4152 1658 4208 de
1684 4154 1948 4210 Ecclesia.
1977 4154 2134 4212 Occi-

542 4232 624 4288 dit
651 4243 831 4289 autem
872 4233 1133 4293 Jacohum
1178 4238 1397 4296 fratrem
1438 4243 1664 4299 Joannis
1693 4246 1890 4314 gladio.
1936 4247 2133 4303 Videas

542 4336 725 4382 autem
752 4327 877 4397 quia
908 4327 1149 4397 placeret
1185 4330 1410 4401 Judatis,
1451 4338 1700 4405 apposuit
1739 4347 1796 4392 ut
1835 4343 2135 4408 apprehen-

541 4419 693 4477 deret
744 4430 799 4477 et
856 4422 1100 4479 Petrum.
1159 4425 1331 4481 Erant
1385 4439 1566 4484 autem
1619 4430 1737 4487 dies
1779 4432 2130 4501 Azymorum.

2214 1840 2360 1883 stare
2386 1827 2604 1882 Petrum
2630 1838 2755 1882 ante
2780 1827 3021 1896 januam.
3051 1827 3121 1895 At
3158 1826 3234 1880 illi
3267 1826 3518 1881 dixerunt
3542 1825 3603 1880 ad
3628 1840 3782 1881 eam:

2213 1922 2441 1978 Insanis.
2475 1921 2567 1977 llla
2598 1934 2777 1976 autem
2803 1920 3112 1975 affirmabat
3140 1921 3222 1977 sic
3251 1936 3310 1976 se
3340 1921 3555 1976 habere.
3586 1919 3665 1975 Illi
3691 1936 3781 1975 au-

2216 2027 2324 2072 tem
2351 2015 2606 2071 dicebant
2631 2035 2645 2073 :
2678 2016 2918 2086 Angelus
2949 2015 3067 2084 ejus
3106 2024 3209 2070 est.
3249 2015 3441 2071 Petrus
3471 2027 3643 2069 autem
3672 2029 3787 2086 per-

2214 2110 2498 2165 severabat
2529 2109 2767 2179 pulsans.
2793 2110 2929 2164 Cum
2951 2119 3133 2165 autem
3160 2111 3520 2181 aperuissent,
3551 2109 3785 2165 viderunt

2215 2219 2361 2270 eum,
2389 2213 2444 2260 et
2471 2204 2890 2275 obstupuerunt.
2926 2206 3187 2260 Annuens
3218 2216 3402 2262 autem
3432 2206 3511 2261 eis
3530 2222 3704 2272 manu,
3732 2215 3785 2261 ut

2215 2306 2482 2366 tacerent,
2517 2298 2757 2351 narravit
2787 2298 3056 2366 quomodo
3088 2300 3349 2354 Dominus
3377 2300 3644 2356 eduxisset
3669 2316 3779 2355 eum

2216 2391 2287 2447 de
2312 2406 2557 2455 carcere,
2606 2390 2851 2462 dixitque
2880 2410 2894 2446 :
2925 2391 3181 2448 Nuntiate
3222 2393 3429 2449 Jacobo
3467 2402 3523 2449 et
3550 2393 3778 2450 fratribus

2218 2483 2354 2538 haec.
2388 2483 2455 2537 Et
2480 2497 2734 2553 egressus
2763 2482 2897 2538 abiit
2927 2485 2979 2538 in
3011 2485 3172 2538 alium
3201 2485 3404 2540 locum.
3441 2485 3591 2543 Facta
3618 2494 3777 2541 autem

2215 2573 2325 2641 die,
2360 2584 2478 2629 erat
2510 2590 2616 2629 non
2648 2589 2811 2645 parva
2846 2576 3079 2632 turbatio
3109 2576 3250 2632 inter
3294 2578 3515 2644 milites,
3544 2578 3782 2650 quidnam

2218 2666 2420 2722 factum
2452 2678 2599 2722 esset
2628 2668 2697 2723 de
2735 2667 2917 2723 Petro.
2954 2669 3198 2726 Herodes
3238 2680 3419 2727 autem
3465 2686 3582 2727 cum
3623 2672 3784 2742 requi—

2217 2763 2381 2816 sisset
2403 2776 2552 2827 eum,
2594 2771 2648 2816 et
2690 2778 2796 2816 non
2825 2761 3144 2831 invenisset,
3193 2764 3542 2832 inquisitione
3566 2764 3696 2820 facta
3728 2763 3784 2817 de

2216 2854 2563 2919 custodibus,
2594 2856 2755 2924 jussit
2784 2869 2880 2911 eos
2899 2855 3022 2911 duci
3047 2874 3059 2910 :
3092 2856 3538 2928 descendensque
3560 2873 3586 2910 a
3614 2857 3779 2912 Judaa

2221 2948 2273 3003 in
2296 2945 2621 3013 Caesaream,
2656 2946 2725 3001 ibi
2763 2958 3130 3003 commoratus
3152 2957 3255 3004 est.
3283 2950 3409 3004 Erat
3429 2959 3603 3005 autem
3637 2951 3783 3004 iratus

2221 3040 2402 3112 Tyriis
2453 3048 2508 3093 et
2559 3039 2819 3094 Sidoniis.
2868 3041 2937 3095 At
2986 3039 3060 3095 illi
3106 3040 3392 3096 unanimes
3441 3052 3694 3097 venerunt
3727 3038 3784 3093 ad

2222 3147 2372 3196 eum,
2401 3144 2455 3186 et
2484 3146 2743 3201 persuaso
2787 3131 2990 3199 Blasto,
3032 3133 3124 3204 qui
3154 3145 3272 3188 erat
3314 3149 3479 3201 super
3505 3135 3786 3191 cubiculum

2186 3222 2197 3231 ’
2224 3224 2391 3294 regis,
2413 3223 2758 3293 postulabant
2784 3239 2993 3292 pacem,
3015 3240 3082 3281 eo
3103 3226 3245 3297 quod
3268 3226 3547 3283 alerentur
3564 3226 3787 3296 regiones

2226 3328 2412 3370 eorum
2454 3316 2522 3368 ab
2564 3315 2679 3370 illo.
2710 3313 2928 3370 Statuto
2955 3323 3135 3371 autem
3166 3316 3274 3382 die,
3321 3317 3562 3372 Herodes
3588 3315 3789 3372 vestitus

2225 3417 2377 3462 veste
2406 3408 2571 3478 regia,
2604 3407 2749 3463 sedit
2773 3422 2871 3479 pro
2894 3408 3176 3474 tribunali,
3209 3418 3265 3465 et
3303 3409 3715 3465 concionabatur
3733 3403 3788 3459 ad

2228 3516 2345 3558 eos.
2379 3501 2619 3571 Populus
2659 3512 2841 3557 autem
2883 3500 3220 3557 acclamabat
3247 3521 3258 3556 :
3291 3502 3385 3558 Dei
3418 3517 3600 3569 voces,
3627 3509 3788 3556 etnon

2229 3592 2487 3647 hominis.
2534 3591 2833 3649 Confestim
2882 3603 3063 3647 autem
3115 3594 3381 3663 percussit
3431 3609 3551 3649 eum
3593 3589 3788 3662 angelus

2235 3687 2468 3751 Domini,
2493 3702 2560 3742 eo
2590 3688 2732 3756 quod
2764 3703 2868 3743 non
2891 3687 3126 3742 dedisset
3149 3687 3412 3743 honorem
3439 3687 3586 3743 Deo:
3611 3695 3667 3742 et
3685 3698 3790 3739 con-

2232 3789 2482 3849 sumptus
2504 3797 2530 3833 a
2568 3781 2862 3847 vermibus,
2896 3781 3208 3851 exspiravit.
3246 3780 3483 3836 Verbum
3512 3791 3683 3836 autem
3704 3776 3788 3831 Do-

2233 3872 2363 3927 mini
2397 3872 2702 3938 crescebat,
2733 3882 2787 3927 et
2816 3873 3299 3942 multiplicahatur.
3342 3873 3614 3929 Barnabas
3637 3879 3787 3924 autem

2234 3976 2289 4022 et
2317 3966 2513 4022 Saulus
2542 3970 2748 4022 reversi
2776 3976 2901 4020 sunt
2928 3964 2996 4019 ab
3024 3964 3384 4037 Jerosolymis
3411 3964 3629 4033 expleto
3658 3957 3789 4017 mini-

2234 4061 2442 4127 sterio,
2502 4069 2782 4131 assumpto
2827 4060 3072 4127 Joanne,
3123 4059 3213 4131 qui
3274 4059 3679 4131 cognominatus
3720 4057 3787 4108 est

2234 4154 2468 4211 Marcus.

2308 4246 2461 4321 [Cap.
2496 4247 2659 4320 Xlll.]
2711 4249 2877 4303 Erant
2921 4257 3101 4303 autem
3151 4247 3205 4302 in
3254 4247 3507 4312 ecclesia,
3545 4259 3657 4314 quae
3694 4244 3784 4295 eral

2236 4342 2562 4408 Antiochiae,
2596 4340 2894 4411 prophetae,
2928 4349 2983 4395 et
3005 4339 3283 4404 doctores,
3314 4339 3370 4393 in
3400 4338 3589 4409 quibus
3619 4336 3786 4391 Barna-

2238 4433 2354 4500 bas,
2387 4442 2442 4488 et
2471 4433 2683 4499 Simon,
2711 4433 2800 4501 qui
2832 4432 3126 4486 vocabatur
3147 4430 3329 4501 Niger.
3356 4439 3413 4485 et
3439 4429 3625 4486 Lucius
3648 4424 3785 4494 (ἔντε’

543 4512 715 4579 Quem
757 4530 881 4571 cum
912 4516 1389 4588 apprehendisset,
1421 4522 1571 4577 misit
1610 4525 1660 4577 in
1693 4537 1990 4591 carcerem,
2027 4536 2132 4584 tra-
2161 4492 2216 4555 Β
2242 4526 2446 4591 nensis,
2475 4537 2529 4580 et
2557 4522 2845 4591 Manahen,
2877 4524 2969 4594 qui
2994 4532 3113 4578 erat
3142 4522 3378 4578 Herodis
3407 4520 3668 4578 tetrarchzr
3689 4511 3783 4569 col-

539 4605 676 4663 deus
698 4618 931 4680 quatuor
956 4612 1409 4681 quaternionihus
1440 4616 1671 4671 militum
1693 4618 2130 4689 custodiendum,

539 4702 730 4758 volens
753 4712 877 4773 post
899 4704 1104 4760 Pascha
1136 4707 1433 4776 producere
1458 4725 1578 4764 eum
1606 4710 1826 4780 populo.
1853 4710 1922 4766 Et
1945 4712 2133 4768 Petrus

542 4793 760 4863 quidem
789 4798 1116 4856 servabatur
1157 4801 1211 4856 in
1259 4816 1498 4859 carcere.
1532 4802 1716 4859 Oratio
1760 4817 1939 4860 autem
1974 4806 2138 4863 fiebat

546 4888 668 4945 sine
695 4890 1102 4950 intermissione
1128 4895 1196 4949 ab
1222 4895 1451 4951 ecclesia
1476 4895 1544 4949 ad
1571 4898 1734 4952 Deum
1760 4914 1858 4969 pro
1882 4914 1969 4956 eo.
1996 4900 2130 4956 Cum

545 4989 726 5037 autem
753 4983 1120 5051 producturus
1141 5001 1266 5042 eum
1294 4999 1441 5044 esset
1470 4989 1733 5056 Herodes,
1761 4992 1812 5047 in
1838 4993 1950 5062 ipsa
1978 5003 2137 5050 nocte

545 5081 666 5127 erat
713 5072 907 5131 Petrus
960 5078 1239 5134 dormiens
1288 5078 1428 5137 inter
1465 5082 1603 5137 duos
1655 5085 1871 5151 milites,
1922 5086 2137 5144 vinctus

545 5172 751 5225 catenis
777 5171 985 5227 duabus
1029 5191 1042 5228 :
1086 5184 1140 5229 et
1169 5176 1427 5232 custodes
1469 5189 1594 5233 ante
1622 5179 1822 5234 ostium
1863 5182 2140 5238 custodie-

545 5261 676 5318 bant
704 5278 1004 5321 carcerem.
1041 5265 1108 5321 Et
1146 5282 1274 5323 ecce
1317 5270 1542 5339 angelus
1588 5272 1799 5328 Domini
1844 5276 2050 5331 astitit:
2083 5286 2140 5332 et

544 5358 728 5415 lumen
775 5359 988 5417 refulsit
1042 5363 1096 5417 in
1148 5364 1458 5422 habitacula
1500 5383 1514 5423 :
1562 5382 1925 5440 percnssoque
1971 5372 2139 5427 latere

540 5448 714 5518 Petri,
757 5455 1018 5510 excitarit
1067 5472 1218 5524 eum,
1262 5457 1491 5514 dicens:
1526 5460 1698 5531 Surge
1745 5465 2025 5521 velociter.
2077 5465 2142 5520 Et

542 5548 856 5604 ceciderunt
905 5560 1113 5606 catena:
1162 5552 1232 5607 de
1276 5554 1526 5610 manibus
1578 5555 1717 5625 ejus.
1771 5558 1912 5614 Dixit
1957 5569 2136 5615 autem

548 5644 773 5710 angelus
812 5643 883 5698 ad
911 5658 1035 5699 eum
1064 5663 1077 5701 :
1108 5645 1470 5717 Praecingere,
1518 5658 1574 5702 et
1620 5650 1804 5707 calcea
1855 5664 1906 5708 te
1937 5654 2139 5724 caligas

545 5741 681 5788 tuas.
717 5733 781 5791 Et
811 5733 943 5793 fecit
971 5736 1073 5790 sic.
1112 5736 1180 5793 Et
1205 5737 1341 5794 dixit
1371 5740 1446 5795 illi
1473 5757 1486 5793 :
1519 5739 1809 5799 Circutnda
1844 5746 1939 5801 tibi
1970 5747 2136 5803 vesti-

2239 4618 2539 4685 lactaueus,
2571 4628 2625 4672 et
2660 4616 2879 4673 Saulus.
2911 4615 3344 4672 Minislrantibus
3374 4626 3551 4671 autem
3573 4613 3667 4669 illis
3692 4607 3783 4662 Do-

2238 4715 2408 4778 mino,
2457 4724 2510 4766 et
2535 4713 2930 4781 jejunautibus,
2963 4710 3097 4766 dixit
3140 4710 3250 4765 illis
3295 4710 3529 4781 Spiritus
3565 4712 3780 4763 sanctus:

2238 4808 2530 4879 Segregate
2576 4806 2709 4861 mihi
2757 4807 2978 4861 Saulum
3028 4814 3083 4860 et
3128 4806 3454 4874 Barnabam,
3508 4806 3558 4858 in
3591 4813 3705 4872 opus
3729 4788 3779 4846 ad

2237 4902 2380 4974 quod
2424 4901 2694 4970 assumpsi
2743 4915 2857 4957 eos.
2910 4899 3061 4955 Tunc
3101 4898 3437 4969 jejunantes.
3485 4909 3538 4953 et
3580 4899 3779 4984 orantes,

2241 4996 2694 5065 imponentcsque
2737 4993 2817 5047 eis
2848 5006 3059 5057 manus,
3091 4990 3419 5046 dimiserunt
3464 4990 3599 5045 illos.
3626 4981 3781 5048 EtipSi

2240 5087 2456 5159 quidem
2489 5087 2639 5142 missi
2685 5101 2713 5139 a
2760 5085 2964 5155 Spiritu
2997 5094 3183 5138 sancto
3209 5083 3460 5138 abierunt
3484 5077 3778 5138 Seleuciam;

2242 5195 2295 5237 ct
2344 5182 2470 5237 inde
2521 5183 2916 5250 navigaverunt
2960 5178 3223 5248 Cyprum.
3274 5177 3341 5230 Et
3381 5192 3504 5231 cum
3556 5166 3780 5227 venissent

2240 5274 2592 5340 Salaminam,
2615 5270 3218 5344 praedicabantverbnm
3242 5269 3293 5323 in
3319 5268 3596 5340 synagogis
3612 5262 3776 5319 Juilﬂ'

2243 5383 2381 5422 rum.
2418 5367 2701 5422 Habebunt
2726 5376 2905 5419 autem
2938 5372 2992 5419 et
3021 5362 3284 5417 Joannem
3310 5362 3362 5415 in
3395 5358 3689 5416 ministerio.
3718 5346 3765 5402 Ει

2233 5475 2355 5513 cum
2394 5459 2864 5530 perambulassent
2895 5455 3202 5509 universam
3249 5454 3480 5507 insulam
3512 5464 3661 5519 usque
3697 5440 3771 5495 Ρπο

2238 5554 2423 5624 phum,
2456 5553 2783 5606 invenerunt
2814 5545 3099 5618 quemdam
3139 5546 3310 5599 virum
3355 5557 3561 5612 magum
3586 5531 3770 5623 ρςειηάος

2236 5648 2576 5721 prophetam,
2618 5642 2889 5710 Judaeum,
2921 5639 3006 5696 cui
3036 5654 3231 5693 nomen
3273 5648 3391 5691 erat
3422 5631 3679 5721 Bar-Jesn.
3703 5631 3768 5721 qm

2233 5718 2353 5799 erat
2396 5755 2518 5797 eum
2570 5735 2894 5810 proconsule
2941 5732 3131 5802 Sergio
3178 5728 3343 5784 Paulo
3389 5727 3505 5782 viro
3533 5718 3765 5794 prudente.
