3920 6200
127 228 211 285 705

1129 219 1328 276 LIBER
1370 217 1657 276 ACTUUM
1698 217 2228 278 APOSTOLORUM.

3219 228 3323 285 706

127 340 228 403 llic,
253 334 485 391 accersitis
510 332 738 388 Barnaba
766 340 819 387 et
846 331 1399 405 Saulo,desiderabat
1432 334 1618 389 audire
1647 334 1699 393 A
1724 350 1824 405 ego
1852 335 2013 392 hodie
2052 338 2213 407 genui
2262 348 2329 393 te.
2378 337 2532 405 Quod
2568 346 2748 394 autem
2796 340 3077 396 suscitavit
3121 355 3242 396 eum
3290 358 3319 396 a

124 434 315 488 verbum
344 431 437 485 Dei.
465 426 753 484 Resistehat
784 436 957 481 autem
1017 427 1123 481 illis
1170 428 1391 499 Elymas
1436 442 1623 497 magus

125 525 220 595 (sic
244 525 363 578 enim
390 522 747 588 interpretatur
770 534 967 574 nomen
996 518 1170 591 ejus),
1194 535 1443 587 quaerens
1471 534 1626 573 aver-

120 628 213 672 tere
233 615 563 684 proconsulem
586 628 612 665 a
635 610 760 667 ﬁde.
780 611 975 667 Saulus
997 622 1197 679 autem,
1218 614 1307 682 qui
1328 624 1380 667 et
1405 612 1623 679 Paulus,

118 707 313 777 repletus
347 704 534 775 Spiritu
573 714 774 767 sancto,
812 706 1027 761 intuens
1076 705 1129 760 in
1174 721 1322 769 eum,
1373 705 1549 760 dixit:
1583 704 1630 759 0

115 797 242 866 plene
258 795 385 851 omni
408 796 543 866 dolo,
561 805 614 850 et
634 796 773 850 omni
799 795 1032 862 fallacia,
1060 797 1133 851 ﬁli
1161 798 1383 861 diaboli,
1412 796 1627 854 inimice

114 888 256 944 omnis
276 887 501 957 justitiae,
532 903 631 942 non
661 889 865 944 desinis
911 890 1233 945 subvertere
1262 891 1375 943 \ias
1418 889 1627 942 Domini

115 992 272 1038 rectas.
299 982 357 1036 Et
379 997 509 1036 nunc
536 997 657 1037 ecce
682 998 872 1037 manus
904 983 1117 1037 Domini
1144 998 1308 1051 super
1344 990 1415 1044 te,
1442 993 1494 1035 et
1521 981 1630 1035 eris

113 1086 275 1136 caicus,
300 1087 398 1125 non
428 1071 612 1128 videns
637 1074 807 1128 solem
841 1090 1011 1143 usque
1044 1074 1109 1127 ad
1139 1083 1372 1142 tempus.
1408 1073 1474 1126 Et
1495 1087 1627 1127 con-

112 1166 251 1219 festim
276 1164 451 1219 cecidit
473 1166 521 1219 in
550 1180 669 1220 eum
698 1166 891 1236 caligo,
918 1176 971 1221 et
999 1167 1261 1230 tenebrae,
1287 1176 1341 1220 et
1363 1165 1631 1221 circuiens

110 1257 337 1327 qurerebat
361 1258 446 1329 qui
472 1258 517 1313 ei
546 1273 758 1313 manum
784 1258 958 1314 daret.
995 1259 1143 1313 Tunc
1174 1258 1465 1329 proconsul
1505 1274 1629 1313 cum

107 1351 289 1407 vidisset
330 1353 534 1417 factum,
578 1352 810 1408 credidit
857 1354 1132 1407 admirans
1174 1367 1339 1422 super
1385 1352 1630 1407 doctrina

109 1442 298 1496 Domini.
332 1444 391 1496 Et
418 1458 532 1498 cum
563 1458 591 1498 a
630 1442 813 1514 Papho
842 1447 1187 1514 navigassent
1220 1446 1417 1499 Paulus
1445 1456 1498 1499 et
1536 1447 1625 1513 qui

110 1549 200 1588 cum
224 1548 282 1589 eo
308 1544 471 1603 erant,
503 1548 761 1591 venerunt
788 1537 992 1607 Pergen
1017 1538 1367 1609 Pamphyliae.
1396 1538 1632 1593 Joannes

112 1636 249 1683 autem
276 1628 545 1686 discedens
572 1631 639 1684 ab
668 1632 767 1697 eis,
799 1648 1052 1687 reversus
1097 1640 1181 1687 est
1210 1632 1628 1703 Jerosolymam.

1728 427 1988 495 mortuis,
2021 429 2250 499 amplius
2269 429 2381 498 jam
2410 445 2515 484 non
2551 444 2895 485 reversurum
2937 433 2988 486 in
3016 432 3323 503 corruptio-

1729 534 1873 583 nem,
1905 519 1978 573 ita
2010 520 2148 575 dixit
2177 539 2190 575 :
2221 520 2354 588 Quia
2378 521 2520 575 dabo
2543 520 2697 576 vobis
2717 533 2901 577 sancta
2925 522 3092 578 David
3119 524 3316 579 ﬁdelia.

1728 609 1967 681 Ideoque
1993 624 2046 667 et
2075 613 2211 668 alias
2243 614 2373 669 dicit
2400 631 2412 667 :
2446 614 2564 669 Non
2595 614 2749 669 dabis
2777 625 3026 671 sanctum
3055 624 3206 671 tuum
3245 618 3328 671 vi-

1730 702 1861 759 dere
1900 707 2328 775 corruptionem.
2371 708 2538 761 David
2583 706 2727 762 enim
2767 708 2820 762 in
2852 722 2945 763 sua
2977 709 3328 778 generatione

1730 810 1850 849 cum
1873 796 2307 852 administrasset
2336 799 2598 853 voluntati
2634 794 2752 863 Dei,
2775 798 3050 865 dormivit,
3084 808 3139 855 et
3162 814 3330 869 appo-

1731 890 1866 944 situs
1888 899 1970 944 est
1992 890 2057 942 ad
2084 897 2264 959 patres
2284 905 2434 954 suos,
2458 901 2510 945 et
2530 891 2664 945 vidit
2684 891 3108 960 corruptionem.
3129 890 3323 945 Notum

1733 981 1893 1050 igitur
1920 981 1993 1035 sit
2020 982 2192 1048 vobis,
2227 981 2326 1037 viri
2365 982 2581 1049 fratres,
2613 983 2737 1053 quia
2766 999 2860 1052 per
2891 984 3031 1039 hunc
3061 983 3214 1038 vobis
3244 998 3329 1037 re-

1733 1074 1921 1129 missio
1948 1084 2291 1145 peccatorum
2325 1077 2699 1143 annuntiatur,
2731 1087 2787 1132 et
2814 1076 2881 1131 ab
2911 1077 3187 1147 omnibus,
3212 1078 3333 1149 qui-

1734 1165 1833 1220 bus
1866 1182 1973 1221 non
2005 1168 2256 1235 potuistis
2285 1168 2343 1223 in
2375 1170 2491 1239 lege
2535 1168 2705 1239 Moysi
2752 1168 3072 1239 justiﬁcari,
3126 1168 3179 1223 in
3228 1168 3333 1225 hoc

1734 1257 1934 1322 omnis,
1959 1258 2048 1327 qui
2076 1259 2270 1326 credit,
2292 1260 2646 1327 justiﬁcatur.
2667 1259 2858 1315 Videte
2880 1275 3029 1330 ergo,
3059 1276 3127 1316 ne
3145 1276 3336 1330 super-

1735 1350 1919 1404 veniat
1948 1350 2100 1405 vobis
2143 1352 2287 1420 quod,
2318 1352 2521 1406 dictum
2550 1360 2636 1407 est
2666 1353 2719 1407 in
2751 1353 3031 1423 prophetis
3078 1373 3091 1409 :
3140 1353 3335 1409 Videte

1736 1452 2160 1513 contemptores,
2200 1454 2255 1499 et
2281 1445 2650 1513 admiramini,
2680 1454 2735 1499 et
2765 1445 3137 1516 disperdimini
3168 1463 3180 1499 :
3210 1447 3333 1517 quia

1742 1552 1879 1604 opus
1924 1552 2124 1605 operor
2168 1551 2267 1605 ego
2301 1538 2352 1590 in
2398 1537 2594 1591 diebus
2639 1539 2857 1604 vestris,
2890 1553 3026 1607 opus
3057 1539 3199 1608 quod
3227 1554 3333 1592 non

1740 1627 1998 1691 credetis,
2018 1630 2059 1680 si
2084 1628 2207 1697 quis
2227 1630 2570 1683 enarraverit
2593 1630 2767 1685 vobis.
2793 1630 3126 1685 Exeuntibus
3152 1640 3335 1685 autem

106 1715 161 1771 illi
178 1734 283 1773 vero
300 1729 731 1789 pertranseuntes
750 1722 979 1793 Pergen,
1000 1732 1266 1778 venerunt
1290 1724 1631 1777 Antiochiam
1666 1720 1712 1780 B
1746 1721 1871 1785 illis,
1906 1723 2189 1789 rogabant,
2223 1729 2285 1775 ut
2311 1722 2559 1791 sequenti
2592 1722 2819 1776 sabbato
2852 1723 3202 1794 loquerentur
3234 1724 3337 1779 sibi

105 1810 307 1866 Pisidiae:
337 1823 385 1867 et
414 1814 636 1884 ingressi
662 1831 992 1887 synagogam
1034 1817 1120 1870 die
1152 1817 1525 1881 sabbatorum,
1551 1832 1637 1871 sc-

104 1901 274 1955 derunt.
301 1902 421 1959 Post
447 1905 734 1961 lectionem
765 1916 943 1961 autem
974 1909 1123 1977 legis,
1150 1919 1203 1962 et
1228 1909 1633 1978 prophetarum,

104 1994 317 2050 miserunt
346 1999 610 2068 principes
636 2013 927 2070 synagoga:
956 2002 1021 2054 ad
1053 2016 1169 2064 eos,
1202 1982 1447 2057 dicenles
1480 2020 1493 2056 :
1526 2002 1636 2055 Viri

101 2083 271 2153 fratres,
310 2090 349 2143 si
376 2090 494 2161 quis
535 2100 617 2146 est
649 2093 703 2145 in
747 2092 901 2147 vobis
934 2108 1114 2147 sermo
1139 2094 1535 2149 exhortationis
1568 2096 1635 2150 ad

102 2182 289 2249 plebem,
338 2183 510 2239 dicite.
569 2184 812 2255 Surgens
862 2197 1045 2240 autem
1095 2187 1311 2251 Paulus,
1364 2198 1417 2242 et
1470 2204 1630 2241 manu

100 2271 321 2328 silentium
350 2274 612 2339 indicens,
638 2279 713 2330 ait
740 2296 749 2330 :
777 2277 886 2332 Viri
921 2279 1205 2345 lsraelitae,
1229 2289 1283 2334 et
1311 2281 1398 2349 qui
1433 2280 1637 2335 timetis

100 2364 253 2431 Deum,
292 2368 502 2425 audite:
535 2370 682 2425 Deus
714 2371 887 2440 plebis
916 2372 1082 2427 Israel
1128 2374 1290 2443 elegit
1324 2384 1505 2441 patres
1542 2388 1639 2427 no-

101 2464 227 2526 stros,
248 2470 294 2515 et
316 2462 519 2531 plebem
547 2463 810 2519 exultavit
831 2480 955 2519 cum
980 2475 1159 2521 essent
1184 2467 1381 2521 incolae
1411 2469 1461 2520 in
1497 2476 1635 2521 terra

101 2547 288 2621 Egypti,
340 2563 392 2609 et
425 2556 475 2610 in
508 2556 739 2611 brachio
786 2557 1003 2612 excelso
1032 2558 1215 2613 eduxit
1246 2574 1339 2613 eos
1372 2574 1434 2613 ex
1470 2574 1553 2623 ea,
1586 2568 1640 2614 et

98 2654 171 2709 per
186 2645 507 2717 quadraginta
531 2664 803 2703 annorum
829 2658 1041 2719 tempus
1062 2666 1244 2705 mores
1266 2667 1452 2705 eorum
1479 2651 1640 2705 susti-

98 2735 188 2788 nuit
231 2737 276 2791 in
320 2740 548 2795 deserto.
606 2740 679 2795 Et
737 2741 1026 2797 destruens
1084 2753 1279 2811 geutcs
1331 2751 1537 2811 septem
1587 2742 1640 2796 in

100 2832 209 2878 terra
249 2828 509 2901 Chanaan,
552 2842 704 2887 sorte
750 2834 1021 2887 distribuit
1055 2834 1134 2888 eis
1179 2845 1373 2888 terram
1418 2850 1640 2899 eorum,

100 2921 216 2985 quasi
260 2933 371 2990 post
413 2925 843 2994 quadringentos
889 2934 946 2981 et
989 2926 1377 2996 quinquaginta
1432 2940 1640 2978 annos:

100 3018 259 3080 etpost
304 3014 409 3071 haec
449 3016 603 3071 dedit
644 3018 856 3086 judices
907 3033 1079 3089 usque
1132 3019 1196 3072 ad
1246 3018 1464 3071 Samuel
1520 3032 1643 3086 pro-

1738 1815 1903 1869 verba
1931 1814 2068 1869 haec.
2102 1813 2344 1884 Cumque
2373 1816 2596 1870 dimissa
2626 1825 2773 1870 esset
2816 1831 3087 1887 synagoga
3107 1858 3120 1882 ,
3167 1817 3336 1871 secuti

1738 1916 1866 1961 sunt
1919 1908 2073 1961 multi
2124 1906 2476 1974 Judaeorum,
2533 1917 2587 1962 et
2638 1908 2932 1963 colentium
2982 1910 3337 1977 advenarum,

1740 1998 1966 2053 Paulum
1997 2009 2052 2054 et
2080 1999 2409 2067 Barnabam,
2442 2001 2532 2070 qui
2573 2001 2863 2071 loquentes
2895 2001 3196 2057 suadebant
3228 2002 3339 2071 eis,

1740 2100 1800 2145 ut
1822 2102 2205 2161 permanerent
2228 2091 2280 2145 in
2310 2093 2480 2162 gratia
2514 2093 2627 2147 Dei.
2657 2095 2915 2163 Sequenti
2949 2110 3079 2149 vero
3112 2094 3340 2150 sabbato

1742 2198 1877 2252 pene
1909 2183 2157 2237 universa
2208 2186 2400 2237 civitas
2442 2185 2695 2237 convenit
2722 2185 2910 2240 audire
2952 2186 3178 2241 verbum
3222 2187 3337 2241 Dei.

1751 2275 2010 2330 Vitlentes
2054 2284 2232 2329 autem
2284 2276 2474 2330 turbas
2503 2276 2695 2342 Judmi,
2728 2278 2921 2345 repleti
2952 2289 3078 2333 sunt
3104 2279 3243 2345 zelo,
3287 2290 3342 2335 et

1740 2368 2188 2423 contradicebant
2210 2369 2313 2435 his,
2339 2384 2458 2438 quae
2479 2384 2507 2422 a
2534 2369 2700 2423 Paulo
2722 2370 3066 2437 dicebantur,
3088 2373 3341 2440 blasphe-

1743 2470 1975 2515 mantes.
1997 2460 2148 2515 Tunc
2160 2470 2469 2515 constanter
2484 2460 2679 2515 Paulus
2698 2472 2752 2516 et
2766 2462 3039 2517 Barnabas
3058 2462 3341 2518 dixerunt:

1744 2554 1913 2609 Vobis
1970 2553 2258 2623 oportebat
2317 2553 2545 2623 primum
2593 2553 2739 2624 loqui
2784 2555 3008 2610 verbum
3067 2556 3162 2610 Dei
3194 2573 3209 2613 :
3240 2557 3336 2612 sed

1742 2646 1997 2714 quoniam
2038 2644 2305 2715 repellitis
2348 2645 2511 2713 illud,
2556 2654 2611 2701 et
2652 2646 2902 2717 indignos
2949 2661 3046 2701 vos
3087 2648 3342 2717 judicatis

1744 2748 1964 2794 aeternae
1991 2740 2146 2807 vitae,
2179 2754 2308 2795 ecce
2338 2741 2704 2795 convertimur
2733 2741 2797 2795 ad
2826 2749 3035 2812 gentes.
3072 2742 3161 2799 Sic
3192 2744 3337 2798 enim

1746 2834 1997 2903 praecepit
2024 2833 2181 2888 nobis
2206 2834 2464 2888 Dominus
2484 2851 2496 2886 :
2516 2834 2677 2888 Posui
2704 2844 2753 2890 te
2780 2836 2831 2889 in
2859 2835 3030 2891 lucem
3076 2838 3339 2907 gentium,

1747 2936 1803 2979 ut
1832 2928 1907 2981 sis
1939 2927 1991 2980 in
2020 2927 2246 2981 salutem
2270 2942 2443 2997 usque
2464 2926 2532 2981 ad
2560 2936 2859 2983 extremum
2892 2939 3071 2983 terrae.
3100 2930 3343 2986 Audien-

1749 3030 1829 3073 tes
1859 3028 2040 3073 autem
2068 3028 2261 3090 gentes
2287 3020 2486 3089 gavisae
2526 3028 2686 3089 sunt,
2720 3030 2773 3075 et
2814 3021 3194 3092 gloriﬁcabant
3220 3040 3345 3080 ver-

101 3105 294 3172 phetam.
343 3112 408 3166 Et
444 3112 647 3167 exinde
695 3112 1110 3179 postulaverunt
1156 3128 1335 3182 regem
1366 3130 1376 3163 :
1406 3120 1460 3166 et
1498 3111 1647 3165 dedit
1670 3095 1715 3157 Ο
1751 3111 1877 3165 bum
1912 3111 2125 3165 Domini
2154 3129 2167 3166 :
2202 3122 2256 3167 et
2280 3112 2629 3167 crediderunt
2662 3124 2927 3184 quotquot
2958 3125 3114 3169 erant
3137 3132 3344 3187 praeor-

104 3194 187 3251 illis
215 3200 337 3255 Deus
364 3203 485 3259 Saul
516 3203 693 3257 ﬁlium
720 3202 831 3268 Cis,
859 3205 1030 3257 virum
1064 3204 1133 3259 de
1164 3204 1303 3257 tribu
1339 3203 1638 3272 Benjamin,

102 3292 222 3345 annis
267 3297 641 3367 quadraginta.
701 3297 767 3351 Et
814 3307 993 3353 amoto
1046 3298 1157 3363 illo,
1207 3297 1489 3351 suscitavit
1540 3298 1646 3351 illis

108 3379 240 3439 David
288 3404 458 3459 regem
493 3410 506 3445 :
541 3391 631 3445 cui
686 3391 1052 3445 testimonium
1104 3392 1416 3460 perhibetis,
1470 3390 1644 3445 dixit:

102 3473 254 3533 lnveni
299 3480 455 3537 David
509 3483 687 3538 ﬁlium
742 3483 916 3549 Jesse,
975 3485 1149 3539 virum
1203 3484 1497 3539 secundum
1555 3500 1649 3539 cor

101 3583 270 3639 meum,
320 3577 405 3645 qui
457 3576 622 3633 faciet
674 3592 865 3632 omnes
904 3578 1210 3633 voluntates
1262 3593 1430 3632 meas.
1480 3577 1649 3646 Hujus

103 3660 214 3719 Deus
255 3682 315 3722 ex
367 3670 577 3725 semine
631 3670 927 3725 secundum
987 3671 1404 3739 promissionem
1466 3670 1652 3724 eduxit

101 3750 231 3810 Israel
258 3758 572 3816 salvatorem
622 3759 808 3815 Jesum
830 3804 843 3826 ,
878 3762 1209 3831 praedicante
1248 3761 1459 3817 Joanne
1480 3804 1494 3826 ,
1528 3771 1654 3816 ante

100 3845 255 3906 faciem
282 3854 540 3911 adventus
574 3856 698 3926 ejus
722 3897 737 3923 ,
773 3856 1103 3926 baptismum
1134 3858 1474 3927 paenitentia:
1508 3858 1654 3913 omni

100 3944 265 4009 populo
290 3945 470 4004 Israel.
506 3948 648 4004 Cum
678 3948 927 4017 impleret
956 3958 1137 4004 autem
1168 3950 1405 4005 Joannes
1439 3965 1653 4004 cursum

99 4046 247 4103 suum,
270 4039 473 4096 dicebat
499 4060 511 4094 :
542 4042 718 4107 Quem
744 4056 831 4095 me
853 4041 1195 4095 arbitramini
1224 4056 1376 4106 esse,
1408 4058 1514 4097 non
1538 4057 1655 4095 sum

102 4139 206 4193 εει),
238 4132 321 4186 sed
352 4148 475 4189 ecce
518 4133 677 4191 venit
705 4141 825 4203 post
851 4149 969 4203 me,
1002 4134 1158 4202 cujus
1186 4150 1290 4188 non
1320 4148 1437 4188 sum
1469 4134 1660 4203 dignus

102 4220 426 4281 calceamenta
452 4228 655 4298 pedum
682 4226 909 4282 solvere.
944 4227 1055 4282 Viri
1079 4227 1295 4292 l‘ratres,
1325 4226 1416 4281 ﬁlii
1446 4228 1661 4298 generis

102 4309 355 4384 Abraham,
385 4330 438 4375 et
464 4322 556 4391 qui
594 4320 651 4375 in
695 4320 846 4375 vobis
890 4321 1083 4376 timent
1112 4320 1317 4376 Deum:
1352 4321 1501 4375 vobis
1543 4336 1664 4375 ver-

103 4402 203 4463 bum
228 4412 405 4468 salutis
435 4415 596 4485 hujus
632 4414 857 4468 missum
896 4423 996 4468 est.
1031 4414 1130 4482 Qui
1172 4416 1316 4470 enim
1351 4414 1663 4470 habitabant

1751 3204 1920 3259 dinatl
1976 3205 2042 3258 ad
2102 3205 2267 3258 vitam
2323 3215 2603 3260 aeternam.
2648 3206 3117 3262 Disseminabatur
3168 3217 3347 3265 autem

1750 3299 1977 3352 verbum
2038 3298 2253 3352 Domini
2312 3314 2408 3367 per
2458 3300 2768 3355 universam
2821 3300 3123 3371 regionem.
3179 3304 3353 3359 Judaei

1752 3398 1930 3445 autem
1952 3392 2365 3446 concitaverunt
2388 3390 2644 3446 mulieres
2670 3392 2978 3462 religiosas,
2997 3402 3053 3447 et
3069 3392 3347 3461 honestas,

1753 3496 1805 3541 et
1834 3487 2041 3556 primos
2085 3486 2345 3554 civitatis,
2395 3495 2449 3541 et
2489 3486 2870 3541 excitaverunt
2914 3488 3354 3557 persecutionem

1755 3579 1806 3631 in
1843 3579 2065 3633 Paulum
2114 3587 2170 3633 ct
2197 3577 2503 3632 Barnabam
2552 3595 2567 3632 :
2601 3586 2657 3633 et
2688 3578 2969 3647 ejecerunt
2995 3593 3092 3634 eos
3124 3579 3192 3632 de
3233 3578 3353 3632 ﬁni-

1759 3671 1855 3724 bus
1887 3671 2022 3725 suis.
2054 3674 2121 3725 At
2151 3671 2252 3735 illi,
2290 3686 2530 3725 excusso
2560 3671 2781 3739 pulvere
2809 3670 3008 3740 pedum
3041 3671 3094 3725 in
3124 3684 3240 3735 eos,
3264 3685 3357 3725 ve-

1763 3774 1958 3818 nerunt
1992 3764 2253 3818 Iconium.
2287 3764 2549 3833 Discipuli
2580 3779 2795 3834 quoque
2842 3764 3190 3834 replebantur
3218 3780 3353 3835 gau-

1759 3858 1869 3921 dio,
1902 3866 1958 3913 et
1985 3856 2192 3925 Spiritu
2223 3866 2433 3910 sancto.

1832 3950 1983 4019 |Cap.
2021 3948 2186 4017 ΚΝ]
2236 3949 2458 4004 Factum
2500 3958 2584 4004 est
2619 3957 2800 4005 autem
2840 3948 3041 4019 lconii,
3091 3959 3150 4007 ut
3177 3951 3344 4008 simul

1765 4044 2055 4099 introirent
2102 4042 2155 4097 in
2202 4058 2527 4113 synagogam
2557 4042 2898 4112 Judacorum,
2962 4054 3019 4101 et
3070 4044 3361 4116 loqueren-

1766 4148 1871 4203 tur,
1930 4137 2003 4191 ita
2057 4144 2116 4189 ut
2161 4135 2409 4191 crederet
2455 4134 2769 4191 Judaeorum
2809 4144 2865 4191 et
2915 4135 3231 4194 Graecorum
3270 4154 3363 4193 co-

1768 4229 1915 4299 piosa
1948 4228 2253 4283 multitudo.
2328 4228 2429 4296 Qui
2460 4244 2595 4283 vero
2627 4227 2890 4284 increduli
2917 4228 3136 4284 fuerunt
3164 4227 3362 4294 Judaei,

1765 4324 2167 4380 suscitaverunt
2194 4365 2207 4389 ,
2266 4333 2317 4376 et
2349 4321 2413 4376 ad
2454 4321 2790 4376 iracundiam
2820 4320 3227 4375 concitaverunt
3250 4319 3369 4372 ani-

1773 4430 1887 4470 mas
1916 4413 2160 4485 gentium
2193 4413 2455 4468 adversus
2487 4411 2704 4467 fratres.
2761 4410 2931 4465 Multo
2964 4410 3123 4479 igitur
3157 4416 3366 4477 tempo-

103 4496 383 4573 lerusalem,
430 4518 483 4563 et
534 4508 808 4577 principes
849 4508 997 4577 ejus,
1046 4507 1187 4562 hunc
1232 4508 1562 4578 ignorantes,
1610 4487 1740 4562 etD
1769 4522 1827 4562 re
1877 4506 2139 4561 demorati
2191 4512 2354 4568 sunt,
2407 4502 2732 4558 ﬁducialiter
2761 4510 2984 4571 agentes
3031 4500 3083 4554 in
3118 4500 3368 4564 Domino,

102 4606 239 4651 Voces
261 4600 673 4669 pr0pbetarum,
708 4615 825 4670 quae
849 4616 945 4669 per
975 4614 1134 4655 omne
1162 4600 1447 4655 sabbatum
1480 4601 1665 4671 legun-

106 4692 195 4757 tur,
220 4691 515 4758 judicantes
547 4694 912 4762 impleverunt
938 4710 948 4745 :
974 4702 1029 4746 et
1051 4692 1255 4747 nullam
1279 4706 1497 4747 causam
1524 4708 1667 4747 mor-

106 4779 161 4834 tis
182 4781 504 4843 invenientes
536 4788 593 4841 in
626 4801 723 4852 eo,
756 4786 1029 4856 petierunt
1058 4802 1085 4840 a
1119 4787 1311 4851 Pilato,
1358 4797 1415 4842 ut
1456 4789 1665 4843 interli-

104 4886 266 4932 cerent
292 4895 433 4935 eum.
455 4883 707 4951 Cumque
735 4883 1426 4950 consummassentiomnia,
1462 4898 1579 4952 quae
1602 4881 1670 4936 de

106 4980 159 5021 eo
196 4973 383 5044 scripta
424 4987 605 5043 erant,
640 4976 978 5046 deponentes
1006 4990 1131 5030 eum
1177 4974 1244 5029 de
1276 4975 1441 5044 ligno,
1478 4990 1676 5043 posue-

107 5068 217 5112 runt
242 5076 359 5118 eum
400 5066 452 5120 in
485 5074 868 5121 monumento.
907 5066 1047 5119 Deus
1086 5079 1214 5119 vero
1247 5065 1521 5120 suscitavit
1553 5079 1675 5119 eum

108 5162 132 5200 ιλ
161 5155 375 5211 mortuis
418 5158 583 5213 tertia
625 5157 713 5211 die
744 5173 759 5215 :
794 5158 882 5227 qui
924 5156 1071 5211 visus
1101 5167 1183 5211 est
1213 5172 1307 5227 per
1333 5156 1450 5211 dies
1480 5156 1681 5211 multos

1770 4600 2140 4653 testimonium
2170 4595 2491 4667 perhibente
2519 4594 2687 4649 verbo
2716 4593 2905 4664 gratiae
2933 4606 3045 4646 suzc
3066 4632 3081 4657 ,
3111 4588 3273 4645 dante
3299 4591 3374 4645 si-

1768 4709 1868 4764 gna
1899 4703 1952 4748 et
1979 4693 2221 4764 prodigia
2247 4692 2360 4745 ﬁeri
2411 4704 2507 4758 per
2548 4702 2737 4743 manus
2784 4700 2995 4741 eorum.
3053 4684 3233 4739 Divisa
3286 4694 3372 4742 est

1771 4796 1949 4839 autem
1998 4784 2283 4839 multitudo
2324 4781 2563 4836 civitatis
2604 4798 2616 4833 :
2650 4788 2705 4835 et
2724 4778 2941 4847 quidam
2972 4776 3190 4848 quidem
3218 4788 3375 4833 erant

1773 4892 1898 4931 cum
1924 4875 2147 4940 Judaeis,
2179 4872 2400 4943 quidam
2432 4886 2561 4926 vero
2588 4885 2707 4925 cum
2744 4872 3048 4939 Apostolis.
3104 4866 3239 4923 Cum
3272 4884 3374 4923 au-

1783 4980 1891 5027 tem
1934 4970 2107 5025 factus
2147 4975 2294 5023 esset
2337 4967 2575 5036 impetus
2618 4961 2908 5018 Gentilium
2964 4971 3018 5017 et
3063 4961 3376 5017 Judteorum

1782 5080 1905 5119 cum
1936 5060 2275 5133 principibus
2306 5059 2442 5124 suis,
2496 5064 2555 5110 ut
2581 5055 2928 5110 contumeliis
2955 5054 3271 5121 aflicerent,
3328 5062 3383 5109 et

1784 5158 2090 5228 lapidarent
2114 5168 2231 5219 eos,
2264 5149 2633 5220 intelligentes
2653 5145 3015 5216 confugerunt
3042 5146 3107 5202 ad
3134 5146 3382 5202 civitates

110 5238 204 5310 his,
234 5248 317 5316 qui
344 5250 501 5305 simul
531 5250 896 5306 ascenderant
922 5264 1043 5305 cum
1076 5266 1140 5305 eo
1163 5250 1232 5304 de
1259 5249 1482 5305 Calilaea
1512 5250 1564 5303 in
1592 5249 1685 5303 Je-

113 5337 356 5407 rusalem;
385 5343 477 5412 qui
508 5359 681 5414 usque
706 5358 849 5399 nunc
870 5352 995 5397 sunt
1025 5352 1188 5398 testes
1215 5342 1332 5413 ejus
1353 5341 1420 5396 ad
1449 5342 1680 5411 plebem.

117 5431 175 5488 Et
203 5453 293 5494 nos
327 5442 480 5498 vobis
522 5442 907 5498 annuntiamus
937 5457 1090 5507 eam,
1118 5457 1238 5511 quae
1269 5439 1333 5495 ad
1366 5447 1550 5509 patres
1594 5455 1689 5492 no-

118 5538 245 5586 StI'OS
274 5536 561 5602 promissio
591 5537 726 5593 facta
753 5546 837 5592 est
864 5558 873 5589 :
900 5535 1156 5605 quoniam
1187 5534 1325 5589 hanc
1349 5532 1493 5587 Deus
1519 5531 1688 5585 adim-

122 5621 270 5686 plevit
300 5627 423 5683 ﬁliis
469 5632 696 5698 nostris,
750 5632 1088 5687 resuscitans
1131 5629 1315 5685 Jesum
1337 5668 1352 5695 ,
1384 5626 1523 5681 sicut
1552 5635 1605 5680 et
1639 5626 1690 5679 in

124 5708 320 5772 Psalmo
348 5720 591 5777 secundo
635 5722 896 5792 scriptum
943 5730 1069 5779 est:
1104 5719 1275 5777 Filius
1322 5732 1478 5775 meus
1523 5732 1583 5774 es
1614 5726 1691 5788 tu,

1789 5248 2106 5322 Lycaoniae,
2154 5244 2399 5314 Lystram
2427 5282 2443 5308 ,
2498 5248 2553 5296 et
2579 5239 2793 5295 Derben
2820 5282 2834 5305 ,
2888 5246 2944 5294 et
2970 5239 3278 5293 universam
3327 5238 3381 5292 in

1791 5344 2018 5398 circuitu
2045 5338 2348 5410 regionem,
2400 5342 2455 5389 et
2487 5333 2558 5387 ibi
2587 5330 3027 5401 evangelizantes
3055 5340 3232 5387 erant.
3314 5330 3384 5385 Et

1793 5435 2007 5506 quidam
2036 5434 2117 5488 vir
2147 5428 2360 5501 Lystris
2392 5426 2639 5481 inﬁrmus
2673 5422 2902 5494 pedibus
2933 5422 3189 5491 sedebat,
3239 5422 3387 5477 clau-

1795 5528 1894 5582 dus
1924 5542 1991 5581 ex
2021 5535 2175 5579 utero
2208 5519 2394 5575 matris
2426 5534 2566 5585 suae,
2619 5516 2709 5587 qui
2743 5529 3039 5585 numquam
3076 5514 3389 5570 ambulave-

1798 5631 1898 5676 rat.
1956 5620 2054 5674 llic
2101 5613 2302 5671 audivit
2352 5611 2579 5668 Paulum
2630 5610 2967 5679 loquentem.
3031 5608 3136 5677 Qui
3163 5607 3390 5665 intuitus

1801 5730 1956 5783 cum,
2012 5722 2067 5769 et
2093 5710 2284 5768 videns
2311 5706 2441 5777 quia
2470 5705 2633 5764 ﬁdem
2672 5699 2931 5773 haberet,
2979 5709 3040 5759 ut
3070 5700 3254 5760 salvus
3292 5699 3394 5760 tie-
