3920 6200
563 268 669 324 ⁸107

1583 258 1641 316 S.
1683 252 2064 315 lliERONYMl
2104 247 2337 314 DIVINA
2379 250 2857 311 BlBLlOTHECA.
3727 250 3817 310 708

566 376 824 446 ret,dixit
846 388 1041 447 magna
1059 386 1224 430 voce:
1251 371 1424 444 Surge
1448 386 1612 444 super
1639 372 1802 443 pedes
1821 381 1939 427 tuos
1963 379 2164 428 rectus.
2191 373 2244 433 Α
2271 386 2376 442 que
2403 385 2622 426 servare
2649 371 2825 440 legem
2857 366 3049 441 Moysi.
3100 366 3593 436 Conveneruntque
3623 369 3818 436 apostoli

567 471 633 525 Et
683 470 960 536 exsilit-it,
993 478 1044 522 et
1072 467 1406 522 ambulabat.
1485 465 1681 522 Turbae
1718 474 1898 522 autem
1925 481 2048 522 cum
2084 467 2166 519 vi-

565 563 772 618 dissent
791 563 938 632 quod
967 561 1168 617 fecerat
1190 559 1412 624 Paulus,
1438 559 1759 615 levaverunt
1782 573 1966 615 vocem
1990 571 2164 624 suam,

564 655 870 726 Lycaonice
917 655 1165 709 dicentes
1209 654 1341 708 :Dii
1397 653 1608 710 similes
1659 654 1782 709 facti
1834 653 2164 720 hominibus,

563 747 966 804 descenderunt
993 747 1058 801 ad
1087 762 1210 801 nus.
1240 746 1309 801 Et
1330 747 1598 802 vocabam
1626 747 1927 802 Barnabam
1951 747 2163 814 Jovem,

564 841 789 897 Paulum
843 856 972 896 vero
1017 841 1381 897 Mercurium:
1429 841 1686 912 quoniam
1735 841 1851 910 ipse
1901 850 2019 896 erat
2057 840 2167 896 dux

561 933 736 989 verbi.
809 933 1077 989 Sacerdos
1107 948 1321 1003 quoque
1350 932 1524 1002 Jovis,
1554 933 1646 1002 qui
1679 942 1796 988 erat
1823 940 1948 987 ante
1973 931 2166 989 civita-

561 1033 704 1092 tem,
754 1035 940 1080 tauros
985 1037 1037 1081 et
1075 1041 1310 1080 coronas
1341 1034 1466 1081 ante
1503 1026 1699 1095 januas
1727 1025 1982 1092 aﬁ‘erens,
2040 1042 2165 1081 cum

564 1117 780 1188 populis
805 1117 1024 1172 volebat
1055 1118 1387 1172 sacrificare.
1419 1117 1575 1184 Quod
1608 1117 1696 1172 ubi
1727 1117 2016 1173 audierunt
2045 1132 2169 1189 apo-

559 1209 716 1278 stoii,
774 1208 1048 1266 Barnabas
1097 1221 1153 1265 et
1204 1209 1436 1278 Paulus,
1483 1210 1777 1265 conscissis
1811 1209 2009 1265 tunicis
2041 1211 2156 1265 suis

561 1301 889 1357 exsilierunt
919 1303 970 1356 in
1005 1301 1189 1357 turbas
1209 1345 1225 1369 ,
1277 1303 1603 1370 clamantes,
1633 1312 1688 1357 et
1714 1301 1992 1359 dicentes:
2027 1301 2164 1369 Viri,

566 1395 696 1464 quid
757 1394 870 1450 haec
922 1395 1135 1451 facitis?
1178 1407 1233 1451 et
1257 1411 1360 1450 nos
1387 1395 1653 1452 mortales
1685 1410 1910 1462 sumus,
1960 1395 2170 1451 similes

568 1486 745 1553 vobis,
775 1486 1044 1554 homines,
1075 1488 1460 1544 annuntiantes
1485 1488 1642 1543 vobis
1667 1489 1737 1543 ab
1758 1487 1844 1543 bis
1865 1489 2018 1542 vanis
2039 1504 2170 1542 cou-

570 1581 709 1635 verti
739 1580 807 1634 ad
840 1581 1008 1636 Deum
1042 1581 1241 1649 vivum,
1303 1582 1395 1652 qui
1425 1580 1552 1637 fecit
1579 1582 1802 1650 coelum,
1859 1590 1916 1637 et
1944 1592 2164 1648 terram,

559 1682 616 1728 ct
643 1689 795 1730 mare
821 1681 876 1729 et
907 1673 1086 1729 omnia
1115 1690 1238 1745 qua:
1267 1675 1318 1729 in
1346 1675 1426 1729 eis
1455 1684 1580 1729 sunt
1609 1691 1623 1729 :
1655 1690 1778 1745 quae
1831 1675 1886 1729 in
1944 1682 2167 1743 praeter-

2267 471 2320 518 et
2366 461 2614 517 seniores
2652 461 2838 517 videre
2873 461 2940 517 de
2969 459 3137 516 verbo
3169 460 3288 516 hoc.
3341 457 3480 514 Cum
3521 469 3693 514 autem
3739 477 3820 515 tua

2267 569 2371 625 gna
2404 554 2736 624 conquisitio
2764 554 2939 621 fieret,
2975 567 3205 624 surgens
3235 552 3432 608 Petrus
3464 551 3600 607 dixit
3629 552 3689 608 ad
3717 569 3817 608 eos:

2267 647 2380 703 Viri
2425 647 2622 702 fratres
2642 690 2658 714 ,
2704 663 2800 703 vos
2829 647 2979 704 scitis
3005 646 3257 718 quoniam
3301 646 3370 701 ab
3400 646 3640 717 antiquis
3663 648 3820 703 diebus

2267 741 2408 797 Deus
2437 743 2490 798 in
2521 743 2677 798 nobis
2707 742 2900 813 elegit,
2946 756 3045 811 per
3094 755 3156 794 os
3205 755 3385 796 meum
3435 741 3621 796 audire
3667 752 3822 812 gentes

2265 837 2493 890 verbum
2545 835 2848 906 Evangelii,
2896 843 2950 890 et
2979 837 3222 889 credere.
3301 834 3368 888 Et
3399 833 3489 903 qui
3517 834 3660 889 novit
3688 835 3823 889 corda

2267 929 2438 994 Deus,
2489 930 2859 985 testimonium
2908 927 3218 1000 perhibuit,
3258 925 3394 983 dans
3449 926 3559 982 illis
3603 927 3824 998 Spiritum

2267 1034 2550 1091 sanctum,
2597 1025 2738 1078 sicut
2790 1032 2844 1078 et
2902 1022 3089 1089 nobis,
3137 1021 3356 1077 etnibil
3410 1021 3664 1077 discrevit
3708 1023 3824 1078 inter

2268 1131 2367 1172 nos
2415 1126 2470 1173 et
2516 1117 2671 1181 illos,
2727 1116 2831 1172 fide
2878 1116 3166 1186 purificans
3209 1114 3378 1170 corda
3427 1130 3633 1172 eorum.
3697 1114 3825 1171 Nunc

2269 1223 2399 1278 ergo
2448 1209 2577 1279 quid
2627 1210 2847 1265 tentatis
2898 1208 3106 1273 Deum,
3156 1208 3441 1278 imponere
3479 1208 3656 1279 jugum
3693 1223 3825 1280 super

2270 1301 2511 1357 cervices
2539 1299 2964 1370 discipulorum,
3021 1299 3165 1372 quod
3212 1316 3392 1370 neque
3442 1308 3620 1370 patres
3661 1298 3822 1366 nostri,

2271 1409 2447 1463 neque
2485 1409 2585 1448 nos
2627 1404 2842 1464 portare
2872 1393 3184 1464 potuimus?
3235 1391 3347 1449 Sed
3379 1408 3478 1463 per
3501 1392 3710 1462 gratiam
3736 1391 3826 1446 Do-

2282 1487 2414 1541 mini
2444 1486 2571 1542 Jesu
2597 1484 2796 1542 Christi
2829 1485 3104 1542 credimus
3131 1485 3364 1552 salvari,
3411 1486 3828 1556 quemadmodum

2271 1587 2326 1636 et
2369 1579 2468 1634 illi.
2548 1579 2739 1635 Tacuit
2801 1590 2979 1636 autem
3047 1579 3225 1636 omnis
3288 1580 3598 1636 multitudo:
3656 1589 3708 1635 et
3744 1595 3828 1633 au-

2274 1672 2495 1727 diebant
2554 1673 2856 1727 Barnabam
2917 1682 2972 1729 et
3034 1673 3295 1740 Paulum,
3342 1683 3609 1729 narrantes
3647 1683 3831 1744 quanta

565 1764 662 1820 itis
707 1766 1158 1836 generationibus
1206 1765 1414 1821 dimisit
1464 1781 1658 1821 omnes
1705 1773 1896 1835 gentes
1956 1763 2168 1834 ingredi
2200 1755 2246 1816 Β
2276 1765 2416 1821 Deus
2448 1766 2669 1822 fecisset
2698 1767 2851 1838 signa
2895 1776 2948 1822 et
2989 1766 3235 1837 prodigia
3285 1767 3601 1839 iungentibus
3620 1781 3831 1838 pereas.

566 1856 680 1910 vias
725 1872 871 1913 suas.
927 1858 995 1912 Et
1031 1857 1251 1926 quidem
1301 1872 1407 1912 non
1447 1859 1564 1912 sine
1608 1858 1926 1913 testimonio
1965 1866 2167 1913 semet-

563 1949 740 2019 ipsum
764 1951 1006 2022 reliquit,
1040 1951 1384 2008 benefacieus
1408 1954 1476 2009 de
1498 1951 1658 2018 coelo,
1689 1951 1825 2006 dans
1866 1951 2076 2022 pluvias
2112 1960 2167 2008 et

567 2055 814 2114 tempora
855 2045 1166 2112 fructifera,
1216 2048 1451 2117 impiens
1497 2047 1619 2102 cibo
1667 2055 1720 2100 et
1766 2047 1950 2101 laetitia
1999 2045 2166 2102 corda

567 2147 774 2193 nostra.
821 2139 889 2194 Et
921 2139 1036 2195 haec
1064 2139 1334 2207 dicentes,
1366 2140 1454 2194 vix
1488 2139 1812 2195 sedaveruut
1833 2138 2052 2206 turbas,
2096 2153 2168 2193 ne

569 2230 671 2286 sibi
714 2232 1082 2288 immolarent.
1135 2231 1581 2301 Supervenerunt
1616 2239 1795 2286 autem
1837 2229 2057 2300 quidam
2097 2230 2165 2284 ab

569 2325 856 2381 Antiochia
909 2335 967 2381 et
1014 2325 1198 2382 lcouio
1245 2325 1450 2382 Judaei:
1503 2333 1558 2380 et
1580 2324 1860 2396 persuasis
1891 2324 2066 2380 turbis
2089 2325 2169 2379 la-

570 2417 928 2489 pidantesque
950 2417 1176 2474 Paulum
1199 2461 1212 2484 ,
1250 2428 1535 2474 traxerunt
1556 2429 1707 2475 extra
1730 2417 2028 2485 civitatem,
2051 2417 2167 2472 exi-

567 2511 852 2566 stimantes
896 2527 1020 2567 eum
1055 2521 1326 2567 mortuum
1367 2526 1510 2568 esse.
1560 2510 2035 2568 Circumdantibus
2068 2525 2166 2566 au-

566 2610 674 2659 tem
726 2620 848 2659 eum
897 2605 1202 2674 discipulis,
1249 2620 1479 2676 surgens
1513 2605 1736 2659 intravit
1765 2604 2079 2670 civitatem,
2113 2611 2168 2658 et

570 2706 789 2766 postera
833 2697 922 2753 die
955 2698 1229 2768 profectus
1270 2706 1356 2754 est
1394 2713 1521 2754 cum
1565 2698 1812 2754 Barnaba
1852 2696 2164 2753 iuDerben.

563 2788 811 2861 Cumque
841 2791 1304 2862 evangelizasseut
1332 2791 1536 2846 civitati
1573 2791 1688 2857 illi,
1751 2800 1806 2846 et
1850 2788 2167 2846 docuissent

566 2885 788 2950 multos,
834 2887 1037 2942 reversi
1088 2893 1214 2942 sunt
1257 2885 1544 2958 Lystram,
1588 2893 1644 2942 et
1661 2883 1928 2954 leonium,
1977 2892 2034 2939 et
2051 2882 2168 2938 An-

571 2974 850 3041 tiochiam,
875 2979 1264 3033 confirmantes
1289 2978 1501 3032 animas
1526 2976 1915 3048 discipulorum
1936 3017 1950 3042 ,
1972 2975 2170 3031 exhor-

571 3075 881 3136 tantesque,
923 3079 982 3123 ut
1006 3081 1392 3139 permanerent
1416 3073 1468 3126 in
1493 3071 1598 3126 fide
1635 3090 1647 3125 :
1691 3069 2028 3142 etquoniam
2071 3084 2167 3138 per

2275 1857 2340 1912 Et
2370 1871 2651 1928 postquam
2686 1868 3009 1928 tacuerunt,
3049 1859 3333 1931 respondit
3357 1860 3612 1930 Iacobus,
3640 1859 3829 1916 dicens:

2272 1951 2385 2006 Viri
2413 1951 2634 2018 fratres,
2665 1952 2849 2008 audite
2877 1969 2982 2009 me.
3031 1952 3217 2009 Simon
3252 1954 3492 2010 narravit
3520 1953 3832 2026 quemadmo-

2270 2042 2396 2098 dum
2429 2044 2661 2114 primum
2696 2045 2836 2100 Deus
2864 2045 3106 2101 visitavit
3136 2061 3354 2102 sumere
3398 2062 3467 2102 ex
3494 2045 3729 2118 gentibus
3756 2061 3832 2116 po—

2271 2138 2452 2206 pulum
2503 2137 2706 2192 nomini
2748 2153 2869 2193 suo.
2922 2137 2988 2192 Et
3023 2137 3150 2193 huic
3176 2137 3516 2194 concordant
3544 2137 3698 2193 verba
3727 2151 3829 2207 pro-

2271 2232 2589 2300 phetarum,
2642 2231 2784 2286 sicut
2829 2231 3088 2302 scriptum
3139 2241 3220 2287 est
3254 2249 3268 2286 :
3301 2232 3431 2288 Post
3457 2232 3576 2288 haec
3603 2241 3830 2298 revertar,

2272 2334 2329 2378 et
2367 2323 2708 2380 reaedifieabo
2753 2324 3163 2380 tabernaculum
3193 2325 3395 2391 David,
3451 2325 3596 2396 quod
3635 2324 3830 2380 decidit:

2271 2427 2326 2473 et
2355 2416 2532 2472 diruta
2562 2418 2682 2488 ejus
2713 2417 3080 2483 remdiﬁcabo,
3112 2426 3166 2474 et
3215 2419 3419 2490 erigam
3469 2416 3627 2474 illud:
3677 2427 3724 2472 ut
3766 2430 3835 2471 re-

2272 2510 2490 2580 quirant
2519 2511 2704 2566 caeteri
2737 2510 3016 2566 hominum
3047 2511 3334 2566 Dominum
3360 2552 3376 2578 ,
3433 2520 3488 2567 et
3514 2523 3689 2567 omnes
3721 2523 3832 2581 gen-

2273 2613 2376 2670 tes,
2423 2619 2584 2673 super
2614 2619 2748 2674 quas
2780 2605 3088 2660 invocatum
3122 2612 3205 2658 est
3236 2618 3432 2659 nomen
3466 2617 3646 2659 meum
3668 2645 3682 2667 ,
3730 2599 3834 2655 dicit

2274 2698 2532 2753 Dominus
2557 2697 2762 2754 faciens
2794 2697 2928 2753 hate.
2998 2696 3194 2753 Notum
3228 2713 3258 2753 a
3288 2697 3493 2753 szeculo
3533 2706 3613 2753 est
3641 2693 3836 2751 Domino

2272 2805 2408 2860 Opus
2447 2807 2624 2844 suum.
2691 2789 2919 2860 Propter
2950 2789 3093 2859 quod
3123 2805 3224 2860 ego
3251 2789 3462 2858 judico,
3515 2805 3622 2843 non
3668 2785 3838 2858 inquie

2275 2883 2375 2937 tari
2401 2897 2495 2938 eos
2523 2883 2614 2953 qui
2644 2898 2709 2938 ex
2737 2881 2990 2953 gentibus
3029 2891 3420 2937 convertentur
3447 2881 3515 2935 ad
3545 2880 3711 2936 Deum
3730 2921 3744 2947 ,
3765 2876 3837 2932 sed

2281 2976 2522 3030 scribere
2552 2975 2617 3028 ad
2645 2989 2769 3039 eos,
2819 2983 2881 3030 ut
2906 2974 3208 3030 abstineant
3247 2988 3309 3029 se
3339 2990 3370 3030 a
3401 2970 3838 3029 contaminationi-

2274 3068 2376 3124 bus
2432 3069 2877 3136 simulacrorum,
2935 3079 2988 3122 et
3038 3069 3414 3134 fornicatione,
3449 3078 3475 3105 ⁸
3527 3078 3582 3124 et
3635 3065 3838 3124 suﬂ'oca-

572 3157 770 3210 multas
818 3157 1200 3215 tribulatioues
1236 3171 1452 3230 oportet
1497 3176 1594 3217 nos
1626 3160 1836 3216 intrare
1869 3161 1921 3215 in
1947 3174 2170 3230 regnum
2200 3147 2246 3212 C
2287 3161 2376 3229 tis,
2426 3171 2480 3216 et
2526 3163 2805 3232 sanguine.
2871 3161 3083 3232 Moyses
3111 3160 3256 3216 enim
3310 3177 3341 3217 a
3372 3161 3708 3232 temporibus
3731 3159 3838 3213 anti-

569 3247 690 3303 Dei.
736 3248 948 3304 Etcum
973 3255 1384 3308 constituissent
1407 3255 1510 3308 illis
1531 3271 1627 3324 per
1647 3254 1886 3326 singulas
1907 3254 2168 3310 ecclesias

573 3340 948 3411 presbyteros,
996 3353 1050 3398 et
1083 3354 1332 3400 orassent
1354 3362 1475 3400 cum
1500 3347 1948 3416 jejunationibus,
2015 3362 2166 3402 com-

567 3431 961 3488 meudaverunt
1005 3449 1098 3490 eos
1147 3436 1417 3502 Domino,
1478 3438 1531 3491 in
1581 3453 1744 3508 quem
1799 3439 2166 3494 crediderunt.

571 3525 1054 3596 Transeuntesque
1084 3526 1339 3582 Pisidiam
1361 3569 1375 3593 ,
1400 3539 1671 3584 venerunt
1694 3533 1746 3584 in
1767 3530 2167 3600 Pamphyliam,

573 3626 635 3672 et
673 3617 957 3689 loquentes
997 3619 1222 3675 verbum
1270 3620 1482 3674 Domini
1542 3620 1594 3674 in
1636 3621 1824 3692 Perge,
1867 3621 2164 3678 descende-

569 3719 699 3766 runt
723 3712 775 3766 in
800 3711 1086 3768 Attaiiam:
1136 3721 1194 3768 et
1223 3711 1347 3767 inde
1373 3713 1760 3782 navigaverunt
1798 3713 2166 3780 Antiochiam,

564 3802 708 3859 unde
730 3815 886 3860 erant
909 3805 1095 3860 traditi
1117 3806 1306 3875 gratiae
1334 3805 1424 3860 Dei
1454 3846 1467 3868 ,
1514 3805 1566 3860 in
1591 3820 1726 3874 opus
1749 3805 1893 3876 quod
1927 3805 2172 3874 comple-

574 3906 791 3951 vcrunt.
871 3898 1007 3953 Cum
1073 3909 1254 3954 autem
1311 3901 1619 3968 venissent,
1661 3909 1716 3956 et
1748 3909 2174 3971 congregassent

564 3989 875 4054 ecclesiam,
909 3992 1218 4047 retulerunt
1247 4004 1448 4063 quanta
1479 3993 1696 4050 fecisset
1723 3995 1864 4049 Deus
1887 4009 2012 4049 cum
2041 3995 2167 4064 illis,

563 4087 623 4135 et
659 4081 785 4150 quia
823 4083 1164 4151 aperuissent
1197 4087 1448 4154 gentibus
1494 4089 1698 4142 ostium
1751 4086 1894 4142 fidei.
1970 4087 2161 4142 Morati

569 4186 695 4229 sunt
715 4183 897 4229 autem
924 4185 1140 4245 tempus
1161 4192 1272 4232 non
1297 4178 1570 4233 modicum
1595 4197 1715 4234 cum
1741 4180 2045 4250 discipulis.

643 4264 798 4336 [ϐαρ.
824 4265 968 4336 Χν.’1
1002 4267 1066 4321 Et
1092 4267 1310 4338 quidam
1333 4270 1731 4326 descendentes
1753 4273 1821 4328 de
1840 4272 2046 4340 Judaza,
2075 4273 2173 4328 do-

565 4357 760 4413 cebaut
781 4357 1013 4414 fratres:
1058 4360 1193 4426 Quia
1237 4360 1340 4416 nisi
1381 4362 1844 4420 circumcidamini
1870 4367 2169 4421 secundum

569 4464 780 4505 morem
805 4450 1012 4522 Moysi,
1039 4465 1147 4506 non
1175 4452 1402 4523 potestis
1423 4454 1642 4510 salvari.
1685 4454 1850 4511 Facta
1877 4472 2005 4526 ergo
2026 4457 2172 4514 sedi-

2275 3252 2397 3324 quis
2443 3253 2603 3309 habet
2648 3254 2701 3308 in
2740 3253 2966 3323 singulis
3009 3254 3323 3310 civitatibus
3368 3255 3458 3326 qui
3493 3254 3778 3325 praedicent
3801 3253 3838 3305 in

2283 3347 2597 3418 synagogis,
2644 3347 2733 3402 ubi
2787 3363 2880 3417 per
2923 3362 3088 3404 omne
3127 3347 3410 3403 sabbatum
3449 3348 3666 3420 legitur.
3719 3347 3838 3403 Tunc

2273 3438 2480 3507 placuit
2533 3439 2823 3508 apostolis,
2885 3449 2938 3493 et
2964 3439 3266 3495 senioribus
3295 3454 3416 3494 cum
3442 3441 3591 3496 omni
3619 3438 3838 3502 ecclesia,

2275 3532 2476 3603 eligere
2517 3534 2666 3587 viros
2708 3548 2774 3587 ex
2820 3533 2934 3598 eis,
2992 3543 3046 3587 et
3095 3533 3308 3588 mittere
3359 3532 3700 3588 Antiochiam
3742 3544 3838 3584 cum

2282 3626 2452 3681 Paulo
2481 3636 2534 3682 et
2566 3626 2832 3691 Barnaba,
2859 3625 3050 3682 ludam
3070 3669 3083 3693 ,
3116 3627 3207 3696 qui
3235 3626 3718 3695 cognominabatur
3742 3623 3838 3678 Bar-

2274 3717 2452 3782 sabas,
2495 3728 2550 3773 et
2580 3718 2768 3784 Silam,
2810 3719 2957 3774 viros
2990 3719 3193 3790 primos
3217 3719 3270 3772 in
3295 3717 3582 3784 fratribus,
3623 3716 3836 3773 scriben‘

2275 3817 2356 3866 tes
2383 3825 2482 3881 per
2515 3827 2703 3868 manus
2729 3827 2943 3868 eorum.

2343 3904 2644 3974 Aros'rou,
2695 3913 2749 3960 et
2775 3905 3019 3959 seniores
3051 3902 3266 3972 fratres,
3314 3905 3422 3972 his,
3480 3903 3572 3974 qui
3602 3912 3722 3959 sunt
3749 3902 3836 3956 An-

2273 4000 2487 4055 tiochire
2519 4041 2532 4064 ,
2587 4009 2643 4054 et
2685 3998 2887 4071 Syriae,
2941 4009 2994 4054 et
3021 3998 3262 4067 Cilicize,
3315 3997 3571 4054 fratribus
3595 4013 3664 4053 ex
3693 3993 3835 4066 genti.

2280 4091 2404 4157 bus,
2437 4091 2688 4146 salutem.
2743 4090 3005 4159 Quoniam
3034 4090 3339 4145 audivimus
3359 4133 3374 4156 ,
3408 4091 3532 4159 quia
3560 4089 3763 4161 quidam
3783 4098 3835 4139 cx

2276 4185 2432 4241 nobis
2463 4193 2726 4240 exeuntes
2746 4225 2760 4252 ,
2796 4185 3143 4239 turbaverunt
3175 4200 3270 4239 vos
3299 4185 3514 4250 verbis,
3559 4191 3832 4241 evertentes

2273 4281 2480 4334 animas
2521 4286 2776 4346 vestras,
2816 4278 3012 4348 quibus
3055 4294 3162 4333 non
3210 4279 3619 4335 mandavimus:
3668 4273 3834 4346 placuit

2273 4373 2431 4428 nobis
2461 4374 2706 4428 collectis
2751 4374 2804 4427 in
2837 4389 3036 4438 unum,
3088 4374 3288 4444 eligere
3327 4375 3498 4443 viros,
3555 4386 3607 4432 et
3644 4374 3832 4428 mittere

2275 4466 2342 4520 ad
2391 4482 2511 4535 vos,
2563 4481 2686 4520 cum
2715 4465 3054 4522 cbarissimis
3086 4467 3285 4522 nostris
3311 4467 3560 4523 Barnaba
3594 4476 3645 4523 et
3672 4464 3831 4524 PauIO.

561 4546 711 4601 tione
753 4562 862 4601 non
897 4546 1122 4602 minima
1163 4546 1332 4603 Paulo
1358 4555 1414 4604 et
1445 4549 1708 4605 Barnabas
1738 4550 2000 4606 adversus
2021 4552 2162 4619 illos,
2194 4537 2244 4598 ί)
2270 4557 2605 4627 hominibus,
2635 4559 2724 4629 qui
2749 4557 3093 4613 tradiderunt
3121 4559 3328 4614 animas
3360 4574 3493 4614 suas
3520 4573 3613 4632 pro
3637 4555 3833 4611 nomine

566 4647 872 4695 statuerunt
918 4649 976 4696 ut
1020 4641 1383 4698 ascenderent
1429 4642 1630 4700 Paulus
1676 4653 1731 4701 et
1776 4645 2073 4714 Barnabas,
2113 4656 2166 4702 ct

565 4732 785 4801 quidam
834 4733 925 4790 alii
961 4749 1032 4790 ex
1070 4735 1212 4800 aliis,
1255 4735 1322 4790 ad
1345 4737 1620 4806 apostolos
1639 4746 1694 4793 et
1724 4737 2082 4811 Presbyteros
2111 4741 2166 4795 in

564 4825 870 4884 Jerusalem
890 4870 904 4894 ,
951 4842 1118 4900 super
1148 4828 1249 4884 hac
1275 4829 1598 4900 quaestione.
1674 4831 1754 4886 llli
1783 4847 1914 4904 ergo
1945 4831 2166 4889 deducti

563 4917 632 4972 ab
676 4919 953 4989 ecclesia,
1023 4921 1436 4990 pertransibant
1501 4921 1796 4979 Phoenicen
1863 4931 1919 4982 et
1974 4923 2166 4982 Sama-

565 5008 729 5078 riam,
787 5023 1074 5070 narrantes
1127 5015 1544 5072 conversionem
1592 5015 1874 5087 gentium:
1919 5025 1974 5073 et
2002 5017 2172 5074 facie-

566 5103 698 5160 bant
725 5106 983 5176 gaudium
1013 5123 1271 5180 magnum
1301 5109 1556 5166 omnibus
1586 5109 1866 5166 fratribus.
1911 5111 2046 5167 Cum
2077 5127 2172 5168 au-

573 5201 680 5251 tem
708 5199 990 5256 venissent
1014 5200 1432 5276 Jerosolymam,
1462 5205 1701 5275 suscepti
1726 5213 1857 5260 sunt
1886 5205 1955 5261 ab
1985 5205 2170 5262 eccle-

559 5287 678 5357 sia,
737 5301 793 5345 et
839 5291 905 5346 ab
945 5293 1242 5364 apostolis,
1297 5305 1354 5350 et
1406 5295 1736 5363 senioribus,
1785 5297 2172 5354 annuntiantes

557 5389 760 5451 quanta
793 5382 940 5439 Deus
968 5383 1189 5441 fecisset
1211 5400 1334 5442 cum
1363 5387 1490 5442 illis.
1565 5387 1939 5446 Surrexeruut
1983 5400 2164 5448 autem

553 5473 863 5542 quidam“
885 5476 1086 5534 haeresi
1118 5477 1640 5552 pbariszcornm,qui
1665 5482 2046 5550 crediderunt,
2079 5483 2166 5538 di-

553 5573 780 5621 centes:
811 5567 947 5635 Quia
975 5577 1197 5638 oportet
1226 5571 1542 5628 circumcidi
1564 5589 1681 5643 eos,
1712 5575 2010 5646 praecipere
2033 5589 2167 5646 quo-

633 5688 659 5715 ι
695 5679 832 5735 illud
865 5693 911 5761 et
958 5683 1226 5761 stt/[acutis
1255 5694 1509 5761 _te_statur
1566 5697 1752 5745 noster
1802 5688 2161 5761 Hieronymus

2269 4650 2482 4706 Domini
2517 4650 2688 4706 nostri
2723 4650 2850 4707 Jesu
2897 4650 3122 4706 Christi.
3176 4650 3423 4709 Misimus
3447 4665 3575 4724 ergo
3595 4648 3768 4708 ludam
3790 4653 3834 4702 et

2269 4741 2477 4811 Silam,
2532 4743 2627 4812 qui
2674 4752 2730 4797 et
2778 4742 2884 4812 ipsi
2939 4743 3098 4800 vobis
3146 4744 3328 4801 verbis
3376 4744 3617 4804 referent
3651 4740 3828 4800 eadem.

2271 4833 2460 4889 Visum
2489 4842 2574 4889 est
2599 4835 2747 4890 enim
2778 4834 3007 4906 Spiritui
3033 4845 3245 4902 sancto,
3295 4844 3352 4894 et
3400 4839 3583 4903 nobis,
3624 4834 3745 4892 nihil
3767 4830 3833 4888 ul-

2269 4934 2355 4982 tra
2387 4926 2670 4998 imponere
2697 4927 2852 4983 vobis
2876 4927 3062 4984 oneris
3090 4943 3251 4999 quam
3281 4927 3400 4986 haec
3430 4930 3750 4986 necessaria:
3787 4931 3831 4977 ut

2272 5017 2590 5075 abstinentia
2627 5033 2725 5075 vos
2754 5019 2824 5077 ab
2855 5020 3147 5077 immolatis
3182 5021 3621 5090 simulacrorum,
3663 5027 3712 5076 et
3729 5029 3829 5074 san-

2271 5110 2455 5181 guine,
2509 5119 2566 5167 et
2603 5111 2886 5182 suii'ocato,
2940 5121 2998 5170 et
3035 5113 3430 5184 fornicatione;
3486 5131 3517 5170 a
3547 5115 3728 5187 quibus
3751 5122 3826 5164 cu-

2273 5201 2576 5258 stodientes
2613 5218 2732 5274 vos,
2791 5204 2932 5262 bene
2964 5206 3153 5278 agetis.
3231 5205 3445 5264 Valete.
3501 5207 3586 5264 Illi
3619 5218 3734 5277 ergo
3752 5199 3826 5262 idi-

2274 5293 2459 5361 missi,
2529 5294 2930 5353 descenderunt
2992 5297 3373 5356 Antiochiam:
3441 5309 3500 5357 et
3546 5300 3826 5372 congrua!la

2273 5387 2642 5456 multitudine,
2671 5390 3008 5446 tradiderunt
3040 5391 3355 5463 epistolam.
3429 5391 3606 5460 Quam
3633 5403 3740 5446 cum
3764 5384 3826 5439 le-

2269 5479 2496 5550 gissent,
2520 5482 2693 5551 gavisi
2721 5492 2848 5539 sunt
2875 5497 3041 5554 super
3063 5483 3465 5542 consolatione.
3499 5484 3662 5544 ludas
3685 5488 3822 5538 autem

2271 5585 2327 5632 et
2359 5576 2532 5644 Silas,
2587 5588 2640 5634 et
2684 5579 2787 5650 ipsi
2817 5594 2942 5636 cum
2975 5587 3159 5636 essent
3205 5581 3513 5652 prophetas,
3566 5579 3721 5637 verbo
3738 5570 3822 5646 plu:

2270 5701 2401 5765 quot
2437 5699 2643 5765 tantum
2693 5693 3093 5765 exemplaribus
3133 5693 3376 5764 Latinis;
3418 5705 3548 5756 sunt
3589 5703 3748 5752 autem
3779 5693 3820 5742 et

551 5744 867 5806 Carnem.
896 5754 948 5807 in
971 5744 1225 5821 Epist.“
1237 5751 1465 5812 Galatas
1490 5772 1610 5828 cap.
1637 5744 1958 5828 nivei-5,71,
1984 5744 2038 5816 in
2064 5744 2152 5816 aii?
2255 5744 3710 5836 Graecaquedam—optiquiudicaui-illud
