3920 6200
105 290 202 347 709

1132 283 1363 338 .LIBEB
1403 277 1692 338 ACTUUM
1730 277 2267 342 APOSTOLORUM.

3254 292 3360 346 7l0

102 404 234 456 rimo
290 399 532 456 consolati
591 407 709 452 sunt
769 397 995 463 fratres,
1067 406 1121 452 et
1166 395 1646 453 conﬁrmaverunt.
1675 393 1914 456 Anobis
1954 402 2022 456 ad
2063 402 2392 469 orationem,
2454 403 2689 472 puellam
2739 405 3027 476 quamdam
3071 405 3360 461 habentem

103 494 258 548 Facto
303 504 466 546 autem
515 491 584 545 ibi
633 489 899 561 aliquanto
951 499 1217 560 tempore,
1265 489 1476 545 dimissi
1527 498 1654 544 sunt

97 602 208 640 eum
239 599 362 653 pace
387 599 414 637 a
445 582 722 648 fratribus,
756 583 820 636 ad
847 596 942 636 eos
969 581 1059 652 qui
1091 583 1352 637 miserant
1383 581 1522 636 illos.
1561 579 1654 635 Vi-

96 695 202 734 sum
230 688 305 734 est
333 689 506 732 autem
539 677 659 732 Sil:e
692 676 761 730 ibi
791 691 1105 731 remanere:
1163 675 1329 730 Judas
1361 685 1539 729 autem
1566 688 1655 728 so-

95 774 169 826 lus
197 769 320 825 abiit
345 768 664 824 Jerusalem.
718 768 914 822 Paulus
939 778 1120 822 autem
1154 777 1206 821 et
1235 767 1510 820 Barnabas
1564 765 1655 819 de—

94 861 423 919 morabantur
451 861 750 916 Antiochia:
776 906 789 929 ,
844 859 1133 924 docentes,
1185 868 1238 912 et
1280 857 1654 929 evangelizan-

94 967 165 1011 tes
191 971 304 1009 cum
327 953 448 1009 aliis
480 953 722 1022 pluribus
748 953 973 1008 verbum
1006 952 1240 1006 Domini.
1299 951 1426 1006 Post
1454 951 1658 1019 aliquot

92 1059 249 1102 autem
276 1046 410 1111 dies,
441 1045 575 1100 dixit
601 1045 664 1100 ad
687 1045 989 1101 Barnabam
1019 1045 1219 1099 Paulus
1248 1063 1260 1096 :
1294 1043 1656 1098 Revertentes

91 1139 345 1195 visitetnus
377 1137 579 1193 fratres
608 1152 705 1206 per
733 1136 1015 1191 universas
1046 1137 1324 1202 civitates,
1373 1135 1429 1189 in
1459 1134 1656 1204 quibus

92 1231 480 1301 praedicavimus
508 1230 726 1286 verbum
752 1228 988 1296 Domini,
1021 1227 1295 1300 quomodo
1315 1243 1377 1283 se
1400 1227 1652 1283 habeant.

95 1327 340 1384 Barnabas
374 1336 552 1384 autem
586 1328 802 1384 volebat
845 1343 1030 1384 secum
1079 1341 1354 1383 assumere
1400 1337 1456 1383 et
1493 1325 1657 1383 Joan-

95 1438 228 1488 nem,
278 1426 367 1493 qui
419 1422 908 1494 cognominabatur
948 1422 1184 1478 Marcus.
1244 1420 1444 1474 Paulus
1474 1429 1655 1476 autem

98 1515 293 1586 rogabat
320 1529 442 1570 eum
495 1514 577 1585 (ut
607 1515 696 1584 qui
724 1514 1066 1570 discessisset
1090 1513 1160 1569 ab
1187 1514 1266 1569 eis
1293 1513 1360 1568 de
1388 1512 1658 1584 Pamphy-

94 1606 175 1672 lia,
217 1615 267 1662 et
294 1621 398 1660 non
435 1607 567 1662 isset
601 1621 720 1662 cum
751 1609 829 1661 eis
858 1607 910 1661 in
942 1605 1103 1676 opus)
1152 1620 1262 1660 non
1315 1605 1516 1662 debere
1569 1619 1659 1661 re-

97 1700 199 1770 cipi.
253 1699 412 1755 Facta
451 1710 536 1755 est
571 1707 755 1755 autem
796 1698 1085 1764 dissensio,
1127 1700 1196 1754 ita
1225 1708 1285 1754 ut
1309 1698 1656 1754 discederent

1756 493 2002 564 spiritum
2031 493 2328 565 Pythonem
2361 493 2584 551 obviare
2608 495 2783 563 nobis,
2809 512 2929 565 quae
2956 507 3219 568 qumslum
3251 514 3365 553 ma-

1756 600 1919 656 gnum
1953 587 2244 656 praestabat
2267 586 2504 644 dominis
2531 587 2644 644 suis
2663 589 2980 644 divinando.
3014 590 3139 646 llaec
3167 591 3363 646 subse-

1757 687 1879 731 cuta
1909 676 2158 746 Paulum,
2191 686 2247 734 et
2276 695 2396 748 nos,
2432 679 2703 736 clamabat
2729 680 2914 737 dicens
2944 698 2957 735 :
2991 681 3082 736 Isti
3118 680 3366 736 homines

1759 771 1898 824 servi
1952 769 2046 824 Dei
2089 770 2290 826 excelsi
2342 782 2489 838 sunt,
2545 772 2633 842 qui
2684 774 3008 828 annuntiant
3038 773 3190 828 vobis
3221 773 3362 829 viam

1757 862 1970 917 salutis.
2002 863 2114 918 lloc
2136 873 2314 919 autem
2345 862 2578 920 faciebat
2597 866 2779 921 multis
2801 866 3014 922 diebus.
3042 868 3238 924 Dolens
3270 885 3365 924 au-

1761 963 1867 1011 tem
1899 956 2118 1023 Paulus,
2161 967 2216 1014 et
2246 974 2565 1026 conversus,
2610 962 2825 1032 Spiritui
2871 963 3001 1018 dixit
3037 979 3053 1018 :
3097 963 3364 1034 Ρτωοίνὶο

1759 1048 1855 1104 tibi
1880 1049 1932 1103 in
1965 1050 2187 1105 nomine
2211 1051 2338 1106 Jesu
2367 1053 2566 1108 Christi
2600 1055 2751 1109 exire
2779 1055 2847 1109 ab
2873 1072 2957 1110 ea.
2993 1055 3060 1110 Et
3103 1057 3243 1111 exiit
3274 1072 3366 1112 ea-

1759 1140 1882 1197 dem
1917 1141 2073 1199 hora.
2114 1143 2370 1202 Videntes
2398 1155 2578 1202 autem
2613 1148 2818 1202 domini
2848 1150 2986 1220 ejus,
3028 1149 3155 1220 quia
3198 1151 3368 1206 exivit

1759 1247 1885 1302 spes
1910 1247 2148 1304 quastus
2174 1252 2384 1304 eorum,
2412 1239 2888 1310 apprehendentes
2938 1241 3166 1297 Paulum
3203 1253 3253 1298 et
3282 1243 3363 1299 Si—

1759 1327 1865 1383 lam
1901 1330 2276 1400 perduxerunt
2310 1332 2364 1387 in
2396 1333 2570 1390 forum
2617 1336 2683 1390 ad
2717 1336 3011 1406 principes,
3046 1346 3101 1392 et
3132 1336 3366 1392 offeren—

1761 1429 1843 1478 tes
1863 1437 1957 1478 eos
1989 1424 2393 1495 magistratibus
2422 1426 2680 1483 dixerunt
2715 1446 2726 1481 :
2761 1428 2823 1482 lli
2867 1428 3115 1484 homines
3143 1438 3367 1484 contur-

1761 1513 1890 1569 bant
1918 1513 2191 1572 civitatetn
2220 1526 2482 1585 nostram,
2513 1532 2632 1572 cum
2660 1519 2770 1573 sint
2805 1518 2977 1574 ειυόωί
3015 1538 3028 1573 :
3065 1529 3119 1574 et
3148 1536 3361 1574 annun-

1761 1607 1896 1662 tiant
1935 1623 2162 1677 morem,
2197 1625 2353 1680 quem
2386 1625 2493 1665 non
2526 1612 2650 1666 licet
2681 1611 2836 1667 nobis
2863 1612 3166 1682 suscipere,
3195 1627 3369 1682 neque

1763 1701 1960 1766 facere,
1994 1718 2115 1758 cum
2146 1703 2315 1759 simus
2340 1704 2596 1760 Romani.
2633 1706 2699 1759 Et
2725 1711 2967 1761 cucurrit
2995 1707 3148 1776 plebs
3179 1707 3371 1761 adver—

95 1793 148 1849 ab
183 1793 438 1860 invicem,
485 1804 541 1849 et
583 1794 859 1850 Barnabas
903 1794 1119 1864 quidem
1160 1803 1440 1864 assumpto
1470 1792 1650 1848 Marco
1676 1784 1728 1848 Β
1755 1807 1846 1846 sus
1876 1808 1975 1849 eos
2009 1810 2022 1846 :
2058 1804 2112 1850 et
2141 1797 2507 1866 magistratus,
2549 1797 2735 1852 scissis
2770 1798 2964 1852 tunicis
3005 1813 3222 1866 eorum,
3250 1799 3366 1868 jus-

96 1887 337 1958 navigaret
363 1887 621 1960 Cyprum.
687 1886 888 1942 Paulus
931 1901 1061 1942 vero
1105 1886 1280 1941 electo
1319 1885 1430 1942 Sila
1476 1883 1654 1955 profe-

92 1991 188 2034 ctus
210 1988 315 2045 est,
366 1979 597 2034 traditus
626 1979 814 2049 gratiae
843 1978 940 2034 Dei
970 1993 998 2031 a
1028 1976 1312 2033 fratribus.
1357 1976 1650 2032 Perambu-

92 2073 212 2128 labat
232 2081 403 2127 autem
432 2071 674 2144 Syriam,
732 2080 788 2126 et
813 2069 1081 2140 Ciliciam,
1126 2070 1454 2127 confirmans
1482 2069 1656 2124 eccle-

100 2168 214 2226 sias:
260 2167 582 2238 praecipiens
621 2165 896 2223 custodire
933 2173 1204 2237 prmcepta
1245 2164 1652 2237 Apostolorum,

96 2268 138 2313 et
157 2260 432 2315 seniorum.

146 2348 282 2422 lCap.
299 2350 469 2424 XVM
490 2351 744 2409 Pervenit
769 2360 947 2407 autem
972 2351 1210 2418 Derben,
1227 2359 1283 2407 et
1304 2351 1572 2422 Lystram.
1593 2349 1659 2404 Et

98 2458 199 2500 ecce
221 2443 522 2516 discipulus
553 2444 770 2515 quidam
797 2453 912 2500 erat
952 2443 1025 2498 ibi
1055 2443 1275 2498 nomine
1314 2443 1656 2509 Timotheus,

93 2536 209 2594 filius
241 2539 486 2595 mulieris
528 2547 554 2576 α
597 2537 798 2593 Judaeze
835 2536 1046 2601 ﬁdelis,
1094 2546 1247 2608 patre
1280 2536 1486 2608 gentili.
1526 2535 1660 2591 lluic

95 2631 432 2687 testimonium
462 2631 669 2686 bonum
697 2629 1020 2698 reddebant,
1051 2631 1145 2701 qui
1177 2632 1230 2686 in
1261 2629 1472 2702 Lystris
1503 2638 1661 2685 erant

91 2735 132 2780 et
173 2726 340 2782 lconio
384 2729 609 2781 fratres.
686 2725 838 2779 Hunc
876 2723 1046 2779 voluit
1078 2725 1273 2780 Paulus
1309 2739 1492 2780 secum
1537 2738 1662 2792 pro-

96 2818 269 2874 licisci:
311 2828 364 2874 et
396 2832 692 2874 assumens
729 2815 1070 2872 circumcidit
1095 2831 1253 2880 eum,
1307 2823 1526 2886 propter
1568 2813 1662 2870 Ju-

93 2909 215 2967 daeos
237 2914 321 2982 qui
352 2922 521 2970 erant
546 2912 601 2966 in
630 2910 739 2966 illis
765 2909 924 2965 locis.
994 2909 1250 2966 Sciebant
1286 2909 1429 2964 enim
1470 2922 1662 2962 omnes

88 3005 204 3073 quod
230 3017 376 3076 pater
419 3004 540 3076 ejus
565 3012 684 3059 erat
709 3002 948 3074 gentilis.
997 2998 1131 3056 Cum
1169 3010 1352 3056 autem
1386 3009 1662 3070 pertrans-

91 3096 210 3153 irent
252 3099 568 3165 civitatem,
617 3095 908 3152 tradebant
943 3096 1022 3151 eis
1059 3094 1333 3150 custodire
1383 3093 1657 3164 dogmata,

1757 1898 1945 1942 serunt
1975 1902 2073 1942 eos
2102 1887 2266 1957 virgis
2289 1889 2440 1943 ctedi.
2478 1889 2542 1944 Et
2569 1905 2690 1944 cum
2719 1891 2916 1946 multas
2940 1891 3124 1962 plagas
3156 1894 3236 1946 eis
3263 1889 3367 1944 im-

1757 1980 2088 2048 posuissent,
2128 1981 2394 2035 miserunt
2423 1996 2519 2035 eos
2550 1983 2604 2035 in
2647 1997 2948 2051 carcerem,
2994 1982 3374 2052 praecipientes

1757 2071 2008 2138 custodi,
2045 2072 2118 2126 'ut
2147 2069 2435 2142 diligenter
2479 2073 2782 2128 custodiret
2809 2089 2926 2129 eos.
2969 2074 3072 2142 Qui
3103 2089 3228 2130 cum
3263 2074 3372 2130 tale

1759 2175 2090 2235 praeceptum
2121 2166 2443 2235 accepisset,
2476 2168 2618 2222 misit
2654 2183 2748 2224 eos
2791 2169 2842 2222 in
2891 2169 3205 2225 interiorem
3249 2185 3369 2224 car—

1759 2271 1964 2322 cerem,
2004 2268 2061 2312 et
2090 2258 2253 2327 pedes
2293 2274 2479 2314 eorum
2529 2259 2749 2314 strinxit
2780 2260 2948 2330 ligno.
2983 2261 3154 2315 Media
3189 2274 3369 2315 autem

1761 2361 1942 2419 nocte,
1976 2352 2174 2407 Paulus
2215 2361 2270 2408 et
2311 2354 2452 2409 Silas
2482 2364 2722 2420 orantes,
2754 2354 3052 2408 laudabant
3082 2354 3250 2408 Deum
3281 2371 3292 2408 :
3319 2363 3374 2408 et

1760 2444 2048 2500 audiebant
2089 2461 2204 2512 eos,
2241 2448 2332 2516 qui
2382 2446 2434 2500 in
2490 2447 2732 2501 custodia
2772 2456 2948 2501 erant.
3001 2447 3196 2502 Subito
3245 2462 3374 2502 vero

1764 2546 2104 2594 terrremotus
2129 2536 2303 2593 factus
2322 2548 2405 2595 est
2429 2554 2676 2609 magnus,
2707 2540 2776 2594 ita
2802 2551 2860 2594 ut
2885 2549 3236 2596 moverentur
3258 2541 3377 2596 fun-

1762 2628 2014 2687 damenta
2033 2631 2298 2688 carceris.
2329 2631 2396 2686 Et
2418 2636 2596 2687 statim
2621 2643 2812 2704 aperta
2832 2642 2961 2690 sunt
2988 2635 3168 2690 omnia
3197 2635 3332 2690 ostia
3357 2651 3372 2690 :

1763 2730 1819 2778 et
1859 2723 2240 2780 universorum
2274 2724 2486 2779 vincula
2529 2726 2706 2780 soluta
2749 2734 2896 2780 sunt.
2939 2725 3372 2797 Expergefactus

1763 2825 1942 2872 autem
1972 2827 2156 2874 custos
2186 2815 2447 2882 carceris,
2483 2828 2536 2872 et
2565 2818 2754 2874 videns
2773 2818 2969 2888 januas
2998 2829 3215 2889 apertas
3250 2834 3377 2874 car-

1763 2910 1924 2975 ceris,
1954 2911 2240 2981 evaginato
2267 2910 2449 2980 gladio
2502 2910 2717 2965 volebat
2765 2927 2825 2966 se
2869 2911 3198 2977 interficere,
3228 2912 3377 2966 aesti-

1765 3017 1920 3057 mans
1957 3002 2160 3073 fugisse
2198 3003 2432 3058 vinctos.
2464 3000 2734 3057 Clamavit
2783 3016 2963 3058 autem
3017 3003 3216 3058 Paulus
3245 3018 3378 3058 voce

1765 3111 1982 3168 magna,
2020 3095 2256 3152 dicens:
2317 3095 2461 3152 Nihil
2528 3097 2618 3151 tibi
2674 3097 2800 3152 mali
2845 3096 3081 3153 feceris:
3141 3097 3380 3154 universi

93 3205 190 3258 qua:
232 3201 383 3246 erant
438 3164 655 3246 decreta
709 3191 778 3244 ab
810 3189 1084 3260 Apostolis
1114 3197 1169 3244 et
1202 3189 1532 3257 senioribus,
1570 3188 1661 3260 qui
1688 3164 1736 3230 ο
1768 3164 1914 3246 enim
1946 3164 2037 3245 hic
2063 3204 2268 3244 sumus.
2299 3189 2588 3258 Petitoque
2618 3191 2842 3256 lumine,
2876 3190 3240 3262 introgressus
3265 3198 3376 3245 est:

101 3294 227 3340 erant
247 3285 628 3356 Jerosolymis.
667 3283 734 3338 Et
755 3283 1001 3339 ecclesia:
1023 3283 1242 3354 quidem
1265 3283 1666 3339 confirmaban-

99 3384 165 3432 tur
183 3378 300 3444 ﬁde,
344 3389 406 3434 et
429 3376 780 3433 abundabant
803 3391 1030 3431 numero
1051 3375 1316 3447 quotidie.
1348 3376 1632 3432 Transeun
1650 3407 1666 3416 -

104 3479 169 3526 tes
196 3482 366 3528 autem
396 3471 692 3543 Phrygiam
717 3509 732 3536 ,
772 3478 828 3526 et
869 3469 1097 3525 Galatiae
1145 3469 1420 3541 regionem
1445 3513 1460 3538 ,
1507 3468 1669 3524 velati

104 3573 205 3618 sunt
242 3580 271 3619 a
315 3565 527 3635 Spiritu
574 3573 762 3618 saneto
801 3563 950 3634 loqui
998 3563 1226 3618 verbum
1274 3563 1370 3619 Dei
1417 3564 1470 3618 in
1513 3562 1667 3622 Asia.

99 3652 206 3711 Cum
235 3660 515 3714 venissent
559 3669 740 3714 autem
773 3657 826 3711 in
864 3656 1110 3727 Mysiam,
1162 3656 1442 3711 tentabant
1487 3655 1566 3711 ire
1617 3655 1671 3710 in

102 3747 372 3822 Bithyniam
404 3768 417 3804 :
449 3760 503 3806 et
545 3766 651 3805 non
687 3750 929 3819 permisit
960 3764 1055 3804 eos
1091 3749 1312 3819 spiritus
1343 3749 1498 3804 Jesu.
1537 3749 1672 3804 Cum

103 3855 251 3901 autem
288 3846 717 3917 pertransissent
761 3843 1004 3916 Mysiam,
1057 3843 1459 3899 descenderunt
1508 3841 1676 3897 Troa-

103 3937 243 3994 dem:
285 3952 339 3997 et
372 3941 511 3996 visio
559 3955 656 4011 per
701 3948 917 3994 noctem
951 3939 1118 3993 Paulo
1164 3948 1378 3994 ostensa
1409 3947 1491 3992 est
1537 3957 1550 3993 :
1581 3937 1678 3993 Vir

107 4037 296 4096 Macedo
325 4039 546 4112 quidam
581 4048 697 4094 erat
729 4049 898 4106 stans,
933 4046 987 4092 et
1012 4037 1316 4106 deprecans
1346 4050 1493 4103 eum,
1524 4042 1578 4089 et
1598 4032 1680 4089 di-

108 4133 562 4189 censzTransiens
589 4133 640 4186 in
672 4130 1066 4195 Macedoniam,
1098 4129 1182 4199 adj
1197 4143 1297 4184 uva
1329 4142 1449 4182 nos.
1489 4126 1556 4182 Ut
1584 4141 1680 4181 au-

110 4230 196 4277 tem
221 4227 392 4280 visum
424 4223 575 4288 vidit,
604 4225 783 4278 statim
813 4223 1155 4293 quaesivimus
1187 4219 1461 4292 proficisci
1485 4220 1536 4274 in
1566 4218 1680 4273 Ma-

109 4317 385 4388 cedoniam,
425 4320 562 4375 certi
597 4318 722 4374 facti
753 4317 895 4388 quod
925 4327 1174 4372 vocasset
1210 4331 1310 4371 nos
1342 4317 1484 4373 Deus
1514 4331 1683 4372 evan-

111 4411 319 4477 gelizare
345 4413 441 4467 eis.
474 4412 795 4481 Navigantes
817 4420 997 4466 autem
1028 4427 1057 4465 a
1080 4409 1314 4478 Troade,
1347 4419 1498 4467 recto
1521 4425 1685 4466 cursu

114 4507 334 4562 venimus
376 4507 825 4573 Samothraciam,
869 4516 924 4562 et
953 4507 1195 4577 sequenti
1241 4506 1329 4560 die
1358 4504 1634 4577 Neapolim
1667 4522 1682 4573 ;

117 4604 161 4649 et
189 4598 306 4654 inde
332 4599 631 4669 Philippos,
677 4616 796 4670 qua:
828 4609 910 4654 est
943 4601 1114 4668 prima
1157 4599 1325 4669 partis
1355 4599 1686 4655 Macedoniae

119 4689 303 4757 civitas,
343 4693 573 4748 colonia.
615 4691 844 4746 Eramus
889 4700 1068 4746 autem
1104 4692 1155 4745 in
1201 4691 1304 4746 hac
1333 4691 1464 4746 urbe
1497 4689 1688 4748 diebus

119 4783 318 4853 aliquot,
346 4785 710 4842 conferentes.
761 4784 855 4838 Die
885 4792 1060 4838 autem
1095 4785 1451 4840 sabbatorum
1483 4786 1688 4856 egressi

120 4890 283 4935 sumus
304 4881 444 4935 foras
469 4890 678 4950 portam
710 4875 860 4947 juxta
887 4875 1111 4944 ﬂumen,
1141 4879 1228 4933 ubi
1259 4878 1543 4934 videbatur
1571 4895 1694 4936 ora-

122 4969 186 5022 tio
206 4985 314 5025 esse
346 4989 360 5026 :
411 4978 466 5026 et
506 4969 759 5024 sedentes
791 4968 1146 5038 loquebamur
1193 4968 1530 5041 mulieribus,
1572 4988 1695 5042 qua:

123 5076 478 5122 convenerant.
513 5065 581 5120 Et
607 5063 851 5135 quaedam
884 5065 1078 5120 mulier
1099 5065 1319 5122 nomine
1341 5064 1530 5138 Lydia,
1566 5081 1691 5136 pnr-

125 5160 312 5223 puraria
350 5160 588 5215 civitatis
618 5157 1098 5229 Thyatirenorum,
1143 5159 1328 5213 colens
1372 5159 1562 5220 Deum,
1595 5173 1691 5212 au-

127 5246 238 5304 divit
266 5271 277 5305 :
308 5254 460 5323 cujus
488 5252 750 5308 Dominus
779 5251 991 5320 aperuit
1013 5265 1106 5308 cor
1128 5251 1412 5307 intendere
1445 5251 1548 5317 his,
1576 5267 1696 5321 quae

127 5337 417 5401 dicebantur
447 5362 474 5399 a
517 5345 708 5400 Paulo.
740 5343 872 5400 Cttm
906 5351 1086 5398 autem
1139 5343 1405 5413 baptizata
1439 5355 1604 5412 esset,
1645 5353 1702 5399 et

130 5433 300 5494 domus
327 5439 460 5510 ejus,
503 5438 788 5504 deprecata
818 5445 900 5491 est
941 5436 1168 5491 dicens:
1215 5436 1269 5492 Si
1297 5435 1581 5507 jndicastis
1611 5452 1699 5495 me

134 5526 322 5587 ﬁdelem
368 5533 598 5589 Domino
626 5545 769 5596 esse,
812 5528 1035 5584 introite
1063 5528 1114 5583 in
1145 5527 1366 5585 domum
1415 5545 1612 5593 meam,
1645 5540 1700 5586 et

135 5632 342 5680 manete.
372 5625 433 5680 Et
478 5624 658 5695 coegit
688 5637 807 5678 nos.
843 5621 1067 5676 Factum
1102 5631 1186 5676 est
1235 5630 1416 5679 autem
1447 5622 1701 5680 euntibus

142 5741 479 5826 La‘ilariant
521 5742 975 5826 quemadmodum
1003 5741 1081 5826 'in
1113 5741 1582 5826 (ἓτωίξοηχήραςτ.
1602 5755 1706 5826 pro

158 5807 364 5876 ιουδαίας
388 5855 401 5880 ,
460 5807 552 5871 ita'
575 5823 632 5871 et
669 5817 722 5871 in
775 5813 962 5871 Latina
1003 5807 1461 5885 lnterpretati’dn'e
1497 5807 1719 5872 vetéres

1769 3296 1821 3340 et
1847 3283 2198 3340 tremefactus
2235 3283 2471 3353 procidit
2502 3283 2670 3338 Paulo
2718 3293 2773 3337 et
2803 3283 2928 3340 Silae
2970 3282 3036 3337 ad
3072 3283 3282 3354 pedes:
3326 3291 3383 3337 et

1775 3377 2080 3446 producens
2108 3392 2202 3431 eos
2231 3374 2398 3444 foras,
2450 3378 2564 3430 ait:
2602 3375 2834 3444 Domini,
2867 3375 2994 3446 qttid
3042 3392 3126 3430 me
3167 3384 3386 3448 oportet

1773 3470 1972 3535 facere,
1992 3479 2050 3523 ut
2077 3468 2260 3524 salvus
2288 3468 2452 3522 fiam?
2483 3468 2553 3522 At
2575 3469 2650 3522 illi
2675 3469 2932 3523 dixerunt
2959 3485 2973 3522 :
2997 3465 3172 3524 Crede
3202 3468 3256 3523 in
3278 3469 3383 3524 Do-

1775 3563 1981 3616 minum
2011 3561 2194 3615 .Iesum
2221 3578 2234 3614 :
2262 3572 2317 3615 et
2349 3561 2530 3615 salvus
2563 3560 2673 3614 eris
2727 3570 2804 3625 tu,
2834 3568 2889 3614 et
2931 3559 3129 3615 domus
3162 3568 3274 3614 tua.
3320 3560 3386 3614 Et

1775 3652 1939 3708 locuti
1983 3661 2113 3708 sunt
2143 3654 2191 3708 ei
2239 3653 2461 3706 verbum
2519 3651 2762 3717 Domini,
2809 3667 2934 3706 cum
2994 3651 3249 3706 omnibus
3295 3649 3388 3720 qui

1778 3755 1932 3802 erant
1959 3747 2012 3800 in
2051 3746 2212 3800 domo
2243 3746 2384 3814 ejus.
2434 3745 2500 3799 Et
2546 3745 2745 3800 tollens
2775 3761 2868 3800 eos
2911 3743 2962 3798 in
2993 3745 3084 3799 illa
3125 3743 3256 3799 hora
3284 3759 3383 3799 no-

1779 3840 1902 3905 ctis,
1947 3839 2076 3893 lavit
2113 3840 2294 3908 plagas
2328 3853 2513 3892 eorum
2547 3855 2562 3892 :
2606 3847 2658 3893 et
2689 3839 2992 3907 baptizatus
3022 3848 3107 3894 est
3155 3839 3292 3908 ipse,
3323 3850 3378 3895 et

1781 3934 1956 3986 omnis
1980 3931 2174 3986 domus
2201 3931 2320 3998 ejus
2348 3931 2628 3985 continuo.
2655 3930 2900 4000 Cumque
2921 3931 3270 4001 perduxisset
3290 3949 3386 3989 eos

1782 4024 1835 4079 in
1875 4022 2096 4079 domum
2127 4037 2301 4086 suam,
2333 4025 2581 4091 apposuit
2611 4023 2690 4077 eis
2740 4038 3007 4093 mensam,
3062 4033 3116 4080 et
3172 4025 3388 4081 lmtatus

1784 4124 1866 4171 est
1895 4130 2018 4170 cum
2053 4115 2195 4169 omni
2225 4113 2388 4170 domo
2430 4129 2528 4170 sua
2575 4114 2804 4171 credens
2856 4115 2986 4172 Deo.
3023 4117 3087 4173 Et
3118 4134 3240 4174 cum
3271 4118 3392 4175 dies

1786 4207 1960 4263 factus
1997 4217 2162 4274 esset,
2205 4208 2471 4264 miserunt
2517 4207 2868 4280 magistratus
2909 4210 3150 4276 lictores,
3202 4211 3389 4266 dicen-

1788 4314 1906 4358 tes:
1953 4302 2173 4358 Dimitte
2205 4302 2450 4358 homines
2481 4301 2624 4359 illos.
2658 4302 2938 4359 Nuntiavit
2982 4313 3162 4359 autem
3205 4313 3389 4358 custos

1787 4398 2025 4452 carceris
2053 4396 2221 4452 verba
2251 4397 2365 4452 haec
2397 4395 2564 4451 Paulo
2600 4414 2612 4450 :
2643 4395 2781 4464 Quia
2810 4396 3074 4450 miserunt
3117 4394 3392 4463 magistra-

1791 4500 1901 4558 tus,
1925 4499 1983 4546 ιιι
2009 4490 2394 4546 dimittamini:
2431 4507 2572 4546 nunc
2614 4493 2776 4560 igitur
2807 4497 3088 4554 exeuntes,
3125 4489 3194 4542 ite
3219 4488 3270 4542 in
3295 4503 3391 4559 pa-

1711 4564 1766 4628 Ῑ)
1789 4602 1872 4644 ce.
1920 4585 2118 4641 Paulus
2145 4596 2325 4640 autem
2354 4585 2487 4640 dixit
2524 4585 2605 4640 eis
2647 4603 2658 4638 :
2698 4585 2880 4640 Caesos
2911 4597 3010 4637 nos
3043 4580 3274 4652 publice,
3309 4583 3394 4638 in-

1791 4680 2097 4748 demnatos,
2129 4677 2380 4734 homines
2399 4677 2686 4748 ,Romanos
2720 4676 2984 4731 miserunt
3011 4675 3065 4729 in
3093 4689 3393 4746 carcerem,

1792 4784 1846 4830 et
1877 4790 2020 4831 nunc
2047 4773 2261 4829 occulte
2299 4785 2397 4826 nos
2441 4769 2708 4840 ejiciunt?
2735 4767 2852 4823 Non
2882 4768 2950 4823 ita
2980 4786 2992 4821 :
3024 4766 3120 4823 sed
3147 4768 3392 4835 veniant,

1795 4882 1848 4923 et
1868 4868 1971 4938 ipsi
1999 4882 2096 4922 nos
2123 4865 2366 4936 ejiciant.
2400 4861 2799 4918 Nuntiaverunt
2841 4871 3025 4917 autem
3077 4861 3398 4930 magistrati-

1797 4961 1897 5016 bus
1927 4961 2144 5016 lictores
2175 4959 2338 5014 verba
2371 4959 2508 5012 hate.
2540 4956 2992 5028 Timueruntque,
3033 4957 3217 5012 audito
3252 4956 3397 5027 quod

1797 5051 2027 5106 Romani
2059 5059 2244 5106 essent
2276 5066 2290 5104 :
2329 5058 2385 5104 et
2414 5049 2693 5105 venientes
2724 5049 2998 5120 deprecati
3039 5061 3165 5108 sunt
3194 5066 3313 5120 eos,
3345 5061 3404 5108 et

1795 5143 2392 5213 educentesrogabant,
2422 5151 2479 5196 ut
2500 5140 2891 5212 egrederentur
2911 5143 2979 5200 de
3001 5145 3150 5199 urbe.
3177 5144 3399 5201 Exeun-
3423 5196 3430 5204 .

1804 5255 1884 5301 tes
1911 5251 2090 5297 autem
2122 5239 2190 5294 de
2227 5250 2465 5300 carcere,
2501 5235 2826 5294 introierunt
2846 5239 2915 5295 ad
2941 5239 3164 5312 Lydiam
3201 5263 3213 5298 :
3247 5250 3301 5297 et
3331 5242 3403 5297 vi-

1805 5341 1880 5395 sis
1909 5334 2186 5398 fratribus,
2217 5330 2484 5386 consolati
2507 5337 2632 5384 sunt
2653 5345 2771 5401 eos,
2796 5339 2853 5386 et
2880 5331 3111 5402 profecti
3143 5343 3291 5388 sunt.

1878 5428 2032 5501 [Cap.
2060 5425 2254 5495 XVIH
2294 5423 2427 5479 Cum
2456 5432 2635 5478 autem
2677 5425 3147 5492 perambulassent
3180 5425 3406 5496 Amphi-

1805 5521 1996 5593 polim,
2043 5527 2098 5574 et
2126 5514 2490 5588 Apolloniam,
2517 5525 2786 5570 venerunt
2815 5514 3282 5581 Thessalonicam,
3319 5517 3408 5574 ubi

1807 5625 1928 5679 erat
1957 5626 2228 5688 synagoga
2260 5607 2590 5666 Iudaeorum.
2624 5607 2931 5664 Secundum
2964 5611 3409 5668 consuetudinem

1814 5738 1936 5795 libri
1959 5739 2153 5802 uiduae,
2167 5752 2276 5808 pro
2293 5734 2528 5808 Iudam,
2553 5741 2609 5808 et
2651 5731 3012 5808 Hieronymus
3051 5731 3268 5808 quidem
3297 5732 3414 5802 ipse

1827 5809 1884 5868 in
1906 5809 2080 5884 Epist.
2111 5799 2192 5868 ad
2204 5799 2567 5882 Augustinum
2593 5799 2885 5864 lectionem
2909 5814 3028 5864 eam
3053 5799 3313 5873 praetulit.
