3920 6200
537 229 638 286 7H
1535 234 1593 288 S.
1639 225 2021 286 lllERONYMl
2065 221 2302 280 DIVINA
2339 223 2820 284 BIBLIOTHECA.
3717 233 3804 286 ἹΙέ

534 353 718 399 autem
770 343 970 398 Paulus
1015 342 1255 397 introivit
1281 342 1346 397 ad
1371 357 1486 410 eos,
1522 353 1575 398 et
1623 360 1717 413 pcr
1759 343 1978 398 sabbata
2025 342 2126 397 tria
2156 335 2204 396 A
2236 337 2536 394 inhabitare
2582 355 2745 411 super
2778 339 3090 394 universam
3123 337 3316 394 faciem
3349 345 3535 406 terra),
3582 339 3816 398 deﬁniens

534 435 838 492 disserebat
863 435 941 490 eis
967 433 1031 488 de
1063 434 1377 501 Scripturis,
1422 435 1742 504 adaperiens
1771 445 1826 490 et
1854 436 2134 488 insinuans
2239 438 2439 484 statuta
2481 440 2748 500 tempora,
2797 439 2852 486 et
2894 431 3158 486 terminos
3220 430 3578 486 habitationis
3631 447 3811 499 eorum,

528 529 653 597 quia
679 527 950 581 Christum
983 526 1220 594 oportuit
1257 528 1383 595 pati,
1406 538 1459 582 et
1488 543 1769 598 resurgere
1801 545 1828 580 τι
1861 531 2084 581 mortuis
2116 543 2130 578 :
2239 537 2490 592 qua-rere
2519 522 2708 589 Deum,
2761 525 2807 578 si
2851 523 2991 579 forte
3028 532 3320 579 attrectent
3364 539 3525 590 eum,
3557 535 3648 579 aut
3691 528 3812 582 inve.

527 631 582 677 et
603 621 728 689 quia
755 620 842 674 hic
856 629 939 675 est
963 619 1123 674 Jesus
1152 619 1426 690 Christus,
1448 637 1607 691 quem
1637 636 1738 691 ego
1759 628 2022 675 annuntio
2039 637 2131 674 νο-
2239 614 2422 678 niant,
2443 617 2695 684 quamvis
2719 631 2823 668 non
2849 615 3006 685 longe
3033 615 3188 669 sitab
3221 631 3555 685 unoquoque
3581 627 3813 672 nostrum.

529 713 633 770 bis.
665 714 730 767 Et
757 713 976 784 quidam
1007 727 1077 768 ex
1104 713 1184 767 eis
1211 713 1604 776 crediderunt,
1638 721 1695 768 et
1725 712 1962 781 adjuncti
2007 721 2135 766 sunt
2241 703 2298 759 ln
2330 705 2448 774 ipso
2471 706 2614 761 enim
2645 708 2897 772 vivimus,
2927 717 2983 762 et
3003 722 3314 773 movemur,
3344 717 3403 762 et
3431 723 3618 764 sumus
3646 727 3658 764 :
3704 712 3818 766 sicut

529 807 696 862 Paulo
726 805 948 872 etSilaa,
971 815 1026 861 et
1050 805 1434 862 decolentihus
1453 805 1856 877 gentilibusque
1888 804 2130 858 rnultitu-
2236 808 2292 853 et
2338 799 2557 868 quidam
2592 814 2895 856 vestrorum
2958 813 3240 870 poetarum
3295 802 3556 858 dixerunt
3598 820 3611 858 :
3671 805 3816 875 lpsiut

528 900 598 956 do
621 916 836 972 magna,
873 911 929 956 et
954 901 1212 956 mulieres
1243 901 1452 955 nobiles
1496 915 1602 954 non
1649 914 1850 969 paucae.
1879 899 2134 953 Zelantes
2237 891 2385 945 enim
2415 899 2471 947 et
2495 908 2666 964 genus
2697 909 2904 948 sumus.
2954 894 3139 950 Genus
3179 911 3312 966 ergo
3337 911 3462 952 cum
3522 898 3682 953 sinms
3720 901 3812 966 Dei,

524 1004 701 1049 autem
716 992 911 1060 Judaei,
936 1003 1392 1063 assumentcsque
1421 992 1489 1047 de
1520 993 1680 1062 vulgo
1701 991 1848 1046 viros
1868 991 2131 1061 quosdam
2238 998 2346 1039 non
2374 985 2636 1040 debemus
2661 988 2958 1053 aestimare,
2987 1002 3120 1042 auro
3151 995 3244 1043 aut
3269 1000 3520 1060 argento,
3547 998 3636 1046 aut
3656 992 3812 1065 lapidi,

531 1087 726 1154 malos,
748 1095 806 1142 et
834 1087 988 1140 turba
1010 1086 1171 1153 facta,
1201 1087 1612 1140 concitaverunt
1633 1084 1908 1138 civitatem
1938 1102 1948 1135 ;
1973 1094 2023 1138 et
2048 1099 2132 1136 as-
2238 1076 2530 1145 SCulptura:
2551 1079 2685 1133 artis
2709 1087 2767 1133 et
2791 1080 3140 1150 cogitationis
3162 1080 3424 1148 hominis,
3450 1081 3686 1139 divinum
3713 1099 3813 1142 esse

525 1177 784 1234 sistentes
805 1178 986 1234 domui
1025 1177 1246 1234 Jasonis
1273 1178 1596 1248 quaerebant
1621 1193 1716 1232 eos
1750 1176 2047 1244 producere
2082 1179 2133 1228 in
2237 1170 2438 1224 simile.
2472 1171 2539 1224 Et
2567 1180 2812 1241 tempora
2853 1172 3071 1242 quidem
3114 1173 3276 1244 hujus
3320 1174 3640 1245 ignorantia:
3664 1176 3815 1248 despi-

527 1273 811 1342 ρορυιωη,
846 1273 910 1327 Et
946 1288 1068 1328 cum
1125 1287 1230 1327 ηοη
1288 1273 1624 1327 invenissem
1677 1285 1794 1336 ρος,
1848 1271 2135 1325 trahebant
2237 1263 2391 1316 ciens
2448 1263 2612 1329 Deus,
2671 1279 2814 1320 nunc
2843 1266 3128 1320 annuntiat
3180 1267 3514 1333 hominibus,
3551 1279 3607 1324 ut
3656 1287 3814 1327 omnes

524 1364 781 1421 Jasonem
836 1375 890 1420 et
917 1364 1183 1436 quosdam
1213 1365 1408 1419 fratres
1459 1365 1525 1418 ad
1560 1365 1832 1434 principes
1874 1361 2130 1426 civitatis,
2241 1356 2439 1426 ubique
2472 1357 2847 1426 pmnitentiam
2880 1367 3062 1428 agant,
3103 1374 3170 1414 eo
3200 1359 3346 1430 quod
3375 1361 3566 1417 statuit
3598 1363 3722 1418 diem
3770 1366 3815 1418 in

522 1458 820 1514 clamantes
855 1458 1164 1526 :Quouiam
1195 1456 1271 1523 lii,
1300 1457 1390 1527 qui
1415 1457 1604 1512 urbem
1621 1456 1922 1520 concitant,
1950 1463 2006 1510 et
2029 1454 2134 1510 huc
2238 1462 2346 1514 (ιιιο
2384 1447 2726 1516 iudicaturus
2771 1459 2856 1504 est
2912 1452 3102 1505 orbem
3132 1450 3186 1504 in
3239 1451 3518 1520 aequitate,
3551 1453 3602 1507 in
3633 1455 3751 1522 viro,
3773 1454 3814 1508 in

530 1560 818 1616 venerunt,
864 1566 1000 1621 quos
1039 1550 1278 1619 suscepit
1320 1549 1509 1614 lason,
1542 1560 1594 1603 el
1633 1548 1687 1602 bi
1718 1563 1910 1603 omnes
1938 1559 2133 1602 contra
2238 1554 2346 1610 quo
2368 1542 2577 1604 statuit,
2604 1540 2766 1596 fidem
2796 1543 3048 1611 praebens
3070 1543 3350 1610 omnibus,
3383 1547 3642 1601 suscitans
3661 1562 3772 1602 eum
3792 1563 3816 1600 a

529 1645 746 1701 decreta
782 1645 1019 1700 Caasaris
1050 1645 1271 1709 faciunt,
1310 1660 1495 1712 regem
1535 1643 1699 1696 alium
1727 1642 1973 1696 dicentes
2012 1655 2134 1696 esse
2238 1637 2488 1691 mortuis.
2519 1635 2652 1692 Cum
2682 1637 2964 1694 audissent
2995 1647 3176 1694 autem
3216 1639 3654 1696 resurrectionem
3679 1657 3817 1695 mor-

529 1740 738 1794 Jesum.
775 1737 1202 1793 Concitavernnt
1227 1746 1406 1790 autem
1436 1737 1670 1805 plebem,
1694 1746 1745 1790 et
1767 1735 2040 1804 principes
2064 1735 2137 1787 ci-
2169 1723 2219 1784 B
2246 1738 2486 1795 tuorum,
2529 1730 2748 1801 quidam
2803 1732 3019 1802 quidem
3074 1732 3400 1802 irridehant,
3452 1734 3654 1804 quidam
3699 1751 3818 1790 vero

525 1827 708 1882 vitatis
733 1827 1020 1882 audientes
1071 1827 1207 1881 haec.
1244 1827 1311 1880 Et
1343 1839 1562 1895 accepta
1596 1827 1968 1881 satisfactione
2002 1842 2026 1877 a
2054 1825 2142 1881 Ja-
2248 1822 2501 1876 dixerunt
2531 1841 2542 1874 :
2590 1822 2886 1878 Audiemus
2935 1833 2987 1879 te
3015 1825 3084 1880 de
3125 1824 3229 1880 hoc
3259 1827 3476 1881 iterum.
3532 1825 3617 1881 Sic
3647 1825 3818 1882 Paulus

529 1933 683 1986 sone,
717 1928 772 1974 et
791 1933 823 1971 a
848 1919 1083 1983 caeteris,
1117 1919 1437 1973 dimiserunt
1462 1933 1575 1974 eos.
1613 1919 1828 1973 Fratres
1857 1934 1988 1973 \'l'l’0
2014 1935 2142 1974 con-
2245 1913 2414 1967 exivit
2434 1913 2502 1969 de
2523 1915 2702 1970 medio
2723 1931 2934 1971 eorum.
2967 1917 3197 1984 Quidam
3223 1933 3360 1974 vero
3383 1918 3488 1974 viri
3511 1918 3818 1975 adhazrentes

534 2010 716 2066 testim
757 2027 860 2080 per
891 2020 1103 2066 noctem
1146 2011 1475 2066 dimiserunt
1518 2012 1742 2066 Paulum
1775 2022 1830 2066 et
1879 2013 2048 2068 Silam
2086 2014 2139 2069 in
2245 2004 2316 2072 ei.
2349 2005 2702 2060 crediderunt
2735 2024 2747 2059 ε
2779 2009 2833 2062 in
2865 2008 3060 2078 quibus
3089 2018 3144 2064 et
3166 2009 3460 2082 Dionysius
3505 2011 3812 2082 Areopasiu.

533 2104 802 2159 Beroeam.
846 2103 947 2172 Qui
979 2120 1098 2159 cum
1129 2105 1430 2170 venissent,
1482 2105 1531 2158 in
1565 2120 1893 2176 synagogam
1922 2107 2139 2163 Judmo-
2244 2107 2300 2152 et
2329 2099 2526 2154 mulier
2547 2101 2766 2157 nomine
2798 2103 3066 2170 Damaris,
3091 2113 3148 2160 et
3169 2105 3258 2159 alii
3280 2119 3402 2160 cum
3425 2105 3528 2161 eis.

539 2211 660 2250 rum
692 2196 1037 2251 introierunt.
1089 2197 1153 2251 lli
1183 2208 1362 2252 autem
1395 2210 1550 2253 erant
1596 2200 1898 2256 nobiliores
1929 2217 2138 2270 eorum,
2319 2190 2470 2262 [(Ϊαρο
2505 2191 2719 2264 XVII”
2763 2193 2890 2248 Ροει
2916 2193 3032 2250 δαῖε
3051 2211 3307 2264 θῧνθεειιε
3335 2196 3406 2251 ab
3440 2197 3666 2253 Αιῗιθιιίε
3695 2199 3816 2254 νθηὶῑ

532 2289 623 2360 qui
645 2299 773 2344 sunt
795 2291 1224 2356 Thessalonicae,
1256 2294 1345 2361 qui
1371 2305 1730 2363 susceperunt
1757 2295 1988 2349 verbum
2017 2311 2080 2350 cu

2264 2286 2586 2354 Jorinthum,
2613 2297 2667 2342 et
2697 2287 2977 2344 inveniens
3007 2289 3297 2359 quemdam
3334 2291 3586 2346 Judaeum
3630 2294 3812 2348 nomine

533 2382 686 2438 omni
740 2382 1024 2451 aviditate,
1074 2384 1319 2454 quotidie
1368 2393 1676 2440 scrutantes
1718 2387 2054 2456 Scripturas,
2097 2389 2141 2442 si
2245 2378 2520 2448 Aquilam,
2546 2381 2826 2436 Ponticum
2853 2397 3078 2453 genere,
3110 2382 3203 2452 qui
3229 2399 3402 2453 nuper
3423 2386 3815 2440 veneratabltao

530 2475 648 2531 haec
678 2475 749 2530 ita
781 2491 841 2530 se
867 2475 1153 2532 haberent.
1184 2477 1248 2530 Et
1277 2477 1429 2532 multi
1461 2477 1677 2548 quidem
1706 2478 2054 2534 crediderunt
2075 2497 2141 2534 ex
2247 2473 2337 2537 lia,
2367 2483 2424 2528 et
2451 2474 2750 2530 Priscillam
2780 2492 3002 2533 uxorem
3053 2477 3171 2547 ejus
3217 2477 3308 2549 (eo
3330 2479 3476 2549 quod
3508 2480 3814 2550 praecepisset

542 2570 646 2638 eis,
676 2579 732 2625 et
772 2570 1062 2626 mulierum
1091 2572 1375 2641 gentilium
1407 2571 1779 2639 honestarum,
1824 2583 1876 2629 et
1904 2576 2003 2629 viri
2035 2591 2141 2630 non
2245 2566 2502 2625 Claudius
2533 2568 2817 2625 discedere
2854 2585 3043 2626 omnes
3069 2570 3286 2627 «Ιυάεὲοδ
3309 2587 3337 2625 ³
3361 2573 3580 2644 ROtila).
3615 2575 3811 2629 “0055i!

531 2664 709 2736 pauci.
755 2665 890 2720 Cum
917 2673 1095 2720 autem
1128 2667 1508 2736 cognovissent
1539 2668 1589 2720 in
1633 2667 2023 2724 Thessalonica
2049 2669 2145 2724 Ju-
2246 2662 2312 2717 ad
2353 2677 2470 2718 eos.
2505 2662 2573 2716 Εῐ
2615 2664 2738 2732 quia
2785 2663 3032 2732 ejusdem
3061 2675 3182 2719 erat
3209 2665 3365 2732 artiS,
3403 2667 3653 2721 manebat
3693 2665 3809 2736 apud

529 2756 652 2825 dici,
684 2758 805 2828 quia
837 2766 894 2813 et.
924 2759 1130 2814 Beroeaa
1173 2759 1517 2829 praedicatum
1549 2770 1632 2815 est
1658 2776 1687 2814 a
1720 2761 1886 2816 Paulo
1917 2765 2141 2818 verbum
2246 2771 2363 2820 eos,
2395 2764 2451 2810 et
2499 2756 2826 2825 operabatur
2873 2758 3052 2827 (erant
3085 2765 3265 2813 autem
3302 2757 3703 2814 sceuofactoriaa
3741 2772 3816 2811 ar-

535 2850 650 2915 Dei,
702 2859 970 2906 venerunt
1021 2860 1076 2905 et
1131 2849 1254 2904 illuc
1307 2859 1716 2907 commoventes
1759 2860 1815 2909 et
1864 2854 2143 2910 turbantes
2250 2847 2364 2918 lis).
2393 2847 2460 2902 Et
2497 2847 2807 2918 disputabat
2838 2847 2890 2902 in
2922 2863 3194 2920 synagoga
3226 2864 3324 2920 per
3349 2865 3516 2906 omne
3542 2850 3814 2912 sabbatum.

533 2941 955 2997 multitudinem.
1007 2942 1311 3016 Statimque
1359 2952 1486 2998 tunc
1548 2944 1770 2998 Paulum
1819 2944 2079 3002 dimiseru

2269 2948 2603 3008 nterponens
2645 2954 2841 2995 nomen
2884 2939 3097 2994 Domini
3144 2939 3297 3006 Jesu,
3349 2941 3705 3010 suadebatque
3747 2940 3814 2995 Ju-

531 3032 746 3102 fratres,
775 3045 830 3088 ut
857 3035 958 3088 iret
988 3051 1157 3104 usque
1182 3035 1248 3088 ad
1274 3050 1424 3092 mare
1458 3056 1468 3090 :
1503 3035 1643 3092 Silas
1665 3048 1843 3093 autem
1873 3049 1928 3094 et
1955 3039 2142 3094 Timu-
2255 3031 2414 3097 dacis,
2441 3043 2498 3087 et
2520 3031 2745 3087 Graecis.
2802 3031 2936 3086 Cum
2982 3032 3260 3088 venissent
3299 3041 3482 3089 autem
3513 3037 3580 3090 de
3608 3031 3818 3088 Macedo-

534 3124 693 3178 tbeus
725 3137 1110 3182 remanserunt
1157 3127 1250 3180 ibi.
1285 3129 1384 3193 Qui
1417 3139 1600 3183 autem
1630 3129 1976 3187 deducebant
2009 3131 2146 3185 Pau-
2172 3104 2219 3169 ο
2254 3124 2338 3178 nia
2403 3123 2542 3179 Silas
2617 3134 2673 3178 et
2755 3123 3097 3192 Timotheus,
3178 3124 3418 3180 instabat
3481 3125 3644 3180 verbo
3696 3125 3815 3179 Pau-

538 3215 672 3282 lum,
711 3217 1079 3285 perduxerunt
1107 3235 1229 3274 eum
1283 3235 1451 3289 usque
1501 3221 1769 3288 Athenas,
1823 3233 1878 3279 et
1923 3234 2148 3294 accepto
2251 3218 2354 3281 lus,
2385 3218 2682 3288 testificaris
2710 3216 2916 3272 Judzeis
2964 3231 3086 3272 esse
3131 3216 3406 3274 Christum
3458 3217 3662 3274 Iesum.
3700 3218 3814 3272 Cou-

535 3308 791 3363 mandato
817 3309 884 3361 ab
914 3324 978 3363 eo
1002 3309 1067 3364 ad
1097 3311 1264 3366 Silam
1298 3323 1349 3365 et
1382 3311 1751 3381 Timotheum,
1784 3324 1842 3370 ut
1868 3331 2031 3387 quam
2060 3331 2149 3371 ce-
2253 3312 2643 3368 tradicentibus
2672 3321 2849 3368 autem
2883 3314 2962 3368 eis
2985 3355 3000 3379 ,
3038 3321 3092 3369 et
3126 3313 3654 3384 blasphemantibus,
3680 3327 3815 3369 excu-

534 3402 721 3456 leriter
749 3401 996 3457 venirent
1018 3402 1084 3456 ad
1115 3403 1288 3468 illum,
1314 3403 1539 3472 profecti
1565 3414 1710 3459 sunt.
1742 3407 1938 3462 Paulus
1967 3419 2147 3464 autem
2253 3405 2390 3457 lieIIS
2429 3405 2750 3460 \'85|illlen|8
2795 3420 2889 3459 sua
2920 3446 2934 3471 9
2974 3403 3110 3460 ἀίκίι
3138 3406 3202 3460 ad
3230 3421 3326 3462 305
3359 3424 3372 3460 ε
3407 3406 3636 3475 Sanguis
3664 3414 3814 3460 νθεῑετ

533 3509 658 3551 cum
712 3493 950 3551 Athenis
998 3509 1094 3550 eos
1136 3505 1497 3563 exspectaret,
1543 3497 1872 3554 incitabatur
1925 3501 2148 3570 spiritus
2250 3510 2412 3564 super
2430 3504 2591 3564 caput
2621 3506 2859 3550 vestrum
2883 3513 2895 3549 :
2923 3497 3153 3551 mundus
3190 3511 3314 3567 ego,
3344 3512 3412 3553 ex
3443 3497 3547 3554 hoc
3568 3499 3631 3554 ad
3654 3507 3812 3569 gentes

533 3588 650 3658 ejus
707 3589 762 3644 in
808 3590 949 3658 ipso,
998 3588 1189 3644 videns
1222 3588 1540 3644 idololatria:
1573 3589 1808 3646 deditam
1848 3592 2143 3651 civitatem.
2251 3587 2461 3642 \‘adam.
2497 3587 2563 3641 Ει
2589 3589 2829 3658 migrans
2858 3589 3022 3654 inde,
3070 3590 3289 3646 intravit
3330 3591 3381 3645 in
3413 3591 3633 3648 domum
3661 3591 3813 3661 cujus-

531 3682 856 3754 Disputabat
886 3684 1049 3754 igitur
1078 3683 1130 3738 in
1164 3697 1436 3754 synagoga
1470 3699 1592 3738 cum
1624 3683 1850 3752 Judaeis,
1885 3694 1940 3741 et
1960 3687 2147 3742 colen-
2249 3679 2395 3743 dum.
2427 3680 2644 3736 nomine
2674 3681 2780 3736 Titi
2805 3681 2960 3752 justi,
2989 3683 3218 3738 colentis
3247 3683 3441 3750 Deum,
3470 3685 3624 3755 cujus
3646 3683 3811 3740 domus

532 3776 698 3842 tibus,
737 3786 794 3834 et
824 3779 874 3832 in
895 3775 1038 3842 foro,
1061 3792 1162 3846 per
1185 3790 1376 3831 omnes
1403 3776 1544 3844 dies,
1579 3779 1644 3832 ad
1675 3792 1769 3834 eos
1788 3778 2141 3848 quiaderant.
2249 3781 2367 3828 erat
2388 3774 2678 3843 coniuncta
2709 3790 3020 3846 synagogaa.
3049 3776 3276 3848 Crispus
3304 3788 3486 3835 autem
3527 3780 3807 3851 archisyna-

537 3869 768 3935 Quidam
799 3879 982 3927 autem
1028 3870 1284 3940 Epicurei
1343 3878 1400 3927 et
1434 3870 1600 3926 Stoici
1634 3870 1946 3942 philosophi
1974 3871 2146 3928 disse-
2247 3880 2416 3937 gogus
2440 3867 2669 3922 credidit
2693 3867 2928 3923 Domino
2950 3883 3071 3924 cum
3093 3871 3238 3926 omni
3262 3870 3425 3928 domo
3447 3887 3549 3929 sua
3579 3882 3664 3928 :et
3685 3870 3807 3926 mula

540 3959 733 4016 rebant
763 3976 888 4016 cum
923 3978 1011 4029 eo,
1043 3972 1096 4018 et
1121 3963 1339 4033 quidam
1373 3963 1671 4019 dicebant:
1723 3964 1862 4032 Quid
1909 3964 2025 4019 vult
2066 3978 2144 4020 se-
2246 3959 2648 4016 Corinthiorum
2690 3963 2973 4018 audientes
3021 3963 3338 4032 credebant,
3385 3978 3446 4024 et
3500 3967 3807 4039 baptizaban-

529 4053 882 4109 miniverbius
910 4055 997 4110 hic
1024 4054 1253 4111 dicere?
1280 4056 1387 4112 Alii
1413 4073 1546 4113 vero
1575 4076 1587 4112 :
1623 4057 1896 4113 Novorum
1930 4058 2140 4115 dacmo-
2249 4060 2355 4109 tur.
2381 4054 2527 4109 Dixit
2546 4064 2726 4110 autem
2757 4055 3019 4111 Dominus
3036 4065 3193 4113 nocte
3223 4073 3318 4128 per
3350 4059 3614 4116 visionem
3641 4059 3802 4115 Paulo:

530 4146 745 4202 niorum
771 4145 986 4202 videtur
1006 4148 1353 4202 annuntiator
1387 4163 1508 4203 esse
1535 4167 1545 4201 :
1579 4149 1704 4218 quia
1733 4149 1940 4218 Jesum,
1975 4158 2029 4206 et
2058 4166 2142 4206 re—
2247 4145 2336 4200 Nli
2359 4146 2688 4214 timere,scd
2717 4148 2958 4218 loquere,
2983 4157 3040 4204 et
3085 4165 3150 4204 ne
3182 4159 3366 4207 taceas
3397 4171 3409 4206 :
3443 4163 3666 4224 propter
3686 4147 3803 4222 quod

527 4241 922 4297 surrectionem
959 4240 1315 4295 annuntiabat
1353 4240 1452 4296 eis.
1483 4241 1550 4295 Et
1581 4241 1976 4312 apprehensum
2017 4259 2138 4299 eum
2245 4254 2345 4309 ego
2384 4255 2503 4295 sum
2533 4249 2711 4306 tecum
2742 4250 2835 4297 :et
2869 4256 3028 4296 nemo
3069 4253 3375 4313 apponetur
3407 4245 3526 4312 tibi,
3558 4256 3613 4300 ut
3645 4251 3807 4300 noceat

528 4335 593 4390 ad
617 4335 958 4407 Areopagum
989 4332 1288 4397 duxerunt,
1345 4332 1592 4388 dicentes
1624 4350 1637 4387 :
1672 4333 1968 4389 Possumus
1999 4337 2140 4392 scire
2245 4340 2298 4388 te
2331 4351 2342 4385 :
2375 4333 2631 4404 quoniam
2676 4334 2907 4405 populus
2955 4346 3036 4393 est
3079 4337 3209 4392 mihi
3245 4340 3447 4396 multus
3478 4341 3530 4396 in
3561 4339 3657 4396 hac
3690 4339 3803 4395 civi-

525 4446 643 4500 quae
666 4438 748 4485 est
775 4429 892 4484 htec
933 4443 1071 4483 nova
1109 4443 1230 4498 qua:
1277 4443 1304 4482 a
1348 4437 1399 4484 te
1440 4428 1658 4495 dicitur,
1690 4427 1970 4483 doctrina?
1998 4445 2134 4485 nova
2168 4489 2209 4500 _
2245 4436 2372 4484 late.
2403 4428 2555 4485 Sedit
2582 4440 2760 4486 autem
2802 4430 2874 4486 ibi
2901 4445 3104 4486 annum
3139 4439 3197 4486 et
3232 4447 3326 4488 sex
3354 4448 3566 4490 menses
3588 4475 3602 4500 ,
3635 4433 3805 4487 docens

524 4523 665 4578 enim
694 4521 940 4594 quaedam
987 4521 1156 4576 infers
1205 4521 1428 4576 auribus
1458 4522 1680 4576 noswis.
1715 4521 1977 4576 Volumus
2003 4537 2134 4594 ergo
2161 4489 2217 4551 Β
2240 4521 2383 4592 apud
2425 4537 2521 4578 eos
2565 4525 2788 4580 verbum
2838 4523 2954 4579 Dei.
2998 4523 3244 4581 Gallione
3292 4538 3475 4583 autem
3519 4523 3808 4598 proconsule

523 4616 666 4673 scire
691 4617 946 4688 quidnam
991 4617 1160 4671 velint
1201 4616 1317 4671 hate
1361 4631 1504 4672 esse.
1539 4616 1924 4689 (Athenienses
1951 4628 2132 4672 autem
2241 4616 2480 4680 Achaiae.
2511 4618 2928 4674 insurrexerunt
2950 4633 3060 4674 uno
3091 4619 3274 4676 animo
3301 4619 3478 4676 Judaei
3506 4622 3556 4675 in
3583 4618 3806 4680 Paulum,

521 4723 736 4778 omnes,
768 4720 823 4766 et
850 4710 1077 4766 advena:
1110 4709 1373 4780 hospites,
1397 4709 1463 4764 ad
1499 4709 1634 4764 nihil
1664 4710 1812 4765 aliud
1843 4711 2127 4780 vacabant,
2241 4720 2294 4766 et
2321 4712 2662 4768 adduxerunt
2686 4728 2810 4768 eum
2841 4713 2908 4768 ad
2941 4712 3199 4780 tribunal,
3224 4715 3511 4772 dicentes:
3543 4716 3669 4783 Quia
3693 4728 3806 4769 conv

521 4801 621 4856 nisi
646 4811 740 4856 aut
766 4801 967 4870 dicere,
999 4810 1093 4858 aut
1114 4803 1305 4858 audire
1326 4801 1530 4873 aliquid
1561 4802 1737 4873 novi.)
1761 4802 1922 4859 Stans
1953 4815 2130 4859 autem
2242 4813 2321 4859 tra
2350 4804 2522 4875 legem
2550 4805 2639 4861 hic
2663 4806 2952 4875 persuadet
2977 4807 3286 4864 hominibus
3314 4809 3502 4865 colere
3530 4809 3706 4864 Deum.
3731 4807 3802 4860 ln-

519 4891 719 4950 Paulus
767 4895 820 4949 in
863 4894 1043 4951 medio
1088 4895 1380 4966 Areopagi,
1431 4895 1508 4949 ait
1537 4912 1548 4947 :
1581 4894 1693 4950 Viri
1742 4895 2127 4958 Athenienses.
2231 4894 2472 4964 cipiente
2507 4906 2693 4952 autem
2727 4897 2897 4952 Paulo
2921 4899 3138 4966 aperire
3161 4914 3243 4967 os,
3286 4899 3431 4954 dixit
3462 4899 3635 4956 Gallio
3666 4896 3725 4950 ad
3748 4893 3803 4949 «ιιι

523 5003 621 5060 per
655 4991 836 5044 omnia
864 4991 1016 5062 quasi
1045 4989 1538 5060 superstitiosiores
1565 5004 1658 5046 vos
1693 4990 1869 5046 video.
1901 4991 2128 5048 Prmtcr-
2236 4988 2383 5045 duros
2411 5007 2424 5043 :
2471 4990 2526 5046 Si
2556 4991 2772 5062 quidem
2795 4999 2942 5048 esset
2973 4991 3218 5062 iniquum
3249 4991 3473 5062 aliquid,
3505 5001 3596 5047 aut
3623 4990 3801 5046 facinus

522 5078 640 5137 iens
693 5083 875 5149 enim,
919 5091 975 5138 et
1016 5081 1204 5138 videns
1244 5082 1538 5138 simulacra
1596 5094 1798 5151 veStra,
1850 5083 2032 5140 inveni
2075 5094 2133 5142 et
2235 5083 2566 5152 pessimum,
2594 5099 2629 5139 ο
2664 5085 2766 5140 viri
2808 5084 3018 5150 Judaei,
3068 5093 3215 5142 recte
3241 5101 3338 5140 vos
3382 5085 3717 5141 suStinerem.
3755 5080 3800 5136 Si

518 5190 692 5243 aram,
730 5175 782 5230 in
806 5189 910 5245 qua
941 5176 1205 5247 scriptum
1233 5184 1352 5230 erat
1384 5193 1398 5229 :
1433 5175 1623 5246 Ignoto
1651 5176 1783 5232 Deo.
1820 5175 1975 5245 Quod
1999 5193 2130 5248 ergo
2233 5191 2364 5232 vero
2399 5179 2729 5248 quaestiones
2775 5186 2902 5234 sunt
2949 5177 3019 5234 de
3057 5177 3245 5247 verbo,
3293 5186 3350 5234 ct
3397 5178 3714 5240 nominibus,
3755 5180 3799 5228 et

519 5268 837 5340 ignorantes
867 5269 1070 5337 colitis,
1105 5269 1209 5325 hoc
1238 5284 1338 5340 ego
1362 5270 1626 5325 annuntio
1648 5271 1820 5326 vobis.
1853 5271 2012 5341 Deus,
2038 5272 2128 5341 qui
2232 5267 2351 5340 lege
2374 5277 2574 5336 vestra,
2601 5285 2696 5326 vos
2726 5271 2825 5341 ipsi
2854 5270 3120 5326 videritis.
3153 5269 3322 5326 Judex
3351 5285 3454 5342 ego
3482 5270 3666 5325 borum
3695 5264 3794 5322 nolo

515 5342 647 5422 fecit
671 5363 954 5432 mundum,
985 5373 1041 5419 et
1070 5363 1250 5418 omnia
1283 5377 1404 5434 qua:
1429 5366 1482 5419 in
1512 5379 1580 5420 eo
1603 5372 1755 5429 sunt,
1807 5363 1895 5419 hic
1931 5364 2054 5420 caeli
2077 5374 2134 5421 et
2233 5377 2374 5418 esse.
2395 5363 2463 5419 Et
2489 5365 2715 5420 minavit
2743 5379 2838 5420 eos
2860 5380 2887 5419 a
2921 5363 3200 5420 tribunali.
3225 5363 3698 5435 Apprehendcntes
3717 5373 3791 5411 au-

515 5467 676 5515 terrae
727 5473 851 5514 cum
895 5459 967 5513 sit
1004 5457 1290 5523 Dominus,
1323 5473 1431 5512 non
1463 5457 1517 5512 in
1556 5455 1882 5512 manufacds
1913 5458 2130 5526 templis
2233 5463 2340 5510 tem
2371 5470 2561 5512 omnes
2591 5455 2912 5512 Sosthenem
2946 5455 3242 5526 principem
3277 5470 3566 5528 synagoga:
3587 5498 3601 5519 ,
3633 5465 3790 5524 percu.

511 5552 741 5618 habitat,
776 5567 876 5608 nec
919 5550 1172 5606 manibus
1209 5549 1460 5606 humanis
1489 5550 1687 5606 colitur
1734 5551 1984 5620 indigens
2024 5551 2126 5605 ali-
2235 5552 2440 5609 tiehant
2480 5568 2605 5609 eum
2647 5562 2773 5608 ante
2811 5552 3046 5608 tribunal
3078 5560 3173 5608 :et
3207 5551 3342 5607 nihil
3381 5566 3568 5608 eorum
3590 5538 3785 5606 Gallioni

507 5661 639 5715 quo,
670 5660 792 5700 cum
821 5645 936 5714 ipse
963 5645 1056 5699 det
1077 5643 1332 5699 omnibus
1361 5642 1556 5710 vitam,
1599 5651 1655 5698 et
1684 5642 2126 5711 inspirationem,
2235 5660 2378 5702 curae
2403 5655 2539 5702 erat.
2576 5645 2776 5700 Paulus
2808 5659 2938 5702 vero
2967 5659 3090 5700 cum
3116 5643 3296 5699 adhuc
3329 5643 3668 5699 sustinuisset
3693 5636 3786 5688 dies

522 5743 578 5794 et
606 5737 828 5794 omnia:
858 5733 1096 5808 fecitque
1139 5751 1206 5794 ex
1259 5749 1370 5792 uno
1419 5749 1584 5792 omne
1628 5748 1801 5806 genus
1846 5733 2125 5794 hominum
2238 5741 2466 5808 multos,
2497 5737 2754 5796 fratribus
2784 5737 3140 5809 valefacieus,
3188 5737 3460 5810 navigavit
3497 5735 3552 5793 iu
3576 5730 3780 5804 Syriam.
