3920 6200
139 232 227 288 715

1166 222 1364 279 LIBER
1408 222 1689 279 ACTUUM
1733 218 2258 282 APOSTOLORUM.

3256 225 3359 279 7H

137 349 328 419 (etcum
366 358 424 399 eo
447 340 703 409 Priscilla,
745 348 801 394 et
836 339 1053 412 Aquila)
1080 341 1170 411 qui
1213 340 1312 395 sibi
1340 339 1644 395 tetenderat
1672 346 1721 401 Α
1748 340 1896 403 Jesu,
1922 341 2195 395 dicentes:
2231 337 2435 407 Adjuro
2467 349 2559 393 vos
2585 349 2682 406 per
2719 336 2925 401 Jesum,
2973 349 3132 407 quem
3161 336 3359 391 Paulus

136 441 181 494 in
223 436 448 492 Cenchris
472 444 623 503 caput
658 454 671 489 :
716 432 950 488 habebat
985 432 1125 488 enim
1157 443 1364 488 votum.
1400 434 1654 490 Devenit-

132 545 221 600 qne
239 529 474 597 Ephesum
497 567 509 591 ,
540 535 590 581 et
621 526 739 579 illus
768 525 837 581 ibi
870 526 1112 593 reliquit.
1147 525 1262 596 Ipse
1286 543 1418 581 vero
1451 527 1659 597 ingres-

128 636 205 678 sus
222 635 542 691 synagogam,
572 618 885 689 disputabat
912 636 1034 673 cum
1064 619 1288 675 Judznis.
1323 620 1656 691 negantibus

127 725 278 769 autem
302 713 393 778 eis,
420 722 473 767 ut
499 713 739 782 ampliori
781 721 1029 782 tempore
1071 723 1348 779 maneret,
1380 728 1485 767 non
1527 728 1656 766 con-

124 808 282 874 sensit,
323 806 410 861 sed
436 806 771 872 valefaciens,
804 816 858 861 et
887 808 1116 861 dicens:
1162 806 1360 864 lterum
1412 818 1658 862 revertar

127 898 182 954 ad
218 912 329 969 vos,
378 898 480 954 Deo
522 898 754 967 volente,
790 900 1067 969 profectus
1100 908 1182 954 est
1218 899 1285 954 ab
1317 898 1557 967 Epheso.
1592 898 1661 952 Et

122 990 410 1048 descendens
447 991 765 1056 Cccsarcam,
800 992 1067 1057 ascendit,
1102 1001 1155 1048 et
1181 993 1435 1047 salutavit
1466 992 1658 1047 Eccle-

122 1087 249 1150 siam,
269 1096 317 1141 et
339 1087 608 1142 descendit
634 1087 999 1142 Antiochiam.
1030 1086 1097 1141 Et
1123 1086 1265 1142 facto
1288 1087 1360 1141 ibi
1383 1087 1660 1157 aliquanto

123 1190 327 1248 tempore
354 1177 614 1248 profectus
639 1188 725 1233 est
745 1221 759 1241 ,
784 1178 1165 1248 perambulans
1192 1194 1257 1233 ex
1282 1178 1474 1233 ordine
1502 1179 1661 1233 Gala-

123 1271 248 1325 ticam
291 1271 583 1342 regionem,
622 1280 678 1326 et
722 1270 1047 1341 Phrygiam,
1101 1270 1431 1325 conﬁrmans
1472 1285 1661 1325 omnes

116 1362 390 1434 discipulos.
424 1362 636 1418 Judteus
668 1373 848 1419 autem
899 1363 1147 1433 quidam,
1180 1363 1375 1432 Apollo
1409 1366 1657 1431 nmninc,

117 1456 470 1512 Alexandrinus
497 1472 695 1527 genere
718 1499 732 1524 ,
765 1457 848 1511 vir
876 1456 1142 1526 eloquens
1165 1496 1180 1523 ,
1224 1456 1449 1511 devenit
1480 1455 1662 1526 Ephe-

118 1567 243 1618 sum,
270 1562 451 1622 potens
496 1552 549 1607 in
576 1552 894 1621 Scripturis.
938 1552 1034 1606 llic
1075 1561 1192 1607 erat
1237 1550 1464 1607 edoctus
1514 1551 1658 1605 viam

116 1644 287 1699 Domini
323 1661 338 1700 :
368 1656 419 1701 et
462 1644 671 1701 fervens
716 1645 909 1714 spiritu
944 1644 1265 1713 loquebatur
1290 1686 1304 1708 ,
1338 1656 1390 1699 et
1433 1644 1664 1699 docebat

1763 434 2037 505 praedicat.
2078 433 2248 488 Erant
2276 441 2452 487 autem
2482 431 2695 500 quidam
2728 430 2899 485 Judaei
2931 429 3115 485 Scevac
3156 430 3357 499 princi-

1764 528 1845 599 pis
1876 531 2215 585 sacerdotum
2248 540 2452 600 septem
2484 527 2608 591 ﬁlii,
2666 526 2758 597 qui
2793 526 2897 581 hoc
2930 525 3219 581 faciebant.
3253 524 3357 579 lie—

1764 623 2038 692 spondens
2066 632 2244 679 autem
2284 622 2507 690 spiritus
2547 635 2797 691 nequam,
2842 618 2976 673 dixit
3014 619 3093 672 eis
3124 634 3136 671 :
3168 619 3354 673 Jesum

1766 716 1909 781 novi,
1943 726 1995 769 et
2026 716 2247 771 Paulum
2276 716 2390 771 scio
2424 734 2436 769 :
2470 729 2567 769 vos
2605 722 2782 768 autem
2810 713 2901 783 qui
2928 713 3102 767 estis?
3135 713 3198 766 Et
3228 711 3357 765 insi-

1765 808 1901 863 liens
1924 809 1975 863 in
1999 823 2094 864 eos
2123 809 2308 875 homo,
2342 809 2393 862 in
2422 824 2530 879 quo
2552 816 2667 863 erat
2688 805 3012 860 darinoninm
3039 804 3351 872 pessimum,

1766 909 1822 956 et
1860 900 2176 956 dominatus
2217 902 2521 963 amborum,
2557 899 2783 954 invaluit
2834 908 3021 954 contra
3052 911 3167 961 eos,
3200 897 3270 949 ita
3300 908 3359 949 ut

1766 994 1926 1059 nudi,
1959 1004 2013 1051 et
2042 995 2313 1050 vulnerati
2356 993 2654 1063 effugerent
2681 992 2747 1047 de
2778 990 2940 1047 domo
2985 989 3095 1043 illa.
3126 989 3235 1043 lloc
3267 1004 3362 1042 au-

1768 1093 1874 1141 tem
1901 1097 2087 1143 notum
2116 1087 2312 1142 factum
2346 1096 2428 1142 est
2458 1085 2708 1141 omnibus
2736 1083 2958 1149 Judmis,
2990 1094 3149 1154 atque
3181 1083 3360 1152 genti-

1767 1179 1930 1248 libus,
1965 1182 2053 1251 qui
2084 1181 2397 1235 habitabant
2432 1180 2631 1250 Ephesi
2665 1197 2677 1233 :
2707 1189 2761 1234 et
2791 1179 2989 1234 cecidit
3019 1179 3177 1231 timor
3201 1192 3364 1246 super

1768 1286 1957 1327 omnes
2004 1273 2146 1342 illos,
2180 1282 2235 1328 ct
2262 1273 2707 1343 magniﬁcabatnr
2738 1287 2932 1328 nomen
2966 1270 3176 1326 Domini
3208 1269 3359 1325 Jcsn.

1769 1364 2025 1434 Multique
2068 1365 2404 1421 credentium
2436 1366 2762 1431 veniebant,
2794 1365 3137 1428 conﬁtentes,
3181 1372 3235 1419 et
3261 1378 3363 1417 an.

1769 1457 2079 1512 nuntiantes
2123 1467 2273 1513 actus
2324 1474 2473 1514 suos.
2522 1469 2547 1496 ει
2591 1459 2736 1514 Multi
2789 1470 2968 1515 autem
3013 1477 3080 1514 ex
3121 1460 3221 1523 eis,
3274 1459 3363 1527 qui

1767 1549 1979 1603 fuerant
2020 1550 2236 1605 curiosa
2266 1552 2459 1606 sectati
2484 1593 2500 1617 ,
2529 1552 2875 1606 contulerunt
2918 1550 3104 1617 libros,
3136 1563 3189 1605 et
3211 1566 3367 1605 (δυω-

1766 1641 2057 1697 busserunt
2096 1658 2280 1699 coram
2312 1644 2565 1699 omnibus
2598 1660 2612 1698 :
2643 1654 2697 1700 ct
2725 1645 3052 1714 computatis
3094 1644 3275 1713 pretiis
3304 1642 3371 1697 il-

116 1737 354 1808 diligenter
370 1754 431 1793 ea
458 1754 577 1809 qua:
606 1748 735 1793 sunt
761 1738 913 1803 Jesu,
946 1738 1125 1792 sciens
1159 1747 1365 1792 tantum
1395 1737 1659 1807 baptisma
1692 1737 1740 1798 B
1770 1734 1963 1802 lorum,
2011 1735 2340 1792 invenerunt
2385 1739 2666 1805 pecuniam
2710 1737 3056 1793 denariorum
3104 1740 3371 1808 quinqua-

115 1828 318 1889 Joaunis.
349 1832 441 1886 llic
474 1846 607 1903 ergo
655 1831 821 1901 (repit
856 1830 1180 1885 ﬁducialiter
1206 1845 1369 1900 agere
1412 1829 1464 1883 in
1504 1845 1664 1900 syna-

112 1937 235 1992 goga.
278 1923 440 1991 Quem
492 1939 615 1980 cum
658 1924 895 1979 audisset
942 1923 1189 1978 Priscilla
1216 1932 1271 1977 et
1314 1923 1534 1993 Aquila,
1579 1936 1665 1976 as-

114 2026 412 2085 sumpserunt
480 2033 648 2082 eum,
714 2026 769 2071 ct
824 2016 1140 2086 diligentius
1190 2024 1562 2086 exposuerunt
1613 2015 1664 2069 ei

112 2106 221 2163 viam
246 2108 465 2164 Domini.
490 2109 628 2165 Cum
652 2118 832 2165 autem
862 2108 1026 2163 vellet
1050 2108 1127 2163 ire
1154 2108 1435 2174 Achaiam,
1468 2106 1666 2163 exhor-

114 2200 186 2253 tati
219 2201 396 2257 fratres
420 2248 433 2271 ,
480 2203 825 2272 scripserunt
863 2202 1179 2270 discipulis,
1223 2211 1283 2255 ut
1328 2200 1667 2269 susciperent

112 2306 226 2347 cum.
264 2292 358 2361 Qui
403 2308 523 2349 cum
556 2295 836 2361 venisset,
870 2294 1100 2349 contulit
1142 2293 1369 2347 multum
1419 2291 1504 2345 his
1529 2332 1542 2355 ,
1573 2292 1666 2361 qui

113 2385 444 2441 crediderant.
488 2388 860 2444 Vehementer
902 2388 1047 2442 enim
1083 2385 1304 2443 Jndteos
1354 2385 1669 2441 revincebat

112 2476 314 2545 publice,
370 2481 668 2536 ostendens
707 2495 806 2550 per
835 2480 1172 2551 Scripturas,
1222 2495 1345 2536 esse
1381 2478 1666 2534 Christum

111 2568 282 2628 Jesum.

161 2664 288 2737 [ϐαρ.
322 2665 486 2738 XIX.]
514 2668 748 2724 Factum
777 2678 862 2725 est
889 2678 1071 2724 autem
1100 2711 1115 2737 ,
1148 2684 1272 2724 cum
1302 2668 1499 2738 Apollo
1523 2675 1673 2723 esset

107 2755 330 2825 Corinthi,
353 2770 410 2817 ut
428 2762 660 2829 Paulus,
685 2764 994 2834 peragratis
1014 2763 1387 2834 superioribus
1406 2764 1669 2833 partibus,

108 2855 279 2910 veniret
302 2856 574 2927 Ephesum
605 2901 619 2925 ,
645 2868 701 2914 et
730 2860 1004 2915 inveniret
1030 2858 1292 2930 quosdam
1325 2857 1624 2929 discipulos
1652 2873 1668 2916 :

106 2944 307 3019 dixitque
326 2952 389 3007 ad
418 2968 513 3009 eos
539 2969 554 3009 :
596 2952 655 3009 Si
681 2953 947 3024 Spiritum
977 2963 1224 3009 sanctum
1247 2952 1534 3023 accepistis
1555 2968 1674 3007 cre-

106 3038 297 3097 dentes?
318 3047 385 3100 At
406 3046 482 3102 illi
509 3045 867 3101 dixeruntad
903 3062 1027 3101 eum
1058 3064 1071 3101 :
1106 3047 1212 3103 Sed
1240 3062 1440 3117 neque,
1476 3047 1520 3102 si
1548 3046 1672 3115 Spi-

1767 1828 1910 1897 ginta
1941 1828 2189 1883 millium.
2225 1829 2302 1883 lta
2349 1829 2563 1884 fortiter
2586 1831 2867 1885 crescebat
2896 1830 3117 1886 verbum
3160 1830 3278 1894 Dei,
3318 1839 3374 1883 ct

1767 1920 2206 1977 confirmabatur.
2240 1922 2335 1977 llis
2361 1933 2542 1977 autem
2572 1923 2800 1994 expletis
2822 1968 2836 1993 ,
2866 1923 3147 1994 proposuit
3178 1923 3372 1977 Paulus

1770 2011 1821 2066 in
1863 2012 2102 2083 Spiritu,
2135 2015 2359 2069 transita
2394 2016 2707 2071 Macedonia
2751 2024 2806 2070 et
2849 2015 3076 2083 Achaia,
3110 2017 3189 2072 ire
3220 2015 3373 2073 Jeru-

1769 2106 2061 2177 solymam,
2118 2106 2356 2161 dicens:
2406 2108 2670 2174 Quoniam
2720 2118 3005 2178 postquam
3067 2106 3222 2163 fuero
3279 2107 3374 2171 ibi,

1769 2209 1983 2269 oportet
2002 2215 2087 2255 me
2113 2208 2169 2256 et
2191 2201 2418 2254 Romam
2443 2200 2645 2255 videre.
2671 2201 2891 2256 Mittens
2912 2210 3093 2256 autem
3129 2201 3373 2255 inMacc—

1770 2292 1987 2348 doniam
2036 2291 2171 2347 duos
2197 2309 2262 2348 ex
2302 2292 2734 2348 ministrantibus
2769 2294 2894 2361 sibi,
2920 2294 3288 2363 Timotheum,
3320 2303 3376 2348 ct

1771 2390 2047 2457 Erastum,
2089 2393 2204 2460 ipse
2254 2394 2521 2447 remansit
2564 2392 2630 2447 ad
2666 2401 2876 2463 tempus
2922 2394 2977 2448 in
3024 2394 3173 2449 Asia.
3212 2395 3375 2449 Facta

1771 2492 1855 2539 cst
1896 2495 2075 2539 autem
2117 2482 2212 2539 illo
2250 2496 2494 2555 tempore
2526 2487 2760 2541 turbatio
2786 2502 2894 2541 non
2927 2487 3146 2541 minima
3188 2487 3256 2543 de
3288 2490 3375 2542 via

1773 2576 2007 2632 Domini.
2041 2577 2346 2632 Demetrius
2388 2578 2530 2633 enim
2575 2578 2793 2649 quidam
2844 2561 3082 2645 nomine,
3129 2591 3378 2651 argenta-

1773 2673 1906 2738 rius,
1956 2671 2161 2726 faciens
2187 2672 2332 2727 :cdes
2360 2680 2647 2742 argenteas
2678 2671 2882 2740 Dianze,
2928 2673 3220 2742 praestabat
3244 2674 3377 2727 arti-

1774 2765 1965 2820 ﬁcibus
2006 2780 2111 2820 non
2143 2765 2414 2821 modicum
2442 2776 2712 2835 quaestum
2740 2783 2753 2818 :
2787 2781 2924 2836 quos
2952 2782 3257 2823 convocans
3283 2808 3298 2834 ,
3323 2778 3378 2823 ct

1774 2872 1869 2913 eos
1896 2859 1985 2929 qui
2018 2858 2327 2927 hujusmodi
2364 2868 2517 2913 erant
2549 2859 2773 2929 opifices
2794 2901 2808 2926 ,
2832 2860 2963 2915 dixit
2998 2878 3013 2914 :
3042 2860 3192 2930 Viri,
3225 2862 3374 2917 scitis

1773 2953 1898 3023 quia
1935 2955 2002 3007 de
2031 2952 2132 3007 hoc
2162 2953 2390 3007 artiﬁcio
2419 2962 2505 3008 est
2532 2954 2686 3008 nobis
2714 2956 3002 3025 acquisitio
3036 2974 3046 3008 :
3072 2965 3124 3011 ct
3152 2956 3371 3022 videtis,

1774 3054 1829 3101 ct
1854 3044 2080 3111 auditis,
2109 3046 2234 3115 quia
2273 3062 2377 3101 non
2420 3045 2596 3101 solum
2646 3046 2845 3117 Ephesi
2876 3088 2889 3114 ,
2920 3048 3015 3103 sed
3042 3064 3177 3118 pene
3209 3050 3371 3105 totius

106 3130 214 3188 ritus
246 3148 453 3193 sanctus
489 3150 610 3204 est,
645 3138 974 3195 audivimus.
1000 3139 1096 3195 Ille
1132 3155 1264 3196 vero
1288 3139 1377 3193 ‘ait
1406 3157 1419 3192 :
1465 3138 1523 3194 ln
1559 3152 1667 3209 quo
1695 3124 1741 3189 C
1772 3137 1947 3206 Asice,
1977 3139 2175 3194 Paulus
2219 3139 2307 3194 hic
2351 3140 2586 3195 suadens
2617 3142 2816 3197 avertit
2858 3142 3083 3196 multam
3133 3142 3368 3208 turbam,

104 3236 204 3296 ergo
230 3226 471 3299 baptizati
509 3246 571 3288 es
592 3231 704 3286 tis?
726 3231 827 3300 Qui
856 3231 1111 3287 dixerunt
1144 3251 1154 3286 :
1192 3232 1248 3286 ln
1288 3231 1513 3288 Joannis
1541 3232 1671 3302 bap—

107 3318 299 3379 tismate.
337 3325 481 3383 Dixit
546 3337 740 3383 autem
795 3328 1037 3384 Paulus:
1091 3328 1331 3384 Joannes
1377 3328 1673 3399 baptizavit

113 3410 337 3484 baptismo
368 3420 720 3489 paenitentia?
750 3423 1005 3492 populum
1027 3464 1041 3488 ,
1066 3421 1256 3478 dicens
1281 3440 1293 3477 :
1326 3422 1382 3477 In
1410 3439 1557 3491 eum,
1580 3425 1671 3495 qui

108 3516 325 3566 venturus
356 3524 500 3570 esset
542 3523 673 3585 post
723 3514 931 3584 ipsum,
964 3526 1023 3571 ut
1065 3517 1387 3587 crederent,
1424 3518 1526 3573 hoc
1562 3527 1669 3585 est,

109 3597 151 3653 in
170 3600 355 3661 Jesum.
389 3608 483 3664 llis
519 3607 752 3674 auditis,
787 3608 1042 3678 baptizati
1074 3618 1202 3664 sunt
1238 3611 1289 3664 in
1320 3610 1542 3667 nomine
1567 3611 1674 3666 Do-

108 3694 217 3751 mini
252 3697 392 3757 Jesu.
419 3702 485 3759 Et
516 3718 646 3759 cum
680 3701 1031 3772 imposuisset
1060 3704 1163 3758 illis
1206 3719 1398 3759 manus
1440 3704 1669 3775 Paulus,

110 3791 228 3847 venit
253 3792 484 3866 Spiritus
508 3803 741 3852 sanctus
766 3810 931 3866 super
952 3811 1070 3863 eos,
1094 3806 1148 3853 et
1174 3797 1538 3869 loquebantur
1566 3798 1673 3853 lin-

104 3884 228 3953 guis,
253 3897 302 3943 et
329 3890 758 3961 prophetabant.
793 3887 959 3943 Erant
987 3898 1171 3944 autem
1203 3904 1393 3944 omnes
1422 3889 1525 3943 viri
1559 3889 1675 3945 fere

104 3972 371 4036 duodecim.
395 3982 783 4054 lntrogressus
799 3990 981 4036 autem
1010 3995 1366 4051 synagogam,
1386 3994 1509 4035 cum
1538 3979 1677 4034 ﬁdu-

104 4066 167 4121 cia
192 4071 494 4143 loquebatur
517 4091 620 4147 per
647 4083 758 4130 tres
789 4088 1026 4137 menses,
1052 4074 1334 4143 diSputans
1362 4082 1417 4129 et
1440 4072 1677 4129 suadens

105 4157 157 4215 de
173 4177 328 4237 regno
364 4168 483 4224 Dei.
528 4168 674 4225 Cum
713 4176 896 4222 autem
929 4166 1147 4237 quidam
1182 4165 1597 4232 indurarentur,
1623 4175 1678 4220 et

103 4267 191 4310 non
226 4258 543 4327 crederent,
597 4260 992 4317 maledicentes
1040 4262 1178 4315 viam
1230 4260 1444 4315 Domini
1488 4275 1676 4316 coram

104 4346 435 4421 multitudine,
465 4352 767 4409 discedens
798 4353 867 4406 ab
893 4353 994 4421 eis,
1027 4353 1331 4424 segregavit
1357 4352 1676 4423 discipulos,

102 4443 315 4507 quotidie
340 4446 637 4517 disputans
678 4443 731 4500 in
769 4444 957 4501 schola
986 4446 1204 4515 tyranni
1235 4445 1539 4515 cujusdam.
1565 4445 1679 4499 lloc

1773 3230 2003 3287 dicens:
2050 3232 2303 3303 quoniam
2350 3248 2458 3287 non
2490 3244 2617 3288 sunt
2660 3233 2759 3300 dii,
2800 3233 2892 3304 qui
2925 3234 3172 3290 manibus
3210 3234 3369 3290 ﬁunt.

1772 3327 1889 3383 Non
1942 3328 2115 3383 solum
2165 3338 2345 3383 autem
2378 3328 2495 3383 [nec
2535 3327 2927 3398 periclitabitur
2957 3328 3113 3384 nobis
3155 3344 3281 3399 pars
3318 3328 3371 3383 in

1773 3421 2209 3492 redargutionem
2238 3420 2459 3487 venire,
2491 3420 2587 3476 sed
2624 3419 2649 3457 ι)
2680 3429 2733 3476 et
2770 3436 2981 3491 magnae
3025 3421 3207 3476 Diana:
3239 3432 3375 3476 tem-

1774 3520 1920 3589 plum
1954 3519 2006 3573 in
2042 3517 2269 3573 nihilum
2300 3516 2636 3588 reputabitur
2660 3558 2674 3583 ,
2708 3517 2804 3572 sed
2834 3528 2887 3573 et
2916 3517 3124 3573 destrui
3151 3516 3373 3587 incipiet

1775 3612 2029 3683 majestas
2051 3612 2190 3682 ejus,
2215 3626 2374 3683 quam
2406 3621 2513 3667 tota
2544 3612 2691 3678 Asia,
2716 3621 2769 3666 et
2800 3612 2949 3667 orbis
2970 3611 3117 3666 colit.
3152 3611 3245 3665 llis
3274 3626 3374 3665 au-

1775 3703 1904 3760 ditis
1928 3746 1942 3769 ,
1977 3704 2169 3774 repleti
2214 3713 2340 3760 sunt
2383 3704 2484 3770 ira,
2528 3714 2582 3759 et
2612 3704 3054 3758 exclamaverunt
3081 3703 3324 3759 dicentes
3356 3722 3368 3756 :

1776 3794 1963 3865 Magna
2015 3796 2180 3850 Diana
2242 3794 2623 3865 Ephesiorum.
2672 3794 2743 3850 Et
2791 3795 3013 3865 impleta
3049 3804 3135 3850 est
3182 3797 3376 3852 civitas

1777 3886 2120 3954 confusione,
2150 3896 2203 3942 et
2233 3888 2490 3956 impetum
2518 3887 2764 3942 fecerunt
2792 3902 2899 3943 uno
2930 3888 3111 3944 animo
3138 3889 3192 3944 in
3224 3888 3375 3946 thea-

1780 3990 1945 4047 trum,
1976 3988 2130 4050 rapto
2156 3980 2294 4036 Gaio
2332 3991 2389 4037 et
2415 3980 2699 4037 Aristarco
2728 3982 3130 4051 Macedonibus,
3162 3984 3375 4039 comiti-

1779 4074 1879 4129 bus
1910 4073 2081 4128 Pauli.
2109 4073 2277 4129 Panlo
2307 4083 2483 4129 autem
2512 4075 2724 4131 volente
2764 4077 2968 4132 intrare
3008 4076 3060 4130 in
3088 4076 3373 4147 populum,

1781 4182 1887 4221 non
1910 4166 2275 4237 permiserunt
2301 4167 2573 4238 discipuli.
2599 4168 2829 4234 Quidam
2857 4179 3039 4225 autem
3069 4170 3205 4225 etde
3230 4169 3375 4224 Asiae

1783 4258 2116 4331 principibus
2141 4303 2155 4329 ,
2183 4260 2274 4331 qui
2304 4270 2459 4315 erant
2486 4260 2644 4316 amici
2674 4261 2792 4331 ejus
2818 4304 2832 4327 ,
2865 4263 3129 4317 miserunt
3156 4259 3223 4315 ad
3248 4272 3373 4314 eum

1782 4360 2034 4424 rogantes
2058 4393 2074 4421 ,
2100 4369 2167 4408 ne
2196 4368 2254 4409 se
2276 4352 2426 4408 daret
2456 4355 2507 4408 in
2548 4354 2815 4408 theatrum
2851 4371 2863 4406 :
2897 4354 2987 4407 alii
3015 4365 3193 4406 autem
3229 4351 3374 4405 aliud

1782 4446 2105 4502 clamabant.
2142 4446 2271 4501 Erat
2316 4447 2460 4501 enim
2509 4445 2740 4502 ecclesia
2788 4443 3057 4499 confusa:
3102 4453 3157 4498 et
3191 4443 3374 4512 plures

104 4543 254 4592 autem
296 4540 493 4598 factum
544 4551 635 4598 est
690 4555 788 4611 per
837 4539 1113 4595 biennium
1138 4583 1152 4607 ,
1198 4540 1269 4594 ita
1328 4548 1386 4594 ut
1440 4553 1635 4594 omnes
1660 4581 1675 4607 ,
1706 4508 1761 4569 D
1790 4539 2099 4595 nesciebant
2136 4555 2240 4609 qua
2269 4554 2333 4594 ex
2366 4554 2525 4594 causa
2556 4538 2958 4594 convenissent.
2992 4537 3067 4592 De
3098 4536 3249 4592 turba
3279 4554 3377 4593 aus

100 4628 178 4696 qui
221 4630 533 4691 habitabant
576 4636 634 4689 in
686 4631 845 4698 Asia,
883 4632 1136 4687 audirent
1173 4632 1400 4688 verbum
1442 4631 1676 4698 Domini,

102 4717 249 4779 Judaei
284 4736 444 4797 atque
483 4725 748 4799 gentiles.
782 4726 1123 4798 Virtutesque
1152 4741 1259 4782 non
1291 4727 1561 4798 quaslibet
1601 4725 1679 4781 fa-

98 4814 253 4874 ciebat
291 4821 434 4879 Deus
461 4839 562 4894 per
594 4837 822 4876 manum
856 4820 1038 4877 Pauli:
1083 4820 1154 4876 ita
1195 4828 1255 4875 ut
1300 4820 1462 4875 etiam
1515 4834 1680 4888 super

101 4906 361 4983 languidos
382 4917 742 4975 deferrentur
766 4931 795 4971 a
834 4930 1065 4986 corpore
1095 4913 1211 4985 ejus
1233 4914 1469 4981 sudaria,
1494 4922 1549 4969 et
1594 4928 1679 4968 se-

101 5001 369 5076 micinctia,
400 5019 455 5065 et
482 5007 817 5066 recedebant
844 5007 914 5063 ab
934 5007 1014 5064 eis
1042 5008 1348 5077 languores,
1376 5014 1434 5062 et
1456 5006 1680 5076 spiritus

102 5108 307 5167 nequam
346 5103 795 5173 egrediebantur.
826 5100 1195 5157 Tentaverunt
1242 5108 1422 5155 autem
1464 5099 1679 5169 quidam

98 5191 230 5247 etde
255 5195 724 5253 eirenmenntibus
754 5194 959 5250 Judazis
985 5193 1290 5257 exorcistis,
1322 5192 1573 5249 invocare
1594 5206 1687 5247 su-

103 5295 187 5350 Per
213 5301 322 5355 cus,
348 5290 441 5362 qui
465 5290 744 5346 habebant
770 5288 990 5360 spiritus
1022 5287 1214 5354 malos,
1247 5301 1443 5343 nomen
1473 5284 1687 5341 Domini

165 5448 192 5478 “
216 5448 439 5523 Pr0pius
470 5453 539 5509 ad
568 5452 817 5509 Graecum
847 5452 904 5508 S.
952 5450 1227 5523 Interpres
1256 5450 1309 5505 in
1334 5446 1493 5505 Prtcf.
1517 5447 1678 5501 Com-

103 5530 256 5575 ment.
286 5522 339 5577 in
371 5524 549 5594 Epist.
584 5523 653 5578 ad
682 5523 882 5595 Ephes.
916 5522 1082 5594 legit:
1116 5522 1353 5595 Plurimi
1366 5535 1569 5595 quoque
1596 5532 1685 5571 eo-

103 5604 227 5670 ϊιυη,
253 5595 339 5663 qui
367 5592 579 5650 curiosa
609 5592 890 5666 gesserant,
921 5592 1295 5665 coinportantes
1338 5592 1516 5657 libros,
1550 5602 1687 5670 com-

106 5658 355 5721 busseritnt
386 5683 568 5739 coram
609 5658 843 5722 amnibus
917 5677 965 5720 et
1002 5658 1688 5739 computauerunlupretinnt

105 5745 262 5790 eorum
284 5778 302 5807 ,
343 5746 390 5793 et
418 5738 719 5795 invenerunt
748 5728 947 5813 argenti
976 5728 1355 5809 quinquaginta
1382 5732 1569 5787 millia.
1605 5728 1695 5785 Sic

382 5833 676 5898 Pusam.
713 5833 961 5898 XXIX.

1791 4637 1897 4686 tem
1942 4630 2293 4687 detraxerunt
2336 4628 2734 4696 Alexandrum,
2776 4628 3202 4699 propellentibus
3248 4644 3375 4684 eum

1786 4724 2012 4781 Judzcis.
2064 4724 2369 4782 Alexander
2395 4733 2573 4780 autem
2596 4765 2611 4789 ,
2645 4740 2804 4778 manu
2836 4723 3052 4778 silentio
3082 4723 3374 4792 postulato,

1787 4818 2006 4874 volebat
2046 4818 2277 4873 reddere
2328 4817 2593 4871 rationem
2639 4815 2856 4885 populo.
2890 4814 3059 4881 Quem
3090 4823 3148 4869 ut
3176 4829 3378 4886 cogno-

1790 4920 1987 4967 verunt
2036 4910 2282 4966 Judaeum
2319 4923 2463 4975 esse,
2506 4924 2608 4963 vox
2642 4908 2780 4963 facta
2832 4922 2939 4963 una
2980 4917 3064 4963 cst
3109 4909 3372 4976 omnium,

1790 5007 1943 5076 quasi
1992 5020 2087 5075 per
2132 5004 2293 5059 horas
2345 5002 2479 5058 duas
2509 5003 2858 5057 clamantium
2904 5020 2915 5053 :
2969 5002 3154 5073 Magna
3208 5003 3379 5058 Diana

1793 5096 2176 5167 Ephesiorntn.
2210 5095 2277 5148 Et
2306 5109 2429 5148 cum
2458 5092 2703 5148 scdasset
2739 5093 2916 5148 scriba
2949 5093 3129 5149 turbas
3154 5134 3169 5159 ,
3198 5092 3336 5147 dixit
3364 5110 3378 5146 :

1794 5189 1907 5244 Viri
1949 5187 2208 5257 Ephesii,
2249 5185 2368 5255 quis
2410 5185 2553 5240 enim
2582 5194 2666 5240 est
2711 5184 3020 5254 hominum,
3049 5185 3142 5257 qui
3182 5185 3387 5241 nesciat

1796 5279 2152 5351 Ephesiorum
2181 5277 2453 5333 civitatem
2484 5275 2767 5334 cultricem
2792 5292 2915 5334 esse
2938 5292 3148 5349 magna:
3177 5277 3383 5343 Dianae,

1785 5450 2013 5516 potenter
2030 5438 2236 5516 verbu_m
2255 5436 2463 5492 Domini
2483 5437 2759 5516 crescebat,
2777 5447 2827 5516 _et
2843 5436 3253 5516 conformantur,
3272 5444 3382 5492 etc.

1860 5511 1889 5551 ιι
1933 5511 2131 5567 lterum
2166 5510 2358 5565 Graeco
2402 5508 2645 5578 pressius
2688 5510 2816 5579 legit
2862 5508 3060 5563 ibidem
3102 5507 3160 5563 S.
3214 5507 3387 5562 luter-

1793 5598 1941 5657 pres,
1966 5581 2036 5636 Et
2054 5598 2257 5657 magna:
2278 5581 2402 5636 Dea:
2428 5581 2677 5652 templum
2699 5578 2888 5657 Diana:
2908 5579 2960 5657 in
2988 5579 3209 5633 nihilum
3236 5596 3392 5651 repn-

1798 5652 2010 5721 iabitur,
2030 5652 2531 5723 destruetnrquoque
2558 5652 2861 5724 magnitudo
2882 5653 3017 5723 ejus,
3032 5667 3187 5722 quam
3208 5661 3396 5706 cuncta

1802 5728 1949 5798 Asia,
1977 5736 2025 5783 et
2054 5726 2317 5781 universus
2346 5723 2484 5781 orbis
2507 5725 2652 5792 colit,
2682 5734 2789 5783 etc.

3110 5819 3189 5882 23
