3920 6200
543 225 651 284 τίϐ

1545 220 1600 278 s.
1648 216 2031 291 utunonvtn
2068 215 2301 278 ntva
2340 221 2799 287 BIBLIOTBBCA

3725 232 3810 290 Hd

541 341 798 411 invisque
824 338 989 409 prolis
1010 338 1033 391 't
1053 336 1186 393 Cum
1210 350 1341 408 ergo
1363 336 1446 391 his
1472 336 1777 392 contradici
1805 352 1914 393 non
1942 337 2137 408 possit,
2164 342 2219 403 Α
2242 358 2299 404 ει
2316 348 2473 403 simul
2515 357 2727 411 essent,
2774 348 2911 401 dixit
2939 346 3021 417 eis
3050 365 3064 400 :
3098 347 3209 401 Vos
3246 346 3400 402 scitis
3446 357 3477 399 a
3509 348 3675 416 prima
3716 349 3808 412 die,

544 442 761 503 oportet
809 446 906 487 vos
957 429 1179 486 sedatos
1228 443 1372 495 esse,
1420 437 1475 484 et
1528 429 1661 483 nihil
1712 437 1919 485 temere
1953 444 2136 500 agere.

544 524 864 580 Adduxistis
911 521 1058 578 enim
1096 520 1348 577 homines
1394 520 1561 589 istos,
1611 537 1790 592 neque
1827 521 2144 592 sacrilegos,

543 636 719 690 neque
747 620 1185 690 blasphemautes
1214 616 1382 673 Deam
1411 627 1672 673 vestram.
1705 613 1862 684 Quod
1888 618 1933 670 si
1955 616 2146 672 Deme—

545 714 702 777 trius,
732 720 787 766 et
814 711 907 781 qui
929 726 1050 765 cum
1078 724 1145 765 eo
1167 718 1295 764 sunt
1322 708 1563 764 artifices
1588 754 1603 776 ,
1633 710 1836 765 habent
1859 708 2145 763 adversum

543 803 781 874 aliquem
823 817 1082 871 causam,
1127 809 1430 857 conventus
1482 802 1731 856 forenses
1775 808 2042 872 aguntur,
2092 805 2150 854 et

543 896 898 966 proconsules
940 904 1094 959 sunt,
1139 904 1397 951 accusent
1437 894 1688 949 invicem.
1718 893 1776 949 Si
1803 892 1934 963 quid
1965 900 2148 947 autem

543 989 768 1044 alterius
796 989 873 1043 rei
904 989 1146 1057 quaeritis
1176 1004 1190 1041 :
1219 987 1271 1042 in
1296 988 1535 1057 legitima
1560 986 1793 1041 ecclesia
1816 984 2017 1055 poterit
2043 983 2149 1037 ab-

544 1083 706 1140 solvi.
763 1080 901 1136 Nam
953 1090 1010 1136 et
1069 1081 1443 1150 periclitamur
1499 1080 1651 1150 argui
1707 1077 1996 1133 seditionis
2052 1080 2152 1133 lto-

546 1174 753 1230 dierna:
778 1189 794 1228 :
827 1188 949 1227 cum
994 1171 1176 1226 nullus
1200 1169 1471 1226 obnoxius
1508 1170 1580 1225 sit
1611 1169 1705 1240 (de
1735 1182 1846 1241 quo
1873 1168 2153 1238 possimus

543 1266 784 1325 reddere
831 1263 1127 1335 rationem)
1185 1277 1490 1319 concursus
1526 1261 1707 1318 istius.
1758 1261 1827 1317 Et
1870 1276 1993 1317 cum
2037 1261 2153 1316 hec

550 1360 781 1416 dixisset
808 1358 1013 1413 dimisit
1037 1356 1350 1413 ecclesiam.

626 1448 933 1523 |Cap.XX.]
954 1449 1249 1520 Postquam
1273 1456 1453 1504 autem
1480 1445 1718 1502 cessavit
1744 1444 2022 1510 tumultus,
2055 1459 2153 1499 vo-

548 1544 685 1601 catis
708 1543 906 1598 Paulus
932 1541 1244 1611 discipulis,
1268 1549 1324 1596 et
1351 1538 1676 1597 exhortatus
1704 1553 1801 1594 eos
1821 1578 1836 1601 ,
1873 1536 2157 1602 valedixit,

550 1646 608 1694 et
629 1634 906 1707 profectus
931 1643 1037 1699 est,
1072 1646 1131 1687 ut
1156 1633 1261 1687 iret
1292 1634 1344 1686 in
1383 1630 1779 1687 Macedoniam.
1806 1627 1943 1687 Cum
1973 1639 2159 1683 autem

2247 457 2352 509 qua
2379 442 2663 511 ingressus
2690 455 2813 494 sum
2839 440 2893 493 in
2916 439 3126 504 Asiam,
3154 438 3395 510 qualiter
3420 439 3691 495 vobiscum
3736 460 3812 510 per

2247 549 2413 591 omne
2441 544 2658 604 tempus
2701 534 2918 601 fuerim,
2957 533 3211 590 servietis
3257 533 3493 589 Domino
3537 548 3655 588 cum
3688 537 3810 590 omni
3896 544 3897 609 ξ

2252 626 2587 692 humilitate,
2617 634 2677 681 et
2705 626 2981 697 lacrymis,
3015 634 3073 680 et
3114 623 3531 691 tentationibos,
3561 640 3678 695 qua:
3700 626 3810 681 mihi

2250 719 2571 775 acciderunt
2615 736 2681 774 ex
2729 718 2940 774 insidiis
2987 717 3300 773 Judzorum
3335 734 3353 774 :
3385 717 3655 789 quomodo
3699 720 3809 775 nihil

2251 812 2617 869 subtraxerim
2646 821 2671 848 ⁸·
2714 811 2926 866 utilium
2954 856 2969 878 ,
3006 810 3300 877 quominus
3339 812 3712 867 annuntiireta
3738 827 3812 867 vo-

2252 905 2363 973 bis,
2393 914 2451 960 et
2472 904 2729 961 docerem
2755 920 2859 959 vos
2898 902 3134 974 publice,
3166 915 3220 958 ct
3250 918 3351 969 per
3374 901 3566 958 domos
3586 946 3600 969 ,
3650 903 3813 959 testiﬁ-

2253 1010 2386 1053 cans
2409 995 2621 1053 ludatis
2651 1005 2817 1067 atque
2834 995 3131 1067 gentilibus
3153 995 3205 1048 in
3240 993 3415 1049 Deum
3447 995 3811 1063 pmniteutiaut,

2254 1097 2309 1146 et
2345 1089 2510 1147 ﬁdem
2553 1090 2609 1145 in
2638 1089 2928 1145 Dominum
2958 1100 3206 1145 nostrum
3244 1087 3432 1144 lusum
3459 1087 3737 1143 Christum.
3760 1090 3813 1143 Et

2257 1194 2406 1236 nunc
2432 1195 2564 1237 ecce
2598 1181 2857 1252 alligatus
2885 1194 2990 1253 ego
3016 1180 3236 1250 spiritu,
3267 1179 3410 1235 vado
3436 1181 3490 1235 in
3517 1180 3811 1245 Jerusalem;
3896 1186 3897 1191 ‘

2258 1288 2382 1342 quae
2406 1274 2460 1329 in
2487 1288 2554 1331 ea
2601 1284 2830 1331 ventura
2858 1275 2970 1330 sint
3011 1273 3169 1340 mihi,
3219 1274 3480 1345 ignorans
3512 1292 3529 1329 :
3558 1276 3649 1329 nisi
3691 1274 3815 1346 quod

2257 1365 2497 1436 Spiritus
2531 1376 2753 1424 sanctus
2796 1382 2894 1438 per
2919 1382 3114 1423 omnes
3142 1368 3395 1424 civitates
3423 1367 3559 1422 mihi
3582 1376 3813 1437 pmicsla-

2263 1468 2375 1525 tur,
2404 1460 2596 1518 dicens
2627 1478 2644 1516 :
2677 1462 2932 1533 quoniam
2957 1461 3176 1518 vincula
3209 1470 3267 1517 et
3301 1460 3667 1519 tribulationcs
3686 1461 3820 1517 Jeru-
3896 1450 3897 1455 “

2262 1550 2491 1623 solymis
2534 1568 2623 1607 me
2655 1563 2898 1608 manent.
2930 1552 3035 1607 Sed
3084 1552 3223 1608 nihil
3265 1550 3458 1609 borum
3486 1568 3704 1610 vereor:
3733 1569 3823 1609 nec
3896 1586 3897 1589 η

2264 1642 2408 1699 facio
2437 1644 2673 1699 animam
2706 1660 2885 1700 meam
2930 1644 3313 1715 pretiosiorem
3360 1659 3510 1716 quam
3552 1661 3648 1712 me,
3673 1644 3817 1700 dam-

551 1726 987 1799 perambulasset
1016 1736 1201 1796 partes
1230 1722 1373 1789 illas,
1406 1732 1463 1777 et
1490 1720 1814 1777 exhortatus
1838 1734 1933 1775 eos
1965 1718 2160 1775 fuisset

2282 1735 2426 1791 nodo
2470 1751 2847 1791 consummcm
2893 1752 3112 1792 cursum
3156 1753 3364 1804 meum,
3392 1746 3448 1793 et
3494 1738 3819 1794 ministerium

558 1820 732 1873 multo
759 1832 1039 1881 sermone,
1067 1817 1218 1870 venit
1248 1813 1315 1869 ad
1338 1812 1608 1868 Graeciam
1636 1830 1651 1866 :
1678 1811 1772 1868 ubi
1792 1826 1915 1868 cum
1945 1811 2164 1867 fecisset

560 1923 775 1965 menses
808 1919 937 1973 tres,
973 1906 1127 1962 facta:
1158 1914 1285 1960 sunt
1307 1905 1383 1959 illi
1408 1905 1621 1959 insidia:
1659 1904 1913 1960 aJudxis
1942 1902 2162 1975 naviga-

559 2012 685 2057 turo
712 2001 766 2056 in
794 1998 1007 2071 Syriam
1040 2014 1056 2055 :
1088 1996 1381 2065 habuitque
1419 1997 1734 2059 consilium,
1769 2004 1827 2050 ut
1860 2006 2165 2051 revertere-

561 2104 649 2149 tur
676 2108 774 2162 per
804 2089 1198 2146 Macedoniam.
1228 2087 1534 2145 Comitatus
1562 2098 1644 2143 cst
1681 2098 1863 2142 autent
1895 2104 2019 2143 eum
2061 2086 2158 2143 So-

563 2194 718 2255 pater
770 2181 963 2253 Pyrrhi
1015 2180 1365 2257 Bermengsis,
1418 2178 1991 2235 Tltessaloniccnsiuui
2034 2195 2166 2234 vero

563 2276 950 2344 Aristarchus,
981 2286 1037 2331 et
1063 2272 1382 2337 Secundus,
1405 2284 1461 2328 et
1485 2271 1653 2329 Gaius
1682 2272 1966 2341 Derbzeus,
1996 2283 2054 2329 ct
2077 2273 2121 2328 Τ
2124 2275 2168 2329 i-

563 2370 859 2427 motheus:
913 2367 1098 2425 Asiani
1138 2382 1271 2424 vero
1299 2365 1575 2439 Tychicus
1623 2375 1677 2423 et
1707 2365 2061 2438 Tropbiuius.
2101 2366 2166 2422 ili

561 2477 687 2519 cum
738 2460 1169 2532 praeessissent,
1218 2458 1597 2516 sustinuerunt
1641 2474 1740 2515 nos
1767 2458 1982 2515 Troade
2017 2478 2031 2514 :
2067 2473 2170 2516 nos

559 2568 693 2611 vero
726 2553 1102 2626 navigavimus
1145 2561 1267 2624 post
1292 2551 1412 2609 dies
1441 2555 1778 2625 Azymorum
1809 2566 1840 2607 a
1876 2551 2168 2624 Philippis,

566 2659 622 2704 et
661 2650 909 2704 venimus
938 2647 1007 2703 ad
1038 2661 1134 2703 eos
1165 2645 1435 2703 Troadem
1475 2647 1528 2701 in
1561 2646 1755 2703 diebus
1785 2647 2051 2720 quinque,
2078 2647 2170 2703 ubi

567 2741 831 2798 demorati
865 2756 1053 2796 sumus
1091 2739 1285 2795 diebus
1313 2747 1545 2811 septem.
1579 2740 1699 2798 Una
1750 2750 1933 2797 autem
1961 2741 2172 2797 sabbati

567 2849 693 2890 cum
719 2833 1173 2889 convenissemus
1213 2832 1281 2888 ad
1327 2832 1687 2904 frangendum
1720 2848 1942 2904 panem,
1974 2832 2173 2890 Paulus

569 2927 882 2998 disputabat
908 2941 1031 2982 cum
1059 2924 1140 2981 eis
1164 2966 1180 2994 ,
1211 2924 1560 2996 profecturus
1585 2925 1640 2981 in
1673 2927 1969 2981 crastinum
1988 2969 2003 2995 ,
2046 2941 2174 2998 pro-

570 3021 848 3091 traxitque
905 3034 1218 3076 sermonem
1276 3034 1448 3093 usque
1512 3018 1568 3076 in
1639 3019 1876 3076 mediam
1931 3031 2171 3078 noctem.

2268 1830 2441 1895 verbi,
2474 1831 2619 1900 quod
2651 1832 2838 1902 accepi
2878 1845 2908 1885 a
2943 1830 3174 1887 Domino
3193 1831 3349 1897 Iesu,
3383 1831 3824 1898 te~ti5cnyiEvano

2265 1922 2470 1991 gelium
2494 1924 2686 1995 gratiae
2720 1924 2836 1979 Dei.
2871 1925 2938 1980 Et
2963 1940 3108 1981 nunc
3132 1941 3262 1983 ecce
3288 1941 3393 1999 ego
3422 1926 3557 1993 scio,
3583 1926 3700 1997 quia
3723 1942 3823 1982 am-

2269 2014 2409 2083 plius
2434 2029 2544 2070 non
2601 2016 2861 2072 Videbitis
2893 2017 3088 2074 faciem
3135 2034 3314 2075 meam
3365 2034 3463 2075 vos
3507 2035 3707 2082 omnes,
3746 2033 3825 2089 per

2268 2118 2406 2175 quos
2441 2108 2667 2162 transivi
2714 2109 3019 2178 praedicans
3045 2125 3271 2181 regnum
3302 2110 3422 2166 Dei.
3455 2109 3485 2149 ιθ
3523 2110 3827 2180 Quapropter

2269 2208 2549 2255 contestor
2577 2215 2673 2254 vos
2699 2201 2964 2258 hodierna
2989 2201 3104 2271 die,
3135 2204 3265 2271 quia
3288 2202 3528 2259 mundus
3549 2218 3663 2257 sunt
3681 2218 3710 2258 a
3729 2217 3827 2256 sau-
3896 2196 3897 2275 l

2269 2289 2435 2359 guine
2485 2293 2753 2346 omnium.
2802 2292 2919 2349 Non
2973 2294 3123 2350 enim
3178 2294 3528 2366 subterfugi,
3577 2295 3828 2366 quominus
3896 2306 3897 2343 1

2270 2385 2651 2439 annuntiarem
2701 2402 2863 2443 omne
2903 2387 3193 2444 consilium
3228 2387 3327 2444 Dei
3376 2388 3554 2445 vobis.
3591 2388 3829 2445 Attendue
3896 2385 3897 2447 ἒ

2271 2476 2451 2541 vobis,
2478 2486 2536 2533 et
2557 2480 2813 2534 universo
2839 2482 3013 2552 gregi,
3047 2482 3102 2536 in
3129 2496 3238 2549 quo
3260 2497 3362 2538 vos
3392 2483 3625 2554 Spiritus
3642 2491 3830 2537 sanctus

2275 2570 2782 2643 posuitepiscopos,
2813 2589 3005 2645 regere
3031 2575 3333 2632 Ecclesium
3360 2577 3480 2644 Dei,
3509 2593 3660 2649 quam
3680 2578 3832 2648 aequi.

2275 2666 2405 2720 sivit
2430 2667 2697 2737 sanguine
2721 2683 2843 2724 suo.
2873 2668 2992 2740 Ego
3018 2671 3138 2726 scio
3163 2671 3422 2741 quoniam
3452 2672 3722 2728 intrabunt
3735 2680 3833 2743 post

2274 2758 2667 2817 discessionem
2701 2777 2876 2819 meant
2902 2763 3015 2832 lupi
3041 2779 3267 2836 rapaces
3290 2767 3345 2821 in
3367 2782 3482 2833 vos,
3514 2782 3620 2823 non
3643 2781 3835 2837 parcen-

2277 2861 2367 2923 tes
2389 2855 2560 2927 gregi.
2591 2856 2656 2910 Et
2686 2872 2758 2911 cx
2787 2857 2941 2914 vobis
2969 2859 3102 2929 ipsis
3132 2872 3435 2931 exsurgent
3462 2861 3562 2917 viri
3592 2863 3835 2932 loquenti-5

2279 2962 2558 3017 perversa,
2588 2958 2647 3003 ut
2673 2949 2949 3007 abducant
2986 2951 3285 3023 discipulos
3327 2965 3449 3024 post
3478 2969 3562 3010 se.
3594 2966 3613 2994 τ
3648 2954 3838 3024 Propter

2277 3041 2422 3118 Quod
2472 3042 2713 3113 vigilate,
2776 3046 3043 3102 memoria
3088 3046 3413 3115 retinentes,
3475 3048 3722 3118 quoniam
3764 3062 3840 3116 per

574 3112 747 3168 Eram
794 3120 977 3168 autem
1028 3111 1322 3211 Iampaqeg
1358 3112 1595 3184 copiosae
1634 3111 1690 3168 in
1739 3112 2250 3211 cenaculq._ubic
2280 3111 2577 3190 triennium
2624 3144 2783 3192 nocte
2826 3146 2877 3192 el
2917 3136 3011 3193 die
3044 3152 3156 3194 non
3184 3111 3416 3205 cessavi,
3450 3111 3572 3194 «τέω.
3620 3111 3841 3211 laeryiuis

578 3220 799 3263 eramus
830 3206 1167 3276 congregati.
1216 3205 1424 3263 Sedens
1470 3214 1653 3262 autem
1699 3207 1920 3279 quidam
1965 3207 2181 3263 adoles—

580 3314 712 3355 cens
760 3297 985 3354 nomine
1013 3297 1294 3370 Eutychus
1330 3315 1496 3370 super
1526 3300 1844 3368 fenestram,
1879 3317 2003 3358 cum
2036 3317 2181 3357 mer-

575 3400 795 3464 geretur
818 3405 1010 3447 somno
1048 3393 1227 3463 gravi,
1282 3392 1594 3462 disputante
1637 3393 1731 3449 diu
1765 3393 1955 3461 Paulo,
1987 3394 2181 3452 ductus

582 3499 778 3542 somno
798 3483 998 3540 cecidit
1025 3484 1096 3540 de
1123 3485 1283 3540 tertio
1307 3485 1590 3540 cmuaculo
1613 3485 1891 3555 deorsum,
1916 3497 1972 3545 et
1999 3489 2183 3546 subla-

585 3590 670 3635 tus
691 3588 776 3635 est
803 3585 1076 3635 mortuus.
1107 3576 1191 3632 Ad
1215 3592 1377 3649 quem
1405 3592 1527 3633 cum
1558 3577 1934 3637 descendisset
1960 3582 2180 3652 Paulus,

584 3672 835 3730 incubuit
864 3686 1029 3744 super
1056 3686 1213 3728 eum:
1248 3670 1640 3743 etcomplexus
1664 3670 1837 3728 dixit:
1859 3672 2038 3731 Nolite
2065 3686 2179 3732 tur-

584 3768 724 3837 bari,
752 3768 933 3822 anima
962 3765 1106 3822 enim
1143 3762 1314 3836 ipsius
1359 3764 1414 3821 in
1454 3764 1577 3836 ipso
1606 3775 1711 3821 est.
1745 3764 2063 3824 Ascendens
2090 3786 2185 3825 au-

583 3870 717 3926 tem,
785 3861 1147 3930 frangensque
1210 3873 1447 3930 panem,
1512 3867 1569 3913 et
1628 3867 1892 3931 gustans,
1944 3865 2187 3935 satisque

593 3952 860 4007 allocutus
926 3967 1099 4024 usque
1173 3953 1227 4008 in
1294 3952 1517 4023 lucem,
1592 3953 1671 4010 sic
1733 3954 2013 4026 profectus
2078 3972 2183 4015 cst.

588 4040 950 4097 Adduxerunt
1022 4049 1205 4098 autem
1265 4059 1490 4114 puerum
1557 4044 1871 4113 viventem,
1934 4059 1991 4103 et
2055 4065 2186 4105 cou-

591 4132 752 4190 solati
801 4141 931 4188 sunt
984 4147 1091 4187 non
1124 4132 1367 4189 minime.
1417 4133 1528 4189 Nos
1588 4146 1770 4192 autem
1827 4141 2187 4197 ascendentes

594 4242 791 4284 navem
820 4268 835 4294 ,
896 4223 1272 4298 navigavimus
1331 4227 1385 4280 in
1438 4228 1616 4284 Asson
1645 4271 1661 4297 ,
1708 4230 1835 4287 inde
1884 4236 2187 4307 suscepturi

593 4323 821 4382 Paulum
858 4341 868 4377 :
899 4323 979 4378 sic
1009 4322 1158 4378 enim
1189 4321 1541 4393 disposuerat
1571 4326 1689 4390 ipse
1727 4342 1825 4398 per
1855 4338 2052 4386 terram
2088 4334 2191 4389 iter

594 4417 859 4474 facturus.
897 4413 1033 4471 Cum
1062 4424 1241 4472 autem
1274 4416 1627 4473 convenisset
1650 4434 1749 4475 nos
1776 4420 1830 4476 in
1865 4422 2064 4494 Asson,
2103 4442 2188 4483 as-

2282 3239 2514 3282 tnonens
2544 3242 2987 3298 unumquemque
3006 3237 3270 3288 vestrum.
3295 3231 3362 3288 Et
3391 3248 3536 3288 nunc
3554 3232 3842 3288 commendo

2282 3332 2379 3372 vos
2406 3318 2544 3386 Deo,
2573 3330 2626 3373 et
2656 3320 2822 3376 verbo
2839 3321 3032 3392 gratia:
3064 3323 3236 3394 ipsius
3257 3324 3349 3395 qui
3375 3335 3571 3397 potens
3594 3337 3674 3381 est
3703 3322 3841 3379 reditio

2283 3424 2434 3473 care,
2460 3421 2517 3467 et
2545 3410 2675 3467 dare
2712 3411 3091 3471 hereditatem
3137 3415 3195 3471 in
3223 3416 3577 3473 sanetilicatis
3603 3416 3838 3473 omnibus.

2284 3503 2583 3573 Argentum
2617 3514 2672 3559 et
2710 3520 2928 3573 aurum,
2970 3514 3070 3562 aut
3098 3516 3305 3563 vestem
3339 3510 3543 3565 nulluts
3570 3508 3839 3578 concupiti.

2285 3595 2431 3651 sicut
2480 3594 2585 3665 ipsi
2632 3596 2815 3665 scitis;
2859 3600 3119 3669 quoniam
3163 3600 3231 3655 ad
3277 3615 3365 3666 ea,
3405 3616 3533 3672 qua:
3564 3601 3690 3657 mihi
3734 3615 3841 3670 opus

2285 3696 2470 3755 erant,
2499 3699 2556 3744 et
2586 3688 2671 3745 his
2688 3690 2778 3761 qui
2809 3706 3024 3748 mecum
3049 3703 3198 3763 sunt,
3232 3693 3840 3752 ministraveruntmauus

2288 3781 2426 3838 ista}.
2458 3779 2657 3838 Omnia
2686 3784 2900 3841 ostendi
2934 3785 3126 3850 vobis,
3157 3787 3416 3858 quoniam
3444 3788 3528 3845 sic
3550 3788 3836 3851 laborantes,

2286 3884 2509 3946 oportet
2528 3877 2809 3949 suscipere
2838 3878 3106 3947 infirmos,
3136 3896 3201 3937 ac
3235 3882 3556 3940 meminisse
3594 3881 3733 3939 verbi
3761 3880 3839 3935 Do-

2295 3968 2428 4025 mini
2474 3968 2625 4040 Jesu,
2675 3971 2930 4044 quoniam
2964 3974 3083 4043 ipse
3111 3974 3283 4030 dixit:
3319 3974 3541 4033 Bestius
3580 3984 3663 4034 est
3702 3973 3839 4044 magis

2288 4062 2441 4133 dare,
2471 4079 2633 4135 quam
2660 4065 2937 4135 accipere.
2987 4067 3054 4122 Et
3098 4066 3220 4123 cum
3262 4068 3381 4126 haec
3409 4069 3657 4136 dixisset,
3685 4064 3839 4139 positis
3896 4062 3897 4139 Ῑ

2287 4156 2519 4227 genibus
2540 4158 2654 4213 suis
2679 4158 2854 4216 oravit
2874 4175 3002 4217 cum
3032 4161 3288 4218 omnibus
3314 4163 3443 4219 illis.
3467 4162 3837 4235 Magnusautem

2289 4246 2449 4305 fletus
2499 4249 2677 4307 factus
2722 4259 2813 4308 est
2850 4253 3133 4313 omnium:
3165 4265 3224 4311 et
3265 4256 3682 4324 procumbentes
3712 4265 3841 4322 super
3896 4254 3897 4309 l

2290 4340 2492 4397 collum
2516 4341 2669 4399 Pauli
2701 4344 3088 4402 osculabantur
3111 4360 3262 4416 eum,
3291 4347 3544 4404 dolentes
3569 4347 3777 4404 maxime
3799 4343 3840 4398 iu
3896 4340 3897 4415 Ε

2291 4436 2486 4513 verbo,
2518 4437 2667 4509 quod
2714 4438 2951 4506 dixerat,
3003 4441 3263 4512 quoniam
3292 4442 3529 4513 amplius
3555 4441 3731 4498 faciem
3748 4438 3842 4508 ei!“

593 4523 811 4583 sumpto
834 4525 922 4578 eo,
956 4510 1204 4566 venimus
1232 4509 1550 4582 Mitylenen.
1582 4510 1662 4579 Et
1692 4513 1817 4571 inde
1852 4518 2189 4590 navigantes,
2218 4514 2273 4578 D
2298 4541 2406 4583 non
2432 4509 2622 4584 essent
2646 4528 2839 4584 visuri.
2879 4530 2950 4587 Et
2977 4509 3318 4588 deducebant
3349 4509 3475 4590 eum
3504 4534 3569 4590 ad
3593 4547 3784 4590 navem.

591 4606 843 4677 sequenti
877 4602 967 4660 die
984 4604 1232 4660 venimus
1261 4612 1451 4659 contra
1479 4604 1701 4674 Chium,
1726 4618 1779 4664 et
1800 4610 1903 4665 alia
1930 4614 2191 4685 applicui-

592 4713 715 4753 mus
743 4697 987 4765 Samum,
1016 4705 1067 4752 et
1092 4696 1338 4767 sequenti
1371 4696 1459 4752 die
1485 4701 1737 4755 venimus
1763 4702 2022 4760 Miletum.
2059 4707 2191 4766 Pro-

595 4795 849 4857 posuerat
889 4786 1034 4842 enim
1082 4785 1284 4842 Paulus
1330 4790 1740 4862 transnavigare
1780 4792 2073 4867 Ephesum,
2126 4816 2195 4858 ne

597 4895 703 4950 qua
733 4894 882 4935 mora
908 4878 987 4934 illi
1017 4877 1171 4934 ﬁeret
1199 4879 1251 4934 in
1285 4878 1435 4935 Asia.
1464 4879 1965 4955 Festinabatenim,
1999 4892 2043 4946 si
2074 4908 2199 4964 pos-

594 4973 759 5031 sibile
775 4972 877 5028 sibi
905 4980 1073 5041 esset,
1109 4984 1165 5028 ut
1193 4972 1338 5029 diem
1374 4973 1728 5036 Pentecostes
1749 4980 2192 5044 faceretleroso-

596 5068 778 5138 lymis.
816 5068 856 5120 A
899 5064 1081 5121 Mileto
1121 5074 1305 5123 autem
1357 5068 1583 5127 mittens
1634 5070 1934 5145 Ephesum,
1985 5081 2196 5138 vocavit

598 5159 837 5233 majores
871 5165 1003 5214 natu
1040 5158 1305 5216 ecclesiae.
1340 5160 1442 5229 Qui
1473 5177 1597 5220 cum
1628 5170 1908 5226 venissent
1934 5169 2000 5227 ad
2028 5187 2150 5230 eum
2175 5218 2193 5244 ,

670 5340 893 5413 {Aliter
909 5336 970 5395 S.
996 5338 1110 5413 ipse
1138 5336 1300 5395 Pater
1322 5339 1375 5394 in
1403 5342 1564 5399 modo
1588 5344 1806 5406 laudata
1836 5349 2186 5413 Praefatione:

594 5410 725 5466 nihil
767 5410 1355 5498 subtraxetftnjecrum,
1395 5429 1512 5498 ᾳίιᾳξ
1551 5417 2018 5498 vobisproderant,
2064 5410 2190 5498 quiti

594 5483 977 5561 annuntiat-em,
1008 5490 1055 5535 et
1095 5481 1562 5561 docerem_piil{liee
1584 5498 1633 5543 et
1662 5481 1963 5561 domestice,
1988 5481 2189 5557 ex'Ve;

599 5562 741 5619 tere,
770 5562 829 5608 ut
857 5552 1091 5619 videtur,
1116 5550 1305 5607 Latina
1327 5553 1597 5614 Editione.

671 5623 880 5706 bide-[.1]
905 5632 1067 5706 atque
1096 5621 1294 5706 epdem
1322 5623 1442 5706 loco
1472 5642 1485 5681 :
1515 5625 1739 5700 Propter
1765 5636 1904 5706 quod
1927 5650 2188 5699 contestor

599 5709 685 5749 ros
715 5696 769 5748 in
795 5694 879 5748 die
900 5691 1023 5761 hac,
1053 5693 1178 5763 quia
1205 5692 1430 5751 mundus
1453 5712 1568 5753 sum
1600 5691 1693 5773 ι’ρο
1719 5719 1753 5759 a
1776 5691 2187 5782 sanguineum;

2368 4615 2522 4691 (Cap.
2548 4618 2718 4690 XXLJ
2748 4619 2883 4679 Cum
2923 4632 3103 4679 autem
3135 4622 3340 4680 factum
3369 4634 3549 4692 esset,
3577 4635 3630 4680 ut
3658 4621 3842 4692 naviga-

2296 4725 2481 4767 remus
2516 4711 2774 4769 abstracti
2806 4714 2874 4771 ab
2897 4715 3008 4784 eis,
3051 4727 3202 4773 recto
3228 4733 3396 4777 cursu
3427 4719 3663 4776 venimus
3682 4716 3838 4778 Coum.

2296 4814 2352 4860 et
2379 4807 2626 4876 sequenti
2666 4806 2756 4864 die
2795 4806 3069 4876 Rhodum,
3100 4819 3158 4867 et
3186 4811 3317 4868 inde
3355 4800 3626 4869 Pataram.
3654 4812 3719 4868 Et
3744 4821 3840 4865 cum
3896 4802 3897 4841 ‘

2299 4894 2697 4954 invenissemus
2726 4915 2919 4956 navem
2962 4901 3407 4962 transfretantem
3452 4904 3507 4962 in
3552 4905 3839 4963 Plinium.

2298 4989 2660 5047 ascendentes
2699 4993 3094 5064 navigavimus.
3141 4993 3278 5051 Cum
3308 4999 3737 5067 apparuissemus
3765 5006 3842 5049 alr
3896 4989 3897 5055 Υ

2298 5091 2407 5140 tem
2435 5083 2648 5157 Cypro,
2683 5086 3055 5158 relinquentes
3085 5102 3206 5143 eam
3237 5087 3307 5144 ad
3332 5089 3630 5158 sinistram,
3663 5088 3839 5157 naviga-

2298 5178 2474 5234 vimus
2497 5178 2547 5233 iu
2577 5179 2815 5251 Syriam,
2847 5186 2904 5237 et
2948 5181 3194 5239 venimus
3225 5181 3432 5256 Tyrum
3458 5203 3474 5241 :
3520 5186 3593 5244 ibi
3621 5186 3837 5245 enimm-

2294 5360 2455 5442 nium.
2499 5359 2624 5417 Non
2666 5363 2801 5442 enim
2827 5363 3063 5442 aubtrgxi
3097 5370 3373 5439 quominus
3412 5375 3745 5429 annuntiamt
3768 5384 3832 5424 uo-
3896 5368 3897 5407 ἰ

2292 5429 2370 5485 bis
2392 5447 2593 5505 omnem
2621 5433 2937 5505 uoluntatem
2964 5436 3082 5505 Dei,
3099 5429 3206 5495 etc.

2366 5511 2389 5542 ε
2422 5500 2598 5588 Atque
2623 5504 2754 5588 haec
2779 5505 2922 5562 idem
2958 5524 2974 5564 :
3008 5500 3340 5588 Qqumpter
3379 5515 3584 5586 vigilate
3606 5514 3836 5572 recorda-
3896 5520 3897 5557 ἲ

2292 5581 2385 5651 tes,
2416 5581 2541 5645 quia
2568 5581 2786 5632 triennio
2810 5588 2965 5651 nocte
2998 5596 3058 5636 ac
3091 5581 3174 5637 die
3201 5581 3308 5639 rion
3344 5581 3539 5643 cessari
3572 5604 3680 5644 cum
3709 5588 3835 5651 ιω,-

2290 5645 2643 5735 ’ζιὶειηρίιςτςε
2677 5655 2785 5735 sic:
2810 5646 3479 5735 τιιφυρινινοβτειιίιεείκε
3502 5662 3760 5731 enim
3779 5645 3835 5708 ἀ*
3896 5656 3897 5709 ῖ

2290 5714 2575 5788 tediﬁeare,
2598 5714 2644 5773 et
2667 5716 2791 5779 dare
2812 5714 3349 5785 vobis'lueredﬁatem.
