3920 6200
273 218 363 273 9ίῖ

1334 217 1533 275 LIBER
1581 221 1616 270 Λ
1628 216 1756 273 (ῑτυ
1770 218 1857 273 υλι
1904 219 1937 271 .\
1951 218 2351 275 POSTULORU
2365 222 2429 276 Μ.

3424 226 3527 277 ⁸118

276 333 351 383 vis
380 330 672 400 expositum
704 339 820 385 erat
843 345 998 385 onus.
1032 331 1269 386 Inventis
1310 342 1490 387 autem
1520 334 1820 404 discipulis,
1857 335 1901 395 Α
1934 336 2017 388 liic
2049 346 2126 389 ρει
2176 336 2357 399 homo,
2390 339 2479 407 qui
2524 338 2784 393 adversus
2826 338 3105 407 populum,
3149 346 3204 393 et
3246 339 3443 407 legem,
3474 353 3527 395 et

276 425 546 480 mansimus
592 422 663 476 ibi
712 423 896 477 diebus
941 424 1194 494 septem:
1242 426 1332 496 qui
1363 426 1527 480 Paulo
1574 426 1827 481 dicebant

273 532 363 587 per
391 515 630 584 Spiritum
660 531 727 571 ne
755 516 1071 570 ascenderet
1100 514 1519 588 Jcrosolymam.
1549 518 1614 571 Et
1643 518 1824 587 exple-

269 610 332 663 tis
359 608 540 663 diebus
570 607 789 677 profeCIi
838 609 1067 673 ibamus,
1097 609 1489 663 deducentibus
1517 626 1617 663 nos
1647 612 1823 664 omni-

260 701 352 756 bus
372 716 484 754 ('ttm
510 700 761 755 uxoribus
800 711 846 755 et
884 701 1007 755 ti'iis
1040 717 1209 771 usque
1253 701 1400 756 foras
1428 702 1727 770 civitatem,
1771 713 1827 759 et

259 794 439 863 positis
465 792 685 863 genibus
713 795 765 849 in
798 795 1003 857 littore,
1037 798 1332 854 oravimus.
1366 797 1427 852 Et
1463 813 1585 854 cum
1620 798 1826 855 valefe-

258 887 505 941 cissemus
552 887 805 954 invicem,
856 890 1202 945 ascendimus
1249 908 1443 948 navem
1481 911 1492 947 :
1524 895 1598 948 illi
1648 906 1825 950 autent

254 979 515 1034 redierunt
545 980 597 1034 in
639 996 757 1035 sua.
799 982 910 1037 Nos
945 999 1075 1039 vero
1124 987 1469 1057 navigatione
1515 988 1761 1058 expleta,
1795 1005 1826 1044 a

252 1072 386 1143 Tyro
412 1074 789 1131 descendimus
820 1077 1210 1134 Ptolemaidam
1245 1099 1254 1133 :
1287 1090 1341 1137 et
1365 1081 1613 1137 salutatis
1644 1081 1829 1137 fratri-

250 1164 360 1231 bus,
396 1169 692 1222 mansimus
719 1169 810 1224 die
855 1186 960 1225 una
992 1172 1133 1241 apud
1166 1173 1309 1228 illos.
1364 1176 1481 1229 Alia
1529 1186 1707 1231 autem
1738 1176 1827 1231 die

251 1255 490 1324 profecti,
542 1259 788 1314 venimus
816 1260 1145 1317 Caesaream.
1190 1265 1257 1319 Et
1303 1266 1567 1321 intrantes
1606 1267 1826 1321 domum

248 1344 468 1417 Philippi
521 1352 891 1421 evangelistae,
948 1356 1040 1425 qui
1095 1367 1213 1412 erat
1260 1373 1401 1413 unus
1449 1359 1517 1414 de
1574 1368 1824 1429 septem,

248 1444 537 1500 mansimus
574 1445 641 1500 ad
674 1462 820 1502 eum.
856 1448 990 1507 lluic
1029 1460 1210 1506 autem
1239 1462 1395 1508 erant
1423 1464 1656 1525 quatuor
1703 1456 1828 1511 lilia:

246 1533 473 1605 virgines
504 1537 913 1608 prophetantes.
948 1542 1165 1599 Etcum
1203 1560 1542 1600 moraremur
1579 1562 1677 1616 per
1712 1546 1829 1602 dies

244 1627 458 1699 aliquot,
491 1634 808 1701 supervenit
830 1634 1046 1704 quidam
1078 1652 1107 1691 a
1155 1636 1339 1692 Judzea
1387 1640 1648 1709 propheta
1672 1682 1684 1704 ,
1732 1653 1829 1694 no-

1931 429 2107 484 locum
2141 431 2306 496 hunc,
2337 446 2530 487 omnes
2560 432 2757 501 ubique
2785 431 2988 487 docens
3008 474 3021 498 ,
3053 433 3273 501 insuper
3303 442 3355 487 et
3397 450 3524 501 gen-

1930 526 2053 579 tiles
2102 524 2314 579 induxit
2366 527 2418 580 iu
2460 527 2744 596 templum,
2796 534 2851 579 et
2889 526 3112 579 violavit
3140 534 3386 579 sanctum
3448 527 3526 579 lo-

1928 630 2048 670 cum
2107 616 2289 670 istum.
2344 616 2601 672 Viderant
2648 618 2790 672 enim
2825 616 3180 685 Tropbimum
3227 616 3521 685 Ephesium

1928 706 1981 760 in
2014 708 2230 763 civitate
2268 725 2388 763 cttm
2442 709 2583 777 ipso,
2617 724 2773 776 quem
2825 708 3238 761 ae~timaverunt
3269 708 3523 777 quoniam

1930 802 1981 853 in
2016 802 2275 870 templum
2317 800 2710 857 introduxisset
2760 801 2978 855 Paulus.
3012 800 3400 871 (Iommotaque
3439 813 3527 856 est

1928 894 2119 948 civitas
2146 902 2277 957 tota,
2312 904 2363 948 et
2398 894 2538 949 facta
2570 904 2651 949 est
2680 895 2967 949 concursio
2996 894 3202 964 polluti.
3235 893 3304 947 Et
3332 909 3525 963 appre-

1930 986 2236 1045 bendeutes
2278 989 2534 1054 Paulum,
2570 990 2856 1045 trahebant
2881 1005 3002 1045 eum
3036 1001 3191 1046 extra
3219 989 3477 1058 templum
3508 1007 3520 1041 :

1929 1090 1984 1136 et
2009 1083 2193 1137 statim
2212 1083 2411 1138 clausas
2434 1093 2559 1138 sunt
2575 1084 2778 1153 janum.
2797 1084 3175 1151 Quarreutibus
3193 1094 3371 1138 autem
3396 1098 3518 1137 eum

1930 1175 2203 1242 occidere,
2230 1178 2532 1231 nuntiatum
2557 1186 2642 1232 est
2683 1176 2897 1231 tribuno
2928 1176 3173 1231 cohortis
3202 1194 3213 1228 :
3248 1175 3380 1241 Quia
3414 1182 3522 1228 tota

1930 1266 2280 1321 confunditur
2317 1268 2642 1323 Jerusalem.
2668 1270 2768 1337 Qui
2798 1269 2980 1324 statim
3012 1269 3304 1337 assumptis
3336 1266 3525 1320 militi-

1934 1358 2032 1413 bus
2063 1371 2115 1413 et
2138 1360 2550 1417 centurionibus
2576 1404 2590 1426 ,
2628 1361 2872 1417 decurrit
2900 1362 2966 1416 ad
3001 1361 3143 1416 illos.
3169 1360 3271 1427 Qui
3302 1374 3424 1414 cum
3444 1358 3525 1411 vi.

1932 1450 2141 1506 dissent
2194 1451 2466 1505 tribunum
2502 1461 2557 1507 et
2599 1452 2830 1521 milites,
2859 1460 3216 1509 cessaverunt
3247 1458 3530 1520 percutere

1935 1543 2179 1597 Paulum.
2221 1542 2372 1597 Tune
2404 1544 2671 1599 accedens
2711 1545 2957 1599 tribunus
2997 1542 3355 1615 apprehendit
3378 1558 3522 1606 eum,

1932 1642 1987 1689 et
2026 1634 2189 1704 jussit
2228 1650 2351 1690 eum
2379 1636 2584 1705 alligari
2614 1636 2822 1691 catenis
2851 1635 3062 1691 duabus
3091 1653 3103 1689 :
3132 1644 3188 1691 et
3229 1636 3531 1701 interroga-

244 1722 381 1777 mine
408 1722 646 1793 Agabus.
675 1724 722 1779 Is
751 1740 873 1780 cum
914 1728 1151 1784 venisset
1182 1729 1247 1784 ad
1284 1744 1381 1784 nos
1403 1772 1417 1793 ,
1464 1732 1586 1785 tulit
1633 1746 1824 1786 zonam
1863 1717 1905 1776 Β
1936 1724 2158 1793 batquis
2176 1736 2344 1791 esset,
2362 1726 2558 1795 etquid
2580 1726 2819 1782 fecisset.
2840 1728 2944 1781 Alii
2967 1738 3147 1783 autem
3164 1726 3307 1781 aliud
3329 1726 3531 1779 elauta-

244 1812 386 1869 Panli
417 1833 430 1868 :
462 1816 766 1887 etalligans
792 1818 891 1873 sibi
923 1819 1087 1887 pedes
1126 1830 1181 1875 et
1224 1836 1442 1887 manus,
1487 1822 1621 1875 dixit
1657 1840 1669 1875 :
1706 1822 1829 1877 llaec

242 1906 361 1963 dicit
389 1908 623 1978 Spiritus
650 1922 866 1967 sanctus
895 1928 909 1965 :
942 1914 1127 1970 Virum
1153 1957 1167 1981 ,
1216 1916 1369 1985 cujus
1398 1924 1483 1971 est
1512 1932 1644 1972 zona
1689 1918 1827 1985 bzec,

243 2001 316 2056 sic
340 2001 640 2070 alligabunt
669 2006 722 2058 in
751 2005 1052 2062 Jerusalem
1080 2007 1275 2072 Judmi,
1304 2019 1357 2063 et
1384 2010 1593 2065 tradent
1627 2011 1679 2064 in
1714 2026 1829 2064 ma-

243 2109 336 2150 nus
356 2098 618 2166 gentium.
652 2098 806 2164 Quod
832 2114 955 2155 cum
979 2100 1343 2169 audissemus,
1367 2104 1829 2171 rogatinmusnos,

244 2200 293 2245 et
319 2192 405 2261 qui
437 2192 540 2246 loci
572 2192 718 2247 illius
751 2204 928 2261 erant,
957 2210 1023 2249 ne
1052 2196 1372 2251 ascenderet
1401 2198 1830 2269 .lerosolymam:

246 2281 387 2338 Tunc
414 2284 702 2354 respondit
730 2287 945 2352 Paulus,
979 2298 1031 2343 et
1060 2288 1196 2343 dixit
1222 2308 1232 2341 z
1263 2288 1404 2357 Quid
1425 2289 1601 2345 facitis
1616 2291 1831 2355 ﬂentes,

245 2384 296 2430 et
318 2376 625 2447 afﬂigentes
656 2393 754 2432 cnr
782 2380 995 2433 meum?
1027 2379 1143 2449 Ego
1170 2381 1313 2435 enim
1362 2396 1469 2435 non
1501 2381 1676 2435 solum
1716 2381 1837 2434 alli-

242 2469 372 2538 gari,
400 2469 497 2525 sed
530 2479 587 2525 et
614 2471 753 2525 mori
779 2473 827 2523 iu
852 2471 1155 2526 Jerusalem
1184 2482 1409 2542 paratus
1444 2488 1587 2536 sum,
1613 2482 1836 2542 pr0pter

248 2575 436 2616 nomen
470 2561 691 2617 Domini
723 2562 870 2617 Jesu.
905 2564 967 2618 Et
997 2580 1118 2618 cum
1149 2565 1198 2620 ei
1229 2564 1462 2621 suadere
1496 2580 1599 2619 non
1651 2579 1837 2635 posse-

250 2667 385 2717 mus,
416 2655 760 2724 quievimus,
810 2655 1055 2711 dici-utes
1101 2670 1116 2709 :
1172 2656 1384 2710 Domini
1443 2656 1694 2711 voluntas
1726 2656 1833 2709 fiat.

247 2742 370 2799 Post
408 2746 525 2801 dies
572 2756 756 2801 autem
786 2747 920 2802 istos
963 2749 1252 2818 praeparati
1281 2792 1296 2815 ,
1326 2749 1754 2804 ascendebamus
1785 2749 1838 2803 in

246 2836 556 2895 Jerusalem.
597 2841 1080 2896 Veneruntautem
1113 2853 1163 2897 et
1196 2859 1261 2897 ex
1290 2844 1568 2913 discipulis
1596 2858 1626 2898 a
1653 2842 1837 2898 Caesa-

248 2946 332 2988 rea
363 2934 672 2997 nobiscum,
711 2935 1048 2992 adducentes
1077 2951 1261 2991 secum
1297 2938 1435 3005 apud
1469 2953 1629 3008 quem
1652 2936 1840 3007 hospi-

250 3033 497 3093 tarcmur,
527 3030 848 3086 Mnasonem
885 3032 1172 3101 quemdam
1221 3029 1506 3102 Cyprimn,
1558 3032 1836 3102 antiquttm

1938 1819 2066 1874 bant
2097 1818 2147 1873 in
2174 1820 2348 1873 turba.
2376 1819 2439 1873 Et
2469 1835 2589 1874 cum
2624 1836 2729 1875 non
2758 1830 2941 1890 posset
2964 1829 3171 1875 certum
3202 1834 3532 1888 cognoscere

1939 1927 2050 1979 pne
2073 1912 2324 1980 tumultu,
2354 1912 2519 1982 jussit
2558 1914 2681 1967 duci
2713 1929 2835 1967 cum
2870 1914 2923 1968 in
2954 1924 3153 1969 castra.
3193 1913 3260 1966 Et
3288 1927 3408 1967 cum
3444 1928 3534 1965 ve-

1938 2004 2106 2058 nisset
2130 2005 2194 2059 ad
2225 2005 2445 2074 gradus,
2502 2006 2729 2075 contigit
2759 2014 2817 2059 ut
2861 2015 3168 2076 portaretur
3197 2020 3225 2058 a
3273 2005 3534 2059 militibus

1938 2109 2158 2169 propter
2187 2100 2293 2152 vim
2323 2099 2525 2169 p0jiuli.
2567 2100 2909 2170 Sequebatur
2935 2105 3079 2157 enim
3120 2100 3411 2155 multitudo
3442 2119 3531 2169 po-

1938 2191 2072 2259 puli,
2100 2192 2342 2245 clamans
2375 2209 2388 2244 :
2413 2192 2569 2246 Tolle
2586 2193 2816 2248 eum.Et
2842 2208 2962 2247 cum
2984 2196 3243 2265 cwpisset
3272 2197 3448 2250 induci
3486 2197 3535 2248 in

1940 2292 2114 2335 castra
2131 2282 2487 2345 Panlus,dicit
2518 2285 2840 2339 Iribuno:Si
2870 2288 3143 2341 licetmibi
3164 2288 3306 2358 loqui
3335 2288 3536 2358 aliquid

1941 2373 2009 2425 ad
2049 2373 2133 2427 te?
2162 2374 2260 2441 Qui
2294 2376 2431 2429 dixit
2462 2393 2474 2428 :
2506 2375 2696 2431 Graece
2727 2378 2909 2431 nosti?
2939 2378 3128 2433 Nonne
3159 2390 3210 2433 tu
3244 2396 3305 2435 es
3338 2381 3540 2451 [Egyp-

1944 2466 2071 2533 tius,
2090 2466 2177 2531 qui
2209 2476 2335 2521 ante
2350 2466 2883 2522 bosdiestumultum
2906 2469 3281 2535 concitasti,et
3304 2472 3538 2526 eduxisti

1944 2556 1998 2611 in
2038 2558 2311 2613 desertum
2345 2570 2576 2630 quatuor
2608 2561 2776 2615 millia
2806 2563 3043 2617 virorum
3072 2565 3392 2618 sicariorum
3422 2566 3446 2617 ?
3478 2568 3541 2620 Et

1943 2648 2083 2703 dixit
2122 2650 2189 2704 ad
2236 2667 2358 2705 eum
2408 2651 2606 2707 Paulus
2638 2672 2645 2703 :
2699 2652 2810 2722 Ego
2844 2654 3007 2708 homo
3047 2670 3166 2708 sum
3205 2656 3422 2725 quidem
3452 2656 3543 2710 Juo

1942 2739 2095 2795 daeus
2121 2758 2148 2795 a
2174 2742 2345 2797 Tarso
2367 2742 2595 2809 Cilicire,
2622 2759 2726 2799 non
2752 2746 2948 2816 ignotae
2978 2747 3215 2801 civitatis
3238 2749 3538 2818 municeps.

1944 2832 2097 2903 Rogo
2142 2843 2323 2888 autem
2368 2844 2451 2902 te,
2483 2836 2739 2905 permitte
2785 2838 2914 2891 tnibi
2952 2837 3096 2906 loqui
3149 2839 3215 2893 ad
3264 2841 3540 2909 pepulnm.

1945 2924 2163 2979 Etcum
2206 2928 2298 2983 ille
2330 2928 2703 2997 permisisset,
2749 2930 2949 2985 Paulus
2982 2941 3136 2985 stans
3174 2932 3227 2986 in
3265 2935 3540 3002 gradibus,

1946 3022 2137 3075 annuit
2186 3036 2345 3075 manu
2386 3021 2453 3075 ad
2498 3022 2749 3091 plebem:
2794 3034 2848 3078 et
2893 3039 3087 3095 magno
3119 3026 3339 3080 silentio
3380 3026 3541 3089 facto,

244 3120 574 3193 discipulum.
605 3123 678 3177 Et
706 3142 828 3177 eam
856 3126 1195 3179 venissemus
1222 3124 1643 3196 Jerosolymam,
1665 3125 1834 3180 liben-

1946 3114 2218 3170 allocutus
2244 3126 2323 3170 est
2352 3116 2527 3185 lingua
2556 3115 2805 3183 Hebraea,
2839 3116 3031 3172 dicens
3064 3136 3075 3169 :

243 3218 317 3267 ter
343 3224 687 3285 exceperunt
708 3230 804 3269 nos
826 3216 1321 3286 fratres.Seqncnti
1353 3228 1531 3271 autem
1555 3217 1643 3271 die
1669 3215 1841 3271 intro-

242 3304 347 3362 ibat
366 3308 562 3363 Paulus
590 3308 875 3363 nobiscum
908 3310 972 3363 ad
997 3308 1280 3373 Jacobum,
1300 3323 1600 3379 omnesque
1624 3308 1837 3363 collecti

243 3408 364 3454 sunt
388 3402 661 3457 seniores.
694 3401 840 3469 Quos
863 3417 983 3455 cum
1007 3403 1315 3470 salutasset,
1347 3402 1603 3457 narrabat
1626 3404 1841 3470 persin-

242 3490 381 3559 gula,
414 3508 535 3562 qua:
566 3493 713 3547 Deus
749 3493 967 3547 fecisset
999 3495 1048 3547 in
1080 3494 1331 3563 gentibus
1362 3510 1457 3565 per
1480 3494 1835 3549 ministerium

243 3580 425 3652 ipsius.
463 3590 531 3641 At
558 3587 639 3640 illi
670 3600 791 3640 cum
817 3586 1127 3655 audissent,
1167 3588 1588 3658 magnifiCabant
1637 3589 1834 3653 Deum,

241 3676 596 3749 dixeruntque
630 3680 679 3733 ei
715 3699 725 3731 :
765 3680 959 3747 Vides,
994 3682 1180 3751 frater,
1215 3692 1346 3752 quot
1388 3683 1559 3737 millia
1607 3690 1734 3737 sunt
1783 3681 1835 3735 in

242 3768 453 3836 Judmis,
486 3773 577 3843 qui
611 3772 995 3841 crediderunt,
1041 3784 1095 3829 et
1122 3790 1313 3831 omnes
1342 3778 1689 3830 aemulatores
1712 3785 1839 3829 sunt

243 3858 390 3931 legis.
424 3864 735 3920 Audiet'uut
753 3874 931 3922 autem
966 3867 1034 3923 de
1066 3877 1146 3933 te,
1176 3868 1301 3937 quia
1324 3868 1718 3924 discessionem
1748 3868 1840 3923 do-

246 3967 359 4009 ceas
389 3972 416 4008 a
442 3956 636 4029 Moyse
655 3959 971 4029 eorum,qui
996 3975 1094 4030 per
1119 3969 1305 4030 gentes
1330 3972 1473 4029 sunt,
1490 3961 1834 4016 Judaeorum:

244 4043 416 4102 dicens
439 4064 545 4104 non
566 4050 773 4104 debere
801 4066 896 4107 eos
922 4051 1315 4107 circumcidere
1335 4052 1472 4107 ﬁlios
1495 4070 1643 4115 suos,
1666 4067 1840 4123 neque

246 4141 533 4195 secundum
566 4144 1023 4199 consuetudinem
1076 4146 1305 4215 ingredi.
1360 4146 1499 4215 Quid
1558 4162 1688 4217 ergo
1720 4148 1839 4202 est?

247 4232 421 4300 utique
473 4243 699 4304 oportet
745 4238 1041 4292 convenire
1098 4238 1504 4293 multitudinem
1549 4256 1561 4292 :
1615 4239 1841 4293 audient

247 4324 379 4378 enim
407 4335 457 4381 te
484 4328 894 4397 supervenisse.
932 4330 1046 4386 Hoc
1076 4346 1207 4401 ergo
1240 4330 1323 4386 fac
1367 4332 1512 4401 quod
1559 4332 1651 4387 tibi
1703 4332 1840 4385 diri-

247 4429 360 4469 mus
384 4436 397 4471 :
428 4419 569 4474 Sunt
596 4420 753 4476 nob’s
777 4422 879 4477 viri
899 4432 1154 4491 quatuor,
1172 4433 1354 4479 votum
1380 4423 1650 4479 habentes
1676 4430 1839 4493 Super

245 4520 324 4562 se.
350 4510 444 4565 His
465 4516 788 4582 assumptis,
816 4514 1093 4571 sanetilica
1118 4525 1170 4572 te
1191 4534 1312 4571 cum
1346 4518 1482 4571 illis:
1509 4525 1563 4572 et
1587 4516 1839 4586 impende

247 4598 299 4655 in
322 4601 449 4670 illis,
483 4614 545 4659 ut
569 4607 764 4662 radant
788 4608 965 4677 capita
1002 4627 1012 4661 :
1045 4618 1100 4665 et
1138 4610 1311 4665 scient
1343 4625 1535 4665 omnes
1565 4611 1686 4680 quia
1717 4627 1837 4680 qua:

248 4692 312 4748 de
334 4704 383 4750 te
412 4698 728 4769 audierunt,
758 4701 890 4756 falsa
919 4712 1067 4769 sunt,
1098 4702 1190 4758 sed
1223 4704 1479 4765 ambulas,
1509 4714 1563 4759 et
1598 4705 1711 4774 ipse
1740 4719 1835 4759 cu-

249 4787 482 4843 stodiens
534 4792 731 4861 legent.
809 4794 884 4848 De
912 4793 996 4849 his
1054 4807 1231 4849 autem
1267 4839 1280 4863 ,
1348 4796 1438 4864 qui
1486 4796 1837 4852 crediderunt

253 4890 313 4931 ex
339 4882 587 4949 gentibus
612 4928 625 4949 ,
671 4899 770 4939 nos
816 4886 1137 4955 scripsimus
1161 4930 1175 4953 ,
1200 4888 1537 4957 judicantes,
1569 4900 1627 4943 ut.
1667 4890 1837 4945 absti-

255 4980 412 5025 neant
462 4987 521 5028 se
588 4975 656 5029 ab
715 4974 897 5043 idolis,
956 4977 1275 5046 immolato,
1330 4993 1383 5037 et
1434 4982 1725 5053 sanguine,
1784 4992 1840 5038 et

254 5062 561 5131 sull‘ocato,
636 5076 691 5122 et
750 5070 1129 5127 fornicatione.
1214 5074 1363 5129 Tunc
1422 5074 1665 5142 Paulus,
1755 5090 1840 5130 :15-

255 5158 475 5223 sumptis
507 5158 657 5222 viris,
688 5172 901 5229 postera
934 5160 1022 5217 die
1054 5163 1363 5232 puriﬁcatus
1385 5180 1508 5220 cum
1541 5166 1648 5222 illis
1677 5167 1843 5221 intra-

258 5245 329 5299 vit
354 5246 405 5302 in
434 5251 722 5321 temptant,
755 5257 1079 5312 annuntians
1108 5258 1470 5328 expletionem
1502 5260 1709 5315 dierum
1745 5274 1840 5329 pu-

258 5338 592 5412 rilicationis,
632 5346 805 5404 donec
844 5350 1127 5408 oll’errctur
1156 5370 1255 5423 pro
1287 5370 1612 5425 unoquoque
1649 5370 1838 5409 eorum

262 5430 478 5489 oblatio.
527 5438 659 5494 Dum
695 5450 875 5498 autem
909 5453 1114 5513 septem
1148 5446 1264 5501 dies
1302 5455 1837 5510 consummarentur,

265 5518 314 5575 bi
340 5527 429 5593 qui
466 5526 536 5583 de
580 5530 700 5586 Asia
732 5544 891 5588 erant
934 5533 1128 5603 Judaei,
1166 5553 1287 5592 cum
1334 5538 1591 5591 vidissent
1623 5553 1744 5593 eum
1790 5538 1842 5591 in

267 5617 481 5684 templo,
520 5624 927 5682 concitaverunt
974 5642 1187 5684 omnem
1232 5631 1505 5699 pepulum,
1540 5641 1593 5683 et
1642 5631 1842 5699 injeCC-

266 5716 381 5763 runt
405 5712 455 5766 ei
486 5729 692 5785 manus,
726 5719 1023 5778 clamantes
1059 5740 1070 5775 :
1108 5723 1215 5778 Viri
1247 5723 1524 5787 Israelita),
1550 5722 1801 5792 adjuvate
1832 5740 1844 5778 :

2019 3206 2169 3279 [Cap.
2213 3207 2402 3279 ΧΧΙΙ.]
2439 3208 2549 3263 Viri
2602 3209 2800 3265 fratres
2831 3220 2886 3265 et
2908 3218 3112 3281 patres,
3150 3212 3335 3267 audite
3382 3229 3541 3283 quam

1944 3302 2011 3355 ad
2053 3318 2149 3356 vos
2195 3318 2340 3357 nunc
2392 3302 2562 3357 reddo
2602 3304 2894 3359 rationem.
2934 3305 3066 3360 Cum
3117 3307 3397 3362 audissent
3449 3323 3541 3361 au-

1946 3402 2055 3449 tem
2125 3395 2249 3463 quia
2312 3393 2536 3449 Hebraea
2608 3394 2788 3465 lingua
2858 3398 3173 3466 loqueretur
3237 3398 3303 3451 ad
3377 3399 3541 3464 illos,

1950 3488 2123 3557 magis
2163 3487 2531 3557 pra'stiteruut
2569 3488 2867 3544 silentium.
2912 3490 2979 3544 Et
3017 3491 3145 3544 dicit
3195 3509 3206 3544 :
3265 3491 3377 3562 Ego
3424 3507 3540 3546 sunt

1944 3581 2027 3633 vir
2064 3580 2287 3635 Judaeus
2318 3624 2330 3646 ,
2380 3590 2537 3635 natus
2574 3581 2627 3636 in
2661 3582 2830 3637 Tarso
2879 3583 3078 3638 Cilicia:
3107 3626 3120 3649 ,
3166 3590 3400 3638 nutritus
3451 3602 3542 3638 au-

1947 3686 2051 3729 tem
2097 3675 2147 3727 in
2210 3675 2312 3729 ista
2348 3675 2605 3741 civitate,
2659 3689 2818 3729 secus
2874 3674 3041 3743 pedes
3102 3674 3362 3729 Gamaliel
3418 3693 3541 3731 eru-

1944 3769 2090 3823 ditus
2142 3768 2292 3839 juxta
2353 3769 2637 3824 veritatem
2709 3778 2948 3840 paternas
3006 3769 3186 3839 legis,
3260 3771 3543 3825 :emulator

1944 3859 2081 3928 legis
2108 3902 2121 3925 ,
2158 3860 2298 3913 sicut
2340 3868 2395 3913 et
2433 3874 2527 3913 vos
2578 3874 2766 3915 omnes
2818 3862 2948 3915 estis
2998 3861 3159 3917 bodie
3202 3879 3214 3915 :
3260 3863 3351 3932 qui
3404 3863 3540 3918 hanc

1946 3953 2088 4007 viam
2120 3962 2443 4020 persecutus
2472 3967 2591 4006 sum
2622 3968 2790 4023 usque
2830 3953 2896 4007 ad
2944 3966 3197 4021 mortem,
3233 3955 3458 4025 alligans
3488 3967 3542 4011 et

1945 4043 2167 4097 tradens
2197 4045 2248 4095 in
2276 4042 2557 4098 custodias
2584 4046 2733 4097 viros
2778 4059 2841 4098 ac
2873 4045 3154 4111 mulieres,
3199 4046 3341 4101 sicut
3388 4048 3536 4115 prin-

1945 4152 2073 4207 ceps
2102 4138 2449 4192 sacerdotum
2483 4137 2612 4192 mibi
2650 4138 3022 4195 testimonium
3048 4140 3245 4206 reddit,
3267 4150 3321 4194 et
3352 4157 3540 4196 omnes

1945 4231 2182 4300 majores
2207 4240 2354 4294 natu,
2379 4247 2407 4285 a
2431 4232 2628 4302 quibus
2650 4243 2703 4287 et
2726 4235 2988 4303 epistolas
3009 4235 3307 4303 accipiens.
3340 4236 3404 4289 ad
3430 4235 3539 4288 fra-

1947 4333 2058 4378 tres
2091 4326 2409 4380 Damascum
2444 4328 2757 4397 pergebam,
2788 4340 2842 4382 ut
2874 4328 3200 4383 adducerem
3241 4328 3363 4383 inde
3387 4331 3538 4385 viue-

1948 4426 2034 4472 tos
2059 4418 2111 4472 iu
2147 4418 2473 4483 Jerusalem,
2507 4430 2563 4473 ut
2593 4422 2933 4490 punirentur.
2964 4419 3187 4474 Factum
3214 4430 3298 4474 est
3323 4431 3529 4487 autem,

1944 4522 2110 4568 eunte
2148 4528 2255 4579 me,
2284 4523 2339 4568 et
2378 4514 2854 4583 appropinquante
2901 4513 3162 4567 Damasco
3206 4513 3379 4567 media
3425 4516 3532 4580 die,

1944 4604 2125 4659 subito
2155 4603 2223 4659 de
2249 4604 2389 4658 caelo
2415 4604 2773 4659 circumfulsit
2806 4619 2891 4657 me
2925 4603 3013 4655 lux
3041 4602 3262 4672 copiosa
3303 4622 3314 4657 :
3349 4615 3399 4657 et
3441 4606 3535 4660 de-

1942 4697 2130 4752 cidens
2159 4699 2209 4751 in
2238 4696 2662 4761 terram,audivi
2694 4711 2880 4751 vocem
2903 4694 3175 4751 dicentem
3210 4696 3338 4751 mibi
3368 4716 3378 4748 :
3404 4698 3533 4752 Sam

1944 4789 2018 4858 le,
2046 4789 2235 4856 Saule,
2258 4790 2388 4859 quid
2422 4803 2510 4843 me
2542 4786 2927 4859 persequeris?
2954 4786 3066 4857 Ego
3097 4796 3276 4841 autem
3311 4804 3538 4857 respon-

1943 4881 1997 4937 di
2030 4901 2041 4937 :
2073 4883 2205 4949 Quis
2241 4898 2321 4948 es,
2362 4881 2632 4935 Domine?
2664 4881 2914 4949 Dixitque
2966 4879 3031 4934 ad
3078 4895 3164 4935 me
3214 4900 3223 4932 :
3265 4881 3376 4951 Ego
3417 4898 3533 4935 sum

1944 4974 2100 5031 Jesus
2128 4975 2471 5042 Nazarmnus,
2507 4991 2669 5045 quem
2705 4984 2757 5028 tu
2783 4974 3150 5045 persequeris.
3187 4976 3248 5029 Et
3276 4978 3365 5045 qui
3417 4992 3530 5029 me-

1945 5090 2065 5130 cum
2098 5084 2273 5136 erant,
2309 5074 2487 5127 lumen
2530 5071 2749 5141 quidem
2799 5070 3078 5136 viderunt,
3116 5086 3303 5126 vocem
3352 5080 3531 5126 autem

1944 5185 2049 5225 non
2076 5169 2360 5223 audierunt
2397 5168 2537 5235 ejus,
2564 5165 2657 5235 qui
2689 5166 3010 5235 loquebatur
3039 5180 3271 5220 mecum.
3300 5167 3361 5220 Et
3386 5166 3493 5219 dixi
3519 5184 3528 5215 :

1944 5261 2079 5328 Quid
2116 5260 2332 5326 faciam,
2365 5258 2633 5313 Domine?
2664 5258 2922 5312 Dominus
2953 5267 3128 5313 autem
3148 5258 3283 5312 dixit
3309 5259 3374 5312 ad
3407 5274 3529 5312 me:

1946 5355 2187 5424 Surgens
2210 5352 2343 5407 vade
2380 5354 2696 5406 Damascum
2729 5368 2742 5405 :
2776 5362 2830 5405 et
2862 5352 2931 5407 ibi
2959 5354 3054 5406 tibi
3081 5352 3290 5407 dicetur
3319 5353 3385 5409 de
3412 5369 3531 5406 nm-

1948 5448 2129 5512 nibus,
2161 5460 2278 5514 quae
2310 5454 2364 5500 te
2407 5454 2656 5513 oporteat
2678 5444 2877 5498 facere.
2918 5445 2979 5498 Et
3011 5460 3132 5500 cum
3156 5462 3262 5500 non
3287 5447 3533 5501 viderem

1948 5553 2059 5608 pra:
2097 5535 2343 5591 claritate
2392 5534 2610 5589 luminis
2642 5536 2809 5601 illius,
2841 5536 2907 5590 ad
2952 5553 3169 5592 manum
3212 5538 3475 5593 deductus
3507 5557 3537 5593 a

1950 5629 2261 5697 comitibus,
2296 5629 2417 5683 veni
2448 5629 2788 5683 Damascum.
2826 5630 3064 5685 Ananias
3091 5641 3267 5688 autem
3294 5633 3536 5702 quidam,

1952 5726 2034 5779 vir
2071 5721 2367 5781 secundum
2416 5724 2587 5792 legem
2629 5721 2999 5778 testimonium
3043 5724 3245 5780 habens
3276 5726 3343 5781 ab
3371 5727 3546 5781 omni-
