3920 6200
368 191 472 247 7l9

1387 178 1446 233 S.
1488 167 1873 233 lllERONYMl
1911 161 2145 222 DIVINA
2188 164 2664 227 BlBLIOTIlECA.

3561 163 3673 222 720

366 305 469 360 bus
496 296 1175 361 cohabitantibusludzeis,
1213 293 1440 350 veniens
1462 293 1530 348 ad
1553 306 1663 358 me,
1694 299 1752 347 et
1780 294 1970 343 astans
1997 283 2047 344 A
2074 287 2384 344 multitudo.
2417 286 2697 345 Sadducmi
2719 284 2867 343 enim
2890 284 3098 350 dicunt,
3128 296 3236 339 non
3260 294 3385 339 esse
3418 296 3676 338 resurre-

371 395 512 451 dixit
566 392 704 448 mibi
745 410 758 447 :
794 390 960 448 Saule
1010 387 1198 453 frater,
1229 385 1466 456 respice.
1511 385 1579 440 Et
1626 398 1730 454 ego
1774 380 1965 437 eadem

374 488 507 544 hora
555 484 765 556 respexi
816 484 868 538 in
910 496 1054 538 eum.
1097 479 1168 534 At
1215 478 1308 535 ille
1348 478 1488 533 dixit
1534 476 1723 531 :Deus
1757 483 1964 544 patrum

371 587 687 636 nostrorum
749 572 1142 648 prmordinavit
1198 579 1294 637 te,
1345 579 1404 627 ut
1456 582 1822 641 cognosceres
1867 581 1967 620 vo-

370 673 637 729 luntatem
678 670 795 741 eius
827 711 843 737 ,
892 678 950 726 et
984 667 1201 724 videres
1226 667 1434 737 iustum
1460 708 1476 734 ,
1514 674 1571 721 et
1617 664 1838 720 audires
1876 678 1970 717 vo-

371 783 491 824 cem
517 782 584 823 es
615 780 712 821 ore
736 764 877 836 eius,
908 764 1030 834 quia
1062 761 1171 817 eris
1196 762 1353 817 testis
1384 760 1533 816 illius
1551 757 1618 813 ad
1647 772 1839 813 omnes
1871 755 1971 811 ho—

371 859 570 926 mines,
611 871 799 913 eorum
831 870 954 927 qua:
983 852 1170 909 vidisti
1205 861 1261 910 et
1304 851 1525 908 audisti.
1562 850 1626 905 Et
1667 863 1812 905 nunc
1838 846 1972 919 quid

376 950 648 1008 moraris?
690 951 961 1021 Exsurge,
996 956 1053 1004 et
1099 946 1398 1018 baptizare,
1443 953 1498 1001 et
1542 944 1702 999 ablue
1751 950 1969 1011 peccata

374 1056 488 1113 tua,
520 1043 775 1101 invocato
802 1042 1023 1098 nomine
1051 1041 1254 1112 ipsitts.’
1283 1039 1515 1094 Factum
1548 1047 1633 1093 est
1660 1046 1842 1092 autem
1881 1049 1973 1088 re-

372 1137 607 1193 vertenti
631 1134 764 1191 mihi
796 1136 849 1190 in
871 1133 1200 1200 Jerusalem,
1234 1138 1291 1187 et
1312 1131 1489 1187 oranti
1521 1131 1571 1185 iu
1605 1130 1832 1199 templo,
1857 1126 1971 1183 ﬁeri

377 1243 467 1286 me
516 1228 568 1283 in
608 1237 834 1298 stupore
886 1227 1116 1291 mentis,
1154 1232 1208 1281 et
1258 1224 1448 1280 videre
1489 1223 1639 1278 illum
1700 1221 1975 1278 dicentem

377 1321 511 1377 mihi
547 1338 559 1376 :
592 1320 839 1388 Festina,
865 1329 920 1376 et
945 1320 1032 1376 exi
1064 1317 1325 1375 velociter
1353 1332 1421 1373 ex
1453 1316 1759 1373 Jerusalem
1800 1336 1813 1371 :
1843 1329 1972 1387 quo-

374 1415 523 1471 niam
566 1430 673 1469 non
721 1412 987 1483 recipient
1029 1411 1403 1468 testimonium
1458 1420 1608 1464 tuum
1649 1407 1717 1464 de
1760 1421 1867 1462 me.
1915 1406 1980 1461 Et

376 1523 479 1581 ego
499 1508 607 1564 dixi
634 1527 647 1565 :
673 1508 922 1575 Domine,
956 1505 1063 1577 ipsi
1097 1505 1279 1562 sciunt
1305 1504 1432 1573 quia
1456 1518 1559 1575 ego
1585 1516 1735 1559 eram
1759 1500 1980 1557 conclu-

326 1672 327 1675 η
375 1603 510 1660 deus
551 1602 604 1657 in
649 1615 954 1665 carcerem,
982 1609 1038 1656 et
1059 1600 1277 1656 candens
1314 1613 1412 1669 per
1442 1611 1747 1667 synagogas
1773 1610 1868 1651 eos
1888 1594 1980 1666 qui

2066 380 2332 446 ctionem,
2356 395 2531 448 neme
2556 379 2842 451 Angelum,
2871 392 3043 448 neque
3064 375 3329 446 Spiritum
3355 390 3370 426 :
3405 373 3676 428 Phariszri

2068 483 2247 530 autem
2276 481 2503 545 utraque
2523 474 2868 529 conﬁtentur.
2895 470 3121 527 Factum
3150 478 3231 524 est
3256 474 3440 523 autem
3465 466 3681 522 clamor

2069 583 2317 637 magnus.
2350 567 2413 622 Et
2445 560 2731 638 surgentes
2760 562 2982 635 quidam
3010 561 3438 629 Pharisaeorum,
3468 574 3679 631 pugna-

2069 657 2199 714 bant
2226 656 2507 712 dicentes:
2537 655 2678 712 Nihil
2703 653 2832 711 mali
2858 653 3162 709 invenimus
3193 651 3246 707 in
3273 649 3499 707 homine
3525 650 3678 706 isto:

2069 748 2203 820 quid
2229 750 2273 804 si
2299 749 2536 819 Spiritus
2565 748 2774 804 locutus
2797 756 2881 803 est
2911 745 2983 813 ei,
3015 753 3108 800 ant
3134 743 3415 815 Angelus?
3445 742 3518 799 Et
3549 758 3678 799 cum

2072 855 2265 911 magna
2316 841 2586 897 dissensio
2624 840 2762 896 facta
2789 847 2958 907 esset,
2995 838 3193 894 timens
3221 836 3470 893 tribunus
3500 852 3573 893 ue
3599 836 3683 892 di-

2074 946 2419 1006 scerperetur
2445 935 2643 991 Paulus
2674 936 2743 990 ab
2765 934 2919 1005 ipsis,
2948 932 3113 1002 jussit
3142 931 3344 987 milites
3372 930 3679 987 descende-

2076 1044 2157 1094 re,
2191 1039 2245 1085 et
2285 1043 2477 1099 rapere
2518 1044 2642 1084 eum
2671 1026 2740 1083 dc
2790 1026 2967 1083 medio
3027 1039 3238 1091 eorum,
3289 1038 3356 1078 ac
3401 1022 3681 1079 deducere

2077 1137 2201 1177 eum
2252 1121 2307 1177 in
2358 1130 2557 1177 castra.
2592 1120 2854 1191 Sequenti
2904 1128 3088 1174 autem
3135 1125 3299 1173 nocte
3340 1117 3606 1173 assistens
3627 1116 3679 1173 ei

2082 1214 2366 1279 Dominus,
2398 1214 2477 1269 ait
2507 1232 2519 1269 :
2548 1213 2816 1269 Constans
2846 1221 2967 1268 esto
2998 1230 3012 1267 :
3040 1213 3185 1268 sicut
3224 1213 3372 1267 enim
3412 1213 3675 1268 testiﬁca-

2082 1317 2170 1363 tus
2191 1321 2249 1362 es
2275 1306 2344 1362 de
2370 1320 2458 1362 me
2489 1306 2541 1360 in
2578 1304 2911 1369 Jerusalem,
2944 1302 3023 1359 sic
3050 1313 3104 1358 te
3147 1312 3367 1374 oportet
3407 1312 3462 1358 et
3490 1300 3679 1358 Roma:

2081 1399 2383 1455 tesﬁﬁcari.
2411 1397 2578 1454 Facta
2602 1409 2785 1453 autem
2814 1396 2901 1452 die
2929 1396 3265 1467 collegerunt
3290 1409 3350 1449 se
3370 1393 3587 1466 quidam
3611 1408 3679 1449 ex

2081 1489 2305 1558 Iudaeis,
2339 1498 2393 1547 et
2422 1489 2766 1545 devoverunt
2794 1502 2855 1544 se
2875 1487 3142 1556 dicentes,
3178 1502 3355 1557 neque
3383 1487 3675 1543 manduca-

2086 1596 2257 1653 turos,
2299 1598 2475 1653 neque
2514 1581 2811 1649 bibituros,
2856 1580 3034 1637 donec
3079 1579 3396 1636 occiderent
3428 1578 3666 1634 Paulum.

378 1694 674 1751 credebant
713 1693 768 1748 iu
794 1701 887 1748 te:
921 1660 1126 1746 etcum
1153 1660 1717 1759 funderetur-satigtiis
1744 1660 1980 1756 Stepha—
2010 1660 2058 1721 Β
2089 1677 2255 1730 Eram
2290 1683 2474 1732 autent
2509 1676 2628 1746 plus
2654 1690 2815 1746 quam
2848 1672 3204 1745 quadraginta
3251 1672 3375 1741 viri,
3400 1671 3489 1742 qui
3532 1672 3672 1727 hanc

379 1786 438 1841 ni
461 1786 618 1841 testis
653 1784 755 1850 tui,
788 1799 889 1854 ego
917 1782 1188 1849 astaham,
1216 1789 1273 1837 et
1299 1780 1737 1842 consentiebam,
1771 1788 1827 1834 et
1856 1792 1981 1834 cus-

378 1876 653 1933 todiebam
683 1874 1002 1930 vestimenta
1034 1871 1478 1928 interﬁcientium
1511 1871 1684 1926 illum.
1723 1870 1792 1925 Et
1842 1868 1983 1925 dixit

383 1967 451 2024 ad
484 1983 571 2023 me
602 1965 811 2033 :Vade,
844 1965 1103 2036 quoniam
1135 1977 1237 2034 ego
1266 1963 1318 2017 iu
1357 1963 1607 2018 nationes
1650 1961 1813 2032 longe
1856 1962 1984 2016 mit-

381 2070 492 2116 tam
526 2069 598 2115 te.
620 2057 928 2114 Audiebant
946 2066 1125 2111 autem
1150 2070 1275 2111 eum
1297 2069 1472 2125 usque
1498 2053 1565 2109 ad
1596 2054 1700 2110 hoc
1725 2052 1976 2122 verbum,

384 2159 442 2208 et
472 2150 795 2206 levaverunt
822 2162 1014 2203 vocem
1051 2161 1206 2202 suam
1233 2145 1485 2201 dicentes
1510 2162 1526 2200 :
1556 2145 1717 2201 Tolle
1743 2144 1813 2200 de
1837 2154 1981 2201 terra

381 2242 694 2315 huiusmodi
725 2261 736 2297 :
768 2258 875 2298 non
898 2242 1045 2298 enim
1070 2241 1152 2297 fas
1172 2249 1257 2297 est
1278 2256 1403 2297 eum
1430 2241 1633 2297 vivere.
1667 2241 1980 2298 Vociferan-

383 2336 530 2393 tibus
562 2344 744 2392 autem
776 2336 878 2402 eis,
906 2346 961 2391 et
982 2334 1396 2404 proiicientibus
1424 2333 1751 2390 vestimenta
1782 2349 1901 2401 sua,
1928 2342 1985 2391 et

377 2429 662 2499 pulverem
688 2426 1025 2497 iactantibus
1053 2412 1115 2481 in,
1136 2440 1344 2492 acrem,
1360 2424 1527 2495 jussit
1551 2425 1804 2481 tribunus
1826 2424 1985 2481 indu-

384 2522 435 2577 ci
466 2536 589 2578 eum
620 2521 673 2576 in
712 2527 912 2589 castra,
945 2527 1001 2575 et
1035 2519 1266 2591 ﬂagellis
1294 2519 1453 2589 cmdi,
1484 2529 1543 2577 et
1566 2520 1809 2591 torqueri
1833 2534 1981 2586 eum,

384 2626 444 2673 ut
483 2618 649 2675 sciret
690 2625 919 2688 propter
960 2631 1121 2687 quam
1148 2629 1368 2670 causam
1405 2614 1487 2669 sic
1517 2614 1885 2669 acclamareut
1909 2612 1981 2666 ei.

380 2709 452 2767 Et
488 2725 609 2766 cum
656 2707 1039 2764 astrinxissent
1072 2722 1197 2764 eum
1239 2707 1376 2762 loris
1408 2724 1421 2758 :
1456 2704 1591 2761 dicit
1628 2704 1832 2760 astanti
1882 2701 1985 2758 sibi

384 2800 701 2858 Ceuturioni
747 2799 988 2856 Paulus:
1020 2799 1079 2855 Si
1120 2784 1403 2854 hominem
1447 2796 1754 2853 Romanum
1805 2803 1859 2849 et
1904 2795 1987 2849 iu-

383 2893 701 2951 demnatum
729 2893 860 2949 licet
884 2891 1037 2948 vobis
1065 2891 1376 2963 ﬂagellare?
1404 2890 1523 2957 Quo
1551 2888 1754 2954 audito,
1780 2888 1988 2944 Centu—

388 2986 473 3042 rio
500 2986 735 3043 accessit
784 2984 852 3039 ad
897 2983 1201 3051 tribunum,
1232 2993 1288 3039 et
1329 2981 1602 3038 nuntiavit
1639 2981 1710 3049 ei,
1753 2979 1983 3037 dicens:

2083 1769 2515 1839 coniurationem
2548 1768 2814 1824 fecerant.
2840 1766 2941 1834 Qui
2983 1775 3340 1821 accesserunt
3375 1763 3444 1819 ad
3481 1764 3678 1833 princi~

2084 1878 2180 1933 pes
2202 1861 2573 1927 sacerdotum,
2603 1869 2657 1917 et
2687 1859 2957 1924 seniores,
2980 1867 3038 1914 et
3065 1859 3319 1917 dixerunt
3346 1874 3359 1912 :
3386 1857 3683 1913 Devotionc

2083 1958 2408 2015 devovimus
2454 1971 2555 2012 nos
2580 1955 2714 2011 nihil
2757 1962 3100 2027 gustaturos,
3142 1952 3321 2009 donec
3369 1951 3683 2008 occidamus

2085 2049 2332 2106 Paulum.
2364 2048 2521 2105 Nune
2559 2063 2691 2119 ergo
2732 2062 2830 2104 vos
2873 2057 3060 2102 notum
3111 2046 3273 2103 facite
3317 2045 3541 2101 tribuno
3566 2059 3686 2100 cum

2086 2144 2340 2207 concilio,
2371 2152 2429 2199 ut
2457 2141 2719 2213 producat
2746 2140 2894 2196 illum
2924 2140 2993 2195 ad
3032 2154 3147 2210 vos,
3179 2147 3461 2209 tamquam
3486 2137 3688 2209 aliquid

2087 2238 2293 2295 certius
2316 2236 2585 2308 cognituri
2608 2235 2677 2292 de
2705 2248 2797 2291 eo.
2826 2233 2936 2290 Nos
2966 2249 3099 2290 vero
3136 2233 3453 2303 priusquam
3491 2247 3688 2303 appro-

2086 2334 2222 2406 piet,
2245 2333 2416 2404 parati
2440 2347 2629 2389 sumus
2648 2329 2956 2388 interﬁcere
2980 2329 3153 2386 illum.
3179 2328 3340 2397 Quod
3358 2343 3488 2384 cum
3512 2327 3691 2383 audis-

2088 2438 2174 2486 set
2206 2426 2349 2482 ﬁlius
2378 2426 2584 2482 sororis
2608 2425 2757 2481 Pauli
2788 2423 3050 2491 insidias,
3090 2423 3267 2491 venit,
3298 2432 3354 2480 et
3383 2420 3613 2478 intravit
3639 2422 3687 2475 iu

2087 2527 2287 2586 castra,
2320 2517 2694 2589 nuntiavitque
2726 2516 2915 2572 Paulo.
2951 2516 3160 2574 Vocans
3184 2524 3366 2572 autem
3394 2515 3603 2572 Paulus
3626 2514 3690 2571 ad

2088 2625 2149 2667 se
2174 2626 2342 2666 unum
2379 2625 2447 2665 ex
2469 2608 2919 2679 Centuriouibus,
2946 2610 3019 2665 ait
3056 2629 3068 2664 :
3092 2608 3521 2666 Adolescentcm
3554 2610 3691 2665 hunc

2091 2701 2293 2773 perduc
2339 2701 2409 2757 ad
2466 2703 2762 2771 tribunum,
2790 2701 2953 2760 habet
2996 2703 3140 2759 enim
3189 2702 3393 2774 aliquid
3449 2704 3691 2760 indicare

2091 2797 2189 2852 illi.
2220 2796 2285 2851 Et
2304 2795 2397 2850 ille
2418 2795 2634 2867 quidem
2665 2810 2952 2852 assumens
2967 2810 3091 2851 eum
3110 2795 3267 2852 duxit
3287 2796 3354 2851 ad
3385 2796 3690 2863 tribunum,

2090 2899 2146 2947 et
2174 2888 2292 2945 ait:
2323 2888 2553 2946 Vinetus
2588 2888 2791 2945 Paulus
2822 2890 3032 2961 rogavit
3072 2905 3158 2945 me
3189 2889 3334 2945 hunc
3369 2887 3692 2946 adolescen-

2095 2993 2202 3040 tem
2245 2982 2544 3055 perducere
2580 2982 2644 3037 ad
2685 2993 2758 3050 te,
2809 2980 3101 3039 habentem
3135 2981 3337 3053 aliquid
3382 2982 3539 3054 loqui
3578 2980 3689 3037 tibi.

387 3076 528 3145 Quid
548 3080 771 3132 acturus
794 3075 885 3130 es?
904 3074 996 3130 hic
1023 3075 1170 3130 enim
1193 3074 1379 3141 homo,
1410 3074 1544 3131 civis
1574 3074 1851 3129 Romanus
1879 3080 1987 3128 est.
2018 3047 2066 3114 ο
2096 3076 2530 3148 Appreheudens
2562 3083 2741 3132 autem
2774 3077 3023 3131 tribunus
3054 3091 3272 3131 manum
3306 3075 3478 3141 illius,
3509 3090 3690 3132 seces-

393 3166 680 3225 Accedens
726 3174 909 3221 autem
941 3165 1189 3221 tribunus
1219 3165 1357 3221 dixit
1405 3165 1481 3221 illi
1514 3182 1527 3218 :
1556 3164 1655 3221 Dic
1683 3163 1817 3220 mihi
1852 3164 1898 3219 si
1930 3172 1988 3219 tu

390 3260 672 3319 Romanus
696 3260 793 3315 es?
820 3259 890 3313 At
917 3258 1009 3314 ille
1027 3258 1165 3314 dixit
1195 3276 1208 3313 :
1242 3258 1443 3314 Etiam.
1487 3258 1557 3314 Et
1585 3258 1864 3329 respondit
1895 3258 1991 3313 tri-

394 3357 571 3413 bunus
601 3373 616 3411 :
650 3356 765 3427 Ego
792 3353 962 3409 multa
1003 3369 1217 3410 summa
1264 3355 1582 3409 civilitatem
1631 3355 1772 3411 hanc
1799 3369 1992 3410 conse-

392 3457 554 3505 cutus
582 3463 724 3503 sum.
744 3445 813 3500 Et
843 3444 1045 3500 Paulus
1074 3445 1154 3501 ait
1180 3463 1193 3499 :
1220 3444 1336 3515 Ego
1364 3453 1549 3501 autem
1580 3454 1636 3500 et
1662 3455 1823 3501 natus
1847 3460 1987 3501 sum.

394 3539 654 3595 Protinus
679 3553 812 3610 ergo
837 3536 1217 3594 discesserunt
1248 3537 1317 3592 ab
1348 3536 1465 3606 illo,
1498 3537 1591 3607 qui
1633 3553 1756 3593 eum
1792 3537 1992 3593 torturi

397 3639 576 3689 erant.
614 3630 887 3687 Tribunus
924 3644 1143 3702 quoque
1186 3627 1362 3683 timuit
1405 3637 1696 3699 postquam
1749 3628 1991 3695 rescivit,

395 3724 524 3795 quia
573 3724 709 3782 civis
750 3723 1031 3779 Romanus
1057 3730 1223 3789 esset,
1252 3729 1310 3777 et
1347 3720 1474 3792 quia
1525 3719 1801 3790 alligasset
1845 3735 1992 3776 eum.

398 3818 625 3875 Postera
650 3824 829 3872 autem
875 3814 964 3872 die
1010 3814 1201 3871 volens
1245 3811 1387 3870 scire
1435 3812 1773 3885 diligentius,
1793 3827 1860 3867 ex
1888 3826 1993 3883 qua

401 3922 567 3965 causa
590 3916 941 3963 accusaretur
969 3922 997 3961 a
1026 3905 1252 3973 Judreis,
1281 3906 1445 3962 solvit
1471 3920 1618 3973 eum,
1643 3914 1695 3961 et
1718 3905 1882 3974 jussit
1910 3919 1997 3959 sa-

397 3998 655 4058 cerdotes
678 3998 992 4065 convenire,
1017 4007 1071 4052 et
1090 4013 1255 4055 omne
1275 3998 1588 4067 concilium,
1614 4005 1669 4052 et
1691 3997 1997 4068 produceus

400 4092 652 4161 Paulum,
686 4091 877 4147 statuit
897 4091 1040 4146 inter
1064 4090 1208 4146 illos.

478 4184 631 4258 [Cap.
659 4181 876 4254 XXlll.]
903 4180 1197 4238 Intendens
1226 4190 1406 4239 autem
1446 4183 1500 4240 in
1532 4183 1820 4241 concilium
1855 4184 1995 4242 Pau-

406 4281 490 4338 lus
539 4280 661 4335 ait:
694 4276 808 4335 Viri
863 4276 1089 4343 fratres,
1118 4290 1219 4347 ego
1259 4277 1408 4331 onmi
1462 4278 1795 4335 conscientia
1856 4278 1999 4335 bona

401 4382 764 4434 conversatus
813 4385 932 4427 sum
980 4379 1107 4427 ante
1161 4369 1328 4426 Deum
1373 4384 1543 4442 usque
1582 4370 1639 4427 in
1678 4370 1998 4427 hodiernum

2090 3171 2161 3227 sit
2189 3184 2311 3227 cum
2342 3186 2407 3226 eo
2437 3183 2709 3235 seorsum,
2733 3178 2789 3226 et
2812 3168 3167 3240 interregavit
3192 3169 3344 3224 illum
3374 3187 3388 3223 :
3415 3168 3568 3238 Quid
3590 3177 3689 3233 est,

2091 3263 2236 3336 quod
2268 3263 2437 3319 habes
2467 3262 2708 3318 iudicare
2743 3261 2913 3318 mihi?
2940 3260 3039 3318 Ille
3063 3270 3245 3317 autem
3266 3260 3408 3316 dixit
3443 3277 3461 3316 :
3493 3260 3693 3318 Judmis

2093 3356 2353 3412 convenit
2379 3371 2574 3427 rogare
2606 3364 2679 3423 te,
2714 3364 2774 3411 ut
2803 3355 3038 3410 crastina
3087 3354 3179 3411 die
3225 3353 3509 3425 producas
3556 3353 3692 3410 Pau-

2094 3448 2203 3503 lum
2235 3447 2289 3503 in
2342 3448 2658 3516 concilium,
2681 3446 2837 3518 quasi
2881 3446 3085 3519 aliquid
3125 3448 3328 3504 certius
3380 3446 3690 3519 inquisituri

2098 3539 2209 3596 sint
2238 3540 2307 3596 de
2350 3539 2446 3595 illo
2472 3555 2486 3593 :
2520 3549 2575 3595 tu
2605 3554 2736 3595 vero
2765 3554 2834 3595 ne
2862 3538 3163 3596 credideris
3209 3539 3337 3609 illis,
3364 3540 3695 3597 insidiantur

2096 3632 2244 3689 enim
2267 3631 2319 3688 ei
2346 3646 2416 3688 ex
2443 3632 2524 3688 eis
2552 3630 2653 3687 viri
2673 3631 2909 3703 amplius
2928 3646 3087 3703 quam
3107 3630 3490 3704 quadraginta,
3522 3634 3694 3705 quise

2097 3723 2436 3780 devoverunt
2456 3739 2563 3779 non
2591 3724 2944 3791 manducare,
2976 3739 3153 3796 neque
3178 3725 3386 3791 bibere,
3414 3725 3596 3783 donec
3618 3726 3695 3782 iu-

2101 3817 2367 3875 terliciant
2404 3833 2528 3872 eum
2562 3835 2575 3872 :
2608 3827 2663 3874 et
2700 3832 2845 3873 nunc
2893 3816 3068 3886 parati
3116 3826 3264 3882 sunt,
3307 3827 3692 3890 exspectantes

2100 3909 2427 3980 promissum
2463 3918 2633 3965 tuum.
2667 3908 2938 3966 Tribunus
2962 3910 3124 3982 igitur
3142 3910 3693 3970 dimisitadolesccn-

2103 4010 2230 4067 tem,
2275 4001 2614 4072 prmeipiens,
2649 4017 2718 4058 ne
2759 4001 2847 4057 cui
2898 4003 3238 4073 loqueretur,
3283 4006 3552 4074 quoniam
3586 4005 3694 4061 hac

2103 4101 2229 4148 nota
2260 4094 2364 4150 sibi
2393 4095 2626 4151 fecisset.
2653 4094 2721 4150 Et
2757 4095 2968 4151 vocatis
3000 4094 3212 4151 duobus
3245 4095 3687 4163 Ceuturionibus,

2102 4186 2247 4242 dixit
2284 4185 2393 4242 illis
2423 4202 2438 4244 :
2467 4185 2666 4242 Parate
2703 4186 2908 4244 milites
2943 4187 3230 4256 ducentos,
3273 4197 3330 4244 ut
3358 4199 3491 4246 eant
3532 4202 3691 4261 usuue

2103 4278 2433 4347 Caesaream,
2458 4289 2515 4338 et
2540 4280 2753 4354 equites
2773 4283 3138 4356 septuaginta,
3171 4294 3226 4340 et
3259 4285 3569 4343 lancearios
3595 4287 3689 4341 duo

2104 4382 2318 4440 centes,
2346 4388 2374 4427 a
2401 4375 2557 4429 tertia
2592 4374 2724 4432 hora
2753 4376 2929 4431 noctis
2964 4392 2978 4429 :
3011 4385 3067 4432 et
3090 4377 3335 4447 iumenta
3368 4389 3687 4450 praeparate,

403 4468 572 4525 diem.
613 4467 874 4537 Princeps
901 4470 1080 4519 autem
1112 4439 1469 4520 sacerdotum
1509 4463 1749 4518 Ananias
1778 4477 2003 4533 praece-
2028 4439 2083 4502 Ῑ)
2108 4475 2166 4520 ut
2188 4466 2528 4537 imponentes
2551 4467 2802 4538 Paulum,
2832 4470 3046 4527 salvum
3072 4439 3441 4543 perducerent
3465 4439 3532 4531 ad
3553 4439 3687 4530 Feli;

403 4560 486 4633 pit
531 4559 834 4615 astantibus
877 4556 979 4613 sibi
1028 4563 1313 4626 percutere
1343 4570 1406 4611 os
1446 4554 1586 4627 ejus.
1615 4555 1771 4610 Tunc
1798 4553 2002 4611 Paulus

408 4651 547 4709 dixit
567 4651 632 4709 ad
664 4666 787 4708 eum
814 4670 828 4705 :
855 4648 1129 4707 Percutiet
1159 4658 1211 4704 te
1233 4648 1396 4715 Deus,
1426 4647 1603 4718 paries
1634 4646 1908 4703 dcalbate.
1938 4647 2005 4701 Et

412 4753 469 4802 tu
496 4744 695 4801 sedens
712 4742 924 4816 iudicas
951 4756 1041 4800 me
1059 4741 1357 4797 secundum
1395 4740 1591 4811 legem,
1621 4748 1676 4796 et
1706 4747 1896 4794 contra
1926 4736 2002 4793 le-

409 4853 531 4910 gem
567 4836 724 4907 iubes
753 4850 841 4892 me
878 4832 1126 4906 percuti?
1158 4832 1227 4888 Et
1272 4831 1362 4904 qui
1414 4831 1664 4888 astabant
1702 4830 1997 4886 dixerunt:

406 4931 692 4989 Summum
730 4928 1069 4986 sacerdotem
1121 4926 1220 4983 Dei
1261 4923 1587 4982 maledicis?
1630 4923 1779 4980 Dixit
1819 4934 1999 4979 autem

405 5022 609 5080 Paulus
641 5038 656 5077 :
695 5021 1036 5089 Nesciebam,
1091 5020 1311 5087 fratres,
1339 5019 1467 5091 quia
1514 5017 1770 5090 princeps
1810 5027 1894 5073 est
1916 5032 2004 5072 sa-

406 5116 715 5173 cerdotum.
745 5113 1018 5184 Scriptum
1041 5120 1124 5168 est
1149 5112 1293 5168 enim
1327 5129 1340 5165 :
1373 5110 1679 5181 Principem
1707 5110 1890 5182 p0puli
1924 5109 1999 5165 tui

405 5228 517 5270 non
548 5209 865 5269 maledicas.
900 5206 1093 5266 Sciens
1118 5215 1300 5264 autem
1343 5205 1560 5274 Paulus,
1585 5207 1710 5279 quia
1744 5220 1848 5261 nua
1874 5220 2002 5277 pars

406 5313 555 5365 esset
577 5301 1023 5367 Sadducaaorum,
1046 5308 1104 5355 et
1147 5299 1319 5356 altera
1364 5298 1786 5369 Pharisznorum,
1811 5299 1996 5356 excla-

406 5398 576 5455 mavit
604 5397 658 5453 in
682 5392 918 5451 concilio
947 5410 959 5446 :
996 5391 1111 5447 Viri
1147 5393 1364 5458 fratres,
1388 5406 1490 5463 ego
1518 5392 1823 5449 Pbarisazus
1851 5406 1994 5457 smn,

405 5492 551 5547 ﬁlius
578 5488 1007 5554 Pharisaeorum,
1037 5485 1104 5541 de
1126 5499 1224 5557 spe
1249 5494 1305 5542 et
1325 5486 1728 5543 resurrectione
1755 5494 1998 5542 mortuo-

407 5597 528 5638 rum
566 5596 669 5652 ego
692 5579 928 5650 judicor.
964 5577 1034 5633 Et
1059 5592 1180 5633 eum
1209 5576 1328 5634 haec
1355 5576 1583 5634 dixisset
1614 5577 1752 5634 facta
1781 5586 1864 5634 est
1885 5577 1996 5634 dis-

406 5672 588 5731 sensio
631 5672 773 5729 inter
795 5669 1101 5727 Pharisaaos
1142 5658 1228 5728 et‘
1244 5668 1597 5738 Sadduca‘os,
1625 5675 1679 5725 ct
1705 5668 1882 5727 soluta
1912 5678 1996 5729 est

2105 4573 2221 4615 cem
2250 4559 2555 4630 praesidem.
2594 4561 2822 4633 (Timuit
2841 4564 2985 4619 enim
3018 4572 3077 4620 ut
3106 4566 3248 4622 forte
3277 4578 3543 4638 raperent
3569 4580 3680 4624 eum

2104 4652 2298 4723 Judaei,
2333 4663 2389 4710 et
2418 4654 2750 4725 occiderent,
2782 4666 2838 4713 et
2862 4657 2982 4728 ipse
3010 4668 3196 4730 postea
3218 4661 3549 4718 calumniam
3572 4676 3683 4718 sus‘

2107 4744 2325 4810 tiueret,
2379 4753 2651 4817 tamquam
2698 4757 3023 4816 accepturus
3068 4753 3348 4824 pecuniam
3369 4752 3412 4827 ,)
3452 4754 3687 4811 scribens

2103 4837 2387 4909 epistolam
2414 4838 2783 4897 continentem
2809 4840 2925 4898 haec
2951 4859 2965 4896 :

2176 4930 2447 4989 Curemus
2470 4932 2699 5006 Lypsias
2718 4937 2925 5006 eptimo
2948 4938 3190 5008 praesidi,
3212 4939 3401 5009 Felici,
3436 4940 3683 4997 salutem.

2110 5022 2293 5079 Virum
2337 5023 2481 5080 hunc
2526 5026 2984 5099 comprehensum
3014 5044 3044 5083 a
3075 5028 3299 5099 Judteis,
3333 5041 3388 5088 et
3430 5031 3687 5102 incipiens

2108 5126 2217 5173 tem
2246 5118 2477 5174 interﬁci
2504 5118 2576 5173 ab
2607 5119 2710 5187 eis,
2733 5122 3127 5191 superveniens
3155 5137 3278 5180 cum
3320 5125 3561 5181 exercitu
3582 5126 3685 5181 eri-

2106 5210 2219 5283 pui,
2274 5212 2495 5283 cognito
2535 5213 2661 5283 quia
2713 5212 2995 5270 Romanus
3035 5223 3138 5271 est.
3186 5215 3496 5288 Valensque
3549 5218 3684 5273 scire

2106 5315 2350 5370 causam,
2384 5319 2543 5374 quam
2585 5304 2918 5374 objiciebant
2945 5306 3045 5377 illi,
3079 5308 3278 5365 deduxi
3309 5325 3434 5366 eum
3480 5310 3532 5364 in
3562 5324 3684 5365 con-

2105 5393 2289 5450 cilium
2326 5410 2535 5453 eorum.
2575 5396 2749 5466 Quem
2783 5398 2959 5455 inveni
3003 5402 3246 5457 accusari
3277 5401 3345 5457 de
3372 5401 3687 5473 quaastioni-

2104 5488 2208 5545 bus
2229 5489 2363 5559 legis
2387 5488 2650 5560 ipsorum,
2681 5489 2814 5546 nihil
2846 5507 2981 5548 vero
3012 5492 3230 5566 dignum
3262 5502 3436 5549 morte
3459 5500 3555 5549 aut
3576 5493 3685 5547 viu-

2103 5581 2243 5638 culis
2267 5580 2555 5638 habentem
2586 5582 2852 5639 criminis.
2894 5585 2961 5640 Et
2999 5599 3124 5642 cum
3153 5585 3283 5642 mihi
3311 5584 3573 5656 perlatum
3602 5597 3684 5639 es-

2104 5685 2189 5736 set
2216 5676 2285 5736 de
2310 5676 2545 5749 insidiis,
2573 5693 2707 5751 quas
2738 5689 3068 5752 paraverant
3097 5680 3194 5749 illi,
3223 5680 3344 5738 misi
3365 5694 3490 5737 cum
3517 5678 3582 5735 ad
3611 5686 3678 5747 te,
