3920 6200
232 331 336 388 721

1352 334 1555 391 LIBER
1596 334 1881 393 ACTUUM
1922 337 2445 396 AI‘OSTOIDRUM.

3446 340 3551 395 72:!

239 450 580 507 denuntians
610 460 663 507 et
681 451 1106 519 accusatoribus,
1130 460 1186 506 ut
1215 451 1400 507 dicant
1426 450 1564 523 apud
1595 451 1837 508 te.Vale.
1868 456 1916 513 A
1945 453 2259 509 ministrare
2294 454 2362 509 ei.
2402 454 2531 509 Post
2561 455 2771 525 aliquot
2799 461 2979 509 autem
3016 452 3133 508 dies
3181 452 3405 509 veniens
3442 452 3547 506 Fe—

242 543 447 599 Milites
474 559 629 615 ergo,
663 546 956 600 secundum
984 553 1314 615 prmceptum
1344 544 1469 609 sibi,
1500 553 1841 599 assumeutcs

244 634 501 703 Paulum,
530 635 808 692 duxerunt
838 652 932 702 per
971 646 1185 692 noctem
1227 637 1282 690 in
1325 635 1737 706 Antipatrident.
1774 634 1844 689 Et

242 738 469 796 postera
497 726 588 782 die
613 727 853 783 dimissis
891 728 1186 798 equitibus,
1210 738 1271 782 ut
1303 743 1425 782 cum
1463 744 1529 781 eo
1570 729 1731 792 irent,
1756 742 1844 783 re-

243 821 388 875 versi
419 829 549 875 sunt
574 821 642 876 ad
674 830 868 877 castra.
906 822 1007 891 Qui
1040 838 1162 877 cum
1202 822 1475 878 venissent
1514 822 1841 883 Czesaream,

247 920 302 965 et
352 910 712 968 tradidissent
760 914 1045 983 epistolam
1092 914 1336 984 prtesidi,
1382 922 1691 968 statuerunt
1718 924 1843 967 ante

250 1004 402 1059 illum
454 1016 510 1060 et
570 1006 819 1063 Paulum.
860 1006 994 1063 Cum
1025 1007 1249 1078 legisset
1298 1016 1501 1072 autem,
1533 1018 1587 1061 et
1614 1006 1846 1061 interro-

248 1107 431 1167 gasset
446 1097 516 1155 de
533 1114 637 1169 qua
673 1099 947 1169 provincia
966 1109 1112 1156 esset
1150 1118 1163 1154 :
1189 1109 1244 1155 et
1273 1115 1610 1171 cognoscens
1627 1102 1754 1171 quia
1776 1100 1843 1155 de

248 1190 463 1247 Cilicia.
490 1192 718 1248 Audiam
748 1194 1175 1264 te,inquit,cum
1200 1205 1548 1249 accusatores
1583 1196 1657 1248 tui
1686 1208 1844 1248 vene-

251 1284 382 1338 rint.
429 1284 712 1355 .lussitque
762 1286 816 1341 in
857 1287 1116 1356 prtetoriu
1145 1285 1377 1341 Herodis
1403 1285 1663 1340 custodiri
1695 1301 1839 1340 eunt.

324 1374 475 1446 [Cap.
502 1374 720 1447 XXIV.]
744 1377 873 1431 Post
899 1378 1140 1448 quinque
1168 1385 1349 1432 autem
1400 1377 1515 1431 dies
1562 1375 1843 1431 descendit

250 1471 507 1539 princeps
551 1469 897 1525 sacerdotum
944 1471 1206 1533 Ananias,
1238 1485 1362 1525 cum
1396 1468 1701 1525 senioribus
1728 1469 1844 1539 qui-

251 1561 520 1629 busdam,
564 1571 619 1617 et
665 1562 909 1617 Tertullo
956 1564 1190 1633 quodam
1251 1572 1506 1629 oratore,
1555 1564 1645 1633 qui
1698 1562 1845 1617 adie-

249 1665 377 1711 runt
419 1656 708 1725 prmsidem
752 1656 1013 1712 adversus
1054 1657 1299 1712 Paulum.
1346 1658 1410 1711 Et
1455 1657 1621 1711 citato
1674 1656 1843 1711 Paulo

249 1749 420 1818 etrapit
465 1763 724 1804 accusare
777 1749 1074 1815 Tertullus,
1104 1748 1297 1804 dicens
1330 1766 1343 1804 :
1374 1748 1509 1803 Cum
1568 1748 1619 1802 in
1677 1748 1843 1803 multa

1950 544 2024 599 lix
2053 560 2175 600 cum
2212 546 2450 601 Drusilla
2489 562 2661 602 uxore
2692 562 2809 611 sua,
2843 560 2964 615 qua:
2996 554 3113 600 erat
3140 544 3349 610 Judma,’
3382 558 3547 597 voca-

1946 638 2023 693 vit
2056 639 2374 704 Paulum,ct
2406 639 2614 694 audivit
2636 640 2703 695 ab
2730 655 2797 696 eo
2826 638 3013 701 (idem,
3045 653 3167 708 qua:
3194 646 3277 693 est
3305 638 3357 691 in
3388 638 3545 692 Cltri-

1946 742 2089 785 stum
2138 730 2345 786 Jesnm.
2392 732 2718 801 Disputante
2759 740 2940 786 autem
2990 730 3080 784 illo
3120 729 3186 783 de
3222 728 3457 798 justitia,
3486 737 3543 782 et

1947 822 2217 885 castitate,
2250 832 2303 877 et
2331 814 2625 892 dejudicio
2657 822 2863 889 futuro,
2898 820 3245 877 tremefactus
3282 818 3430 874 Felix
3458 836 3547 873 re—

1947 918 2203 988 spondit:
2234 916 2386 984 Quod
2421 932 2565 973 nunc
2594 916 2808 983 attinet,
2849 916 2984 972 vade
3021 934 3034 971 :
3066 925 3312 985 tempore
3356 921 3538 968 autent

1947 1018 2253 1081 Opportuno
2284 1025 2561 1069 accersam
2597 1019 2669 1064 te.
2699 1010 2871 1065 Simul
2907 1019 2963 1064 et
2989 1022 3239 1079 sperans,
3268 1006 3411 1076 quod
3442 1020 3541 1075 pe-

1947 1105 2105 1159 cunia
2139 1104 2187 1158 ei
2212 1102 2433 1159 daretur
2462 1118 2490 1157 a
2523 1104 2723 1170 Paulo;
2763 1114 2985 1173 propter
3023 1102 3164 1171 quod
3200 1110 3252 1154 et
3284 1099 3546 1169 frequen-

1950 1206 2032 1251 ter
2053 1211 2339 1251 accersens
2372 1212 2519 1260 eum,
2550 1196 2882 1265 loquebatur
2911 1210 3031 1248 cum
3066 1209 3152 1248 co.
3180 1192 3409 1247 Biennio
3439 1206 3535 1245 au-

1950 1298 2057 1344 tettt
2101 1289 2346 1359 expleto,
2410 1289 2620 1359 accepit
2676 1302 3049 1343 successorem
3102 1285 3252 1341 Felix
3301 1283 3541 1339 Portium

1952 1380 2194 1435 Festum.
2253 1380 2451 1435 Voleus
2502 1390 2683 1435 autem
2742 1385 2974 1449 gratiam
3028 1388 3287 1449 praestare
3338 1376 3543 1431 Judteis

1949 1473 2123 1539 Felix,
2154 1474 2373 1543 reliquit
2395 1473 2619 1527 Paulum
2652 1474 2910 1527 vinctum.

2023 1570 2176 1641 [ϐαρ.
2198 1568 2393 1634 ΧΧν.]
2422 1568 2612 1623 chuts
2638 1582 2769 1637 ergo
2806 1581 2927 1622 cum
2961 1566 3202 1621 venisset
3237 1565 3288 1618 itt
3321 1563 3543 1633 provin-

1948 1665 2086 1721 ciam
2109 1706 2123 1732 ,
2158 1674 2278 1735 post
2323 1664 2557 1718 triduum
2591 1663 2839 1718 ascendit
2877 1662 3274 1732 Jerosolymam
3306 1676 3334 1713 a
3363 1660 3547 1714 Cursa-

1950 1773 2065 1813 rea.
2118 1757 2490 1827 Adieruntque
2548 1772 2671 1811 eum
2725 1756 3001 1826 principes
3060 1754 3437 1819 sacerdotum,
3496 1763 3550 1806 ct

250 1855 385 1911 ικιοθ
416 1856 641 1910 agamus
670 1856 765 1911 Pe"
797 1852 869 1907 ιθ,
903 1851 959 1895 ει
984 1842 1154 1895 “Nlla
1197 1841 1545 1911 corrigantur
1571 1857 1666 1911 Per
1696 1848 1840 1895 ιυθηῖ
1878 1843 1926 1903 Β
1953 1850 2111 1921 primi
2132 1850 2748 1917 Judzcorum,adversus
2771 1849 3023 1904 Paulum:
3046 1857 3097 1904 et
3115 1849 3374 1917 rogabant
3399 1863 3547 1909 eum,

246 1935 648 2005 providentiam
680 1952 694 1990 :
726 1950 944 2005 semper
965 1944 1019 1990 et
1043 1935 1240 2005 ubique
1264 1936 1616 2005 suscipimur,
1644 1935 1847 2005 optime

249 2028 431 2095 Felix,
462 2042 585 2083 cum
616 2028 763 2083 omni
793 2029 1090 2099 gratiarum
1138 2029 1371 2083 acticnc.
1408 2028 1484 2083 Ne
1525 2028 1730 2083 diutius
1753 2043 1847 2083 att-

251 2133 360 2178 tem
396 2132 447 2177 te
478 2124 812 2194 protraham,
838 2138 957 2189 oro,
982 2123 1222 2179 breviter
1254 2124 1442 2179 audias
1486 2138 1585 2178 nos
1631 2138 1730 2194 pro
1758 2130 1845 2175 tua

248 2214 561 2267 clementia.
626 2214 943 2269 lnveniatus
993 2214 1139 2269 hunc
1185 2214 1464 2269 hominem
1524 2212 1845 2284 pestiferum

248 2317 308 2360 et
356 2307 722 2362 concitantem
775 2306 1075 2362 seditiOues
1105 2308 1359 2361 omnibus
1404 2305 1608 2360 ludatis
1643 2306 1698 2359 in
1730 2308 1846 2359 ttni-

247 2415 412 2454 Vcrso
442 2401 595 2470 orbe,
628 2411 681 2454 ct
712 2409 992 2455 auctorem
1020 2400 1305 2455 seditionis
1336 2411 1499 2455 sectae
1527 2398 1848 2453 Nazarmno-

245 2510 375 2549 runt
409 2513 420 2545 :
462 2494 550 2563 qui
580 2494 745 2548 etiam
774 2493 1031 2563 templum
1066 2492 1267 2547 violare
1298 2502 1525 2547 conatus
1550 2502 1653 2554 est,
1687 2507 1846 2561 quem

244 2601 303 2642 et
339 2586 741 2656 apprehensum
772 2586 1045 2641 voluimus
1074 2585 1372 2641 secundum
1406 2586 1579 2655 legem
1609 2595 1848 2639 nostram

241 2681 520 2752 judicare.
549 2680 956 2749 Superveniens
990 2688 1173 2734 autem
1208 2679 1455 2734 tribunus
1480 2676 1693 2747 Lysias,
1727 2692 1849 2731 cum

246 2775 308 2829 vi
350 2789 538 2844 magna
590 2774 794 2843 eripuit
838 2789 963 2829 eum
1010 2776 1076 2829 de
1124 2774 1374 2828 manibus
1406 2771 1851 2841 nostris,jnbens

242 2876 606 2925 accusatores
658 2869 777 2936 ejus
818 2866 885 2922 ad
919 2878 970 2921 te
1009 2867 1239 2921 venire:
1272 2882 1299 2919 a
1345 2882 1451 2934 quo
1499 2865 1703 2933 poteris
1734 2865 1851 2932 ipse

238 2961 537 3033 judicans,
572 2959 644 3015 de
692 2960 947 3015 omnibus
992 2959 1112 3013 istis
1162 2972 1517 3027 cognoscere,
1547 2956 1617 3011 de
1659 2956 1852 3023 quibus

244 3069 361 3111 nos
399 3068 715 3107 accusamus
759 3068 906 3109 eum.
952 3052 1285 3120 Adjecerunt
1328 3060 1508 3103 autent
1555 3058 1610 3103 et
1650 3046 1849 3113 .ludmi,

243 3148 506 3202 dicentes
554 3146 669 3200 luce
701 3146 773 3200 ita
810 3159 871 3200 se
905 3144 1125 3199 habere.
1168 3142 1469 3212 Respondit
1500 3149 1682 3194 autem
1717 3138 1855 3193 Pau-

1952 1943 2289 2015 postulantes
2326 1944 2556 2012 gratiam
2601 1942 2863 1997 adversus
2895 1956 3016 1995 eum
3042 1982 3055 2006 ,
3087 1949 3145 1994 ut
3167 1939 3382 2009 juberct
3418 1954 3547 2010 pcr-

1951 2037 2074 2091 duci
2102 2051 2225 2091 eum
2256 2036 2305 2089 in
2353 2035 2659 2090 Jerusalem
2689 2076 2704 2101 ,
2736 2034 2960 2089 insidias
2993 2034 3280 2089 tendentes
3310 2076 3323 2097 ,
3370 2043 3427 2086 ut
3470 2033 3549 2086 in-

1954 2128 2266 2185 terficerent
2314 2143 2438 2183 eum
2488 2128 2540 2180 in
2583 2126 2692 2181 via.
2743 2126 2939 2181 Festus
2990 2134 3172 2181 autem
3226 2124 3549 2195 respondit,

1954 2226 2156 2278 servari
2190 2222 2414 2277 Paulum
2449 2223 2500 2275 in
2523 2219 2771 2275 Caesarea
2800 2237 2812 2272 :
2839 2236 2897 2275 se
2924 2228 3105 2274 autem
3138 2219 3404 2273 maturius
3426 2232 3545 2287 pro-

1952 2315 2243 2371 fecturum.
2276 2315 2377 2381 Qui
2408 2330 2537 2383 ergo
2564 2315 2615 2367 itt
2649 2313 2827 2379 vobis,
2862 2314 2956 2378 ait,
2991 2320 3243 2381 potentes
3269 2321 3429 2375 sunt,
3454 2311 3549 2362 de-

1953 2408 2283 2465 scendentes
2313 2405 2497 2474 simul,
2532 2406 2574 2460 si
2607 2405 2749 2475 quod
2782 2414 2864 2460 est
2899 2406 2950 2457 in
2986 2405 3103 2457 viro
3132 2404 3357 2463 crimen,
3393 2417 3551 2455 accu-

1953 2509 2073 2555 sent
2103 2514 2248 2553 cum.
2281 2498 2600 2551 Demoratns
2631 2505 2811 2551 autem
2852 2497 2992 2549 inter
3027 2509 3121 2549 eos
3151 2495 3268 2549 dies
3298 2509 3403 2548 non
3428 2509 3545 2548 am-

1953 2594 2095 2664 plins
2126 2606 2285 2662 quant
2310 2599 2455 2656 octo,
2482 2601 2572 2644 aut
2597 2590 2805 2654 decent,
2834 2588 3111 2643 descendit
3138 2587 3467 2654 Caesaream,
3496 2598 3547 2642 ct

1954 2689 2123 2742 altera
2146 2686 2235 2742 die
2270 2684 2411 2740 sedit
2451 2700 2550 2754 pro
2594 2682 2848 2737 tribunali
2877 2726 2889 2744 ,
2931 2691 2983 2735 et
3006 2680 3167 2749 jussit
3195 2680 3419 2735 Paulum
3455 2680 3548 2734 ad-

1954 2777 2098 2833 duci.
2152 2778 2254 2843 Qui
2312 2790 2433 2830 cum
2485 2775 2782 2845 perductus
2834 2784 3017 2841 esset,
3072 2774 3552 2827 circumsteterunt

1956 2886 2102 2937 eum,
2126 2870 2217 2940 qui
2242 2869 2309 2924 ab
2330 2868 2669 2939 Jerosolyma
2702 2866 3104 2921 descenderant
3130 2865 3326 2931 Judrci,
3352 2866 3550 2919 multas

1955 2972 2223 3033 etgravcs
2251 2976 2445 3016 causas
2477 2960 2820 3029 objicientes,
2846 2974 2982 3028 quas
3014 2972 3119 3013 non
3152 2965 3403 3026 poterant
3426 2971 3552 3026 pro-

1957 3054 2109 3120 bare,
2143 3054 2309 3109 Paulo
2341 3053 2607 3109 rationem
2648 3052 2907 3107 reddente
2934 3070 2948 3107 :
2976 3052 3238 3120 Quoniam
3284 3066 3461 3120 neque
3498 3050 3551 3103 in

1958 3148 2133 3218 legem
2164 3146 2474 3201 Judteorum
2498 3188 2512 3213 ,
2542 3160 2716 3215 neque
2740 3146 2792 3200 in
2821 3146 3114 3215 templum,
3150 3158 3324 3214 neque
3354 3144 3405 3197 itt
3436 3141 3555 3197 Ca:-

242 3240 345 3296 lus
372 3240 670 3307 (annuente
690 3238 794 3293 sibi
830 3236 1067 3308 przeside
1097 3234 1339 3306 dicere):
1372 3235 1448 3289 Ex
1483 3235 1667 3289 multis
1698 3234 1856 3287 annis
1881 3222 1927 3284 C
1961 3252 2139 3294 sarem
2173 3238 2467 3309 quidquam
2500 3239 2740 3307 peccavi.
2774 3238 2968 3293 Festus
2997 3246 3179 3291 autem
3205 3236 3395 3290 volens
3426 3250 3555 3304 gra-

248 3343 311 3387 tc
366 3346 485 3386 esse
520 3330 759 3401 judicem
792 3329 939 3400 genti
974 3329 1099 3383 huic
1146 3328 1346 3393 sciens,
1373 3328 1517 3382 bono
1543 3327 1727 3381 animo
1758 3340 1855 3395 pro

248 3440 354 3482 me
398 3422 751 3479 satisfaciam.
786 3423 948 3478 Potes
984 3424 1129 3477 enim
1174 3434 1544 3491 cognoscere,
1576 3421 1702 3490 quia
1749 3432 1855 3473 non

248 3518 386 3589 plus
411 3527 534 3571 sunt
565 3516 695 3571 mihi
725 3516 863 3582 dies,
889 3530 1049 3585 quam
1075 3514 1389 3581 duodecim,
1415 3529 1479 3569 ex
1508 3528 1615 3583 quo
1639 3512 1856 3567 ascendi

250 3611 498 3666 adorare
531 3610 584 3663 in
633 3608 936 3665 Jerusalem
972 3626 985 3661 :
1015 3617 1067 3662 et
1100 3622 1276 3676 neque
1311 3607 1366 3660 itt
1395 3606 1602 3677 templo
1634 3604 1857 3659 invene-

250 3712 397 3761 runt
441 3717 524 3757 me
572 3717 695 3757 cum
744 3701 926 3772 aliquo
971 3700 1362 3769 disputantem,
1405 3709 1497 3753 aut
1528 3714 1859 3754 concursum

252 3796 556 3852 facientem
582 3794 775 3859 turhte,
809 3808 985 3863 neque
1014 3790 1067 3845 in
1100 3792 1411 3863 synagogis,
1442 3806 1617 3860 neque
1648 3790 1699 3844 itt
1723 3789 1861 3845 civi-

254 3895 379 3946 tate
410 3904 425 3944 :
453 3901 626 3957 neque
671 3886 902 3957 probare
950 3893 1193 3955 possunt.
1225 3884 1344 3950 tibi,
1369 3884 1438 3939 de
1478 3884 1672 3953 quibus
1720 3898 1863 3937 nunc

254 3997 361 4041 me
384 3989 659 4036 accusant.
690 3979 965 4035 Confiteor
995 3988 1175 4034 autem
1210 3978 1312 4031 hoc
1346 3977 1464 4040 tibi,
1492 3976 1637 4046 quod
1665 3990 1865 4029 secun-

256 4078 401 4132 dum
453 4084 685 4137 seetam,
735 4088 896 4142 quam
947 4071 1135 4126 dicunt
1183 4070 1565 4136 haeresim,sic
1613 4068 1864 4123 deservio

258 4168 423 4225 Patri
456 4175 508 4221 et
537 4166 645 4222 Deo
677 4181 822 4232 meo,
851 4164 1081 4219 credens
1108 4163 1380 4230 omnibus,
1412 4178 1532 4230 qua:
1567 4162 1617 4215 in
1648 4161 1791 4230 Lege
1814 4171 1865 4214 et

260 4259 564 4329 Prophetis
630 4259 828 4329 scripta
883 4268 1012 4311 sunt
1052 4276 1064 4311 :
1098 4272 1249 4327 spem
1310 4255 1519 4310 habens
1564 4254 1615 4309 in
1670 4254 1866 4321 Deum,

260 4366 437 4424 quam
468 4362 523 4405 ct
550 4350 604 4405 lti
636 4351 735 4420 ipsi
775 4359 1118 4419 CXSItet'lanl,
1142 4347 1595 4402 resurrectionem
1631 4345 1867 4400 futuram

256 4451 563 4521 justorttm,
599 4454 651 4500 et
684 4445 1015 4515 iniquorum.
1041 4442 1099 4496 In
1146 4442 1251 4496 hoc
1290 4451 1342 4495 et
1375 4441 1492 4509 ipse
1533 4441 1726 4495 studeo
1754 4441 1870 4494 sine

262 4540 605 4596 oﬂeudiculo
631 4538 1021 4594 conscientiam
1054 4536 1254 4590 habere
1285 4535 1351 4589 ad
1378 4535 1568 4601 Deum,
1601 4545 1657 4590 et
1684 4536 1749 4588 ad
1776 4536 1873 4590 ho-

1964 3332 2092 3386 tiam
2126 3340 2385 3400 prmstare
2416 3330 2642 3408 ludatis,
2672 3331 3012 3401 rcSpondens
3038 3329 3228 3395 Paulo,
3260 3328 3397 3382 dixit
3426 3345 3439 3379 :
3464 3326 3558 3382 Vis

1961 3424 2355 3495 Jerosolymam
2380 3424 2680 3480 ascendere
2703 3469 2715 3491 ,
2748 3432 2805 3478 et
2835 3423 2910 3477 ibi
2941 3423 3007 3477 de
3035 3421 3120 3476 his
3151 3420 3382 3491 judicari
3415 3418 3557 3490 apud

1965 3518 2093 3573 me?
2127 3517 2269 3573 Dixit
2297 3526 2478 3573 autem
2506 3516 2707 3572 Paulus
2739 3516 2859 3572 :Ad
2898 3514 3135 3569 tribunal
3169 3512 3400 3567 Cmsaris
3432 3521 3552 3579 sto,

1964 3611 2039 3668 ibi
2070 3628 2157 3667 me
2188 3619 2403 3682 oportet
2425 3610 2660 3681 judicari
2689 3627 2702 3664 :
2734 3609 2936 3665 Judazis
2966 3624 3073 3662 non
3106 3606 3263 3661 nocui
3284 3645 3299 3670 ,
3333 3605 3472 3659 sicut
3504 3612 3561 3657 tu

1967 3705 2161 3759 melius
2188 3704 2350 3757 nosti.
2386 3702 2439 3757 Si
2473 3704 2616 3756 enim
2650 3700 2843 3769 nocui,
2881 3708 2976 3754 aut
3005 3700 3225 3768 dignum
3255 3705 3430 3750 morte
3465 3695 3564 3749 ali-

1966 3797 2093 3866 quid
2130 3797 2251 3860 feci,
2277 3812 2384 3850 non
2416 3810 2612 3850 recuso
2636 3795 2772 3848 mori
2808 3810 2822 3858 ;
2853 3793 2899 3847 si
2922 3806 3051 3846 vero
3081 3789 3215 3845 ttiltil
3243 3797 3557 3851 esteorum,

1967 3905 2088 3961 quae
2120 3889 2171 3942 hi
2201 3898 2456 3943 accusant
2492 3902 2610 3952 me,
2652 3901 2812 3942 nemo
2852 3894 3034 3956 potest
3072 3898 3159 3939 me
3202 3882 3307 3937 illis
3333 3881 3559 3937 donare.

1969 3980 2240 4035 Ctesarem
2264 3980 2499 4049 appello.
2527 3979 2676 4033 Tunc
2701 3978 2893 4033 Festus
2924 3992 3045 4032 eum
3071 3975 3303 4031 concilio
3328 3976 3561 4040 locutus,

1970 4073 2289 4144 respondit:
2320 4072 2596 4128 Caesarem
2642 4070 2965 4142 appellasti?
3004 4070 3069 4125 ad
3114 4068 3389 4124 Catsarem
3438 4066 3561 4121 ibis.

1972 4170 2185 4225 Etcum
2230 4168 2345 4223 dies
2389 4168 2595 4238 aliquot
2639 4167 2901 4221 transacti
2948 4174 3158 4229 essent,
3196 4164 3430 4233 Agrippa
3470 4175 3563 4215 rex

1974 4262 2275 4317 etBernice
2309 4261 2711 4316 descenderunt
2746 4259 3054 4314 Caesaream
3100 4257 3165 4310 ad
3215 4255 3563 4309 salutandum

1976 4353 2217 4410 Festum.
2252 4354 2318 4407 Et
2347 4369 2469 4407 cum
2511 4352 2628 4407 dies
2668 4353 2846 4422 plures
2882 4350 2951 4404 ibi
2993 4348 3429 4408 demorarentur,
3461 4344 3565 4398 Fc-

1976 4457 2090 4504 stus
2123 4447 2235 4515 regi
2278 4445 2532 4500 indicavit
2564 4443 2631 4498 de
2660 4444 2845 4505 Paulo,
2876 4442 3066 4495 dicens
3094 4456 3105 4491 :
3130 4437 3225 4492 Vir
3245 4436 3464 4508 quidam
3486 4450 3567 4491 cst

1979 4542 2273 4598 derelictus
2299 4556 2328 4594 a
2354 4540 2534 4595 Felice
2562 4540 2793 4600 vinctus,
2825 4536 2891 4589 de
2916 4547 3025 4604 quo
3055 4547 3175 4586 cum
3208 4544 3384 4585 essent
3412 4528 3568 4584 .lcro-

266 4638 453 4693 mines
481 4649 722 4703 semper.
758 4633 889 4687 Post
918 4645 1089 4686 annos
1118 4639 1300 4685 autem
1330 4630 1532 4699 plures,
1566 4630 1872 4701 eleemosy-
1905 4602 1955 4661 D
1982 4634 2241 4706 solymis,
2272 4632 2523 4687 adierunt
2568 4645 2655 4684 me
2686 4627 2958 4698 principes
2985 4621 3328 4679 sacerdomm
3352 4662 3366 4687 ,
3405 4629 3459 4674 et
3489 4635 3574 4675 se-

269 4744 376 4787 nas
407 4727 650 4783 facturus
692 4726 744 4780 in
787 4732 1005 4795 gentem
1056 4737 1254 4788 meam,
1290 4722 1433 4789 veni,
1464 4730 1520 4775 ct
1548 4722 1872 4789 oblationes,

269 4831 337 4877 et
380 4834 522 4875 veta.
576 4819 631 4873 In
660 4817 854 4889 quibus
907 4816 1232 4871 invenerunt
1294 4830 1380 4869 me
1428 4813 1776 4883 pttrillcatum
1826 4815 1877 4869 itt

275 4913 512 4981 templo,
541 4925 648 4966 non
672 4924 793 4965 cum
829 4909 982 4963 turba
1009 4923 1183 4978 neque
1213 4922 1334 4961 cum
1364 4908 1618 4961 tumultu.
1646 4906 1877 4973 Quidam

272 5016 461 5063 autem
496 5021 563 5060 ex
607 5004 736 5059 Asia
766 5001 961 5065 Judaei,
993 5017 1129 5070 quos
1160 5001 1449 5070 oportebat
1473 5000 1612 5071 apud
1652 5008 1702 5055 te
1734 5014 1879 5071 prte-

276 5110 369 5156 sto
395 5113 541 5165 esse,
566 5108 620 5152 et
649 5110 908 5152 accusare
932 5096 975 5149 si
1002 5095 1129 5165 quid
1158 5095 1420 5149 haberent
1443 5094 1729 5149 adversum
1756 5109 1841 5148 me
1863 5111 1877 5148 :

276 5202 380 5248 aut
407 5192 460 5244 bi
492 5192 591 5260 ipsi
617 5190 806 5243 dicant
827 5190 870 5241 si
902 5188 1030 5257 quid
1074 5189 1399 5242 invenerunt
1429 5187 1484 5241 in
1517 5202 1601 5241 me
1627 5186 1883 5256 iniquita-

278 5286 374 5351 tis,
396 5300 521 5339 cum
542 5295 681 5338 stent
713 5283 763 5337 in
787 5282 1042 5348 concilio,
1069 5281 1172 5335 nisi
1188 5281 1255 5336 de
1284 5296 1387 5335 una
1413 5281 1512 5335 hae
1540 5279 1885 5336 solummodo

281 5396 441 5445 voce,
476 5395 585 5451 qua
616 5380 846 5434 clamavi
880 5381 1019 5435 inter
1046 5394 1140 5434 cos
1180 5387 1332 5433 stans
1360 5398 1370 5432 :
1405 5378 1673 5445 Quoniam
1705 5376 1773 5431 de
1794 5392 1883 5432 re-

284 5475 636 5530 surrectione
676 5481 1009 5527 mortuorum
1054 5486 1154 5542 ego
1195 5471 1410 5541 judicor
1456 5469 1618 5524 hodie
1648 5485 1677 5523 a
1709 5468 1884 5523 vobis.

284 5568 512 5624 Distulit
556 5575 740 5620 autem
785 5564 905 5619 illos
935 5564 1109 5629 Felix,
1138 5562 1447 5618 certissime
1475 5560 1655 5615 sciens
1684 5560 1754 5615 de
1802 5561 1888 5614 via

284 5660 410 5727 hac,
437 5657 631 5713 dicens
669 5656 840 5710 :Cum
875 5655 1122 5711 tribunus
1160 5655 1351 5726 Lysias
1392 5651 1761 5718 descenderit,
1793 5668 1892 5705 au-

284 5750 433 5807 diam
470 5763 593 5803 vos.
625 5747 909 5819 Jussitque
947 5746 1269 5803 Centurioni
1322 5744 1601 5803 custodire
1646 5758 1791 5811 eum,
1838 5752 1893 5799 et

288 5844 499 5899 habere
542 5841 810 5912 requiem,
838 5856 939 5898 nec
970 5856 1295 5913 quemquam
1328 5840 1396 5896 de
1438 5838 1551 5895 suis
1601 5838 1890 5909 prohibere

1984 4729 2167 4783 niores
2188 4726 2532 4791 Iudaeorum,
2575 4722 2912 4792 postulantes
2948 4718 3207 4771 adversus
3237 4715 3386 4768 illum
3418 4713 3573 4767 dam-

1983 4820 2281 4877 nationem.
2311 4818 2388 4874 Ad
2418 4832 2555 4887 quos
2579 4813 2832 4885 respondi
2867 4830 2879 4866 :
2909 4809 3043 4878 Quia
3069 4824 3176 4862 nan
3204 4815 3288 4861 est
3319 4806 3575 4860 Romanis

1984 4915 2319 4971 consuetudo
2362 4912 2617 4965 damnare
2654 4909 2887 4976 aliquem
2922 4903 3235 4963 hominem,
3264 4900 3575 4969 priusquam

1986 5006 2031 5061 is
2060 5007 2150 5075 qui
2182 5012 2489 5067 accusatur,
2521 5009 2815 5068 praesentes
2862 4996 3058 5050 habeat
3085 5002 3432 5047 accusatores
3454 5031 3468 5054 ,
3501 4989 3578 5044 lo~

1987 5112 2218 5167 cumque
2259 5095 2583 5151 defendendi
2630 5092 2865 5161 accipiat
2909 5089 2974 5144 ad
3024 5088 3291 5143 abluenda
3332 5084 3579 5140 crimina.

1986 5188 2119 5244 Cum
2151 5203 2282 5258 ergo
2325 5187 2429 5240 huc
2466 5185 2851 5240 convenissent
2881 5182 3000 5237 sine
3030 5180 3141 5236 ulla
3166 5179 3459 5241 dilatione,
3490 5189 3580 5230 se-

1988 5277 2176 5352 quenti
2202 5279 2290 5333 die
2322 5277 2521 5333 sedens
2550 5280 2664 5346 pro'
2690 5273 2972 5337 tribunali,
2994 5271 3131 5341 jussi
3166 5268 3359 5324 adduci
3381 5265 3582 5322 virum.

1989 5371 2066 5425 De
2097 5386 2225 5439 quo,
2258 5386 2379 5423 cum
2413 5367 2694 5422 stetissent
2723 5373 3101 5429 accusatores,
3134 5360 3338 5417 nullan:
3368 5371 3584 5412 causam

1996 5462 2344 5528 deferebant,
2385 5462 2451 5515 de
2472 5459 2670 5529 quibus
2702 5473 2801 5527 ego
2828 5456 3146 5527 suspicabar
3176 5453 3396 5508 malum.
3429 5448 3587 5517 Qum-

1997 5557 2204 5613 stiones
2235 5571 2361 5609 vero
2390 5551 2653 5623 quasdam
2686 5551 2755 5607 de
2777 5566 2870 5604 sua
2899 5545 3287 5617 superstitione
3316 5541 3587 5596 habebant

1998 5649 2284 5703 adversum
2317 5662 2437 5701 cum
2466 5688 2479 5712 ,
2507 5653 2561 5699 et.
2592 5646 2659 5699 de
2688 5643 2920 5715 quodam
2966 5640 3094 5696 Jesu
3114 5638 3401 5702 defuncto,
3431 5648 3590 5704 quem

2000 5741 2305 5797 affirmabat
2348 5739 2544 5796 Paulus
2572 5737 2782 5793 vivere.
2838 5735 3105 5791 Haesitans
3150 5740 3329 5786 autem
3376 5741 3476 5795 ego
3525 5726 3593 5778 de

2006 5836 2319 5906 huiusmodi
2360 5832 2699 5905 quarstione,
2730 5829 2979 5887 dicebant
3009 5828 3053 5882 si
3078 5825 3241 5882 vellet
3277 5823 3354 5878 ire
3384 5820 3600 5874 .lrroso‘
