3920 6200
411 272 516 330 725

1405 269 1463 324 S.
1512 266 1890 327 HlEltUNYMI
1933 266 2163 325 DlViNA
2206 265 2679 324 UIDLiOTIIECA.
3600 273 3686 330 7ἒὸ

409 389 609 461 lymam
636 429 650 455 ,
685 393 738 440 et
769 383 842 439 ibi
869 383 1097 454 judicari
1125 382 1190 438 de
1219 382 1358 440 istis.
1393 384 1561 440 Paulo
1601 392 1780 440 autem
1818 384 2001 455 appel-
2032 385 2088 447 Α
2113 398 2230 439 rum
2261 429 2276 453 ,
2309 393 2368 438 ut
2407 393 2796 440 convertantur
2821 399 2850 438 a
2882 385 3124 442 tenebris
3161 385 3230 440 ad
3273 386 3455 442 lucem
3483 427 3500 454 ,
3543 399 3591 441 et
3631 390 3688 446 de

410 485 558 538 lante
585 525 600 549 ,
635 489 693 536 ut
723 487 1034 536 servaretur
1063 477 1129 532 ad
1170 478 1399 548 Augusti
1426 479 1794 550 cngnitionem
1821 520 1836 543 ,
1865 478 2002 548 jussi

416 573 625 631 servari
691 587 854 638 eum,
907 570 1080 626 donec
1145 569 1358 628 mittam
1423 586 1543 628 eum
1595 571 1660 625 ad
1710 573 2000 628 Caesarem.

406 671 643 740 Agrippa
682 675 862 720 autem
904 663 1042 719 dixit
1079 663 1148 720 ad
1191 664 1414 720 Festum
1447 684 1458 718 :
1493 664 1754 720 Volebam
1791 675 1844 724 et
1887 665 2006 735 ipse

405 761 682 816 hominem
714 755 920 812 audire.
967 755 1099 810 Cras
1121 796 1137 822 ,
1173 755 1380 826 inquit,
1427 755 1614 812 audies
1643 771 1788 812 eum.
1818 754 2003 812 Altera

404 862 582 910 autem
614 850 736 919 die,
765 864 886 904 cum
921 849 1162 904 venisset
1189 848 1426 921 Agrippa
1447 892 1462 918 ,
1502 858 1557 905 et
1584 850 1812 908 Bernice
1833 892 1846 915 ,
1877 865 2001 906 cum

405 945 574 1001 multa
599 941 903 998 ambitione
929 983 944 1009 ,
975 949 1031 996 et
1066 939 1387 996 introissent
1417 941 1468 996 in
1512 941 1839 997 auditorium
1879 956 2001 996 cum

406 1038 660 1102 tribunis,
694 1044 751 1091 et
772 1034 904 1090 viris
938 1032 1331 1106 principalibus
1360 1034 1593 1090 civitatis
1613 1079 1627 1104 ,
1655 1034 1880 1105 jubente
1903 1033 2006 1090 Fe-

404 1141 522 1200 sto,
551 1129 816 1185 adductus
838 1139 922 1183 est
952 1125 1171 1183 Paulus.
1206 1125 1275 1182 Et
1316 1126 1452 1182 dicit
1487 1127 1679 1184 Festus
1717 1147 1727 1181 :
1764 1128 2003 1198 Agrippa

401 1241 497 1282 rex
518 1268 534 1294 ,
561 1234 616 1278 et
641 1236 867 1287 omnes,
893 1221 986 1292 qui
1018 1219 1182 1274 simul
1213 1219 1418 1275 adesus
1440 1219 1721 1274 nobiscum
1756 1220 1888 1285 viri,
1924 1221 2002 1273 vi-

400 1317 542 1371 detis
566 1314 733 1381 hunc,
755 1313 822 1369 de
842 1327 951 1385 quo
977 1311 1154 1366 omnis
1179 1310 1473 1366 multitudo
1495 1310 1805 1367 Iudaeorum
1835 1310 2005 1366 inter-

403 1408 625 1479 pellavit
652 1421 742 1461 me
767 1404 1150 1477 Jerosolymis,
1172 1412 1418 1474 petentes
1440 1413 1491 1460 et
1515 1403 1874 1459 acclamantes
1897 1417 2005 1458 non

402 1512 662 1574 oportere
700 1514 826 1555 eum
868 1499 1060 1553 vivere
1102 1497 1355 1568 amplius.
1415 1495 1533 1566 Ego
1581 1510 1713 1550 vero
1761 1495 2005 1565 comperi

405 1596 536 1651 nihil
564 1594 787 1665 dignum
829 1601 1004 1646 morte
1036 1605 1161 1676 eum
1202 1589 1509 1644 admisisse.
1541 1587 1662 1659 ipso
1696 1599 1875 1643 autem
1905 1590 2006 1643 hoc

407 1686 721 1758 appellante
749 1684 817 1738 ad
861 1685 1164 1753 Augustum
1190 1722 1206 1750 ,
1237 1679 1475 1751 judicavi
1517 1679 1756 1736 mittere.
1793 1680 1870 1736 De
1897 1695 2003 1750 quo

405 1779 535 1849 quid
567 1785 778 1831 certum
819 1774 1057 1830 scribam
1099 1771 1356 1840 domino,
1409 1787 1515 1828 non
1554 1771 1748 1827 habeo.
1776 1772 2005 1842 Propter
2034 1773 2082 1834 B
2113 1783 2262 1828 turus
2285 1783 2366 1827 est
2398 1775 2596 1844 populo
2621 1816 2637 1841 ,
2671 1784 2725 1830 et
2753 1775 3029 1846 gentibus.
3067 1777 3192 1832 llaec
3224 1778 3484 1848 loquente
3511 1795 3574 1836 eo
3595 1821 3610 1847 ,
3635 1790 3686 1840 et
3782 1771 3787 1776 ’

406 1872 548 1942 quod
596 1868 825 1940 produxi
876 1882 999 1920 eum
1045 1865 1113 1920 ad
1141 1881 1238 1921 vos
1263 1908 1277 1934 ,
1319 1873 1374 1920 et
1415 1865 1653 1920 maxime
1679 1863 1747 1919 ad
1788 1873 1872 1930 te,
1907 1879 2001 1919 rex

403 1964 662 2033 Agrippa,
684 1967 743 2013 ut
768 1955 1200 2028 interrogatione
1239 1954 1410 2023 facta,
1445 1953 1676 2010 habeam
1704 1955 1834 2025 quid
1863 1955 2001 2009 scri-

406 2055 550 2108 bam.
590 2051 720 2107 Sine
757 2049 973 2103 ratione
1006 2047 1152 2102 enim
1192 2045 1328 2102 mihi
1372 2045 1588 2101 videtur
1633 2045 1852 2102 mittere
1886 2047 2005 2102 vin-

402 2153 548 2199 ctum
575 2183 589 2208 ,
623 2149 680 2197 et
699 2153 894 2196 causas
925 2139 1045 2211 ejus
1069 2155 1174 2193 non
1208 2136 1534 2214 signiﬁcare.

473 2233 627 2308 [Cap.
657 2229 875 2304 XXVI.]
918 2231 1153 2302 Agrippa
1183 2245 1314 2286 vero
1343 2230 1412 2286 ad
1441 2229 1667 2287 Paulum
1701 2230 1776 2287 ait
1807 2249 1820 2286 :
1869 2233 1999 2287 Per-

403 2334 638 2390 mittitur
663 2331 757 2387 tibi
791 2330 937 2401 loqui
967 2345 1068 2401 pro
1099 2327 1408 2402 temetipso.
1447 2327 1601 2384 Tunc
1627 2327 1826 2384 Paulus
1850 2370 1865 2398 ,
1908 2345 2002 2385 ex-

403 2439 549 2483 tenta
581 2440 744 2481 manu
770 2465 786 2492 ,
828 2422 996 2493 ccepit
1019 2423 1284 2477 rationem
1325 2420 1575 2477 reddere.
1609 2421 1686 2478 De
1712 2421 1997 2489 omnibus,

399 2519 594 2592 quibus
618 2531 844 2573 accusor
871 2532 900 2570 a
939 2514 1143 2572 Iudaeis
1170 2556 1185 2582 ,
1232 2529 1332 2570 rex
1363 2513 1599 2586 Agrippa
1627 2554 1643 2588 ,
1670 2516 1881 2570 aestimo
1914 2530 2000 2571 me

401 2617 619 2671 beatum
648 2653 666 2682 ,
696 2608 840 2682 apud
883 2615 938 2664 te
979 2622 1102 2663 cum
1144 2609 1246 2663 sim
1294 2605 1622 2663 defensurus
1667 2622 1754 2662 me
1804 2607 1995 2675 hodie,

405 2710 642 2764 maxime
674 2714 727 2760 te
762 2705 970 2760 sciente
999 2702 1204 2769 omnia,
1239 2709 1294 2756 et
1319 2716 1439 2772 quae
1461 2700 1603 2770 apud
1635 2699 1852 2756 Judaeos
1874 2710 2000 2758 sunt

401 2798 843 2864 consuetudines,
870 2806 925 2852 et
951 2795 1282 2868 quaestiones
1307 2834 1322 2862 ,
1355 2800 1582 2864 propter
1602 2791 1747 2864 quod
1769 2793 1998 2849 obsecro

401 2898 668 2969 patienter
698 2909 785 2950 me
825 2890 1033 2946 audias.
1069 2889 1132 2942 Et
1168 2886 1390 2958 quidem
1418 2886 1581 2940 vitam
1615 2900 1791 2940 meam
1834 2900 1863 2940 a
1904 2885 1994 2956 ju-

403 2998 622 3047 ventute
647 3029 662 3056 ,
710 3002 830 3057 qua:
862 2982 930 3036 ab
959 2981 1110 3036 initio
1138 2978 1234 3034 fuit
1263 2977 1316 3033 in
1352 2989 1513 3049 gente
1544 2991 1664 3033 mea
1697 2977 1748 3034 in
1778 2976 1997 3036 Jerusa-

401 3081 581 3154 lymis,
607 3084 873 3132 noverunt
902 3087 1093 3128 omnes
1137 3072 1312 3128 Judaei
1361 3088 1374 3124 :
1420 3072 1772 3142 praescientes
1813 3087 1899 3129 me
1930 3074 1996 3128 ab

2112 486 2384 548 potestate
2420 476 2644 534 Satanae
2677 478 2742 532 ad
2776 477 2942 534 Deum
2971 521 2984 546 ,
3042 487 3098 534 ut
3123 478 3403 549 accipiant
3425 483 3690 539 remissio-

2110 587 2232 628 nem
2264 581 2638 642 peccatorum,
2659 583 2715 628 et
2741 581 2944 629 sortem
2969 574 3107 628 inter
3129 583 3370 636 sanctos,
3397 588 3500 644 per
3524 573 3688 646 tidem,

2109 681 2229 736 qua:
2257 675 2341 722 est
2369 667 2423 722 in
2449 681 2561 722 me.
2597 666 2753 723 Unde
2778 709 2794 735 ,
2836 682 2930 723 rex
2961 667 3200 738 Agrippa
3228 709 3243 734 ,
3277 683 3389 724 non
3425 668 3503 722 tui
3535 669 3687 726 incre-

2109 757 2266 813 dulus
2287 758 2494 814 caelesti
2530 759 2724 814 visioni
2757 777 2768 812 :
2798 758 2895 814 sed
2923 759 3028 827 his,
3060 759 3150 829 qui
3177 769 3306 815 sunt
3329 759 3689 831 Damaseipri-

2108 867 2254 906 mum
2281 891 2296 918 ,
2329 861 2383 904 et
2430 850 2790 923 Jerosolymis
2815 893 2830 920 ,
2875 860 2930 906 et
2959 851 3008 906 in
3041 865 3258 906 omnem
3293 850 3579 922 regionem
3604 853 3687 909 Ju-

2108 943 2264 1010 dzeae,
2293 953 2348 1000 et
2371 944 2629 1014 gentibus
2656 945 3071 1010 annnntiabam,
3104 952 3160 998 ut
3186 944 3563 1014 pmniteutiam
3583 962 3689 1018 age.

2110 1043 2252 1104 rent,
2281 1045 2333 1090 et
2362 1044 2816 1091 converterentur
2840 1035 2903 1090 ad
2937 1035 3105 1090 Deum
3129 1077 3144 1100 ,
3178 1034 3341 1106 digna
3371 1037 3687 1107 paenitentia:

2107 1141 2272 1196 opera
2298 1125 2576 1180 facientes.
2606 1125 2716 1181 Hac
2743 1141 2808 1182 ex
2837 1141 2998 1181 causa
3029 1141 3116 1182 me
3146 1126 3342 1191 Judzei,
3379 1143 3507 1183 cum
3532 1144 3686 1188 essem

2110 1217 2161 1270 in
2213 1216 2459 1286 templo,
2517 1220 2977 1287 comprehensum
3041 1217 3324 1274 tentabant
3371 1219 3685 1284 interﬁcere.

2107 1307 2327 1363 Auxilio
2379 1321 2559 1364 autem
2605 1308 2822 1379 adjutus
2871 1309 3006 1378 Dei,
3061 1324 3232 1382 usque
3281 1312 3336 1368 in
3381 1310 3684 1370 hodiernum

2109 1400 2250 1456 diem
2279 1408 2386 1470 διο,
2412 1400 2710 1455 testiﬁcans
2740 1401 2941 1458 minori
2979 1411 3143 1473 atque
3173 1402 3402 1474 majori,
3433 1404 3568 1461 nihil
3595 1421 3685 1462 ex-

2110 1503 2190 1548 tra
2217 1492 2405 1548 dicens
2436 1507 2596 1564 quam
2645 1508 2708 1550 ea
2736 1535 2748 1559 ,
2781 1510 2903 1567 qua:
2935 1495 3215 1566 propheta:
3250 1495 3418 1554 locuti
3458 1509 3581 1555 sunt
3603 1499 3678 1556 lu-

2111 1597 2224 1642 tura
2255 1601 2382 1645 esse
2401 1628 2418 1656 ,
2443 1598 2498 1643 et
2523 1587 2737 1659 Moyses
2769 1607 2783 1643 :
2812 1589 2856 1644 si
2891 1589 3164 1662 passibilis
3187 1589 3444 1648 Christus
3464 1632 3480 1659 ,
3509 1594 3554 1648 si
3583 1595 3679 1665 pri-

2110 1695 2230 1735 mus
2257 1695 2324 1736 ex
2357 1683 2762 1737 resurrectione
2793 1692 3158 1750 mortuorum,
3191 1684 3374 1741 lumen
3406 1688 3679 1744 annuntia-

2109 1865 2374 1918 rationem
2417 1863 2685 1921 reddente
2711 1909 2725 1932 ,
2761 1866 2954 1922 Festus
2992 1883 3189 1940 magna
3216 1885 3358 1928 voce
3402 1872 3538 1932 dixit
3569 1892 3581 1926 :
3611 1872 3686 1929 ln-

2107 1956 2275 2025 sauis,
2303 1955 2470 2010 Paule
2492 1996 2506 2022 ,
2541 1956 2725 2012 multae
2761 1966 2809 2013 te
2841 1960 3038 2013 littera:
3067 1959 3133 2014 ad
3163 1960 3434 2018 insaniam
3470 1978 3688 2019 conver~

2107 2059 2248 2105 tunt.
2275 2051 2340 2107 Et
2362 2050 2571 2106 Paulus
2593 2069 2604 2106 :
2625 2051 2742 2107 Non
2775 2054 2988 2109 insanio
3013 2053 3259 2129 (inquit),
3289 2055 3499 2126 optime
3520 2057 3688 2125 Feste,

2104 2144 2199 2199 sed
2231 2145 2480 2200 veritatis
2520 2154 2574 2201 et
2605 2145 2924 2202 sobrietatis
2955 2147 3117 2203 verba
3152 2149 3368 2231 loqupr.
3399 2150 3516 2206 Scit
3557 2151 3688 2210 enim

2104 2236 2174 2293 de
2201 2237 2282 2294 his
2313 2253 2409 2294 rex
2435 2281 2450 2306 ,
2495 2239 2560 2294 ad
2611 2255 2771 2310 quem
2801 2249 2856 2296 et
2898 2249 3222 2298 constanter
3254 2243 3450 2313 loquor
3485 2262 3499 2298 :
3531 2245 3690 2302 latere

2104 2334 2249 2386 enim
2282 2347 2404 2388 eum
2431 2331 2569 2388 nihil
2601 2333 2794 2389 horum
2837 2336 3100 2392 arbitror.
3133 2337 3317 2407 Neque
3345 2338 3490 2398 enim
3524 2341 3578 2395 in
3605 2354 3690 2394 an-

2104 2426 2230 2494 gulo
2287 2425 2582 2496 quidquam
2637 2425 2833 2482 horttm
2888 2437 3100 2499 gestum
3161 2438 3267 2485 est.
3317 2427 3542 2498 Credis,
3604 2447 3688 2488 rex

2102 2520 2366 2590 Agrippa,
2392 2517 2715 2590 PrOphetis?
2741 2519 2866 2576 Scio
2885 2520 3008 2590 quia
3027 2521 3229 2578 credis.
3255 2523 3493 2594 Agrippa
3517 2536 3686 2583 autem

2103 2614 2168 2667 ad
2209 2613 2436 2670 Paulum
2469 2632 2480 2668 :
2508 2613 2566 2667 ln
2589 2613 2800 2668 modico
2823 2615 3019 2671 suades
3043 2631 3128 2671 me
3162 2617 3536 2676 Christianum
3561 2622 3683 2678 lieri.

2105 2706 2171 2760 Et
2203 2705 2400 2763 Paulus
2431 2723 2446 2760 :
2474 2705 2618 2774 Opto
2647 2706 2791 2777 apud
2841 2706 3010 2762 Deum
3037 2750 3053 2775 ,
3095 2719 3151 2764 et
3177 2708 3229 2768 in
3261 2711 3478 2767 modico
3501 2754 3516 2781 ,
3548 2721 3600 2768 et
3638 2713 3687 2769 in

2101 2813 2299 2869 magno
2324 2839 2339 2864 ,
2367 2811 2474 2852 non
2506 2807 2714 2853 tantum
2766 2810 2816 2855 te
2841 2841 2855 2867 ,
2889 2799 2984 2855 sed
3021 2801 3184 2858 etiam
3231 2819 3422 2860 omnes
3465 2806 3555 2878 qni
3599 2823 3689 2863 au-

2102 2891 2279 2957 diunt,
2316 2889 2479 2946 hodie
2505 2889 2618 2946 ﬁeri
2651 2890 2787 2946 tales
2812 2931 2828 2958 ,
2860 2892 3036 2962 qualis
3065 2903 3120 2948 et
3147 2909 3246 2965 ego
3276 2911 3420 2961 sum,
3456 2899 3687 2968 exceptis

2105 2980 2334 3034 vinculis
2363 2981 2468 3038 his.
2505 2979 2571 3035 Et
2591 2981 2908 3036 exsurrexit
2934 2997 3032 3036 rex
3059 3026 3074 3053 ,
3111 2995 3164 3040 et
3207 3000 3412 3054 praeses
3439 3029 3455 3055 ,
3486 2998 3540 3045 et
3567 2991 3688 3047 Ber-

2102 3072 2223 3128 nice
2249 3114 2262 3139 ,
2316 3080 2371 3126 et
2399 3072 2484 3142 qui
2519 3072 2832 3128 assidehant
2872 3075 2975 3132 eis.
3023 3075 3085 3129 Et
3122 3091 3242 3134 cum
3290 3084 3682 3154 secessissent,

403 3173 557 3226 initio
589 3169 658 3240 (si
687 3165 854 3220 velint
883 3161 1256 3218 testimonium
1291 3161 1602 3234 perhibere)
1629 3165 1886 3233 quoniam
1913 3181 1998 3220 sc-
2027 3165 2072 3229 C
2104 3163 2464 3235 loquebantur
2490 3164 2554 3218 ad
2581 3165 2833 3232 invicem,
2859 3166 3107 3223 dicentes
3129 3187 3143 3224 :
3169 3170 3306 3238 Quia
3336 3175 3470 3229 nihil
3499 3189 3683 3243 morte,

401 3263 636 3318 cundum
683 3257 1044 3313 certissimam
1089 3262 1294 3308 sectam
1343 3261 1546 3308 nostrre
1581 3255 1860 3326 religionis
1888 3258 1995 3312 vixi

404 3356 731 3411 Phariswus.
776 3350 842 3403 Et
870 3362 1011 3402 nunc
1042 3349 1092 3399 in
1126 3359 1222 3414 Spe
1246 3385 1260 3411 ,
1310 3359 1433 3415 qua:
1464 3345 1529 3398 ad
1559 3357 1739 3415 patres
1781 3359 1997 3408 nostros

404 3440 846 3517 repromissionis
867 3437 1005 3492 facta
1029 3445 1113 3491 est
1132 3452 1162 3490 a
1188 3437 1323 3503 Deo,
1347 3446 1432 3489 sto
1451 3437 1653 3506 judicio
1672 3439 1950 3508 subjectus
1981 3461 1992 3495 :

401 3541 451 3593 in
484 3551 644 3608 quam
682 3530 967 3588 duodecim
1002 3527 1174 3583 tribus
1205 3535 1406 3588 nostrae
1433 3568 1448 3593 ,
1495 3536 1655 3582 nocte
1683 3543 1746 3583 ac
1777 3528 1865 3584 die
1903 3533 1996 3588 de-

400 3632 700 3688 servientes
724 3668 741 3694 ,
774 3632 996 3697 sperant
1026 3618 1304 3677 devenire.
1342 3620 1414 3674 De
1443 3635 1548 3692 qua
1577 3635 1674 3691 spe
1701 3637 1930 3680 aecustir
1963 3640 1992 3682 a

401 3726 622 3791 Judteis,
649 3737 766 3778 rex.
792 3717 935 3786 Quid
964 3715 1286 3772 incredibile
1320 3714 1600 3786 judicatur
1625 3719 1764 3788 apud
1797 3734 1913 3788 vos,
1949 3722 1992 3776 si

405 3820 545 3873 Deus
587 3821 828 3868 mortuos
860 3807 1119 3864 suscitat?
1151 3807 1219 3861 Et
1258 3821 1360 3878 ego
1384 3807 1601 3878 quidem
1645 3810 1993 3867 existimave-

405 3927 519 3965 ram
549 3922 633 3963 tne
654 3905 914 3960 adversus
935 3915 1131 3957 nomen
1153 3901 1283 3957 Jesu
1302 3900 1584 3959 Nazarzeni
1608 3901 1804 3958 debere
1827 3905 1992 3960 multa

398 3999 673 4057 contraria
704 4010 888 4066 agere.
911 3995 1066 4062 Quod
1093 4001 1149 4049 et
1178 3993 1277 4049 feci
1308 3993 1684 4066 Jerosolyntis,
1716 4005 1772 4052 et
1791 3997 1993 4052 multos

401 4105 715 4151 sanctorum
741 4103 844 4157 ego
875 4087 928 4141 in
959 4087 1272 4141 carceribus
1314 4087 1546 4154 inclusi,
1588 4102 1619 4142 a
1660 4089 1992 4164 principibus

399 4189 744 4248 sacerdotum
772 4189 1037 4256 potestate
1058 4189 1282 4250 accepta
1311 4197 1324 4234 :
1350 4191 1404 4235 et
1428 4195 1550 4235 cum
1574 4181 1954 4237 occiderentur
1973 4224 1989 4253 ,

396 4283 565 4342 detuli
589 4278 940 4337 sententiam.
974 4275 1042 4330 Et
1071 4288 1168 4346 per
1187 4287 1379 4328 omnes
1409 4286 1715 4343 synagogas
1739 4272 1992 4343 frequen-

399 4391 480 4436 ter
511 4378 742 4449 puniens
773 4387 891 4437 eos,
919 4367 1313 4440 Compellebam
1339 4365 1724 4436 blasphemare
1749 4355 1772 4421 Δς
1803 4375 1991 4422 etam-

401 4472 540 4541 plius
573 4467 849 4524 iusnniens
893 4464 945 4518 in
986 4477 1086 4517 eos
1107 4503 1121 4530 ,
1149 4461 1514 4532 persequebar
1548 4472 1716 4529 usque
1747 4461 1803 4514 in
1834 4470 1990 4516 exte-

396 4535 484 4616 ras
513 4560 779 4616 civitates.
815 4556 870 4610 ln
910 4551 1109 4625 quibus
1146 4550 1272 4605 dum
1316 4552 1454 4605 irem
1496 4551 1817 4605 Damascum
1867 4566 1988 4607 cum
2016 4535 2070 4596 D
2093 4554 2301 4615 εειηιθε,
2336 4548 2580 4604 venimus
2627 4549 2900 4621 Lystram,
2948 4569 3072 4624 qua:
3104 4565 3187 4610 est
3234 4557 3415 4630 Lycize
3453 4581 3465 4616 :

399 4662 665 4726 potestate
708 4661 764 4706 et
804 4646 1075 4720 permissu
1104 4644 1414 4716 principum
1465 4643 1857 4713 sacerdotum,
1905 4646 1991 4703 die

397 4747 573 4803 media
602 4747 652 4800 in
685 4744 794 4806 via,
827 4740 936 4794 vidi
961 4780 976 4804 ,
1000 4754 1095 4793 rex
1126 4778 1142 4806 ,
1177 4737 1246 4792 de
1274 4736 1417 4792 cmlo
1445 4751 1607 4806 supra
1637 4737 1989 4806 Splendorem

394 4840 526 4895 solis
557 4833 989 4894 circutufulsisse
1019 4846 1104 4886 me
1127 4831 1333 4898 lumen,
1357 4839 1411 4884 et
1435 4843 1532 4885 eos
1561 4829 1653 4900 qui
1683 4845 1893 4886 mecum
1916 4833 1989 4887 si-

393 4937 503 4990 mul
525 4941 704 4990 erant.
735 4929 1046 4999 Omnesque
1079 4938 1180 4980 nos
1213 4938 1336 4980 cum
1369 4921 1764 4979 decidissemus
1795 4926 1846 4979 in
1879 4935 1989 4981 ter-

393 5044 533 5094 ram,
559 5025 736 5082 audivi
762 5037 947 5077 vocem
975 5021 1287 5091 loquentem
1321 5016 1450 5071 mihi
1475 5016 1738 5072 llebraica
1760 5017 1941 5092 lingua
1970 5039 1982 5074 :

393 5121 578 5186 Saule,
610 5117 796 5184 Saule,
823 5114 948 5188 quid
981 5129 1068 5170 me
1099 5111 1492 5187 persequeris?
1527 5110 1724 5167 durum
1771 5120 1855 5170 est
1885 5111 1987 5168 tibi

388 5225 578 5270 contra
631 5211 911 5268 stimulum
957 5209 1263 5264 calcitrare.
1312 5205 1426 5278 Ego
1453 5217 1634 5262 autem
1665 5207 1774 5262 dixi
1804 5225 1817 5261 :
1851 5206 1984 5276 Quis

392 5321 450 5364 es
474 5352 489 5379 ,
528 5302 802 5361 Domine?
848 5300 1109 5356 Dominus
1129 5309 1313 5358 autem
1338 5298 1477 5354 dixit
1501 5315 1515 5353 :
1545 5298 1660 5369 Ego
1682 5315 1803 5353 sum
1826 5298 1984 5356 Jesus

383 5411 543 5466 quem
578 5406 633 5450 tu
660 5393 1033 5465 persequeris.
1066 5389 1174 5446 Sed
1205 5404 1461 5461 exsurge,
1493 5399 1549 5444 et
1577 5400 1659 5446 sta
1693 5404 1857 5461 super
1882 5407 1978 5462 pe~

384 5488 482 5545 des
515 5497 636 5543 tuos
665 5505 678 5540 :
712 5485 780 5540 ad
811 5485 913 5542 hoc
936 5486 1082 5542 enim
1121 5485 1347 5554 apparui
1376 5483 1472 5538 tibi
1500 5523 1516 5550 ,
1563 5492 1619 5538 ut
1646 5482 1978 5544 constituam

391 5591 444 5634 te
464 5578 782 5643 ministrum
809 5586 864 5632 et
896 5583 1088 5632 testem
1121 5589 1312 5629 eorum
1336 5588 1454 5644 quae
1480 5573 1682 5641 vidisti,
1707 5583 1762 5630 et
1790 5589 1977 5632 eorum

385 5668 581 5738 quibus
611 5668 883 5735 apparebo
915 5666 1044 5734 tibi,
1075 5666 1319 5735 eripiens
1343 5673 1396 5722 te
1419 5666 1486 5720 de
1517 5667 1738 5736 populo,
1765 5675 1820 5721 et
1846 5680 1978 5736 geu-

381 5758 550 5822 tibus,
580 5755 634 5808 in
667 5769 804 5826 quas
825 5771 966 5810 nunc
996 5771 1095 5826 ego
1127 5758 1284 5810 mitto
1313 5766 1390 5824 te,
1422 5758 1637 5828 aperire
1667 5756 1852 5811 oculos
1882 5772 1975 5813 co-

2100 3264 2196 3311 aut
2223 3256 2456 3313 vinculis
2493 3256 2713 3326 dignum
2755 3258 2883 3328 qttid
2936 3258 3061 3315 fecit
3094 3261 3260 3317 homo
3295 3264 3418 3321 iste.
3459 3269 3682 3340 Agrippa

2099 3358 2278 3404 autem
2334 3348 2494 3408 Fe5to
2545 3347 2681 3404 dixit
2728 3367 2740 3402 :
2788 3349 2996 3410 Dimitti
3039 3361 3250 3424 poterat
3281 3355 3445 3414 homo
3476 3360 3596 3425 hic,
3640 3362 3682 3419 si

2100 3454 2206 3496 non
2239 3440 2571 3509 appellasset
2602 3441 2902 3497 Caesarem.

2169 3532 2322 3603 [ϐαρ.
2352 3531 2590 3605 XXVIH
2618 3533 2688 3590 Ut
2734 3546 2914 3594 autem
2956 3537 3255 3608 iudicatum
3310 3553 3396 3599 est
3439 3547 3681 3618 navigare

2099 3637 2222 3676 eum
2254 3623 2307 3680 in
2341 3622 2570 3690 Italiam,
2601 3635 2655 3679 et
2684 3625 2820 3681 tradi
2846 3626 3077 3687 Paulum
3101 3646 3220 3692 cum
3251 3633 3473 3706 reliquis
3511 3646 3681 3690 custo-

2097 3714 2204 3770 diis
2267 3716 2566 3772 centurioni
2635 3719 2854 3776 nomine
2914 3721 3059 3776 Julio
3114 3723 3357 3781 cohortis
3411 3730 3675 3798 Anguste,

2098 3805 2451 3864 ascendentes
2483 3823 2673 3864 navem
2711 3808 3146 3883 Adrumetinam,
3180 3818 3502 3889 incipientes
3533 3821 3674 3876 navi-

2096 3913 2223 3969 gare
2250 3903 2395 3955 circa
2428 3900 2572 3954 Asiae
2600 3902 2739 3970 loca,
2771 3904 3111 3973 sustulimus,
3152 3922 3536 3980 perseverante
3583 3927 3674 3968 uo-

2095 3991 2302 4046 biscum
2348 3992 2666 4048 Aristarcho
2710 3994 3004 4053 Macedone
3049 4000 3542 4062 Thes~aloniccusi.
3586 4006 3675 4061 Sc-

2095 4085 2280 4154 quenti
2301 4094 2480 4140 autem
2506 4085 2593 4142 die
2609 4086 2930 4144 devenimus
2947 4088 3224 4147 Sidonem.
3244 4094 3488 4153 llumane
3508 4113 3669 4156 autem

2096 4183 2335 4232 tractans
2365 4176 2538 4232 Julius
2568 4177 2817 4248 Paulum,
2864 4183 3115 4250 permisit
3145 4187 3210 4239 ad
3241 4188 3448 4243 amicos
3486 4189 3582 4254 ire,
3622 4198 3670 4244 et

2093 4282 2277 4324 curam
2301 4269 2384 4325 Sui
2403 4286 2589 4342 agere.
2624 4273 2693 4328 Et
2723 4273 2850 4330 inde
2866 4292 2988 4331 cum
3021 4280 3455 4352 suswlissemus,
3484 4285 3667 4341 subna-

2094 4362 2391 4432 vigavimus
2443 4363 2679 4435 Cyprum
2707 4407 2721 4431 ,
2789 4379 3077 4438 propterea
3114 4373 3259 4442 quod
3314 4387 3495 4432 essent
3540 4378 3664 4432 venti

2095 4454 2376 4509 contrarii.
2411 4455 2479 4510 Et
2529 4460 2748 4529 pelagus
2800 4460 3006 4518 Cilicia:
3057 4474 3112 4520 et
3164 4465 3490 4540 Pamphylia:
3531 4470 3663 4526 navi-

3513 4573 3562 4619 et
3599 4560 3661 4616 ibi

2095 4637 2378 4694 inveniens
2401 4641 2648 4700 centurio
2669 4658 2857 4698 navem
2885 4645 3312 4708 Alexandrinam
3345 4654 3659 4725 navigantem

2093 4730 2145 4784 in
2173 4728 2406 4801 Italiam,
2462 4737 2793 4804 tranSpusuit
2845 4753 2940 4794 nos
2972 4743 3024 4796 in
3052 4755 3197 4800 eam.
3244 4743 3314 4801 Et
3350 4760 3471 4800 cum
3499 4748 3664 4804 multis

2093 4821 2285 4876 diebus
2312 4821 2464 4878 tarde
2489 4817 2893 4898 navigaremus,
2917 4836 2974 4884 et
2998 4828 3084 4885 vix
3121 4832 3522 4891 devcnissemns
3541 4852 3660 4891 con-

2093 4922 2171 4968 tra
2201 4914 2436 4970 Cnidum
2470 4933 2483 4969 :
2520 4917 2840 4987 prohibente
2867 4937 2965 4976 nos
3008 4935 3198 4991 vento,
3242 4926 3662 4999 adnavigavimus

2091 5007 2290 5078 Cretae,
2324 5012 2470 5080 juxta
2508 5012 2821 5071 Salmonem
2865 5033 2876 5068 :
2918 5027 2973 5072 et
3025 5017 3112 5073 vix
3145 5019 3298 5090 juxta
3348 5025 3654 5092 navigantes.

2094 5101 2339 5157 venimus
2361 5104 2413 5158 iu
2440 5105 2614 5160 locum
2638 5107 2947 5176 quemdam,
2967 5111 3058 5180 qui
3088 5123 3314 5169 vocatur
3337 5115 3657 5187 Itoniportus,

2089 5195 2174 5247 cui
2201 5196 2354 5264 juxta
2401 5206 2521 5252 erat
2568 5201 2756 5255 civitas
2814 5202 3096 5259 'l‘ltalassa.
3131 5205 3296 5262 Multo
3325 5219 3500 5264 autem
3543 5220 3659 5262 tem-

2091 5302 2222 5357 pore
2254 5298 2497 5360 peracto,
2551 5302 2752 5348 etcum
2790 5295 2902 5367 jam
2931 5312 3036 5352 non
3069 5307 3218 5354 esset
3248 5309 3358 5358 tuta
3389 5303 3656 5374 navigatio,

2087 5397 2153 5437 eo
2181 5384 2324 5454 quod
2353 5396 2406 5441 et
2427 5385 2694 5458 jejunium
2730 5389 2843 5458 jam
2878 5393 3250 5462 praeteriisset,
3297 5398 3660 5454 consolabatur

2087 5489 2182 5530 eos
2209 5475 2437 5547 Paulus,
2489 5479 2674 5535 dicens
2712 5482 2831 5539 eis:
2882 5483 3014 5555 Viri,
3060 5486 3222 5542 video
3269 5489 3514 5560 quoniam
3545 5503 3654 5543 cum

2086 5568 2281 5640 injuria
2310 5581 2364 5627 et
2411 5571 2578 5626 multo
2606 5573 2828 5644 damno,
2872 5592 2979 5630 non
3003 5578 3179 5632 solum
3207 5582 3388 5638 oneris
3417 5590 3471 5636 et
3497 5580 3651 5645 navis,

2084 5664 2178 5718 sed
2203 5667 2364 5717 etiam
2397 5665 2695 5720 animarum
2737 5679 3071 5734 nos'rarum,
3133 5671 3317 5744 incipit
3355 5689 3469 5727 esse
3511 5668 3648 5725 navie

2083 5770 2250 5842 gatio.
2280 5764 2536 5824 Centurio
2563 5772 2745 5821 autem
2777 5761 3129 5838 gubernatori
3154 5774 3206 5819 et
3225 5767 3472 5824 nauclcro
3498 5761 3644 5831 magis
