3920 6200
167 248 263 302 7Ξὸ

1196 241 1400 299 LIBER
1441 243 1729 305 ACTUUM
1772 244 2301 335 APQSTOLORUM.

3317 255 3423 311 79.6

167 356 420 421 credebat,
445 366 601 425 quam
630 350 711 407 his
735 366 853 421 qua:
882 366 913 407 a
946 352 1475 429 Paulodicebantur.
1514 356 1721 411 Etcum
1752 360 1799 421 Α
1827 372 1957 412 cere
1981 372 2195 413 navem.
2231 357 2297 413 Et
2322 373 2446 414 cum
2470 360 2743 417 anchoras
2772 364 3146 433 sustulissent,
3180 369 3429 423 commit-

167 460 312 519 aptus
338 457 512 516 portus
536 458 642 499 non
668 452 809 500 esset
835 443 901 499 ad
932 444 1280 501 hiemandum
1306 490 1320 514 ,
1355 448 1577 517 plurimi
1611 461 1723 503 sta-

168 553 366 598 luerunt
392 540 660 595 consilium
683 540 933 611 navigare
962 541 1107 608 inde,
1132 542 1175 596 si
1202 547 1474 613 quomodo
1504 554 1724 614 possent

148 638 478 695 devenientes
503 636 851 704 f'haanicem,
892 636 1167 705 hiemare,
1194 647 1405 709 portum
1433 641 1614 696 Cretae
1639 655 1724 696 re-

145 731 435 802 spicientem
489 728 559 783 ad
590 726 865 798 Africum,
925 740 977 784 et
1029 729 1098 784 ad
1144 727 1370 785 Corum.
1433 732 1723 802 Aspirante

155 832 310 877 autem
335 831 530 887 austro,
554 824 896 876 arstimantes
921 823 1260 892 propositum
1292 838 1349 879 se
1375 834 1582 890 tenere,
1601 840 1721 879 cum

160 915 487 971 sustulissent
513 915 580 969 de
613 914 809 985 Asson,
856 916 1112 986 legebant
1143 917 1382 972 Cretam.
1425 918 1542 973 Non
1602 929 1726 988 post

157 1010 359 1063 multum
388 1016 564 1063 autem
610 1008 834 1063 misitse
862 1017 1051 1063 contra
1080 1012 1251 1079 ipsam
1282 1021 1476 1066 ventus
1508 1011 1724 1083 Typho-

156 1105 316 1166 nicus,
370 1101 458 1171 qui
513 1112 736 1156 vocatur
789 1102 1137 1172 Euroaqnilo.
1211 1103 1454 1173 Cumque
1508 1115 1723 1174 arrepta

157 1202 281 1248 esset
324 1194 491 1258 navis,
537 1200 594 1247 et
617 1208 721 1247 non
755 1202 939 1262 posset
988 1194 1176 1248 conari
1230 1196 1283 1249 in
1316 1207 1557 1261 ventum,
1602 1198 1723 1252 data

159 1299 277 1339 nave
296 1284 525 1352 ﬂatibus,
553 1282 881 1339 ferebamur.
905 1283 962 1339 In
987 1283 1215 1341 insulam
1236 1296 1416 1340 autem
1436 1290 1724 1357 quamdam

159 1377 509 1439 decurrentes,
546 1390 667 1445 quae
717 1384 938 1429 vocatur
967 1373 1169 1440 Cauda,
1214 1377 1487 1446 potuimus
1513 1378 1600 1433 vix
1630 1379 1726 1434 ob-

161 1470 314 1523 tinere
355 1467 628 1535 scapham.
678 1467 788 1534 Qua
820 1465 1055 1533 sublata,
1097 1466 1381 1537 adjutoriis
1414 1469 1721 1537 utebantur,

160 1561 475 1631 accingentes
506 1573 722 1626 navent,
775 1559 1029 1614 timentes
1087 1574 1156 1614 ne
1196 1558 1251 1613 in
1272 1559 1484 1631 Syriam
1514 1560 1723 1617 incide-

160 1664 281 1717 rent,
324 1653 612 1707 summisso
652 1667 777 1705 vase
810 1651 889 1705 sic
940 1650 1274 1706 ferebantur.
1313 1651 1498 1707 Valida
1543 1664 1722 1709 autem

1830 451 2018 506 tebaut
2046 465 2107 504 se
2136 452 2291 515 mari,
2342 452 2504 507 simul
2536 453 2779 509 laxantes
2829 456 3114 525 juncturas
3160 460 3431 530 guberna-

1825 542 2075 597 culorum
2101 560 2113 596 :
2140 552 2195 599 et
2219 543 2395 599 levato
2419 553 2703 602 artemone
2729 550 3029 605 secundum
3060 566 3206 607 aurze
3238 552 3427 607 flatum

1826 635 2126 691 tendebant
2156 636 2223 690 ad
2256 638 2429 693 littus.
2484 638 2702 692 Etcum
2738 640 3118 697 incidissemus
3154 644 3206 697 in
3252 645 3429 699 locum

1826 728 2209 795 dithalassum,
2257 731 2599 801 impegerunt
2652 749 2845 789 navem
2883 745 2979 790 :et
3020 752 3177 805 prora
3208 738 3429 807 quidem

1828 822 1932 877 lixa
1973 824 2226 878 manebat
2253 824 2571 889 immobilis,
2596 828 2795 897 puppis
2821 842 2952 883 vero
2983 828 3295 883 solvebatur
3322 846 3349 882 a
3373 832 3428 885 vi

1830 916 2016 969 maris.
2046 915 2271 969 Militum
2314 918 2494 971 autem
2542 920 2827 973 consilium
2871 920 2991 987 fuit,
3038 930 3098 975 ut
3153 923 3427 977 custodias

1830 1005 2142 1061 occiderent
2169 1022 2182 1060 :
2213 1022 2280 1062 ne
2309 1008 2429 1077 quis
2464 1024 2585 1061 cum
2616 1020 2916 1076 enatasset,
2950 1010 3231 1083 effugeret.
3280 1015 3421 1068 Cen-

1831 1101 1975 1153 turio
2002 1111 2180 1153 autem
2208 1100 2399 1154 volens
2431 1116 2655 1158 servare
2681 1103 2926 1171 Paulum,
2963 1104 3239 1172 prohibuit
3270 1106 3381 1160 fieri
3411 1126 3421 1160 :

1825 1190 2096 1260 jussitque
2124 1205 2241 1257 eos,
2262 1191 2353 1261 qui
2375 1202 2598 1261 possent
2621 1204 2825 1260 natare,
2845 1196 3095 1251 emittere
3117 1212 3175 1251 se
3200 1198 3424 1267 primos,

1829 1294 1883 1339 et
1911 1284 2164 1352 evadere,
2200 1297 2256 1342 et
2284 1288 2352 1343 ad
2385 1297 2581 1343 terram
2614 1289 2763 1345 exire
2801 1310 2811 1343 :
2848 1302 2903 1347 et
2932 1301 3160 1347 caeteros
3198 1292 3334 1346 alios
3372 1295 3423 1347 in

1832 1379 2028 1433 tabulis
2072 1379 2319 1437 ferebant
2353 1401 2363 1438 :
2414 1384 2680 1453 quosdam
2729 1400 2892 1454 super
2941 1402 3021 1451 ea,
3054 1402 3173 1457 qua:
3205 1386 3273 1441 de
3306 1389 3426 1441 navi

1830 1480 2007 1527 erant.
2046 1472 2113 1526 Et
2139 1475 2216 1527 sic
2247 1473 2446 1529 factum
2480 1485 2586 1541 est,
2622 1486 2678 1531 ut
2701 1492 2889 1532 omnes
2912 1478 3108 1533 anima:
3138 1478 3429 1534 evaderent

1829 1566 1895 1620 ad
1929 1577 2149 1622 terram.

1904 1660 2055 1731 [Cap.
2093 1662 2355 1735 XX\'lll.]
2390 1666 2449 1720 Et
2484 1680 2603 1720 cum
2630 1669 3018 1734 evasissemus,
3074 1679 3199 1725 tunc
3227 1683 3428 1739 cogno-

160 1750 292 1803 nobis
323 1757 646 1817 tempestate
680 1746 919 1817 jactatis,
962 1745 1320 1816 sequentidie
1349 1747 1552 1817 jactum
1585 1748 1725 1802 feceo
1758 1755 1806 1816 B
1834 1756 2011 1810 vimus
2037 1759 2161 1825 quia
2191 1758 2377 1813 Melita
2430 1762 2608 1815 insula
2653 1763 2967 1818 vocabatur.
3023 1764 3247 1821 Barbari
3305 1783 3433 1822 vero

161 1848 265 1894 runt
293 1857 304 1893 :
336 1850 387 1893 et
416 1839 577 1893 tertia
624 1838 711 1892 die
749 1838 862 1892 suis
891 1838 1140 1891 manibus
1192 1847 1525 1893 armamenta
1574 1838 1727 1894 navis

159 1935 497 2005 projecerunt.
526 1932 711 2001 Neque
737 1938 920 1987 autem
950 1930 1087 1995 sole,
1122 1946 1301 2001 neque
1330 1930 1602 1985 sideribus
1632 1948 1727 2000 ap-

159 2030 445 2100 parentibus
471 2040 569 2097 per
593 2027 774 2096 plures
802 2025 941 2091 dies,
966 2033 1021 2080 et
1054 2032 1377 2094 tempestate
1407 2039 1512 2079 non
1536 2024 1727 2095 exigua

160 2123 466 2186 imminente,
513 2119 626 2189 jam
681 2117 859 2172 ablata
902 2127 1019 2172 erat
1055 2131 1181 2186 spes
1206 2117 1383 2173 omnis
1410 2116 1601 2171 salutis
1632 2132 1727 2172 no-

159 2224 284 2267 strte.
339 2212 562 2266 Etcum
614 2210 779 2263 multa
819 2208 1087 2279 jejunatio
1137 2208 1351 2275 fuisset,
1406 2218 1532 2263 tunc
1578 2217 1730 2264 stans

160 2305 333 2359 Paulus
360 2303 412 2358 in
445 2304 627 2358 medio
656 2317 863 2367 eorum,
897 2301 1039 2355 dixit
1068 2319 1082 2355 :
1107 2301 1406 2371 Oportebat
1427 2300 1667 2370 quidem,
1695 2316 1731 2355 υ

159 2397 261 2462 ιίτῑ,
286 2396 464 2450 audito
496 2410 610 2461 me,
642 2409 747 2448 non
777 2394 966 2447 tollere
997 2408 1024 2445 a
1055 2393 1236 2459 Creta,
1277 2392 1520 2461 lucrique
1552 2390 1730 2445 facere

160 2489 380 2559 injuriam
431 2489 573 2541 hanc
622 2496 679 2542 et
718 2488 1009 2555 jacturam.
1041 2485 1106 2539 Et
1130 2498 1274 2538 nunc
1324 2483 1529 2538 suadeo
1577 2484 1731 2538 vobis

162 2582 281 2635 buno
306 2582 484 2634 animo
535 2592 683 2634 esse.
718 2575 952 2631 Amissio
996 2578 1140 2631 enim
1172 2575 1373 2631 nullius
1404 2576 1596 2630 anima:
1627 2576 1734 2629 erit

160 2687 212 2727 ex
243 2673 407 2737 vobis,
452 2679 822 2742 praeterquam
849 2670 1020 2724 navis.
1058 2670 1244 2724 Astitit
1283 2668 1427 2722 enim
1462 2668 1593 2723 mihi
1632 2669 1733 2723 hac

160 2780 294 2820 nocte
321 2766 553 2836 angelus
584 2763 703 2828 Dei,
750 2764 903 2832 cujus
933 2779 1052 2818 sum
1083 2778 1210 2833 ego,
1264 2774 1313 2818 et
1340 2763 1426 2818 cui
1455 2763 1729 2830 deservio,

157 2858 354 2912 dicens:
388 2859 465 2913 Ne
519 2858 741 2921 timeas,
796 2856 982 2924 Paule,
1016 2856 1213 2911 Caesari
1258 2864 1308 2911 te
1348 2866 1568 2927 oportet
1600 2858 1725 2910 assi-

157 2961 315 3009 stere:
345 2964 398 3009 et
425 2968 566 3010 ecce
588 2953 809 3007 donavit
840 2953 931 3006 tibi
980 2952 1120 3007 Deus
1146 2967 1333 3007 omnes
1361 2952 1451 3022 qui
1485 2952 1736 3022 navigant

159 3056 333 3101 tecum.
358 3045 756 3117 PrOpterquod
782 3045 923 3099 bono
953 3045 1133 3099 animo
1155 3052 1354 3107 estote,
1382 3044 1482 3097 viri
1516 3061 1527 3097 :
1572 3042 1736 3098 credo

1832 1849 2161 1918 praestabant
2207 1864 2311 1905 non
2356 1852 2623 1906 modicam
2675 1853 3065 1909 humanitatem
3100 1858 3273 1910 nobis.
3328 1862 3433 1913 Ac-

1831 1954 1990 1994 censa
2021 1942 2165 1994 enim
2198 1957 2323 2013 pyra
2350 1942 2667 1998 reficiebant
2700 1960 2797 2000 nos
2835 1962 3048 2011 omnes,
3085 1958 3303 2017 prepter
3330 1950 3430 2003 im-

1833 2029 2006 2095 brem,
2060 2033 2147 2099 qui
2186 2033 2524 2099 imminebat,
2558 2046 2612 2089 et
2663 2037 2850 2106 lrigns.
2882 2037 3013 2091 Cum
3047 2052 3434 2109 congregasset

1831 2136 2007 2179 autem
2030 2125 2226 2180 Paulus
2240 2139 2635 2183 sarmentorum
2654 2130 2984 2199 aliquantam
3006 2134 3430 2202 multitudinem,

1831 2230 1884 2271 et
1942 2219 2288 2288 imposuisset
2315 2234 2477 2289 super
2514 2222 2723 2289 ignem;
2776 2224 2956 2292 vipera
3008 2241 3037 2277 a
3086 2226 3268 2279 calore
3309 2242 3431 2281 cum

1834 2309 2215 2376 processisset,
2257 2311 2457 2365 invasit
2485 2326 2703 2365 manum
2734 2313 2871 2381 ejus.
2907 2313 2975 2367 Ut
3018 2332 3146 2370 vero
3179 2318 3432 2372 viderunt

1834 2399 2055 2453 Barbari
2082 2401 2405 2467 pendentem
2435 2402 2660 2456 bestiam
2694 2404 2761 2458 de
2792 2419 2954 2457 manu
3005 2406 3145 2473 ejus,
3174 2408 3240 2459 ad
3295 2409 3431 2461 invi—

1832 2505 1951 2544 cem
1974 2490 2268 2545 dicebant:
2312 2491 2507 2562 Utique
2548 2493 2816 2548 homicida
2862 2504 2947 2549 est
2995 2494 3159 2550 homo
3204 2496 3310 2561 hic,
3340 2498 3432 2566 qui

1835 2597 1957 2637 cum
1990 2586 2224 2639 evaserit
2271 2584 2340 2639 de
2382 2586 2540 2651 mari,
2572 2586 2704 2640 ultio
2729 2600 2834 2641 non
2881 2587 3009 2640 sinit
3062 2602 3187 2641 eum
3218 2588 3426 2643 vivere.

1836 2677 1902 2730 Et
1941 2676 2033 2730 ille
2061 2676 2278 2745 quidem
2332 2677 2616 2731 excutiens
2658 2677 2887 2731 beStiam
2935 2678 2986 2731 in
3036 2679 3246 2747 ignem,
3300 2679 3435 2743 nihil

1837 2769 1964 2823 mali
1986 2784 2177 2839 passus
2199 2779 2299 2823 est.
2328 2772 2395 2823 At
2422 2768 2501 2822 illi
2524 2769 2909 2824 existimabant
2930 2784 3053 2824 eum
3088 2771 3140 2823 in
3166 2778 3433 2824 tumorem

1836 2860 2290 2927 convertendum,
2337 2869 2390 2913 et
2421 2860 2600 2915 subito
2629 2873 2904 2926 casurum,
2938 2870 2991 2914 et
3017 2861 3174 2914 mori.
3202 2860 3305 2914 Diu
3329 2875 3429 2914 au-

1838 2961 1943 3007 tem
1976 2952 2081 3005 illis
2105 2951 2572 3022 exspectantibus,
2604 2961 2659 3006 et
2692 2951 2999 3006 videntibus
3029 2951 3165 3006 nihil
3197 2951 3325 3005 mali
3370 2952 3424 3006 in

1839 3062 1907 3102 eo
1935 3046 2074 3112 fieri,
2108 3053 2486 3101 convertentes
2511 3060 2591 3111 se,
2619 3046 2867 3100 dicebant
2916 3060 3039 3100 eum
3087 3059 3206 3100 esse
3239 3045 3427 3099 Deum.

158 3138 280 3192 enim
308 3138 436 3208 Deo,
460 3138 599 3209 quia
639 3137 717 3192 sic
764 3136 885 3202 erit,
918 3135 1377 3207 quemadmodum
1420 3135 1621 3189 dictum
1652 3144 1735 3189 est
1760 3127 1808 3195 C
1840 3142 1904 3197 ln
1937 3140 2068 3195 locis
2097 3148 2279 3194 autem
2306 3139 2414 3193 illis
2444 3146 2599 3193 erant
2652 3138 2851 3208 praedia
2896 3137 3157 3207 principis
3208 3137 3430 3203 insulae,

164 3231 289 3285 nilti.
322 3232 375 3287 ln
426 3231 668 3287 insulam
727 3239 906 3285 autem
948 3229 1237 3300 quamdam
1268 3236 1482 3299 Oportet
1512 3242 1610 3282 nos
1641 3227 1736 3283 de-

164 3328 341 3383 venire.
368 3327 483 3383 Sed
513 3336 864 3396 posteaquam
897 3333 1084 3395 quarta
1109 3324 1318 3380 decima
1349 3340 1453 3377 nox
1476 3338 1735 3393 superve-

163 3420 244 3483 nit,
271 3420 648 3491 navigantibus
697 3418 935 3471 nobisin
982 3416 1143 3473 Adria
1184 3418 1325 3471 circa
1376 3415 1605 3470 mediam
1642 3431 1734 3468 no-

162 3522 302 3578 ctetn,
349 3511 778 3584 suspicabantur
824 3522 998 3565 nautae
1039 3525 1300 3580 apparere
1342 3509 1442 3563 sibi
1493 3508 1732 3579 aliquam

164 3605 430 3674 regionem.
470 3605 571 3673 Qui
595 3612 650 3660 et
680 3604 1084 3658 summittentes
1118 3601 1372 3668 bolidem,
1410 3602 1737 3657 invenerunt

167 3714 333 3768 passus
371 3702 563 3771 viginti
613 3718 626 3755 :
671 3709 725 3756 et
755 3699 1006 3772 pusillum
1037 3697 1162 3753 inde
1213 3697 1470 3767 separati,
1515 3698 1735 3751 invene-

167 3805 271 3849 runt
291 3809 479 3863 passus
510 3793 840 3864 quindecim.
865 3793 1143 3848 Timentes
1162 3805 1338 3845 autem
1372 3806 1439 3846 ne
1466 3795 1519 3843 in
1543 3804 1733 3859 aspera

167 3887 263 3940 loca
291 3889 673 3955 inciderctnus,
704 3886 773 3941 de
800 3887 960 3957 puppi
994 3886 1273 3939 mittentes
1304 3884 1571 3937 anchoras
1600 3895 1732 3953 qua-

169 3989 289 4048 litor,
320 3983 578 4051 optabant
606 3980 749 4035 diem
808 3979 944 4032 fieri.
976 3977 1164 4032 Nautis
1189 3992 1318 4032 vero
1366 3974 1737 4046 quaerentibus

169 4076 330 4144 ingere
354 4075 419 4130 de
445 4072 590 4139 navi,
624 4087 742 4127 cum
769 4072 1047 4125 misissent
1073 4069 1330 4138 scapham
1354 4067 1408 4121 in
1440 4082 1607 4134 mare,
1638 4066 1738 4121 sub

170 4169 368 4223 obtentu
418 4168 571 4239 quasi
624 4167 923 4236 inciperent
964 4179 992 4217 a
1040 4177 1196 4233 prora
1231 4159 1496 4215 anchoras
1546 4167 1739 4213 esten.

172 4262 304 4327 dere,
332 4261 465 4315 dixit
495 4259 697 4314 Paulus
728 4258 1042 4313 Ccuturioni
1084 4266 1135 4311 et
1169 4256 1427 4311 militibus
1463 4274 1475 4311 :
1528 4259 1638 4314 Nisi
1684 4263 1736 4319 hi

175 4354 217 4406 in
248 4356 356 4408 navi
386 4354 712 4418 manserint,
738 4366 830 4405 vos
855 4350 987 4404 salvi
1021 4349 1141 4405 ﬁeri
1167 4366 1274 4404 non
1309 4352 1554 4419 potestis.
1586 4353 1738 4411 Tunc

174 4450 498 4505 absciderunt
531 4448 730 4502 milites
764 4446 916 4501 funes
938 4443 1175 4515 scaphze,
1220 4453 1273 4499 et
1294 4444 1439 4514 passi
1464 4455 1590 4499 sunt
1616 4460 1736 4503 eam

1840 3234 2059 3288 nomine
2102 3230 2301 3297 Publii,
2345 3233 2434 3300 qui
2487 3244 2584 3284 nos
2616 3231 2950 3299 suscipiens,
2992 3228 3173 3282 triduo
3206 3228 3435 3298 benigne

1839 3324 2110 3380 exhibuit.
2156 3320 2395 3392 Contigit
2425 3334 2605 3376 autem
2653 3330 2855 3391 patrem
2886 3320 3061 3376 Publii
3099 3319 3341 3375 febribus
3377 3329 3430 3373 ct

1838 3418 2145 3490 dysenteria
2174 3426 2421 3471 vexatum
2450 3415 2654 3484 jacere.
2707 3416 2787 3469 Ad
2818 3430 2975 3484 quem
3015 3414 3211 3469 Paulus
3264 3413 3436 3466 intra-

1838 3515 1953 3565 vit:
1979 3519 2033 3565 et
2063 3526 2183 3566 cum
2232 3517 2463 3577 orasset,
2496 3519 2549 3563 et
2596 3509 2940 3578 imposuisset
2989 3508 3038 3562 ei
3073 3522 3289 3574 manus,
3322 3505 3431 3559 sal-

1839 3602 1984 3658 vavit
2011 3617 2153 3657 eum.
2179 3601 2297 3667 Quo
2328 3599 2491 3665 facto,
2516 3614 2727 3665 omnes,
2753 3600 2843 3671 qui
2877 3600 2928 3653 in
2962 3600 3137 3654 insula
3164 3599 3436 3654 habebant

1840 3695 2205 3758 inlirmitates,
2234 3691 2596 3756 accedebant,
2622 3700 2675 3746 et
2705 3689 3041 3745 curabantur
3073 3705 3087 3742 :
3140 3688 3233 3758 qui
3271 3689 3438 3743 etiam

1841 3786 2022 3841 multis
2051 3785 2345 3838 hor'tribus
2375 3798 2471 3837 nos
2502 3784 2926 3846 honoraverunt,
2962 3791 3016 3836 et
3047 3780 3435 3851 navigantibus

1840 3882 2214 3951 imposuerunt
2258 3894 2379 3948 qum
2437 3877 2741 3933 necessaria
2800 3884 2976 3931 erant.
3036 3874 3165 3930 Post
3220 3889 3435 3931 menses

1840 3983 2021 4028 autem
2046 3981 2180 4040 tres,
2230 3971 2599 4041 navigavimus
2639 3972 2691 4024 in
2739 3970 2859 4024 navi
2890 3960 3277 4033 Alexandrina,
3316 3983 3437 4039 qua:

1843 4068 1894 4121 in
1927 4065 2101 4119 insula
2134 4062 2487 4130 hiemaverat,
2524 4064 2607 4117 cui
2641 4073 2759 4118 erat
2782 4062 2991 4133 insigne
3015 4060 3320 4117 Castorum.
3370 4061 3439 4118 Et

1841 4175 1961 4215 cum
1992 4156 2331 4213 venissemus
2379 4157 2727 4228 Syracusani,
2778 4158 3072 4211 mansimus
3114 4154 3185 4211 ibi
3239 4153 3438 4208 triduo.

1842 4252 1970 4308 Inde
2018 4251 2467 4321 cireumlegentes
2517 4251 2835 4307 devenimus
2889 4251 3150 4319 Rhegium
3186 4264 3201 4304 :
3233 4255 3439 4317 etpost

1844 4360 2006 4398 unum
2039 4342 2179 4398 diem
2212 4342 2373 4397 flante
2404 4354 2609 4406 austro,
2643 4341 2883 4398 secunda
2914 4342 3001 4394 die
3047 4338 3297 4393 venimus
3334 4337 3438 4390 Pu-

1844 4435 2018 4491 teolos
2048 4453 2060 4488 :
2094 4436 2183 4489 ubi
2213 4436 2448 4491 inventis
2496 4435 2750 4489 fratribus
2792 4430 2966 4501 rogati
3007 4442 3195 4484 sumus
3216 4442 3439 4481 manere

174 4544 426 4599 emittere,
462 4544 671 4597 Etcum
706 4542 791 4595 ιιιχ
820 4540 1082 4608 ῑηρῑίοιέι
1114 4537 1254 4603 ﬁeri,
1296 4537 1740 4608 rogahatPaulus
1765 4516 1821 4577 D
1846 4529 1983 4599 apud
2017 4544 2110 4584 eos
2136 4529 2253 4583 dies
2298 4536 2508 4597 :eptem
2536 4544 2548 4580 :
2583 4534 2638 4580 et
2667 4526 2747 4580 sic
2795 4523 3039 4578 venimus
3088 4520 3339 4574 Romam.
3372 4517 3440 4572 Et

174 4648 341 4691 tnnnes
364 4650 579 4691 sumere
602 4634 801 4698 cibum,
832 4632 1053 4687 dicens:
1092 4632 1288 4698 Quarta
1305 4631 1514 4686 decima
1537 4629 1625 4684 die
1647 4629 1745 4684 ho-

175 4727 250 4781 die
275 4738 653 4800 exspectautes
691 4725 866 4796 jejuni
900 4725 1252 4795 permanetis,
1289 4722 1425 4778 nihil
1474 4722 1745 4793 accipien-

176 4827 264 4876 tes.
310 4820 534 4891 Proriter
578 4818 721 4890 quod
775 4832 907 4888 rogo
951 4832 1046 4871 vos
1101 4816 1353 4886 accipere
1416 4816 1593 4871 cibum
1648 4828 1744 4886 pro

176 4913 328 4969 salute
354 4925 527 4970 vestra
564 4933 577 4970 :
609 4915 733 4986 quia
785 4913 985 4967 nullius
1013 4921 1250 4966 vestrum
1298 4909 1530 4979 capillus
1559 4908 1627 4964 de
1655 4923 1745 4964 ca—

178 5005 273 5072 pite
310 5010 515 5077 peribit.
552 5009 769 5063 Etcum
803 5010 917 5061 haec
974 5004 1222 5070 dixisset,
1256 5018 1476 5057 sumens
1522 5016 1738 5072 panem,

179 5101 358 5166 gratias
378 5104 480 5172 egit
512 5102 622 5158 Deo
646 5104 698 5156 in
732 5106 1025 5170 conspectu
1051 5096 1292 5151 omnium
1330 5115 1340 5150 :
1378 5106 1427 5150 et
1468 5112 1588 5149 cum
1633 5093 1743 5148 fre~

181 5188 347 5257 gisset,
378 5195 532 5265 etepit
559 5193 908 5248 manducare.
951 5190 1375 5259 Auituzequiorcs
1413 5197 1591 5242 autem
1621 5188 1744 5241 facti

182 5295 369 5348 omnes,
401 5297 452 5340 et
473 5286 575 5356 ipsi
606 5292 957 5353 sumpserunt
987 5283 1190 5337 cibum.
1224 5280 1451 5335 Eramus
1481 5292 1612 5333 vero
1628 5277 1748 5332 uni—

186 5386 336 5427 versa:
363 5380 547 5431 anima:
574 5379 625 5432 in
678 5377 799 5430 navi
842 5375 1089 5430 ducentae
1133 5373 1490 5443 septuaginta
1519 5385 1634 5425 sex.
1683 5372 1747 5425 Et

186 5464 342 5519 satiati
364 5469 476 5522 cibo
501 5470 826 5525 alleviabant
861 5483 1073 5531 navem,
1101 5468 1375 5537 jactautes
1427 5464 1659 5516 triticum
1695 5463 1746 5516 in

189 5571 336 5612 mare.
383 5563 511 5618 Cum
566 5573 750 5618 autem
798 5564 914 5617 dies
965 5566 1137 5618 l'actus
1192 5570 1355 5627 esset,
1384 5568 1585 5613 terram
1640 5572 1748 5612 non

189 5653 558 5717 agnoscebant:
603 5657 781 5709 sinum
827 5670 957 5711 vero
1006 5662 1295 5725 quemdam
1329 5649 1753 5708 considerabant

190 5736 446 5798 habentem
476 5746 643 5813 littus,
684 5748 737 5800 in
769 5761 926 5815 quem
959 5745 1293 5814 Cogitabam,
1323 5743 1365 5796 si
1387 5748 1627 5812 possent.
1656 5741 1753 5809 eji-

1848 4622 1973 4678 inde
1995 4637 2121 4676 cum
2151 4620 2429 4675 audissent
2450 4619 2665 4683 fratres,
2700 4623 3052 4671 occurrerunt
3082 4612 3239 4666 nobis
3270 4626 3441 4681 usque

1848 4718 1911 4772 ad
1940 4717 2097 4788 Appii
2130 4715 2329 4782 forum,
2363 4729 2423 4768 ac
2450 4726 2557 4768 tres
2577 4711 2874 4766 Tabernas.
2900 4708 3044 4775 Quos
3067 4720 3185 4759 cum
3210 4703 3440 4758 vidisset

1850 4812 2069 4879 Paulus,
2102 4809 2304 4881 gratias
2355 4819 2522 4878 agens
2578 4804 2711 4872 Deo,
2740 4801 2948 4870 accepit
2980 4798 3251 4853 fiduciam.
3303 4797 3438 4853 Cum

1848 4917 2027 4963 autem
2077 4905 2419 4959 venissemus
2480 4901 2728 4963 Romam,
2773 4896 3101 4966 permissum
3157 4903 3239 4949 est
3275 4891 3445 4946 Paulo

1853 5016 2075 5055 manere
2101 4998 2320 5052 sibimet
2343 5009 2462 5050 cum
2492 4991 2839 5047 custodiente
2873 5005 2933 5043 se
2960 4989 3148 5042 milite.
3176 4987 3303 5040 Post
3332 4992 3443 5039 ter-

1852 5096 1982 5148 tium
2036 5099 2212 5144 autem
2267 5088 2409 5142 diem
2475 5082 2789 5139 convocavit
2843 5084 3048 5152 primos
3107 5078 3438 5133 .ludzrorum.

1852 5186 2094 5253 Cumque
2134 5180 2535 5241 conveniSsent,
2565 5174 2781 5229 dicebat
2804 5175 2879 5227 eis
2905 5192 2915 5225 :
2943 5174 3073 5243 Ego,
3099 5171 3200 5224 viri
3225 5172 3444 5233 fratres,

1857 5276 1987 5330 nihil
2016 5273 2276 5326 adversus
2332 5270 2545 5339 plebem
2596 5265 2827 5330 faciens,
2879 5275 2971 5318 aut
3027 5278 3232 5318 murem
3268 5270 3447 5331 pater-

1860 5386 2009 5432 num,
2043 5366 2251 5417 vinctus
2282 5362 2349 5416 ab
2373 5360 2727 5431 Jerosolymis
2757 5358 2987 5411 traditus
3014 5372 3131 5410 sunt
3165 5358 3216 5408 in
3254 5367 3447 5407 manus

1852 5463 2256 5517 Romanorum:
2289 5455 2378 5524 qui
2427 5469 2547 5507 cum
2582 5451 3058 5520 interregatiouetn
3115 5448 3181 5501 de
3235 5462 3320 5499 mc
3352 5448 3446 5497 ha-

1856 5554 2121 5614 buissent,
2155 5549 2446 5602 voluerunt
2472 5562 2557 5601 me
2578 5546 2877 5610 dimittere,
2904 5558 2969 5596 eo
2997 5541 3139 5611 quod
3175 5542 3319 5595 nulla
3350 5554 3441 5593 es-

1855 5655 1939 5700 set
1969 5657 2131 5698 causa
2159 5640 2350 5695 mortis
2380 5639 2432 5693 in
2460 5654 2565 5692 me.
2611 5633 3126 5690 Cuntradicentibus
3152 5644 3330 5686 autem
3353 5630 3448 5685 Ju-

1856 5738 2009 5805 dzeis,
2045 5746 2265 5790 coactus
2298 5748 2415 5787 sum
2466 5729 2741 5803 appellare
2797 5726 3093 5794 Caesarem,
3144 5744 3247 5783 non
3296 5722 3449 5793 quasi
