3920 6200
486 187 590 243 7‘27

1484 186 1551 247 S.
1591 186 1971 246 IIIERONYIII
2010 186 2245 246 DIVINA
2288 189 2758 251 BIBLIOTIIECA.
3663 198 3750 255 7'28

484 313 703 375 gentem
760 317 934 361 meam
991 303 1199 361 habens
1240 304 1445 376 aliquid
1501 317 1784 361 accusare.
1855 301 2086 373 Propter
2112 305 2165 364 Δ
2191 303 2385 361 Isaiam
2412 309 2730 379 prophetam
2756 310 2823 366 ad
2861 319 3051 381 patres
3089 319 3331 380 nostros,
3383 308 3602 367 dicens:
3629 311 3753 373 Vade

486 396 627 451 hanc
667 395 831 467 igitur
854 411 1073 453 causam
1122 396 1309 467 rogavi
1355 411 1457 452 vos
1505 396 1712 460 videre,
1754 406 1809 451 et
1853 395 2081 466 alloqui.

487 488 725 558 Propter
752 504 907 560 spem
936 489 1082 545 enim
1109 488 1300 557 Israel,
1344 499 1536 545 catena
1587 488 1689 543 hac
1717 487 2086 544 circumdatus

487 595 629 635 sum.
675 582 746 636 At
793 581 871 636 illi
900 580 1156 637 dixerunt
1180 581 1249 637 ad
1295 597 1419 638 eum
1458 600 1473 636 :
1526 581 1637 637 Nos
1666 597 1843 653 neque
1874 582 2085 637 litteras

489 670 802 742 accepimus
829 672 899 727 de
926 682 979 727 te
1009 689 1039 727 a
1071 673 1285 740 Judaaa,
1323 690 1504 746 neque
1547 673 1843 730 adveniens
1887 674 2087 744 aliquis

494 762 748 830 fratrum,
781 764 1072 834 nuntiavit,
1125 776 1223 822 aut
1253 765 1471 822 loculus
1498 778 1585 823 est
1622 766 1752 837 quid
1781 768 1849 823 de
1880 777 1934 823 te
1972 782 2091 822 ma-

491 855 624 910 lum.
651 855 923 927 Rogamus
951 866 1136 913 autem
1168 874 1198 913 a
1230 866 1282 914 te
1303 860 1492 914 audire
1520 874 1643 929 qua:
1677 859 1851 915 sentis
1898 876 1911 913 :
1960 874 2087 913 nam

490 946 561 1002 de
585 957 737 1003 secta
768 947 869 1004 hac
893 958 1080 1005 notum
1107 960 1193 1005 est
1230 950 1409 1017 nobis,
1442 953 1570 1022 quia
1625 951 1824 1022 ubique
1861 951 1912 1006 ei
1953 966 2089 1008 con-

491 1037 797 1094 tradieitur.
824 1039 957 1095 Cum
983 1042 1393 1099 constituissent
1413 1053 1595 1100 autem
1623 1044 1699 1098 illi
1730 1043 1898 1111 diem,
1925 1060 2093 1100 vene-

486 1142 620 1186 runt
644 1132 712 1186 ad
728 1147 855 1188 eum
877 1133 932 1188 in
965 1133 1263 1204 hospitium
1291 1135 1534 1204 plurimi,
1563 1135 1759 1207 quibus
1780 1136 2093 1207 exponebat

492 1223 791 1281 testiﬁcans
814 1242 1038 1297 regnum
1083 1227 1202 1296 Dei,
1232 1228 1576 1300 suadensque
1602 1229 1682 1285 eis
1726 1228 1796 1285 de
1844 1229 1972 1285 Jesu
2024 1246 2090 1287 ex

493 1319 617 1389 lege
642 1320 812 1393 Moysi
844 1332 900 1377 et
929 1321 1236 1391 Pmphetis,
1267 1338 1297 1377 a
1321 1339 1480 1378 mane
1503 1338 1674 1396 usque
1695 1326 1762 1380 ad
1785 1341 2089 1397 vesperam.

491 1408 563 1465 Et
591 1410 816 1482 quidam
848 1414 1144 1470 credebant
1165 1414 1273 1482 his,
1322 1432 1446 1486 qua:
1485 1417 1807 1474 dicebantur
1834 1436 1848 1473 :
1873 1419 2093 1490 quidam

490 1518 623 1559 vero
648 1520 755 1561 non
795 1505 1113 1563 credebant.
1175 1507 1421 1581 Cumque
1469 1512 1702 1568 invicem
1752 1529 1859 1567 non
1910 1524 2096 1570 essent

490 1599 915 1665 consentientes,
994 1601 1388 1670 discedebant,
1435 1604 1651 1662 dicente
1703 1606 1875 1663 Paulo
1928 1625 2093 1663 unum

493 1692 717 1748 verbum
750 1709 767 1747 :
800 1690 937 1760 Quia
972 1694 1113 1751 bene
1139 1694 1379 1767 Spiritus
1407 1708 1632 1755 sanctus
1656 1699 1868 1755 locutus
1896 1710 1980 1756 est
2001 1716 2097 1772 per
2125 1697 2175 1758 B

2187 398 2257 451 ad
2294 401 2547 469 populum
2569 400 2759 470 istum,
2788 412 2844 459 et
2876 404 2970 459 dic
2990 403 3058 459 ad
3085 419 3186 460 eos
3213 422 3229 458 :
3262 406 3410 460 Aure
3455 405 3690 472 audietis.
3710 420 3754 465 et

2188 504 2297 545 non
2327 490 2646 562 intelligetis
2675 510 2693 550 :
2737 504 2794 550 et
2821 494 3071 553 videntes
3094 495 3374 563 videbitis,
3420 506 3477 552 et
3512 512 3614 553 non
3655 515 3755 569 per-

2189 582 2450 653 spicietis.
2476 583 2839 641 Inerassatum
2862 596 2948 643 est
2978 588 3123 644 enim
3144 603 3243 644 cor
3280 588 3468 660 populi
3507 588 3679 661 hujus,
3712 602 3756 649 et

2189 676 2411 731 auribus
2442 679 2682 749 graviter
2715 680 3028 749 audierunt,
3057 692 3112 738 ct
3136 682 3326 738 oculos
3345 697 3480 738 suos
3507 699 3757 752 compres-

2189 780 2398 835 serunt,
2431 786 2501 826 ne
2531 770 2674 828 forte
2702 773 2928 829 videant
2952 775 3148 843 oculis,
3182 785 3239 831 et
3273 775 3501 832 auribus
3540 779 3754 851 audiant,

2191 870 2247 915 et
2274 861 2442 917 corde
2459 862 2760 933 intelligant
2785 873 2841 921 et
2890 875 3305 931 convertantur,
3350 877 3408 923 et
3452 883 3634 925 sanem
3660 885 3755 928 eos.

2190 951 2387 1009 Notum
2415 969 2546 1025 ergo
2573 955 2646 1010 sit
2667 957 2842 1023 vobis,
2881 959 3137 1025 quoniam
3177 961 3434 1031 gentibus
3456 962 3666 1017 missurn
3688 974 3758 1019 est

2193 1044 2297 1101 hoc
2326 1046 2567 1103 salutare
2600 1047 2717 1112 Dei,
2742 1058 2798 1104 et
2834 1050 2937 1120 ipsi
2964 1050 3208 1107 audient.
3245 1052 3313 1107 Et
3337 1068 3460 1108 cum
3487 1036 3598 1109 ιιεὲ
3616 1055 3758 1111 dixis-

2192 1147 2298 1206 set,
2326 1138 2580 1194 eaierunt
2607 1140 2678 1194 ab
2699 1156 2765 1197 eo
2792 1140 2988 1208 Judaei,
3021 1145 3252 1199 multam
3275 1146 3535 1202 habentes
3560 1147 3760 1206 interse

2194 1233 2574 1302 qumstionem.
2605 1234 2800 1290 Ilansit
2827 1246 3007 1292 autem
3051 1237 3276 1294 biennio
3315 1248 3430 1294 toto
3455 1240 3509 1295 in
3528 1254 3621 1295 suo
3645 1255 3763 1297 con-

2195 1324 2359 1381 ducto
2391 1345 2406 1382 :
2435 1337 2493 1383 et
2519 1329 2851 1399 suscipiebat
2882 1346 3098 1400 omnes,
3130 1335 3225 1403 qui
3248 1332 3673 1404 ingrediebantur
3691 1336 3757 1391 ad

2196 1435 2343 1487 eum,
2375 1421 2676 1490 praedicans
2703 1437 2927 1493 regnum
2953 1422 3070 1491 Dei,
3101 1434 3155 1480 et
3181 1424 3390 1481 docens
3415 1442 3529 1498 quze
3553 1436 3665 1483 sunt
3694 1428 3761 1482 de

2199 1514 2432 1570 Domino
2451 1514 2582 1572 Jesu
2607 1515 2849 1587 Christo,
2874 1531 2999 1574 cum
3037 1519 3188 1574 omni
3214 1519 3431 1589 ﬁducia,
3454 1521 3561 1577 sine
3581 1519 3752 1593 prohi-

2199 1609 2427 1665 bitione.

1604 1810 1840 1886 Explicit
1879 1815 2009 1871 liber
2044 1817 2267 1873 Acluum
2312 1820 2706 1890 Apostolorum.

491 1952 2936 1983 Ἢ

1246 2055 1420 2168 Β.
1495 2054 2068 2171 PAULI
2142 2063 3065 2179 APOSTOLI

2000 2249 2295 2314 INCIPIT

887 2406 1854 2559 EPISTOLA
1915 2404 1939 2431 °
2004 2412 2089 2554 Α

2193 2417 2281 2555 )
2381 2413 3434 2567 ROMANOS.

570 2765 723 2842 [ϐαρ.
756 2762 825 2835 1.]
884 2761 1126 2829 Paulus,
1175 2773 1366 2815 servus
1401 2758 1532 2813 Iesu
1580 2754 1820 2823 Christi,
1866 2762 2095 2811 vocatus

494 2858 842 2932 Apostolus,
892 2862 1212 2926 segregatus
1259 2852 1312 2907 in
1361 2850 1711 2921 Evangelium
1761 2848 1896 2915 Dei,
1948 2847 2092 2919 quod

495 2961 621 3005 ante
649 2948 979 3020 promiserat
1027 2959 1122 3016 per
1167 2942 1465 3015 pmphetas
1513 2954 1642 2995 suos
1689 2939 1746 2994 in
1797 2938 2094 3010 Scripturis

492 3043 702 3100 sanctis
745 3041 814 3096 de
858 3040 998 3095 Filio
1027 3052 1126 3095 suo
1154 3078 1170 3103 ,
1218 3038 1311 3108 qui
1354 3038 1525 3091 tactus
1565 3042 1651 3091 est
1687 3035 1735 3090 ei
1782 3049 1849 3089 ex
1881 3033 2094 3090 semine

494 3132 665 3188 David
720 3129 1023 3185 secundum
1076 3143 1293 3184 carnem
1329 3169 1343 3193 ,
1397 3127 1486 3198 qui
1541 3125 1955 3197 prmdcstinatus
2010 3135 2094 3180 est

436 3285 441 3291 ,
492 3226 668 3282 Filius
699 3223 797 3278 Dei
830 3223 883 3276 in
921 3222 1123 3276 virtute
1170 3221 1466 3277 secundum
1505 3220 1754 3289 spiritum
1783 3218 2085 3273 sanctiﬁca-

496 3318 662 3375 tionis
711 3331 778 3372 ex
826 3314 1230 3370 resurrectione
1299 3323 1637 3367 mortuorum
1694 3312 1823 3366 Jesu
1886 3308 2091 3366 Christi

495 3410 717 3469 Domini
747 3410 921 3467 nostri
956 3426 968 3463 :
1002 3424 1101 3479 per
1147 3422 1310 3477 quem
1361 3405 1668 3475 accepimus
1714 3404 1943 3474 gratiam
1972 3445 1987 3469 ,
2035 3412 2093 3458 et

496 3505 908 3577 Apostolatum,
940 3501 1007 3557 ad
1035 3497 1399 3556 obediendnm
1432 3495 1555 3551 lidei
1591 3497 1642 3551 in
1672 3495 1924 3550 omnibus
1960 3511 2092 3565 gen-

495 3600 640 3656 tibus
670 3613 768 3669 pro
796 3596 1017 3653 nomine
1044 3593 1163 3663 ejus
1184 3634 1199 3659 ,
1243 3592 1300 3646 in
1331 3589 1527 3662 quibus
1555 3589 1687 3643 estis
1715 3598 1771 3643 et
1799 3602 1895 3642 vos
1918 3587 2093 3643 vocati

494 3693 620 3749 Jesu
651 3690 855 3747 Christi
882 3707 895 3745 :
926 3688 1180 3745 omnibus
1210 3685 1301 3757 qui
1324 3692 1451 3739 sunt
1480 3682 1691 3748 liomm,
1721 3681 1939 3736 dilectis
1969 3680 2088 3748 Dei,

492 3786 701 3840 vocatis
746 3783 970 3839 sanctis.
1022 3778 1209 3837 Gratia
1256 3777 1410 3833 vobis
1453 3786 1509 3833 et
1555 3790 1657 3844 pax
1700 3790 1729 3828 a
1776 3772 1887 3828 Deo
1931 3771 2091 3827 Patre

491 3888 718 3943 nostro,
766 3885 822 3932 et
868 3878 1099 3931 Domino
1139 3874 1268 3930 .Iesu
1312 3871 1550 3928 Christo.
1601 3870 1839 3925 Primum
1869 3867 2090 3940 quidem

494 3972 700 4045 gratias
724 3985 826 4039 ago
850 3970 965 4025 Deo
997 3983 1119 4023 meo
1146 3983 1240 4040 per
1261 3967 1448 4024 Iesum
1478 3963 1753 4020 Christum
1786 3977 1885 4034 pro
1912 3960 2088 4017 omni-

490 4068 596 4125 bus
620 4065 775 4121 vobis
800 4081 815 4123 :
848 4065 971 4133 quia
998 4063 1132 4118 fides
1170 4072 1347 4117 vestra
1374 4060 1727 4116 annuntiatnr
1757 4058 1809 4113 in
1839 4056 2091 4112 universo

495 4160 724 4216 mundo.
771 4156 950 4212 Testis
1004 4154 1147 4209 enim
1188 4153 1319 4208 mihi
1362 4161 1445 4207 est
1471 4152 1614 4206 Dens
1640 4192 1655 4218 ,
1697 4151 1780 4204 cui
1811 4151 1989 4205 servio
2038 4147 2091 4202 in

494 4252 687 4323 Spiritu
724 4262 847 4304 meo
873 4249 925 4303 in
960 4245 1255 4316 Evangelia
1279 4242 1402 4299 Filii
1430 4243 1570 4312 ejus,
1603 4241 1744 4312 quod
1777 4240 1894 4295 sine
1925 4241 2093 4295 inter-

494 4346 759 4404 missione
791 4341 1111 4400 memoriam
1145 4339 1315 4394 vestri
1364 4336 1507 4392 iacio
1543 4350 1761 4405 semper
1796 4336 1849 4389 in
1879 4334 2087 4389 oratio-

491 4437 653 4494 nibus
675 4435 840 4492 meis:
860 4432 1239 4498 obsecrans,si
1262 4428 1538 4502 quomodo
1561 4427 1780 4483 tandem
1803 4426 2091 4496 aliquando

2199 2755 2353 2812 vobis
2381 2801 2396 2825 ,
2450 2757 2540 2828 qni
2590 2756 2780 2815 Romae
2822 2763 2997 2827 estis,
3051 2762 3451 2833 evangelizare.
3488 2761 3597 2817 Non
3637 2763 3762 2819 enim

2198 2850 2464 2908 erubesco
2495 2852 2871 2924 Evangelium.
2904 2853 3084 2910 Virtus
3109 2857 3256 2910 enim
3292 2855 3387 2911 Dei
3424 2867 3503 2911 est
3545 2857 3593 2911 in
3633 2855 3763 2910 salu-

2202 2952 2305 2998 tem
2348 2946 2497 2999 omni
2528 2945 2769 3001 credenti
2798 2991 2812 3015 ,
2855 2946 3046 3003 Judao
3071 2947 3308 3017 primqu
3354 2957 3411 3005 et
3444 2948 3647 3003 Grzeco.
3675 2946 3762 3002 .lu-

2197 3035 2343 3090 stitia
2392 3037 2536 3093 enim
2582 3036 2681 3093 Dei
2722 3038 2774 3093 in
2820 3054 2887 3094 eo
2930 3039 3204 3095 revelatur
3245 3056 3312 3096 ex
3356 3041 3461 3097 ﬁde
3501 3041 3549 3096 in
3577 3039 3757 3096 iidem:

2198 3128 2338 3184 sicut
2370 3130 2633 3200 scriptum
2673 3140 2799 3187 est:
2831 3130 3019 3187 Justus
3049 3141 3230 3187 autem
3258 3149 3324 3188 ex
3356 3132 3463 3189 ﬁde
3489 3133 3630 3188 vivit.
3671 3130 3761 3185 Re-

2201 3221 2410 3276 velatur
2432 3222 2575 3276 enim
2607 3223 2682 3278 ira
2711 3223 2809 3278 Dei
2837 3224 2907 3280 de
2930 3224 3091 3293 caelo,
3109 3240 3275 3296 super
3300 3240 3513 3281 omnem
3535 3225 3757 3295 impieta-

2196 3321 2301 3367 tem
2320 3322 2375 3368 ct
2405 3313 2723 3389 injustitiam
2754 3315 3033 3371 hominum
3057 3333 3245 3373 eorum
3277 3319 3370 3388 qui
3395 3318 3662 3374 veritatem
3676 3316 3755 3371 Dei

2199 3404 2252 3459 in
2281 3404 2543 3475 iniustitia
2568 3406 2847 3464 detinent:
2871 3410 2997 3479 quia
3019 3409 3163 3481 quod
3197 3420 3385 3466 uotum
3414 3422 3494 3466 est
3519 3412 3628 3475 Dei,
3656 3424 3756 3464 nta-

2192 3496 2449 3553 nil'estnm
2480 3498 2647 3553 estin
2689 3499 2815 3554 illis.
2863 3500 3007 3556 Deus
3047 3503 3192 3556 enim
3242 3502 3346 3557 illis
3392 3500 3752 3557 manilestavit.

2194 3588 2485 3646 Iavisibilia
2517 3593 2661 3647 enim
2704 3592 2913 3664 ipsius,
2959 3609 2988 3649 a
3025 3607 3273 3651 creatura
3316 3596 3546 3664 mundi,
3593 3610 3680 3668 per
3701 3606 3752 3648 ea

2191 3697 2313 3753 qua:
2343 3682 2479 3739 facta
2502 3692 2653 3750 sunt,
2676 3684 2972 3754 intellecta,
2991 3687 3434 3757 conspiciuntur:
3459 3689 3752 3756 sempiterna

2192 3792 2409 3848 quoque
2439 3777 2561 3847 ejus
2589 3779 2782 3846 virtus,
2811 3764 3149 3835 et‘divinitas
3182 3800 3195 3835 :
3229 3780 3302 3836 ita
3334 3790 3394 3835 nt
3421 3782 3529 3836 sint
3557 3781 3752 3836 inexcu-

2192 3869 2411 3925 sabiles.
2461 3870 2596 3938 Quia
2636 3885 2761 3926 enm
2806 3871 3196 3943 cognovissent
3237 3873 3405 3927 Deum
3433 3919 3447 3943 ,
3493 3887 3596 3929 non
3636 3871 3753 3925 sicut

2196 3963 2362 4019 Deum
2394 3963 2858 4035 gleiifieavcrunt,
2888 3977 2977 4020 aut
3003 3967 3207 4036 gratias
3235 3974 3464 4037 egerunt
3490 3986 3503 4022 :
3535 3963 3623 4021 sed
3651 3977 3752 4018 eva-

2196 4066 2430 4112 nuerunt
2461 4057 2513 4112 in
2544 4057 2963 4127 cogitationibus
3011 4058 3123 4113 suis
3150 4098 3166 4124 ,
3221 4069 3277 4113 ct
3317 4060 3649 4114 obscuratum
3684 4061 3750 4108 est

2195 4150 2461 4220 insipiens
2489 4164 2585 4205 cor
2610 4166 2797 4206 eorum
2826 4169 2840 4206 :
2868 4150 3113 4207 dicentes
3143 4151 3289 4206 enim
3322 4166 3382 4207 se
3423 4165 3542 4230 esse
3570 4146 3750 4217 sapien-

2196 4252 2301 4311 tes,
2331 4244 2480 4299 stulti
2509 4242 2631 4300 l'aeti
2659 4253 2807 4299 sunt.
2859 4245 2925 4300 Et
2965 4254 3312 4301 mutaverunt
3350 4245 3567 4315 gloriam
3594 4243 3745 4297 incur-

2194 4339 2467 4409 ruptibilis
2489 4337 2605 4407 Dei,
2631 4340 2683 4393 in
2706 4339 3116 4395 similitudinem
3141 4339 3398 4410 imaginis
3421 4331 3746 4406 corruptibilis

2197 4430 2453 4495 hominis,
2482 4438 2538 4485 et
2568 4431 2870 4498 volucrum,
2904 4439 2961 4487 et
2989 4431 3439 4504 quadrupedum,
3478 4440 3531 4488 et
3559 4436 3745 4496 serpen-

491 4544 815 4603 prospcrum
845 4527 951 4582 iter
979 4526 1207 4581 habeam
1239 4523 1291 4579 in
1324 4522 1606 4578 voluntate
1628 4521 1722 4576 Dei
1750 4518 1997 4575 veniendi
2021 4520 2087 4575 ad
2116 4558 2172 4620 Β
2198 4524 2350 4579 tium.
2386 4524 2615 4595 Propter
2656 4524 2799 4596 quod
2843 4523 3066 4581 tradidit
3095 4525 3220 4580 illos
3254 4525 3401 4580 Deus
3428 4525 3481 4580 in
3519 4514 3740 4620 deﬂeri:

488 4636 611 4677 vos.
644 4621 908 4678 Desidere
935 4621 1084 4675 enim
1116 4617 1304 4673 videre
1331 4630 1450 4682 vos,
1484 4624 1543 4670 nt
1571 4613 1773 4684 aliquid
1808 4614 2089 4684 impertiar

488 4713 645 4768 vobis
666 4713 857 4784 gratia:
884 4710 1186 4783 spiritualis
1213 4709 1279 4765 ad
1308 4706 1712 4764 conﬁrmandos
1742 4721 1835 4762 vos
1864 4724 1877 4759 :
1902 4706 1954 4760 id
1983 4716 2088 4773 est,

488 4804 655 4860 simul
682 4802 957 4860 consolari
989 4803 1042 4859 in
1069 4802 1225 4859 vobis
1249 4844 1264 4869 ,
1300 4816 1397 4873 per
1425 4816 1545 4857 eam
1570 4816 1689 4870 quin
1722 4799 1954 4855 invicem
1982 4809 2087 4866 est,

492 4896 654 4954 ﬁdem
692 4910 929 4954 vestram
966 4907 1128 4966 atque
1163 4912 1362 4953 meam.
1406 4894 1542 4952 Nolo
1570 4902 1755 4950 autem
1794 4907 1891 4948 vos
1937 4893 2090 4964 igno-

498 5004 643 5056 rare,
678 4989 876 5047 fratres
903 5008 918 5050 :
952 4990 1076 5062 quia
1119 5005 1263 5062 saepe
1293 4990 1550 5062 proposui
1578 4990 1764 5046 venire
1793 4988 1860 5044 ad
1887 5002 1984 5044 vos
2010 4988 2089 5061 (et

494 5081 805 5153 prohibitus
840 5096 961 5137 sum
1002 5097 1177 5154 usque
1214 5080 1440 5155 adhuc),
1479 5090 1537 5137 ut
1579 5082 1817 5154 aliquem
1848 5080 2084 5138 fructum

489 5174 721 5230 habeam
750 5183 804 5230 et
840 5174 893 5229 in
936 5175 1092 5231 vobis
1116 5217 1131 5242 ,
1173 5175 1313 5232 sicut
1353 5184 1410 5231 et
1457 5175 1510 5230 in
1554 5175 1768 5231 caeteris
1806 5174 2084 5247 gentibus.

487 5263 697 5322 Graecis
742 5280 808 5322 ac
853 5264 1107 5322 Barbaris
1135 5311 1149 5337 ,
1201 5265 1539 5337 sapientibus
1592 5275 1648 5321 et
1704 5266 2086 5336 insipientibus

485 5357 701 5416 debitor
741 5374 908 5415 sum:
950 5359 1021 5416 ita
1059 5359 1248 5433 (quod
1280 5360 1334 5415 in
1371 5358 1503 5430 me)
1550 5368 1861 5431 promptqu
1904 5369 1988 5417 est
2028 5368 2085 5417 et

2194 4617 2374 4672 cordis
2402 4631 2618 4683 eorum,
2650 4616 2704 4671 in
2730 4616 3129 4673 immunditiam
3162 4635 3175 4671 :
3218 4629 3274 4672 ut
3299 4614 3631 4675 contumeliis
3647 4604 3743 4663 aill-

2194 4709 2344 4764 ciant
2368 4722 2601 4780 corpora
2625 4724 2720 4764 sua
2750 4709 2803 4763 in
2836 4709 3175 4780 semetipsis:
3196 4710 3287 4781 qni
3318 4704 3749 4766 comtnntaverunt

2194 4800 2478 4855 veritatem
2512 4799 2606 4856 Dei
2633 4800 3062 4880 iu_mcndacium
3092 4818 3107 4858 :
3140 4801 3502 4857 etcoluerunt
3527 4841 3542 4868 ,
3584 4806 3631 4852 et
3652 4806 3750 4848 scrc

2194 4892 2410 4947 vieruut
2434 4901 2701 4948 creaturae
2726 4892 2908 4964 petius
2937 4909 3098 4964 quam
3125 4894 3372 4950 Creatori
3400 4936 3416 4962 ,
3461 4893 3545 4965 qui
3571 4896 3643 4945 est
3664 4884 3744 4938 be-

2194 4982 2451 5039 nedictus
2489 4985 2542 5038 in
2584 4984 2802 5039 saecula.
2846 4986 3041 5041 Amen.
3088 4984 3381 5054 Pr0ptcrea
3415 4979 3615 5040 tradidit
3640 4974 3738 5031 illos

2197 5076 2342 5132 Deus
2369 5078 2421 5132 in
2457 5078 2737 5149 passiones
2780 5079 3092 5150 ignominia:
3137 5097 3153 5136 :
3195 5096 3317 5136 nam
3351 5079 3556 5135 feminae
3582 5081 3737 5129 eorum

2193 5169 2612 5228 immolaverunt
2640 5173 2941 5230 naturalem
2967 5188 3145 5242 usum,
3180 5174 3232 5229 in
3255 5189 3377 5231 eum
3404 5185 3549 5229 usum
3570 5163 3650 5237 qui
3670 5166 3737 5216 εει

2186 5269 2377 5317 contra
2412 5274 2683 5319 naturam.
2715 5263 2980 5321 Similiter
3005 5273 3188 5321 autem
3222 5275 3276 5319 ct
3308 5261 3553 5328 masculi,
3579 5253 3734 5311 relicto

2188 5356 2420 5414 naturali
2447 5373 2547 5414 nsu
2572 5357 2811 5426 feminae,
2841 5369 3166 5415 exarserunt
3193 5360 3247 5415 in
3271 5356 3551 5415 desideriis
3575 5347 3674 5406 suis
3690 5342 3732 5397 in

554 5544 581 5616 εξ
611 5541 906 5616 Exegimus
933 5542 1097 5599 hasce
1120 5542 1296 5616 Pauli,
1329 5543 1671 5616 aliorumque
1693 5543 2077 5616 Apostolorum
2183 5541 2359 5616 Vatic.
2385 5541 2722 5616 Bibliotheca
2752 5551 3063 5616 asservatur
3096 5543 3199 5600 sub
3227 5559 3374 5601 num.
3409 5544 3493 5616 57,
3521 5548 3572 5594 cl
3597 5541 3727 5616 ηιιςιζι

481 5608 757 5735 Epistolas
776 5611 959 5737 diuxta
1007 5608 1295 5684 exemplar
1334 5608 1656 5670 Vaticanum
1695 5608 2078 5670 a'blartianreo
2179 5613 2422 5669 omnium
2475 5614 2917 5684 antiquissimum
2966 5616 3270 5672 invenimus
3300 5657 3315 5683 ,
3367 5630 3430 5672 ac
3467 5614 3604 5670 bona:
3635 5608 3723 5673 ρτε

561 5688 660 5735 itas
684 5721 701 5737 .
743 5697 772 5737 a
853 5680 1016 5737 [idem
1061 5697 1165 5737 ms.
1211 5684 1335 5737 cod.
1366 5683 1597 5737 Palatini
1626 5727 1639 5737 .
1687 5685 1779 5737 nui
1806 5684 1859 5737 in
1887 5685 2076 5737 eadem
2180 5685 2396 5737 caeteris
2423 5692 2567 5737 nota:
2596 5698 2660 5737 ac
2686 5682 2873 5737 trucis.

560 5681 701 5750 itas,
743 5680 815 5737 ad
853 5680 1016 5737 iidem
1061 5680 1335 5740 ms.'cod.
1366 5683 1597 5739 Palatini
1626 5727 1639 5750 ,
1687 5685 1779 5755 qui
1806 5684 1859 5739 in
1887 5685 2076 5742 eadem

2180 5685 2396 5742 caeteris
2423 5692 2567 5743 nota:
2596 5682 2660 5742 ac
2686 5682 2873 5756 frugis.
