  <div class='ocr_page' id='page_1' title='image "/cluster/home/n/w/nwhite01/storage/ocr_20150623/29/uva.x000826564/389.png"; bbox 0 0 3920 6200; ppageno 0'>
   <div class='ocr_carea' id='block_1_1' title="bbox 545 254 647 311">
    <p class='ocr_par' dir='ltr' id='par_1_1' title="bbox 545 254 647 311">
     <span class='ocr_line' id='line_1_1' title="bbox 545 254 647 311; baseline -0.049 0"><span class='ocrx_word' id='word_1_1' title='bbox 545 254 647 311; x_wconf 69' lang='grc' dir='ltr'><strong>τδι</strong></span> 
     </span>
    </p>
   </div>
   <div class='ocr_carea' id='block_1_2' title="bbox 552 450 2154 522">
    <p class='ocr_par' dir='ltr' id='par_1_2' title="bbox 552 450 2154 522">
     <span class='ocr_line' id='line_1_2' title="bbox 552 450 2154 522; baseline -0.005 -10"><span class='ocrx_word' id='word_1_2' title='bbox 552 458 667 512; x_wconf 80' lang='lat' dir='ltr'><strong>Dei.</strong></span> <span class='ocrx_word' id='word_1_3' title='bbox 700 454 985 510; x_wconf 71' lang='lat' dir='ltr'><strong>iustiﬁcati</strong></span> <span class='ocrx_word' id='word_1_4' title='bbox 1016 452 1185 522; x_wconf 88' lang='lat' dir='ltr'><strong>gratis</strong></span> <span class='ocrx_word' id='word_1_5' title='bbox 1211 466 1305 521; x_wconf 90' lang='lat' dir='ltr'><strong>per</strong></span> <span class='ocrx_word' id='word_1_6' title='bbox 1330 453 1557 521; x_wconf 73' lang='lat' dir='ltr'><strong>gratiam</strong></span> <span class='ocrx_word' id='word_1_7' title='bbox 1590 450 1784 521; x_wconf 85' lang='lat' dir='ltr'><strong>ipsius,</strong></span> <span class='ocrx_word' id='word_1_8' title='bbox 1812 466 1912 521; x_wconf 84' lang='lat' dir='ltr'><strong>per</strong></span> <span class='ocrx_word' id='word_1_9' title='bbox 1936 451 2154 505; x_wconf 87' lang='lat' dir='ltr'><strong>redem-</strong></span> 
     </span>
    </p>
   </div>
   <div class='ocr_carea' id='block_1_3' title="bbox 552 542 2156 620">
    <p class='ocr_par' dir='ltr' id='par_1_3' title="bbox 552 542 2156 620">
     <span class='ocr_line' id='line_1_3' title="bbox 552 542 2156 620; baseline -0.004 -17"><span class='ocrx_word' id='word_1_10' title='bbox 552 550 791 620; x_wconf 83' lang='lat' dir='ltr'><strong>ptionem</strong></span> <span class='ocrx_word' id='word_1_11' title='bbox 841 562 962 617; x_wconf 71' lang='lat' dir='ltr'><strong>qutc</strong></span> <span class='ocrx_word' id='word_1_12' title='bbox 1000 555 1088 599; x_wconf 77' lang='lat' dir='ltr'><strong>est</strong></span> <span class='ocrx_word' id='word_1_13' title='bbox 1135 546 1189 599; x_wconf 91' lang='lat' dir='ltr'><strong>in</strong></span> <span class='ocrx_word' id='word_1_14' title='bbox 1218 543 1441 598; x_wconf 83' lang='lat' dir='ltr'><strong>Christo</strong></span> <span class='ocrx_word' id='word_1_15' title='bbox 1470 544 1624 609; x_wconf 75' lang='lat' dir='ltr'><strong>Jcsu,</strong></span> <span class='ocrx_word' id='word_1_16' title='bbox 1658 559 1818 613; x_wconf 80' lang='lat' dir='ltr'><strong>quem</strong></span> <span class='ocrx_word' id='word_1_17' title='bbox 1870 542 2156 614; x_wconf 88' lang='lat' dir='ltr'><strong>proposuit</strong></span> 
     </span>
    </p>
   </div>
   <div class='ocr_carea' id='block_1_4' title="bbox 555 635 2155 709">
    <p class='ocr_par' dir='ltr' id='par_1_4' title="bbox 555 635 2155 709">
     <span class='ocr_line' id='line_1_4' title="bbox 555 635 2155 709; baseline -0.004 -13"><span class='ocrx_word' id='word_1_18' title='bbox 555 642 696 696; x_wconf 89' lang='lat' dir='ltr'><strong>Deus</strong></span> <span class='ocrx_word' id='word_1_19' title='bbox 748 637 1051 709; x_wconf 77' lang='lat' dir='ltr'><strong>propitiatir</strong></span> <span class='ocrx_word' id='word_1_20' title='bbox 1071 652 1193 691; x_wconf 89' lang='lat' dir='ltr'><strong>nem</strong></span> <span class='ocrx_word' id='word_1_21' title='bbox 1252 652 1348 705; x_wconf 81' lang='lat' dir='ltr'><strong>per</strong></span> <span class='ocrx_word' id='word_1_22' title='bbox 1380 637 1538 689; x_wconf 85' lang='lat' dir='ltr'><strong>ﬁdem</strong></span> <span class='ocrx_word' id='word_1_23' title='bbox 1567 635 1623 689; x_wconf 94' lang='lat' dir='ltr'><strong>in</strong></span> <span class='ocrx_word' id='word_1_24' title='bbox 1652 637 1919 693; x_wconf 75' lang='lat' dir='ltr'><strong>sanauine</strong></span> <span class='ocrx_word' id='word_1_25' title='bbox 1960 635 2155 704; x_wconf 84' lang='lat' dir='ltr'><strong>ipsius,</strong></span> 
     </span>
    </p>
   </div>
   <div class='ocr_carea' id='block_1_5' title="bbox 551 728 2152 797">
    <p class='ocr_par' dir='ltr' id='par_1_5' title="bbox 551 728 2152 797">
     <span class='ocr_line' id='line_1_5' title="bbox 551 728 2152 797; baseline -0.006 -10"><span class='ocrx_word' id='word_1_26' title='bbox 551 731 619 787; x_wconf 90' lang='lat' dir='ltr'><strong>ad</strong></span> <span class='ocrx_word' id='word_1_27' title='bbox 665 730 1036 785; x_wconf 79' lang='lat' dir='ltr'><strong>ostensionem</strong></span> <span class='ocrx_word' id='word_1_28' title='bbox 1064 728 1292 797; x_wconf 55' lang='lat' dir='ltr'><strong>justitia:</strong></span> <span class='ocrx_word' id='word_1_29' title='bbox 1343 744 1478 794; x_wconf 58' lang='lat' dir='ltr'><strong>sua»,</strong></span> <span class='ocrx_word' id='word_1_30' title='bbox 1519 738 1743 797; x_wconf 74' lang='lat' dir='ltr'><strong>propter</strong></span> <span class='ocrx_word' id='word_1_31' title='bbox 1769 728 2152 782; x_wconf 79' lang='lat' dir='ltr'><strong>remissionem</strong></span> 
     </span>
    </p>
   </div>
   <div class='ocr_carea' id='block_1_6' title="bbox 554 816 2154 895">
    <p class='ocr_par' dir='ltr' id='par_1_6' title="bbox 554 816 2154 895">
     <span class='ocr_line' id='line_1_6' title="bbox 554 816 2154 895; baseline -0.003 -21"><span class='ocrx_word' id='word_1_32' title='bbox 554 820 978 895; x_wconf 64' lang='lat' dir='ltr'><strong>praecedentium</strong></span> <span class='ocrx_word' id='word_1_33' title='bbox 1009 819 1337 874; x_wconf 75' lang='lat' dir='ltr'><strong>delictorum</strong></span> <span class='ocrx_word' id='word_1_34' title='bbox 1380 819 1435 873; x_wconf 92' lang='lat' dir='ltr'><strong>in</strong></span> <span class='ocrx_word' id='word_1_35' title='bbox 1478 818 1880 874; x_wconf 86' lang='lat' dir='ltr'><strong>sustentatione</strong></span> <span class='ocrx_word' id='word_1_36' title='bbox 1920 817 2037 883; x_wconf 89' lang='lat' dir='ltr'><strong>Dei,</strong></span> <span class='ocrx_word' id='word_1_37' title='bbox 2087 816 2154 871; x_wconf 87' lang='lat' dir='ltr'><strong>ad</strong></span> 
     </span>
    </p>
   </div>
   <div class='ocr_carea' id='block_1_7' title="bbox 557 911 2160 983">
    <p class='ocr_par' dir='ltr' id='par_1_7' title="bbox 557 911 2160 983">
     <span class='ocr_line' id='line_1_7' title="bbox 557 911 2160 983; baseline -0.001 -16"><span class='ocrx_word' id='word_1_38' title='bbox 557 915 930 969; x_wconf 79' lang='lat' dir='ltr'><strong>ostensionem</strong></span> <span class='ocrx_word' id='word_1_39' title='bbox 954 913 1178 983; x_wconf 66' lang='lat' dir='ltr'><strong>justitiw</strong></span> <span class='ocrx_word' id='word_1_40' title='bbox 1200 913 1318 982; x_wconf 84' lang='lat' dir='ltr'><strong>ejus</strong></span> <span class='ocrx_word' id='word_1_41' title='bbox 1350 913 1403 966; x_wconf 92' lang='lat' dir='ltr'><strong>in</strong></span> <span class='ocrx_word' id='word_1_42' title='bbox 1435 912 1537 967; x_wconf 89' lang='lat' dir='ltr'><strong>hoc</strong></span> <span class='ocrx_word' id='word_1_43' title='bbox 1558 922 1832 982; x_wconf 84' lang='lat' dir='ltr'><strong>tempere:</strong></span> <span class='ocrx_word' id='word_1_44' title='bbox 1866 922 1923 965; x_wconf 92' lang='lat' dir='ltr'><strong>ut</strong></span> <span class='ocrx_word' id='word_1_45' title='bbox 1944 912 2015 964; x_wconf 84' lang='lat' dir='ltr'><strong>sit</strong></span> <span class='ocrx_word' id='word_1_46' title='bbox 2042 911 2160 979; x_wconf 81' lang='lat' dir='ltr'><strong>ipse</strong></span> 
     </span>
    </p>
   </div>
   <div class='ocr_carea' id='block_1_8' title="bbox 554 1000 2161 1077">
    <p class='ocr_par' dir='ltr' id='par_1_8' title="bbox 554 1000 2161 1077">
     <span class='ocr_line' id='line_1_8' title="bbox 554 1000 2161 1077; baseline -0.002 -18"><span class='ocrx_word' id='word_1_47' title='bbox 554 1007 753 1077; x_wconf 83' lang='lat' dir='ltr'><strong>justus,</strong></span> <span class='ocrx_word' id='word_1_48' title='bbox 783 1016 838 1059; x_wconf 89' lang='lat' dir='ltr'><strong>et</strong></span> <span class='ocrx_word' id='word_1_49' title='bbox 861 1003 1171 1074; x_wconf 76' lang='lat' dir='ltr'><strong>jusnﬁcans</strong></span> <span class='ocrx_word' id='word_1_50' title='bbox 1198 1026 1213 1055; x_wconf 78' lang='grc' dir='ltr'><strong>ι</strong></span> <span class='ocrx_word' id='word_1_51' title='bbox 1233 1018 1320 1056; x_wconf 91' lang='lat' dir='ltr'><strong>um</strong></span> <span class='ocrx_word' id='word_1_52' title='bbox 1351 1003 1441 1072; x_wconf 82' lang='lat' dir='ltr'><strong>qui</strong></span> <span class='ocrx_word' id='word_1_53' title='bbox 1472 1013 1555 1056; x_wconf 90' lang='lat' dir='ltr'><strong>est</strong></span> <span class='ocrx_word' id='word_1_54' title='bbox 1581 1018 1647 1056; x_wconf 86' lang='lat' dir='ltr'><strong>ex</strong></span> <span class='ocrx_word' id='word_1_55' title='bbox 1678 1002 1783 1057; x_wconf 88' lang='lat' dir='ltr'><strong>ﬁde</strong></span> <span class='ocrx_word' id='word_1_56' title='bbox 1811 1000 1978 1057; x_wconf 69' lang='lat' dir='ltr'><strong>.lesuﬂ</strong></span> <span class='ocrx_word' id='word_1_57' title='bbox 2003 1001 2161 1055; x_wconf 78' lang='lat' dir='ltr'><strong>Chri-</strong></span> 
     </span>
    </p>
   </div>
   <div class='ocr_carea' id='block_1_9' title="bbox 558 1094 2157 1169">
    <p class='ocr_par' dir='ltr' id='par_1_9' title="bbox 558 1094 2157 1169">
     <span class='ocr_line' id='line_1_9' title="bbox 558 1094 2157 1169; baseline -0.005 -14"><span class='ocrx_word' id='word_1_58' title='bbox 558 1102 649 1155; x_wconf 85' lang='lat' dir='ltr'><strong>sti.</strong></span> <span class='ocrx_word' id='word_1_59' title='bbox 675 1100 777 1156; x_wconf 88' lang='lat' dir='ltr'><strong>Ubi</strong></span> <span class='ocrx_word' id='word_1_60' title='bbox 801 1109 885 1153; x_wconf 88' lang='lat' dir='ltr'><strong>est</strong></span> <span class='ocrx_word' id='word_1_61' title='bbox 907 1114 1037 1169; x_wconf 87' lang='lat' dir='ltr'><strong>ergo</strong></span> <span class='ocrx_word' id='word_1_62' title='bbox 1058 1097 1318 1169; x_wconf 72' lang='lat' dir='ltr'><strong>gloriatio</strong></span> <span class='ocrx_word' id='word_1_63' title='bbox 1342 1097 1465 1151; x_wconf 75' lang='lat' dir='ltr'><strong>tua?</strong></span> <span class='ocrx_word' id='word_1_64' title='bbox 1489 1096 1721 1151; x_wconf 84' lang='lat' dir='ltr'><strong>Exclnsa</strong></span> <span class='ocrx_word' id='word_1_65' title='bbox 1747 1104 1849 1151; x_wconf 89' lang='lat' dir='ltr'><strong>cst.</strong></span> <span class='ocrx_word' id='word_1_66' title='bbox 1874 1094 1979 1151; x_wconf 83' lang='lat' dir='ltr'><strong>Per</strong></span> <span class='ocrx_word' id='word_1_67' title='bbox 1995 1110 2157 1165; x_wconf 89' lang='lat' dir='ltr'><strong>quam</strong></span> 
     </span>
    </p>
   </div>
   <div class='ocr_carea' id='block_1_10' title="bbox 558 1185 2163 1264">
    <p class='ocr_par' dir='ltr' id='par_1_10' title="bbox 558 1185 2163 1264">
     <span class='ocr_line' id='line_1_10' title="bbox 558 1185 2163 1264; baseline -0.006 -15"><span class='ocrx_word' id='word_1_68' title='bbox 558 1192 771 1264; x_wconf 81' lang='lat' dir='ltr'><strong>legero?</strong></span> <span class='ocrx_word' id='word_1_69' title='bbox 797 1189 1132 1246; x_wconf 77' lang='lat' dir='ltr'><strong>Factorum?</strong></span> <span class='ocrx_word' id='word_1_70' title='bbox 1162 1187 1313 1253; x_wconf 80' lang='lat' dir='ltr'><strong>Non;</strong></span> <span class='ocrx_word' id='word_1_71' title='bbox 1342 1189 1435 1242; x_wconf 78' lang='lat' dir='ltr'><strong>sed</strong></span> <span class='ocrx_word' id='word_1_72' title='bbox 1466 1204 1564 1258; x_wconf 83' lang='lat' dir='ltr'><strong>per</strong></span> <span class='ocrx_word' id='word_1_73' title='bbox 1612 1188 1787 1257; x_wconf 82' lang='lat' dir='ltr'><strong>legem</strong></span> <span class='ocrx_word' id='word_1_74' title='bbox 1816 1185 1964 1242; x_wconf 88' lang='lat' dir='ltr'><strong>ﬁdei.</strong></span> <span class='ocrx_word' id='word_1_75' title='bbox 2006 1186 2163 1241; x_wconf 77' lang='lat' dir='ltr'><strong>Arbi-</strong></span> 
     </span>
    </p>
   </div>
   <div class='ocr_carea' id='block_1_11' title="bbox 561 1280 2165 1353">
    <p class='ocr_par' dir='ltr' id='par_1_11' title="bbox 561 1280 2165 1353">
     <span class='ocr_line' id='line_1_11' title="bbox 561 1280 2165 1353; baseline -0.003 -13"><span class='ocrx_word' id='word_1_76' title='bbox 561 1295 767 1340; x_wconf 89' lang='lat' dir='ltr'><strong>tramur</strong></span> <span class='ocrx_word' id='word_1_77' title='bbox 794 1284 940 1339; x_wconf 91' lang='lat' dir='ltr'><strong>enim</strong></span> <span class='ocrx_word' id='word_1_78' title='bbox 964 1282 1258 1353; x_wconf 87' lang='lat' dir='ltr'><strong>justiﬁcari</strong></span> <span class='ocrx_word' id='word_1_79' title='bbox 1286 1283 1558 1336; x_wconf 78' lang='lat' dir='ltr'><strong>hominem</strong></span> <span class='ocrx_word' id='word_1_80' title='bbox 1590 1298 1689 1351; x_wconf 88' lang='lat' dir='ltr'><strong>per</strong></span> <span class='ocrx_word' id='word_1_81' title='bbox 1711 1280 1872 1335; x_wconf 87' lang='lat' dir='ltr'><strong>ﬁdem</strong></span> <span class='ocrx_word' id='word_1_82' title='bbox 1900 1281 2019 1335; x_wconf 86' lang='lat' dir='ltr'><strong>sine</strong></span> <span class='ocrx_word' id='word_1_83' title='bbox 2040 1294 2165 1350; x_wconf 80' lang='lat' dir='ltr'><strong>ope-</strong></span> 
     </span>
    </p>
   </div>
   <div class='ocr_carea' id='block_1_12' title="bbox 560 1376 2166 1449">
    <p class='ocr_par' dir='ltr' id='par_1_12' title="bbox 560 1376 2166 1449">
     <span class='ocr_line' id='line_1_12' title="bbox 560 1376 2166 1449; baseline -0.004 -14"><span class='ocrx_word' id='word_1_84' title='bbox 560 1380 714 1435; x_wconf 62' lang='lat' dir='ltr'><strong>ribus</strong></span> <span class='ocrx_word' id='word_1_85' title='bbox 745 1380 903 1449; x_wconf 90' lang='lat' dir='ltr'><strong>legis.</strong></span> <span class='ocrx_word' id='word_1_86' title='bbox 954 1379 1038 1433; x_wconf 74' lang='lat' dir='ltr'><strong>An</strong></span> <span class='ocrx_word' id='word_1_87' title='bbox 1064 1376 1382 1431; x_wconf 73' lang='lat' dir='ltr'><strong>.ludzcorum</strong></span> <span class='ocrx_word' id='word_1_88' title='bbox 1418 1376 1560 1431; x_wconf 89' lang='lat' dir='ltr'><strong>Deus</strong></span> <span class='ocrx_word' id='word_1_89' title='bbox 1582 1378 1831 1430; x_wconf 78' lang='lat' dir='ltr'><strong>tantum?</strong></span> <span class='ocrx_word' id='word_1_90' title='bbox 1873 1389 2055 1430; x_wconf 90' lang='lat' dir='ltr'><strong>nonne</strong></span> <span class='ocrx_word' id='word_1_91' title='bbox 2109 1382 2166 1430; x_wconf 89' lang='lat' dir='ltr'><strong>et</strong></span> 
     </span>
    </p>
   </div>
   <div class='ocr_carea' id='block_1_13' title="bbox 558 1468 2166 1545">
    <p class='ocr_par' dir='ltr' id='par_1_13' title="bbox 558 1468 2166 1545">
     <span class='ocr_line' id='line_1_13' title="bbox 558 1468 2166 1545; baseline -0.002 -18"><span class='ocrx_word' id='word_1_92' title='bbox 558 1472 839 1545; x_wconf 85' lang='lat' dir='ltr'><strong>gentium?</strong></span> <span class='ocrx_word' id='word_1_93' title='bbox 866 1471 1057 1525; x_wconf 87' lang='lat' dir='ltr'><strong>immo.</strong></span> <span class='ocrx_word' id='word_1_94' title='bbox 1086 1470 1152 1524; x_wconf 77' lang='lat' dir='ltr'><strong>Et</strong></span> <span class='ocrx_word' id='word_1_95' title='bbox 1182 1471 1451 1540; x_wconf 87' lang='lat' dir='ltr'><strong>gentium.</strong></span> <span class='ocrx_word' id='word_1_96' title='bbox 1475 1468 1739 1536; x_wconf 80' lang='lat' dir='ltr'><strong>Quoniam</strong></span> <span class='ocrx_word' id='word_1_97' title='bbox 1771 1468 1993 1540; x_wconf 82' lang='lat' dir='ltr'><strong>quidem</strong></span> <span class='ocrx_word' id='word_1_98' title='bbox 2027 1482 2166 1524; x_wconf 78' lang='lat' dir='ltr'><strong>unus</strong></span> 
     </span>
    </p>
   </div>
   <div class='ocr_carea' id='block_1_14' title="bbox 560 1559 2167 1633">
    <p class='ocr_par' dir='ltr' id='par_1_14' title="bbox 560 1559 2167 1633">
     <span class='ocr_line' id='line_1_14' title="bbox 560 1559 2167 1633; baseline -0.002 -14"><span class='ocrx_word' id='word_1_99' title='bbox 560 1576 645 1621; x_wconf 85' lang='lat' dir='ltr'><strong>est</strong></span> <span class='ocrx_word' id='word_1_100' title='bbox 675 1567 816 1620; x_wconf 82' lang='lat' dir='ltr'><strong>Deus</strong></span> <span class='ocrx_word' id='word_1_101' title='bbox 844 1563 869 1603; x_wconf 73' lang='grc' dir='ltr'>ι’</span> <span class='ocrx_word' id='word_1_102' title='bbox 901 1562 1276 1633; x_wconf 64' lang='grc' dir='ltr'>(ιυὶῇιιιιίίίιειι</span> <span class='ocrx_word' id='word_1_103' title='bbox 1299 1561 1772 1617; x_wconf 82' lang='lat' dir='ltr'><strong>circumcisiouem</strong></span> <span class='ocrx_word' id='word_1_104' title='bbox 1813 1575 1884 1617; x_wconf 82' lang='lat' dir='ltr'><strong>ex</strong></span> <span class='ocrx_word' id='word_1_105' title='bbox 1934 1559 2066 1627; x_wconf 84' lang='lat' dir='ltr'><strong>ﬁde,</strong></span> <span class='ocrx_word' id='word_1_106' title='bbox 2112 1567 2167 1617; x_wconf 89' lang='lat' dir='ltr'><strong>et</strong></span> 
     </span>
    </p>
   </div>
   <div class='ocr_carea' id='block_1_15' title="bbox 564 1652 2168 1728">
    <p class='ocr_par' dir='ltr' id='par_1_15' title="bbox 564 1652 2168 1728">
     <span class='ocr_line' id='line_1_15' title="bbox 564 1652 2168 1728; baseline -0.002 -17"><span class='ocrx_word' id='word_1_107' title='bbox 564 1660 886 1728; x_wconf 67' lang='lat' dir='ltr'><strong>prmputium</strong></span> <span class='ocrx_word' id='word_1_108' title='bbox 919 1670 1016 1724; x_wconf 88' lang='lat' dir='ltr'><strong>per</strong></span> <span class='ocrx_word' id='word_1_109' title='bbox 1047 1655 1235 1709; x_wconf 89' lang='lat' dir='ltr'><strong>ﬁdem.</strong></span> <span class='ocrx_word' id='word_1_110' title='bbox 1281 1653 1479 1724; x_wconf 57' lang='lat' dir='ltr'><strong>Legem</strong></span> <span class='ocrx_word' id='word_1_111' title='bbox 1521 1667 1652 1723; x_wconf 79' lang='lat' dir='ltr'><strong>ergo</strong></span> <span class='ocrx_word' id='word_1_112' title='bbox 1680 1652 2018 1708; x_wconf 76' lang='lat' dir='ltr'><strong>destruimus</strong></span> <span class='ocrx_word' id='word_1_113' title='bbox 2067 1666 2168 1722; x_wconf 85' lang='lat' dir='ltr'><strong>per</strong></span> 
     </span>
    </p>
   </div>
   <div class='ocr_carea' id='block_1_16' title="bbox 565 1744 1653 1816">
    <p class='ocr_par' dir='ltr' id='par_1_16' title="bbox 565 1744 1653 1816">
     <span class='ocr_line' id='line_1_16' title="bbox 565 1744 1653 1816; baseline -0.006 -13"><span class='ocrx_word' id='word_1_114' title='bbox 565 1749 762 1804; x_wconf 79' lang='lat' dir='ltr'><strong>tidem?</strong></span> <span class='ocrx_word' id='word_1_115' title='bbox 786 1748 973 1813; x_wconf 84' lang='lat' dir='ltr'><strong>Absit;</strong></span> <span class='ocrx_word' id='word_1_116' title='bbox 1006 1746 1099 1801; x_wconf 88' lang='lat' dir='ltr'><strong>sed</strong></span> <span class='ocrx_word' id='word_1_117' title='bbox 1133 1746 1308 1816; x_wconf 91' lang='lat' dir='ltr'><strong>legem</strong></span> <span class='ocrx_word' id='word_1_118' title='bbox 1343 1744 1653 1799; x_wconf 71' lang='lat' dir='ltr'><strong>statuimus.</strong></span> 
     </span>
    </p>
   </div>
   <div class='ocr_carea' id='block_1_17' title="bbox 638 1831 2165 1909">
    <p class='ocr_par' dir='ltr' id='par_1_17' title="bbox 638 1831 2165 1909">
     <span class='ocr_line' id='line_1_17' title="bbox 638 1831 2165 1909; baseline -0.001 -20"><span class='ocrx_word' id='word_1_119' title='bbox 638 1840 788 1909; x_wconf 66' lang='grc' dir='ltr'><strong>[(ζιιρ.</strong></span> <span class='ocrx_word' id='word_1_120' title='bbox 820 1837 932 1907; x_wconf 86' lang='lat' dir='ltr'><strong>lV.]</strong></span> <span class='ocrx_word' id='word_1_121' title='bbox 966 1836 1104 1905; x_wconf 87' lang='lat' dir='ltr'><strong>Quid</strong></span> <span class='ocrx_word' id='word_1_122' title='bbox 1136 1851 1269 1906; x_wconf 89' lang='lat' dir='ltr'><strong>ergo</strong></span> <span class='ocrx_word' id='word_1_123' title='bbox 1305 1836 1547 1891; x_wconf 81' lang='lat' dir='ltr'><strong>dicemus</strong></span> <span class='ocrx_word' id='word_1_124' title='bbox 1570 1834 1844 1888; x_wconf 68' lang='lat' dir='ltr'><strong>invenisse</strong></span> <span class='ocrx_word' id='word_1_125' title='bbox 1890 1831 2165 1888; x_wconf 77' lang='lat' dir='ltr'><strong>Abraham</strong></span> 
     </span>
    </p>
   </div>
   <div class='ocr_carea' id='block_1_18' title="bbox 570 1926 2171 2002">
    <p class='ocr_par' dir='ltr' id='par_1_18' title="bbox 570 1926 2171 2002">
     <span class='ocr_line' id='line_1_18' title="bbox 570 1926 2171 2002; baseline 0 -22"><span class='ocrx_word' id='word_1_126' title='bbox 570 1941 776 2002; x_wconf 72' lang='lat' dir='ltr'><strong>patrem</strong></span> <span class='ocrx_word' id='word_1_127' title='bbox 821 1938 1077 1984; x_wconf 90' lang='lat' dir='ltr'><strong>nostrum</strong></span> <span class='ocrx_word' id='word_1_128' title='bbox 1109 1928 1405 1983; x_wconf 85' lang='lat' dir='ltr'><strong>secundum</strong></span> <span class='ocrx_word' id='word_1_129' title='bbox 1452 1926 1713 1982; x_wconf 74' lang='lat' dir='ltr'><strong>carnem?</strong></span> <span class='ocrx_word' id='word_1_130' title='bbox 1733 1926 1789 1980; x_wconf 72' lang='lat' dir='ltr'><strong>Si</strong></span> <span class='ocrx_word' id='word_1_131' title='bbox 1818 1927 1964 1982; x_wconf 87' lang='lat' dir='ltr'><strong>cnim</strong></span> <span class='ocrx_word' id='word_1_132' title='bbox 1994 1926 2171 1981; x_wconf 79' lang='lat' dir='ltr'><strong>Abra-</strong></span> 
     </span>
    </p>
   </div>
   <div class='ocr_carea' id='block_1_19' title="bbox 571 2019 2167 2093">
    <p class='ocr_par' dir='ltr' id='par_1_19' title="bbox 571 2019 2167 2093">
     <span class='ocr_line' id='line_1_19' title="bbox 571 2019 2167 2093; baseline -0.001 -16"><span class='ocrx_word' id='word_1_133' title='bbox 571 2028 692 2079; x_wconf 85' lang='lat' dir='ltr'><strong>ham</strong></span> <span class='ocrx_word' id='word_1_134' title='bbox 724 2040 789 2079; x_wconf 88' lang='lat' dir='ltr'><strong>ex</strong></span> <span class='ocrx_word' id='word_1_135' title='bbox 822 2022 1082 2093; x_wconf 51' lang='lat' dir='ltr'><strong>operibus</strong></span> <span class='ocrx_word' id='word_1_136' title='bbox 1106 2020 1434 2091; x_wconf 86' lang='lat' dir='ltr'><strong>justiﬁcatus</strong></span> <span class='ocrx_word' id='word_1_137' title='bbox 1465 2029 1573 2086; x_wconf 64' lang='lat' dir='ltr'><strong>est,</strong></span> <span class='ocrx_word' id='word_1_138' title='bbox 1598 2019 1757 2075; x_wconf 90' lang='lat' dir='ltr'><strong>habet</strong></span> <span class='ocrx_word' id='word_1_139' title='bbox 1774 2019 2036 2090; x_wconf 81' lang='lat' dir='ltr'><strong>gloriam,</strong></span> <span class='ocrx_word' id='word_1_140' title='bbox 2068 2019 2167 2075; x_wconf 86' lang='lat' dir='ltr'><strong>sed</strong></span> 
     </span>
    </p>
   </div>
   <div class='ocr_carea' id='block_1_20' title="bbox 569 2111 2170 2187">
    <p class='ocr_par' dir='ltr' id='par_1_20' title="bbox 569 2111 2170 2187">
     <span class='ocr_line' id='line_1_20' title="bbox 569 2111 2170 2187; baseline -0.003 -16"><span class='ocrx_word' id='word_1_141' title='bbox 569 2133 675 2172; x_wconf 89' lang='lat' dir='ltr'><strong>non</strong></span> <span class='ocrx_word' id='word_1_142' title='bbox 704 2116 844 2187; x_wconf 89' lang='lat' dir='ltr'><strong>apud</strong></span> <span class='ocrx_word' id='word_1_143' title='bbox 872 2114 1218 2182; x_wconf 89' lang='lat' dir='ltr'><strong>Deum.Quid</strong></span> <span class='ocrx_word' id='word_1_144' title='bbox 1251 2115 1393 2168; x_wconf 89' lang='lat' dir='ltr'><strong>enim</strong></span> <span class='ocrx_word' id='word_1_145' title='bbox 1417 2113 1550 2167; x_wconf 83' lang='lat' dir='ltr'><strong>dicit</strong></span> <span class='ocrx_word' id='word_1_146' title='bbox 1576 2112 1895 2182; x_wconf 79' lang='lat' dir='ltr'><strong>Scriptura?</strong></span> <span class='ocrx_word' id='word_1_147' title='bbox 1921 2111 2170 2169; x_wconf 78' lang='lat' dir='ltr'><strong>Credidit</strong></span> 
     </span>
    </p>
   </div>
   <div class='ocr_carea' id='block_1_21' title="bbox 570 2203 2169 2274">
    <p class='ocr_par' dir='ltr' id='par_1_21' title="bbox 570 2203 2169 2274">
     <span class='ocr_line' id='line_1_21' title="bbox 570 2203 2169 2274; baseline -0.003 -10"><span class='ocrx_word' id='word_1_148' title='bbox 570 2208 843 2264; x_wconf 78' lang='lat' dir='ltr'><strong>Abraham</strong></span> <span class='ocrx_word' id='word_1_149' title='bbox 874 2206 1020 2273; x_wconf 89' lang='lat' dir='ltr'><strong>Deo,</strong></span> <span class='ocrx_word' id='word_1_150' title='bbox 1054 2214 1109 2260; x_wconf 93' lang='lat' dir='ltr'><strong>et</strong></span> <span class='ocrx_word' id='word_1_151' title='bbox 1134 2214 1442 2273; x_wconf 89' lang='lat' dir='ltr'><strong>reputatnm</strong></span> <span class='ocrx_word' id='word_1_152' title='bbox 1476 2215 1559 2258; x_wconf 87' lang='lat' dir='ltr'><strong>est</strong></span> <span class='ocrx_word' id='word_1_153' title='bbox 1590 2204 1665 2258; x_wconf 92' lang='lat' dir='ltr'><strong>illi</strong></span> <span class='ocrx_word' id='word_1_154' title='bbox 1690 2204 1757 2257; x_wconf 90' lang='lat' dir='ltr'><strong>ad</strong></span> <span class='ocrx_word' id='word_1_155' title='bbox 1784 2203 2077 2274; x_wconf 80' lang='lat' dir='ltr'><strong>justitiam.</strong></span> <span class='ocrx_word' id='word_1_156' title='bbox 2108 2203 2169 2259; x_wconf 81' lang='lat' dir='ltr'><strong>Ei</strong></span> 
     </span>
    </p>
   </div>
   <div class='ocr_carea' id='block_1_22' title="bbox 568 2294 2169 2370">
    <p class='ocr_par' dir='ltr' id='par_1_22' title="bbox 568 2294 2169 2370">
     <span class='ocr_line' id='line_1_22' title="bbox 568 2294 2169 2370; baseline -0.001 -17"><span class='ocrx_word' id='word_1_157' title='bbox 568 2312 749 2355; x_wconf 86' lang='lat' dir='ltr'><strong>autem</strong></span> <span class='ocrx_word' id='word_1_158' title='bbox 777 2300 870 2370; x_wconf 93' lang='lat' dir='ltr'><strong>qui</strong></span> <span class='ocrx_word' id='word_1_159' title='bbox 890 2307 1168 2369; x_wconf 85' lang='lat' dir='ltr'><strong>operatur,</strong></span> <span class='ocrx_word' id='word_1_160' title='bbox 1186 2311 1396 2351; x_wconf 86' lang='lat' dir='ltr'><strong>merces</strong></span> <span class='ocrx_word' id='word_1_161' title='bbox 1421 2310 1527 2350; x_wconf 89' lang='lat' dir='ltr'><strong>non</strong></span> <span class='ocrx_word' id='word_1_162' title='bbox 1550 2297 1842 2365; x_wconf 86' lang='lat' dir='ltr'><strong>imputatur</strong></span> <span class='ocrx_word' id='word_1_163' title='bbox 1867 2294 2169 2351; x_wconf 88' lang='lat' dir='ltr'><strong>secundum</strong></span> 
     </span>
    </p>
   </div>
   <div class='ocr_carea' id='block_1_23' title="bbox 568 2388 2168 2465">
    <p class='ocr_par' dir='ltr' id='par_1_23' title="bbox 568 2388 2168 2465">
     <span class='ocr_line' id='line_1_23' title="bbox 568 2388 2168 2465; baseline -0.004 -16"><span class='ocrx_word' id='word_1_164' title='bbox 568 2394 820 2465; x_wconf 78' lang='lat' dir='ltr'><strong>gratiam,</strong></span> <span class='ocrx_word' id='word_1_165' title='bbox 876 2392 973 2448; x_wconf 89' lang='lat' dir='ltr'><strong>sed</strong></span> <span class='ocrx_word' id='word_1_166' title='bbox 1023 2389 1323 2446; x_wconf 88' lang='lat' dir='ltr'><strong>secundum</strong></span> <span class='ocrx_word' id='word_1_167' title='bbox 1366 2389 1640 2455; x_wconf 90' lang='lat' dir='ltr'><strong>debitum;</strong></span> <span class='ocrx_word' id='word_1_168' title='bbox 1696 2388 1745 2444; x_wconf 91' lang='lat' dir='ltr'><strong>ei</strong></span> <span class='ocrx_word' id='word_1_169' title='bbox 1777 2403 1908 2443; x_wconf 78' lang='lat' dir='ltr'><strong>vero</strong></span> <span class='ocrx_word' id='word_1_170' title='bbox 1937 2388 2028 2459; x_wconf 86' lang='lat' dir='ltr'><strong>qui</strong></span> <span class='ocrx_word' id='word_1_171' title='bbox 2061 2401 2168 2443; x_wconf 90' lang='lat' dir='ltr'><strong>non</strong></span> 
     </span>
    </p>
   </div>
   <div class='ocr_carea' id='block_1_24' title="bbox 567 2483 2164 2558">
    <p class='ocr_par' dir='ltr' id='par_1_24' title="bbox 567 2483 2164 2558">
     <span class='ocr_line' id='line_1_24' title="bbox 567 2483 2164 2558; baseline -0.002 -18"><span class='ocrx_word' id='word_1_172' title='bbox 567 2496 849 2558; x_wconf 81' lang='lat' dir='ltr'><strong>operatur,</strong></span> <span class='ocrx_word' id='word_1_173' title='bbox 879 2485 1125 2541; x_wconf 69' lang='lat' dir='ltr'><strong>credi-nti</strong></span> <span class='ocrx_word' id='word_1_174' title='bbox 1169 2494 1349 2539; x_wconf 85' lang='lat' dir='ltr'><strong>autem</strong></span> <span class='ocrx_word' id='word_1_175' title='bbox 1403 2485 1455 2539; x_wconf 92' lang='lat' dir='ltr'><strong>in</strong></span> <span class='ocrx_word' id='word_1_176' title='bbox 1496 2499 1620 2540; x_wconf 90' lang='lat' dir='ltr'><strong>eum</strong></span> <span class='ocrx_word' id='word_1_177' title='bbox 1663 2483 2040 2555; x_wconf 87' lang='lat' dir='ltr'><strong>quijnstiﬁcat</strong></span> <span class='ocrx_word' id='word_1_178' title='bbox 2068 2484 2164 2538; x_wconf 89' lang='lat' dir='ltr'><strong>im-</strong></span> 
     </span>
    </p>
   </div>
   <div class='ocr_carea' id='block_1_25' title="bbox 568 2574 2171 2653">
    <p class='ocr_par' dir='ltr' id='par_1_25' title="bbox 568 2574 2171 2653">
     <span class='ocr_line' id='line_1_25' title="bbox 568 2574 2171 2653; baseline -0.002 -18"><span class='ocrx_word' id='word_1_179' title='bbox 568 2583 737 2653; x_wconf 90' lang='lat' dir='ltr'><strong>pium,</strong></span> <span class='ocrx_word' id='word_1_180' title='bbox 788 2588 1070 2647; x_wconf 80' lang='lat' dir='ltr'><strong>reputatur</strong></span> <span class='ocrx_word' id='word_1_181' title='bbox 1099 2577 1233 2633; x_wconf 89' lang='lat' dir='ltr'><strong>ﬁdes</strong></span> <span class='ocrx_word' id='word_1_182' title='bbox 1277 2577 1399 2647; x_wconf 85' lang='lat' dir='ltr'><strong>ejus</strong></span> <span class='ocrx_word' id='word_1_183' title='bbox 1429 2576 1494 2631; x_wconf 91' lang='lat' dir='ltr'><strong>ad</strong></span> <span class='ocrx_word' id='word_1_184' title='bbox 1517 2576 1783 2647; x_wconf 86' lang='lat' dir='ltr'><strong>justitiam</strong></span> <span class='ocrx_word' id='word_1_185' title='bbox 1821 2586 1842 2614; x_wconf 77' lang='grc' dir='ltr'><em>ε</em></span> <span class='ocrx_word' id='word_1_186' title='bbox 1870 2574 2171 2631; x_wconf 90' lang='lat' dir='ltr'><strong>secundum</strong></span> 
     </span>
    </p>
   </div>
   <div class='ocr_carea' id='block_1_26' title="bbox 572 2667 2172 2744">
    <p class='ocr_par' dir='ltr' id='par_1_26' title="bbox 572 2667 2172 2744">
     <span class='ocr_line' id='line_1_26' title="bbox 572 2667 2172 2744; baseline -0.004 -15"><span class='ocrx_word' id='word_1_187' title='bbox 572 2673 905 2744; x_wconf 83' lang='lat' dir='ltr'><strong>pr0positum</strong></span> <span class='ocrx_word' id='word_1_188' title='bbox 935 2672 1124 2741; x_wconf 76' lang='lat' dir='ltr'><strong>gratia:</strong></span> <span class='ocrx_word' id='word_1_189' title='bbox 1158 2670 1275 2725; x_wconf 86' lang='lat' dir='ltr'><strong>Dei.</strong></span> <span class='ocrx_word' id='word_1_190' title='bbox 1305 2669 1456 2724; x_wconf 86' lang='lat' dir='ltr'><strong>Sicut</strong></span> <span class='ocrx_word' id='word_1_191' title='bbox 1481 2677 1538 2723; x_wconf 89' lang='lat' dir='ltr'><strong>et</strong></span> <span class='ocrx_word' id='word_1_192' title='bbox 1580 2667 1747 2722; x_wconf 80' lang='lat' dir='ltr'><strong>David</strong></span> <span class='ocrx_word' id='word_1_193' title='bbox 1775 2667 1907 2722; x_wconf 86' lang='lat' dir='ltr'><strong>dicit</strong></span> <span class='ocrx_word' id='word_1_194' title='bbox 1938 2667 2172 2723; x_wconf 86' lang='lat' dir='ltr'><strong>beatitu-</strong></span> 
     </span>
    </p>
   </div>
   <div class='ocr_carea' id='block_1_27' title="bbox 569 2760 2174 2834">
    <p class='ocr_par' dir='ltr' id='par_1_27' title="bbox 569 2760 2174 2834">
     <span class='ocr_line' id='line_1_27' title="bbox 569 2760 2174 2834; baseline -0.004 -9"><span class='ocrx_word' id='word_1_195' title='bbox 569 2769 753 2825; x_wconf 84' lang='lat' dir='ltr'><strong>dinem</strong></span> <span class='ocrx_word' id='word_1_196' title='bbox 782 2766 1040 2833; x_wconf 85' lang='lat' dir='ltr'><strong>hominis,</strong></span> <span class='ocrx_word' id='word_1_197' title='bbox 1091 2766 1177 2821; x_wconf 89' lang='lat' dir='ltr'><strong>cui</strong></span> <span class='ocrx_word' id='word_1_198' title='bbox 1207 2764 1350 2819; x_wconf 87' lang='lat' dir='ltr'><strong>Deus</strong></span> <span class='ocrx_word' id='word_1_199' title='bbox 1373 2773 1598 2832; x_wconf 90' lang='lat' dir='ltr'><strong>accepto</strong></span> <span class='ocrx_word' id='word_1_200' title='bbox 1630 2761 1733 2817; x_wconf 79' lang='lat' dir='ltr'><strong>fert</strong></span> <span class='ocrx_word' id='word_1_201' title='bbox 1752 2761 2020 2834; x_wconf 80' lang='lat' dir='ltr'><strong>justitiam</strong></span> <span class='ocrx_word' id='word_1_202' title='bbox 2052 2760 2174 2820; x_wconf 85' lang='lat' dir='ltr'><strong>sine</strong></span> 
     </span>
    </p>
   </div>
   <div class='ocr_carea' id='block_1_28' title="bbox 570 2855 2176 2934">
    <p class='ocr_par' dir='ltr' id='par_1_28' title="bbox 570 2855 2176 2934">
     <span class='ocr_line' id='line_1_28' title="bbox 570 2855 2176 2934; baseline -0.004 -17"><span class='ocrx_word' id='word_1_203' title='bbox 570 2863 827 2934; x_wconf 82' lang='lat' dir='ltr'><strong>operibus</strong></span> <span class='ocrx_word' id='word_1_204' title='bbox 861 2878 873 2915; x_wconf 91' lang='lat'>:</span> <span class='ocrx_word' id='word_1_205' title='bbox 910 2860 1060 2917; x_wconf 86' lang='lat' dir='ltr'><strong>Beati</strong></span> <span class='ocrx_word' id='word_1_206' title='bbox 1083 2873 1314 2929; x_wconf 89' lang='lat' dir='ltr'><strong>quorum</strong></span> <span class='ocrx_word' id='word_1_207' title='bbox 1345 2856 1587 2913; x_wconf 59' lang='lat' dir='ltr'><strong>remissae</strong></span> <span class='ocrx_word' id='word_1_208' title='bbox 1612 2864 1740 2911; x_wconf 85' lang='lat' dir='ltr'><strong>sunt</strong></span> <span class='ocrx_word' id='word_1_209' title='bbox 1767 2855 2102 2927; x_wconf 81' lang='lat' dir='ltr'><strong>iniquitates,</strong></span> <span class='ocrx_word' id='word_1_210' title='bbox 2119 2864 2176 2912; x_wconf 90' lang='lat' dir='ltr'><strong>et</strong></span> 
     </span>
    </p>
   </div>
   <div class='ocr_carea' id='block_1_29' title="bbox 574 2948 2174 3027">
    <p class='ocr_par' dir='ltr' id='par_1_29' title="bbox 574 2948 2174 3027">
     <span class='ocr_line' id='line_1_29' title="bbox 574 2948 2174 3027; baseline -0.004 -19"><span class='ocrx_word' id='word_1_211' title='bbox 574 2971 805 3027; x_wconf 90' lang='lat' dir='ltr'><strong>quorum</strong></span> <span class='ocrx_word' id='word_1_212' title='bbox 836 2962 977 3009; x_wconf 87' lang='lat' dir='ltr'><strong>tecta</strong></span> <span class='ocrx_word' id='word_1_213' title='bbox 1009 2961 1134 3007; x_wconf 89' lang='lat' dir='ltr'><strong>sunt</strong></span> <span class='ocrx_word' id='word_1_214' title='bbox 1167 2960 1406 3021; x_wconf 88' lang='lat' dir='ltr'><strong>peccata.</strong></span> <span class='ocrx_word' id='word_1_215' title='bbox 1431 2949 1630 3005; x_wconf 87' lang='lat' dir='ltr'><strong>Beatus</strong></span> <span class='ocrx_word' id='word_1_216' title='bbox 1655 2949 1737 3003; x_wconf 77' lang='lat' dir='ltr'><strong>vir</strong></span> <span class='ocrx_word' id='word_1_217' title='bbox 1761 2948 1847 3003; x_wconf 92' lang='lat' dir='ltr'><strong>cui</strong></span> <span class='ocrx_word' id='word_1_218' title='bbox 1874 2963 1982 3004; x_wconf 89' lang='lat' dir='ltr'><strong>non</strong></span> <span class='ocrx_word' id='word_1_219' title='bbox 2001 2949 2174 3018; x_wconf 87' lang='lat' dir='ltr'><strong>impu-</strong></span> 
     </span>
    </p>
   </div>
   <div class='ocr_carea' id='block_1_30' title="bbox 574 3040 2173 3118">
    <p class='ocr_par' dir='ltr' id='par_1_30' title="bbox 574 3040 2173 3118">
     <span class='ocr_line' id='line_1_30' title="bbox 574 3040 2173 3118; baseline -0.004 -15"><span class='ocrx_word' id='word_1_220' title='bbox 574 3052 704 3103; x_wconf 81' lang='lat' dir='ltr'><strong>tavit</strong></span> <span class='ocrx_word' id='word_1_221' title='bbox 736 3047 994 3102; x_wconf 86' lang='lat' dir='ltr'><strong>Dominus</strong></span> <span class='ocrx_word' id='word_1_222' title='bbox 1025 3053 1326 3118; x_wconf 86' lang='lat' dir='ltr'><strong>peccatum.</strong></span> <span class='ocrx_word' id='word_1_223' title='bbox 1372 3042 1660 3100; x_wconf 89' lang='lat' dir='ltr'><strong>Beatitudo</strong></span> <span class='ocrx_word' id='word_1_224' title='bbox 1680 3056 1811 3114; x_wconf 89' lang='lat' dir='ltr'><strong>ergo</strong></span> <span class='ocrx_word' id='word_1_225' title='bbox 1833 3040 1950 3097; x_wconf 67' lang='lat' dir='ltr'><strong>haec</strong></span> <span class='ocrx_word' id='word_1_226' title='bbox 1981 3042 2033 3095; x_wconf 91' lang='lat' dir='ltr'><strong>in</strong></span> <span class='ocrx_word' id='word_1_227' title='bbox 2065 3042 2173 3096; x_wconf 85' lang='lat' dir='ltr'><strong>cir-</strong></span> 
     </span>
    </p>
   </div>
   <div class='ocr_carea' id='block_1_31' title="bbox 1558 240 2842 303">
    <p class='ocr_par' dir='ltr' id='par_1_31' title="bbox 1558 240 2842 303">
     <span class='ocr_line' id='line_1_31' title="bbox 1558 240 2842 303; baseline -0.002 -3"><span class='ocrx_word' id='word_1_228' title='bbox 1558 248 1617 300; x_wconf 77' lang='lat'><strong>8.</strong></span> <span class='ocrx_word' id='word_1_229' title='bbox 1661 242 2047 303; x_wconf 65' lang='lat' dir='ltr'><strong>&quot;SERONYII</strong></span> <span class='ocrx_word' id='word_1_230' title='bbox 2086 243 2318 301; x_wconf 73' lang='lat' dir='ltr'><strong>DIVINA</strong></span> <span class='ocrx_word' id='word_1_231' title='bbox 2358 240 2842 301; x_wconf 69' lang='lat' dir='ltr'><strong>BIBLIOTHICA.</strong></span> 
     </span>
    </p>
   </div>
   <div class='ocr_carea' id='block_1_32' title="bbox 545 355 3832 431">
    <p class='ocr_par' dir='ltr' id='par_1_32' title="bbox 545 355 3832 431">
     <span class='ocr_line' id='line_1_32' title="bbox 545 355 3832 431; baseline -0.003 -12"><span class='ocrx_word' id='word_1_232' title='bbox 545 365 846 421; x_wconf 70' lang='lat' dir='ltr'><strong>distinctio.</strong></span> <span class='ocrx_word' id='word_1_233' title='bbox 874 362 1075 419; x_wconf 87' lang='lat' dir='ltr'><strong>Omnes</strong></span> <span class='ocrx_word' id='word_1_234' title='bbox 1097 361 1245 416; x_wconf 86' lang='lat' dir='ltr'><strong>enim</strong></span> <span class='ocrx_word' id='word_1_235' title='bbox 1282 370 1670 431; x_wconf 73' lang='lat' dir='ltr'><strong>peccaverunt,</strong></span> <span class='ocrx_word' id='word_1_236' title='bbox 1693 371 1747 416; x_wconf 89' lang='lat' dir='ltr'><strong>et</strong></span> <span class='ocrx_word' id='word_1_237' title='bbox 1777 369 1939 430; x_wconf 86' lang='lat' dir='ltr'><strong>cgent</strong></span> <span class='ocrx_word' id='word_1_238' title='bbox 1967 359 2145 430; x_wconf 73' lang='lat' dir='ltr'><strong>gioria</strong></span> <span class='ocrx_word' id='word_1_239' title='bbox 2176 361 2225 423; x_wconf 78' lang='grc' dir='ltr'><strong>Α</strong></span> <span class='ocrx_word' id='word_1_240' title='bbox 2253 359 2349 415; x_wconf 88' lang='lat' dir='ltr'><strong>sed</strong></span> <span class='ocrx_word' id='word_1_241' title='bbox 2378 367 2437 415; x_wconf 91' lang='lat' dir='ltr'><strong>et</strong></span> <span class='ocrx_word' id='word_1_242' title='bbox 2461 360 2512 414; x_wconf 87' lang='lat' dir='ltr'><strong>ei</strong></span> <span class='ocrx_word' id='word_1_243' title='bbox 2543 358 2639 430; x_wconf 87' lang='lat' dir='ltr'><strong>qui</strong></span> <span class='ocrx_word' id='word_1_244' title='bbox 2657 374 2723 414; x_wconf 88' lang='lat' dir='ltr'><strong>ex</strong></span> <span class='ocrx_word' id='word_1_245' title='bbox 2757 356 2866 413; x_wconf 80' lang='lat' dir='ltr'><strong>Ide</strong></span> <span class='ocrx_word' id='word_1_246' title='bbox 2892 367 2979 413; x_wconf 85' lang='lat' dir='ltr'><strong>est</strong></span> <span class='ocrx_word' id='word_1_247' title='bbox 3009 355 3241 412; x_wconf 67' lang='lat' dir='ltr'><strong>Abrahae</strong></span> <span class='ocrx_word' id='word_1_248' title='bbox 3264 398 3280 420; x_wconf 92' lang='lat'><strong>,</strong></span> <span class='ocrx_word' id='word_1_249' title='bbox 3308 355 3403 426; x_wconf 67' lang='lat' dir='ltr'><strong>qui</strong></span> <span class='ocrx_word' id='word_1_250' title='bbox 3429 363 3591 427; x_wconf 80' lang='lat' dir='ltr'><strong>pater</strong></span> <span class='ocrx_word' id='word_1_251' title='bbox 3618 363 3702 412; x_wconf 76' lang='lat' dir='ltr'><strong>est</strong></span> <span class='ocrx_word' id='word_1_252' title='bbox 3725 371 3832 411; x_wconf 82' lang='lat' dir='ltr'><strong>om-</strong></span> 
     </span>
    </p>
   </div>
   <div class='ocr_carea' id='block_1_33' title="bbox 2194 1746 3856 1825">
    <p class='ocr_par' dir='ltr' id='par_1_33' title="bbox 2194 1746 3856 1825">
     <span class='ocr_line' id='line_1_33' title="bbox 2194 1746 3856 1825; baseline -0.001 -19"><span class='ocrx_word' id='word_1_253' title='bbox 2194 1746 2245 1806; x_wconf 88' lang='lat' dir='ltr'><strong><em>B</em></strong></span> <span class='ocrx_word' id='word_1_254' title='bbox 2269 1754 2336 1808; x_wconf 91' lang='lat' dir='ltr'><strong>ad</strong></span> <span class='ocrx_word' id='word_1_255' title='bbox 2360 1754 2630 1823; x_wconf 84' lang='lat' dir='ltr'><strong>justitiam</strong></span> <span class='ocrx_word' id='word_1_256' title='bbox 2658 1772 2673 1809; x_wconf 88' lang='lat'><strong>:</strong></span> <span class='ocrx_word' id='word_1_257' title='bbox 2697 1752 2797 1809; x_wconf 86' lang='lat' dir='ltr'><strong>sed</strong></span> <span class='ocrx_word' id='word_1_258' title='bbox 2822 1762 2879 1809; x_wconf 87' lang='lat' dir='ltr'><strong>et</strong></span> <span class='ocrx_word' id='word_1_259' title='bbox 2905 1764 3129 1825; x_wconf 85' lang='lat' dir='ltr'><strong>propter</strong></span> <span class='ocrx_word' id='word_1_260' title='bbox 3156 1767 3277 1819; x_wconf 88' lang='lat' dir='ltr'><strong>nos,</strong></span> <span class='ocrx_word' id='word_1_261' title='bbox 3304 1752 3503 1823; x_wconf 86' lang='lat' dir='ltr'><strong>quibus</strong></span> <span class='ocrx_word' id='word_1_262' title='bbox 3530 1750 3856 1818; x_wconf 77' lang='lat' dir='ltr'><strong>reputabitur</strong></span> 
     </span>
    </p>
   </div>
   <div class='ocr_carea' id='block_1_34' title="bbox 3736 242 3833 299">
    <p class='ocr_par' dir='ltr' id='par_1_34' title="bbox 3736 242 3833 299">
     <span class='ocr_line' id='line_1_34' title="bbox 3736 242 3833 299; baseline -0.01 0"><span class='ocrx_word' id='word_1_263' title='bbox 3736 242 3833 299; x_wconf 63' lang='grc' dir='ltr'><strong>*ῖδί</strong></span> 
     </span>
    </p>
   </div>
   <div class='ocr_carea' id='block_1_35' title="bbox 2256 450 3833 521">
    <p class='ocr_par' dir='ltr' id='par_1_35' title="bbox 2256 450 3833 521">
     <span class='ocr_line' id='line_1_35' title="bbox 2256 450 3833 521; baseline 0 -14"><span class='ocrx_word' id='word_1_264' title='bbox 2256 453 2407 508; x_wconf 87' lang='lat' dir='ltr'><strong>nium</strong></span> <span class='ocrx_word' id='word_1_265' title='bbox 2448 461 2717 508; x_wconf 84' lang='lat' dir='ltr'><strong>nostrum.</strong></span> <span class='ocrx_word' id='word_1_266' title='bbox 2756 455 2776 521; x_wconf 89' lang='lat'><strong>(</strong></span> <span class='ocrx_word' id='word_1_267' title='bbox 2805 452 2957 508; x_wconf 89' lang='lat' dir='ltr'><strong>Sicut</strong></span> <span class='ocrx_word' id='word_1_268' title='bbox 3001 452 3266 521; x_wconf 78' lang='lat' dir='ltr'><strong>scriptum</strong></span> <span class='ocrx_word' id='word_1_269' title='bbox 3297 460 3387 506; x_wconf 84' lang='lat' dir='ltr'><strong>est</strong></span> <span class='ocrx_word' id='word_1_270' title='bbox 3417 468 3431 503; x_wconf 90' lang='lat'>:</span> <span class='ocrx_word' id='word_1_271' title='bbox 3466 450 3608 518; x_wconf 83' lang='lat' dir='ltr'><strong>Quia</strong></span> <span class='ocrx_word' id='word_1_272' title='bbox 3647 461 3833 520; x_wconf 72' lang='lat' dir='ltr'><strong>patri-tu</strong></span> 
     </span>
    </p>
   </div>
   <div class='ocr_carea' id='block_1_36' title="bbox 2257 540 3837 615">
    <p class='ocr_par' dir='ltr' id='par_1_36' title="bbox 2257 540 3837 615">
     <span class='ocr_line' id='line_1_36' title="bbox 2257 540 3837 615; baseline -0.001 -15"><span class='ocrx_word' id='word_1_273' title='bbox 2257 546 2552 601; x_wconf 81' lang='lat' dir='ltr'><strong>multarum</strong></span> <span class='ocrx_word' id='word_1_274' title='bbox 2578 545 2820 615; x_wconf 82' lang='lat' dir='ltr'><strong>gentium</strong></span> <span class='ocrx_word' id='word_1_275' title='bbox 2854 544 3005 612; x_wconf 85' lang='lat' dir='ltr'><strong>posui</strong></span> <span class='ocrx_word' id='word_1_276' title='bbox 3035 545 3109 613; x_wconf 87' lang='lat' dir='ltr'><strong>te)</strong></span> <span class='ocrx_word' id='word_1_277' title='bbox 3137 552 3265 597; x_wconf 85' lang='lat' dir='ltr'><strong>ante</strong></span> <span class='ocrx_word' id='word_1_278' title='bbox 3292 542 3489 608; x_wconf 82' lang='lat' dir='ltr'><strong>Deum,</strong></span> <span class='ocrx_word' id='word_1_279' title='bbox 3511 543 3603 596; x_wconf 86' lang='lat' dir='ltr'><strong>cui</strong></span> <span class='ocrx_word' id='word_1_280' title='bbox 3640 540 3659 580; x_wconf 74' lang='grc' dir='ltr'>ί</span> <span class='ocrx_word' id='word_1_281' title='bbox 3683 544 3837 598; x_wconf 53' lang='lat' dir='ltr'><strong>credi.</strong></span> 
     </span>
    </p>
   </div>
   <div class='ocr_carea' id='block_1_37' title="bbox 2258 640 3834 710">
    <p class='ocr_par' dir='ltr' id='par_1_37' title="bbox 2258 640 3834 710">
     <span class='ocr_line' id='line_1_37' title="bbox 2258 640 3834 710; baseline -0.003 -15"><span class='ocrx_word' id='word_1_282' title='bbox 2258 641 2358 705; x_wconf 89' lang='lat' dir='ltr'><strong>dit,</strong></span> <span class='ocrx_word' id='word_1_283' title='bbox 2390 641 2482 710; x_wconf 86' lang='lat' dir='ltr'><strong>qui</strong></span> <span class='ocrx_word' id='word_1_284' title='bbox 2509 640 2753 695; x_wconf 77' lang='lat' dir='ltr'><strong>viviﬁcat</strong></span> <span class='ocrx_word' id='word_1_285' title='bbox 2774 648 3044 703; x_wconf 82' lang='lat' dir='ltr'><strong>mortuos,</strong></span> <span class='ocrx_word' id='word_1_286' title='bbox 3069 647 3126 693; x_wconf 89' lang='lat' dir='ltr'><strong>et</strong></span> <span class='ocrx_word' id='word_1_287' title='bbox 3152 648 3311 693; x_wconf 73' lang='lat' dir='ltr'><strong>vocat</strong></span> <span class='ocrx_word' id='word_1_288' title='bbox 3330 652 3397 693; x_wconf 88' lang='lat' dir='ltr'><strong>ea</strong></span> <span class='ocrx_word' id='word_1_289' title='bbox 3426 652 3553 706; x_wconf 69' lang='lat' dir='ltr'><strong>qua:</strong></span> <span class='ocrx_word' id='word_1_290' title='bbox 3572 652 3682 691; x_wconf 82' lang='lat' dir='ltr'><strong>non</strong></span> <span class='ocrx_word' id='word_1_291' title='bbox 3706 648 3834 705; x_wconf 83' lang='lat' dir='ltr'><strong>sunt,</strong></span> 
     </span>
    </p>
   </div>
   <div class='ocr_carea' id='block_1_38' title="bbox 2260 729 3838 803">
    <p class='ocr_par' dir='ltr' id='par_1_38' title="bbox 2260 729 3838 803">
     <span class='ocr_line' id='line_1_38' title="bbox 2260 729 3838 803; baseline -0.001 -16"><span class='ocrx_word' id='word_1_292' title='bbox 2260 744 2537 803; x_wconf 85' lang='lat' dir='ltr'><strong>tamquam</strong></span> <span class='ocrx_word' id='word_1_293' title='bbox 2585 747 2650 786; x_wconf 86' lang='lat' dir='ltr'><strong>ea</strong></span> <span class='ocrx_word' id='word_1_294' title='bbox 2699 733 2823 802; x_wconf 69' lang='lat' dir='ltr'><strong>qua</strong></span> <span class='ocrx_word' id='word_1_295' title='bbox 2865 740 3012 785; x_wconf 89' lang='lat' dir='ltr'><strong>sunt.</strong></span> <span class='ocrx_word' id='word_1_296' title='bbox 3040 729 3145 797; x_wconf 82' lang='lat' dir='ltr'><strong>Qui</strong></span> <span class='ocrx_word' id='word_1_297' title='bbox 3188 739 3382 784; x_wconf 87' lang='lat' dir='ltr'><strong>contra</strong></span> <span class='ocrx_word' id='word_1_298' title='bbox 3429 744 3593 798; x_wconf 83' lang='lat' dir='ltr'><strong>spem</strong></span> <span class='ocrx_word' id='word_1_299' title='bbox 3625 729 3678 783; x_wconf 88' lang='lat' dir='ltr'><strong>in</strong></span> <span class='ocrx_word' id='word_1_300' title='bbox 3704 743 3838 799; x_wconf 80' lang='lat' dir='ltr'><strong>spem</strong></span> 
     </span>
    </p>
   </div>
   <div class='ocr_carea' id='block_1_39' title="bbox 2259 821 3842 892">
    <p class='ocr_par' dir='ltr' id='par_1_39' title="bbox 2259 821 3842 892">
     <span class='ocr_line' id='line_1_39' title="bbox 2259 821 3842 892; baseline -0.004 -10"><span class='ocrx_word' id='word_1_301' title='bbox 2259 824 2527 889; x_wconf 77' lang='lat' dir='ltr'><strong>Credidit,</strong></span> <span class='ocrx_word' id='word_1_302' title='bbox 2558 837 2616 878; x_wconf 90' lang='lat' dir='ltr'><strong>ut</strong></span> <span class='ocrx_word' id='word_1_303' title='bbox 2648 825 2803 879; x_wconf 89' lang='lat' dir='ltr'><strong>ﬁeret</strong></span> <span class='ocrx_word' id='word_1_304' title='bbox 2830 833 2985 892; x_wconf 81' lang='lat' dir='ltr'><strong>pater</strong></span> <span class='ocrx_word' id='word_1_305' title='bbox 3010 822 3307 876; x_wconf 85' lang='lat' dir='ltr'><strong>multarum</strong></span> <span class='ocrx_word' id='word_1_306' title='bbox 3340 821 3592 891; x_wconf 83' lang='lat' dir='ltr'><strong>gentium</strong></span> <span class='ocrx_word' id='word_1_307' title='bbox 3620 863 3637 883; x_wconf 84' lang='lat'><strong>,</strong></span> <span class='ocrx_word' id='word_1_308' title='bbox 3669 835 3842 876; x_wconf 56' lang='lat' dir='ltr'><strong>securi.</strong></span> 
     </span>
    </p>
   </div>
   <div class='ocr_carea' id='block_1_40' title="bbox 2261 915 3840 988">
    <p class='ocr_par' dir='ltr' id='par_1_40' title="bbox 2261 915 3840 988">
     <span class='ocr_line' id='line_1_40' title="bbox 2261 915 3840 988; baseline -0.002 -14"><span class='ocrx_word' id='word_1_309' title='bbox 2261 918 2390 974; x_wconf 91' lang='lat' dir='ltr'><strong>dum</strong></span> <span class='ocrx_word' id='word_1_310' title='bbox 2437 917 2584 988; x_wconf 87' lang='lat' dir='ltr'><strong>quod</strong></span> <span class='ocrx_word' id='word_1_311' title='bbox 2624 916 2828 971; x_wconf 87' lang='lat' dir='ltr'><strong>dictum</strong></span> <span class='ocrx_word' id='word_1_312' title='bbox 2875 925 2959 970; x_wconf 83' lang='lat' dir='ltr'><strong>est</strong></span> <span class='ocrx_word' id='word_1_313' title='bbox 2996 917 3046 971; x_wconf 89' lang='lat' dir='ltr'><strong>ei</strong></span> <span class='ocrx_word' id='word_1_314' title='bbox 3069 933 3085 969; x_wconf 91' lang='lat'><strong>:</strong></span> <span class='ocrx_word' id='word_1_315' title='bbox 3112 915 3203 972; x_wconf 88' lang='lat' dir='ltr'><strong>Sic</strong></span> <span class='ocrx_word' id='word_1_316' title='bbox 3227 917 3332 969; x_wconf 87' lang='lat' dir='ltr'><strong>erit</strong></span> <span class='ocrx_word' id='word_1_317' title='bbox 3358 930 3550 969; x_wconf 81' lang='lat' dir='ltr'><strong>semen</strong></span> <span class='ocrx_word' id='word_1_318' title='bbox 3586 924 3748 969; x_wconf 75' lang='lat' dir='ltr'><strong>tuum.</strong></span> <span class='ocrx_word' id='word_1_319' title='bbox 3784 915 3840 971; x_wconf 73' lang='lat' dir='ltr'><strong>Et</strong></span> 
     </span>
    </p>
   </div>
   <div class='ocr_carea' id='block_1_41' title="bbox 2262 1005 3905 1079">
    <p class='ocr_par' dir='ltr' id='par_1_41' title="bbox 2262 1005 3905 1079">
     <span class='ocr_line' id='line_1_41' title="bbox 2262 1005 3905 1079; baseline -0.003 -15"><span class='ocrx_word' id='word_1_320' title='bbox 2262 1026 2370 1064; x_wconf 92' lang='lat' dir='ltr'><strong>non</strong></span> <span class='ocrx_word' id='word_1_321' title='bbox 2410 1009 2720 1063; x_wconf 87' lang='lat' dir='ltr'><strong>inﬁrmatus</strong></span> <span class='ocrx_word' id='word_1_322' title='bbox 2768 1018 2853 1064; x_wconf 89' lang='lat' dir='ltr'><strong>est</strong></span> <span class='ocrx_word' id='word_1_323' title='bbox 2901 1007 3051 1078; x_wconf 86' lang='lat' dir='ltr'><strong>ﬁde,</strong></span> <span class='ocrx_word' id='word_1_324' title='bbox 3102 1022 3203 1062; x_wconf 85' lang='lat' dir='ltr'><strong>nec</strong></span> <span class='ocrx_word' id='word_1_325' title='bbox 3248 1005 3625 1061; x_wconf 70' lang='lat' dir='ltr'><strong>consideravit</strong></span> <span class='ocrx_word' id='word_1_326' title='bbox 3665 1019 3842 1077; x_wconf 79' lang='lat' dir='ltr'><strong>corpus</strong></span> <span class='ocrx_word' id='word_1_327' title='bbox 3902 1005 3905 1079; x_wconf 19' lang='lat'><strong>1‘</strong></span> 
     </span>
    </p>
   </div>
   <div class='ocr_carea' id='block_1_42' title="bbox 2262 1086 3844 1171">
    <p class='ocr_par' dir='ltr' id='par_1_42' title="bbox 2262 1086 3844 1171">
     <span class='ocr_line' id='line_1_42' title="bbox 2262 1086 3844 1171; baseline -0.003 -12"><span class='ocrx_word' id='word_1_328' title='bbox 2262 1119 2420 1159; x_wconf 81' lang='lat' dir='ltr'><strong>suum</strong></span> <span class='ocrx_word' id='word_1_329' title='bbox 2451 1113 2764 1158; x_wconf 88' lang='lat' dir='ltr'><strong>emortuum</strong></span> <span class='ocrx_word' id='word_1_330' title='bbox 2789 1146 2806 1170; x_wconf 93' lang='lat'><strong>,</strong></span> <span class='ocrx_word' id='word_1_331' title='bbox 2837 1118 2960 1157; x_wconf 90' lang='lat' dir='ltr'><strong>cum</strong></span> <span class='ocrx_word' id='word_1_332' title='bbox 2986 1102 3100 1171; x_wconf 75' lang='lat' dir='ltr'><strong>jam</strong></span> <span class='ocrx_word' id='word_1_333' title='bbox 3128 1086 3480 1156; x_wconf 30' lang='lat' dir='ltr'><strong>fere‘eentum</strong></span> <span class='ocrx_word' id='word_1_334' title='bbox 3508 1111 3659 1155; x_wconf 81' lang='lat' dir='ltr'><strong>esset</strong></span> <span class='ocrx_word' id='word_1_335' title='bbox 3685 1116 3844 1156; x_wconf 80' lang='lat' dir='ltr'><strong>anno-</strong></span> 
     </span>
    </p>
   </div>
   <div class='ocr_carea' id='block_1_43' title="bbox 2264 1195 3847 1265">
    <p class='ocr_par' dir='ltr' id='par_1_43' title="bbox 2264 1195 3847 1265">
     <span class='ocr_line' id='line_1_43' title="bbox 2264 1195 3847 1265; baseline -0.001 -13"><span class='ocrx_word' id='word_1_336' title='bbox 2264 1213 2383 1253; x_wconf 88' lang='lat' dir='ltr'><strong>rum</strong></span> <span class='ocrx_word' id='word_1_337' title='bbox 2412 1239 2427 1262; x_wconf 91' lang='lat'><strong>,</strong></span> <span class='ocrx_word' id='word_1_338' title='bbox 2455 1207 2511 1252; x_wconf 91' lang='lat' dir='ltr'><strong>et</strong></span> <span class='ocrx_word' id='word_1_339' title='bbox 2550 1206 2853 1252; x_wconf 83' lang='lat' dir='ltr'><strong>emortuam</strong></span> <span class='ocrx_word' id='word_1_340' title='bbox 2883 1197 3097 1251; x_wconf 71' lang='lat' dir='ltr'><strong>vuliam</strong></span> <span class='ocrx_word' id='word_1_341' title='bbox 3138 1195 3312 1251; x_wconf 74' lang='lat' dir='ltr'><strong>Sane.</strong></span> <span class='ocrx_word' id='word_1_342' title='bbox 3349 1197 3403 1249; x_wconf 86' lang='lat' dir='ltr'><strong>ln</strong></span> <span class='ocrx_word' id='word_1_343' title='bbox 3436 1196 3847 1265; x_wconf 82' lang='lat' dir='ltr'><strong>repromissione</strong></span> 
     </span>
    </p>
   </div>
   <div class='ocr_carea' id='block_1_44' title="bbox 2265 1289 3847 1354">
    <p class='ocr_par' dir='ltr' id='par_1_44' title="bbox 2265 1289 3847 1354">
     <span class='ocr_line' id='line_1_44' title="bbox 2265 1289 3847 1354; baseline -0.001 -8"><span class='ocrx_word' id='word_1_344' title='bbox 2265 1293 2430 1346; x_wconf 89' lang='lat' dir='ltr'><strong>etiam</strong></span> <span class='ocrx_word' id='word_1_345' title='bbox 2458 1291 2551 1346; x_wconf 91' lang='lat' dir='ltr'><strong>Dei</strong></span> <span class='ocrx_word' id='word_1_346' title='bbox 2581 1306 2690 1346; x_wconf 86' lang='lat' dir='ltr'><strong>non</strong></span> <span class='ocrx_word' id='word_1_347' title='bbox 2723 1290 2996 1344; x_wconf 72' lang='lat' dir='ltr'><strong>ha~sitavit</strong></span> <span class='ocrx_word' id='word_1_348' title='bbox 3021 1289 3323 1344; x_wconf 78' lang='lat' dir='ltr'><strong>difﬁdentia</strong></span> <span class='ocrx_word' id='word_1_349' title='bbox 3352 1333 3366 1354; x_wconf 91' lang='lat'><strong>,</strong></span> <span class='ocrx_word' id='word_1_350' title='bbox 3398 1289 3497 1345; x_wconf 86' lang='lat' dir='ltr'><strong>sed</strong></span> <span class='ocrx_word' id='word_1_351' title='bbox 3526 1290 3847 1345; x_wconf 76' lang='lat' dir='ltr'><strong>confortatus</strong></span> 
     </span>
    </p>
   </div>
   <div class='ocr_carea' id='block_1_45' title="bbox 2266 1380 3843 1452">
    <p class='ocr_par' dir='ltr' id='par_1_45' title="bbox 2266 1380 3843 1452">
     <span class='ocr_line' id='line_1_45' title="bbox 2266 1380 3843 1452; baseline -0.001 -13"><span class='ocrx_word' id='word_1_352' title='bbox 2266 1392 2349 1439; x_wconf 87' lang='lat' dir='ltr'><strong>est</strong></span> <span class='ocrx_word' id='word_1_353' title='bbox 2380 1381 2485 1436; x_wconf 89' lang='lat' dir='ltr'><strong>ﬁde</strong></span> <span class='ocrx_word' id='word_1_354' title='bbox 2508 1423 2524 1447; x_wconf 94' lang='lat'><strong>,</strong></span> <span class='ocrx_word' id='word_1_355' title='bbox 2564 1382 2701 1436; x_wconf 87' lang='lat' dir='ltr'><strong>dans</strong></span> <span class='ocrx_word' id='word_1_356' title='bbox 2731 1382 2958 1451; x_wconf 68' lang='lat' dir='ltr'><strong>gloriam</strong></span> <span class='ocrx_word' id='word_1_357' title='bbox 2991 1381 3145 1436; x_wconf 89' lang='lat' dir='ltr'><strong>Deo:</strong></span> <span class='ocrx_word' id='word_1_358' title='bbox 3176 1380 3491 1451; x_wconf 73' lang='lat' dir='ltr'><strong>plcni~sime</strong></span> <span class='ocrx_word' id='word_1_359' title='bbox 3520 1382 3704 1437; x_wconf 87' lang='lat' dir='ltr'><strong>sciens</strong></span> <span class='ocrx_word' id='word_1_360' title='bbox 3729 1384 3843 1452; x_wconf 84' lang='lat' dir='ltr'><strong>quia</strong></span> 
     </span>
    </p>
   </div>
   <div class='ocr_carea' id='block_1_46' title="bbox 2266 1473 3854 1547">
    <p class='ocr_par' dir='ltr' id='par_1_46' title="bbox 2266 1473 3854 1547">
     <span class='ocr_line' id='line_1_46' title="bbox 2266 1473 3854 1547; baseline 0.001 -17"><span class='ocrx_word' id='word_1_361' title='bbox 2266 1490 2624 1547; x_wconf 59' lang='lat' dir='ltr'><strong>quacumque</strong></span> <span class='ocrx_word' id='word_1_362' title='bbox 2657 1476 2907 1544; x_wconf 63' lang='lat' dir='ltr'><strong>promi~it</strong></span> <span class='ocrx_word' id='word_1_363' title='bbox 2935 1485 2983 1540; x_wconf 77' lang='grc' dir='ltr'><strong>ις,</strong></span> <span class='ocrx_word' id='word_1_364' title='bbox 3019 1483 3215 1545; x_wconf 86' lang='lat' dir='ltr'><strong>potens</strong></span> <span class='ocrx_word' id='word_1_365' title='bbox 3241 1484 3327 1530; x_wconf 87' lang='lat' dir='ltr'><strong>est</strong></span> <span class='ocrx_word' id='word_1_366' title='bbox 3354 1483 3409 1530; x_wconf 92' lang='lat' dir='ltr'><strong>ct</strong></span> <span class='ocrx_word' id='word_1_367' title='bbox 3431 1473 3632 1530; x_wconf 81' lang='lat' dir='ltr'><strong>facere.</strong></span> <span class='ocrx_word' id='word_1_368' title='bbox 3664 1474 3789 1530; x_wconf 86' lang='lat' dir='ltr'><strong>Ideo</strong></span> <span class='ocrx_word' id='word_1_369' title='bbox 3806 1483 3854 1531; x_wconf 88' lang='lat' dir='ltr'><strong>et</strong></span> 
     </span>
    </p>
   </div>
   <div class='ocr_carea' id='block_1_47' title="bbox 2270 1566 3858 1639">
    <p class='ocr_par' dir='ltr' id='par_1_47' title="bbox 2270 1566 3858 1639">
     <span class='ocr_line' id='line_1_47' title="bbox 2270 1566 3858 1639; baseline -0.001 -16"><span class='ocrx_word' id='word_1_370' title='bbox 2270 1576 2576 1639; x_wconf 88' lang='lat' dir='ltr'><strong>reputatum</strong></span> <span class='ocrx_word' id='word_1_371' title='bbox 2604 1577 2689 1622; x_wconf 85' lang='lat' dir='ltr'><strong>est</strong></span> <span class='ocrx_word' id='word_1_372' title='bbox 2712 1568 2792 1622; x_wconf 89' lang='lat' dir='ltr'><strong>illi</strong></span> <span class='ocrx_word' id='word_1_373' title='bbox 2818 1566 2886 1621; x_wconf 86' lang='lat' dir='ltr'><strong>ad</strong></span> <span class='ocrx_word' id='word_1_374' title='bbox 2918 1566 3214 1637; x_wconf 85' lang='lat' dir='ltr'><strong>justitiam.</strong></span> <span class='ocrx_word' id='word_1_375' title='bbox 3255 1567 3377 1622; x_wconf 80' lang='lat' dir='ltr'><strong>Non</strong></span> <span class='ocrx_word' id='word_1_376' title='bbox 3406 1576 3489 1621; x_wconf 76' lang='lat' dir='ltr'><strong>est</strong></span> <span class='ocrx_word' id='word_1_377' title='bbox 3514 1577 3693 1622; x_wconf 86' lang='lat' dir='ltr'><strong>autem</strong></span> <span class='ocrx_word' id='word_1_378' title='bbox 3721 1568 3858 1623; x_wconf 82' lang='lat' dir='ltr'><strong>scri-</strong></span> 
     </span>
    </p>
   </div>
   <div class='ocr_carea' id='block_1_48' title="bbox 2273 1658 3857 1731">
    <p class='ocr_par' dir='ltr' id='par_1_48' title="bbox 2273 1658 3857 1731">
     <span class='ocr_line' id='line_1_48' title="bbox 2273 1658 3857 1731; baseline -0.002 -16"><span class='ocrx_word' id='word_1_379' title='bbox 2273 1670 2423 1730; x_wconf 90' lang='lat' dir='ltr'><strong>ptum</strong></span> <span class='ocrx_word' id='word_1_380' title='bbox 2457 1670 2663 1715; x_wconf 89' lang='lat' dir='ltr'><strong>tantum</strong></span> <span class='ocrx_word' id='word_1_381' title='bbox 2696 1670 2920 1731; x_wconf 81' lang='lat' dir='ltr'><strong>propter</strong></span> <span class='ocrx_word' id='word_1_382' title='bbox 2949 1661 3147 1729; x_wconf 89' lang='lat' dir='ltr'><strong>ipsum,</strong></span> <span class='ocrx_word' id='word_1_383' title='bbox 3173 1659 3295 1729; x_wconf 83' lang='lat' dir='ltr'><strong>quia</strong></span> <span class='ocrx_word' id='word_1_384' title='bbox 3328 1668 3634 1727; x_wconf 82' lang='lat' dir='ltr'><strong>reputatnm</strong></span> <span class='ocrx_word' id='word_1_385' title='bbox 3660 1668 3747 1713; x_wconf 86' lang='lat' dir='ltr'><strong>est</strong></span> <span class='ocrx_word' id='word_1_386' title='bbox 3785 1658 3857 1713; x_wconf 89' lang='lat' dir='ltr'><strong>illi</strong></span> 
     </span>
    </p>
   </div>
   <div class='ocr_carea' id='block_1_49' title="bbox 3900 690 3903 719">
    <p class='ocr_par' dir='ltr' id='par_1_49' title="bbox 3900 690 3903 719">
     <span class='ocr_line' id='line_1_49' title="bbox 3900 690 3903 719; baseline 0 0"><span class='ocrx_word' id='word_1_387' title='bbox 3900 690 3903 719; x_wconf 57' lang='grc' dir='ltr'><strong>ι</strong></span> 
     </span>
    </p>
   </div>
   <div class='ocr_carea' id='block_1_50' title="bbox 2271 1838 3911 1913">
    <p class='ocr_par' dir='ltr' id='par_1_50' title="bbox 2271 1838 3911 1913">
     <span class='ocr_line' id='line_1_50' title="bbox 2271 1838 3911 1913; baseline -0.001 -15"><span class='ocrx_word' id='word_1_388' title='bbox 2271 1843 2620 1898; x_wconf 80' lang='lat' dir='ltr'><strong>credentibus</strong></span> <span class='ocrx_word' id='word_1_389' title='bbox 2642 1843 2695 1898; x_wconf 92' lang='lat' dir='ltr'><strong>in</strong></span> <span class='ocrx_word' id='word_1_390' title='bbox 2719 1859 2868 1910; x_wconf 91' lang='lat' dir='ltr'><strong>eum,</strong></span> <span class='ocrx_word' id='word_1_391' title='bbox 2898 1844 2989 1913; x_wconf 85' lang='lat' dir='ltr'><strong>qui</strong></span> <span class='ocrx_word' id='word_1_392' title='bbox 3012 1843 3303 1897; x_wconf 74' lang='lat' dir='ltr'><strong>suscitavit</strong></span> <span class='ocrx_word' id='word_1_393' title='bbox 3325 1840 3515 1897; x_wconf 71' lang='lat' dir='ltr'><strong>Iesum</strong></span> <span class='ocrx_word' id='word_1_394' title='bbox 3542 1838 3571 1879; x_wconf 64' lang='grc' dir='ltr'>δ</span> <span class='ocrx_word' id='word_1_395' title='bbox 3593 1840 3856 1896; x_wconf 84' lang='lat' dir='ltr'><strong>Christum</strong></span> <span class='ocrx_word' id='word_1_396' title='bbox 3909 1838 3911 1913; x_wconf 50' lang='grc' dir='ltr'><em>ξ</em></span> 
     </span>
    </p>
   </div>
   <div class='ocr_carea' id='block_1_51' title="bbox 2273 1931 3859 2003">
    <p class='ocr_par' dir='ltr' id='par_1_51' title="bbox 2273 1931 3859 2003">
     <span class='ocr_line' id='line_1_51' title="bbox 2273 1931 3859 2003; baseline -0.002 -12"><span class='ocrx_word' id='word_1_397' title='bbox 2273 1934 2562 1991; x_wconf 90' lang='lat' dir='ltr'><strong>Dominum</strong></span> <span class='ocrx_word' id='word_1_398' title='bbox 2593 1945 2837 1989; x_wconf 90' lang='lat' dir='ltr'><strong>nostrum</strong></span> <span class='ocrx_word' id='word_1_399' title='bbox 2869 1951 2899 1988; x_wconf 87' lang='lat' dir='ltr'><strong>a</strong></span> <span class='ocrx_word' id='word_1_400' title='bbox 2933 1934 3163 1989; x_wconf 90' lang='lat' dir='ltr'><strong>mortuis</strong></span> <span class='ocrx_word' id='word_1_401' title='bbox 3187 1978 3202 2002; x_wconf 92' lang='lat'><strong>,</strong></span> <span class='ocrx_word' id='word_1_402' title='bbox 3237 1934 3328 2003; x_wconf 85' lang='lat' dir='ltr'><strong>qui</strong></span> <span class='ocrx_word' id='word_1_403' title='bbox 3360 1931 3600 1988; x_wconf 85' lang='lat' dir='ltr'><strong>traditus</strong></span> <span class='ocrx_word' id='word_1_404' title='bbox 3626 1942 3709 1987; x_wconf 86' lang='lat' dir='ltr'><strong>est</strong></span> <span class='ocrx_word' id='word_1_405' title='bbox 3746 1947 3859 2003; x_wconf 83' lang='lat' dir='ltr'><strong>pro-</strong></span> 
     </span>
    </p>
   </div>
   <div class='ocr_carea' id='block_1_52' title="bbox 2272 2024 3859 2097">
    <p class='ocr_par' dir='ltr' id='par_1_52' title="bbox 2272 2024 3859 2097">
     <span class='ocr_line' id='line_1_52' title="bbox 2272 2024 3859 2097; baseline -0.001 -16"><span class='ocrx_word' id='word_1_406' title='bbox 2272 2039 2395 2097; x_wconf 88' lang='lat' dir='ltr'><strong>pter</strong></span> <span class='ocrx_word' id='word_1_407' title='bbox 2422 2026 2620 2081; x_wconf 86' lang='lat' dir='ltr'><strong>delicta</strong></span> <span class='ocrx_word' id='word_1_408' title='bbox 2650 2034 2832 2082; x_wconf 84' lang='lat' dir='ltr'><strong>nostra</strong></span> <span class='ocrx_word' id='word_1_409' title='bbox 2860 2068 2875 2090; x_wconf 87' lang='lat'><strong>,</strong></span> <span class='ocrx_word' id='word_1_410' title='bbox 2919 2036 2976 2082; x_wconf 90' lang='lat' dir='ltr'><strong>et</strong></span> <span class='ocrx_word' id='word_1_411' title='bbox 3003 2025 3307 2081; x_wconf 79' lang='lat' dir='ltr'><strong>resurrexit</strong></span> <span class='ocrx_word' id='word_1_412' title='bbox 3340 2034 3574 2095; x_wconf 75' lang='lat' dir='ltr'><strong>promer</strong></span> <span class='ocrx_word' id='word_1_413' title='bbox 3610 2024 3859 2094; x_wconf 61' lang='lat' dir='ltr'><strong>justiﬁes.</strong></span> 
     </span>
    </p>
   </div>
   <div class='ocr_carea' id='block_1_53' title="bbox 2275 2122 2771 2176">
    <p class='ocr_par' dir='ltr' id='par_1_53' title="bbox 2275 2122 2771 2176">
     <span class='ocr_line' id='line_1_53' title="bbox 2275 2122 2771 2176; baseline -0.002 0"><span class='ocrx_word' id='word_1_414' title='bbox 2275 2122 2473 2176; x_wconf 91' lang='lat' dir='ltr'><strong>tionem</strong></span> <span class='ocrx_word' id='word_1_415' title='bbox 2506 2130 2771 2176; x_wconf 85' lang='lat' dir='ltr'><strong>nostram.</strong></span> 
     </span>
    </p>
   </div>
   <div class='ocr_carea' id='block_1_54' title="bbox 2348 2211 3859 2287">
    <p class='ocr_par' dir='ltr' id='par_1_54' title="bbox 2348 2211 3859 2287">
     <span class='ocr_line' id='line_1_54' title="bbox 2348 2211 3859 2287; baseline -0.003 -18"><span class='ocrx_word' id='word_1_416' title='bbox 2348 2215 2501 2287; x_wconf 79' lang='lat' dir='ltr'><strong>[Cap.</strong></span> <span class='ocrx_word' id='word_1_417' title='bbox 2526 2212 2619 2283; x_wconf 67' lang='lat' dir='ltr'><strong>v.1</strong></span> <span class='ocrx_word' id='word_1_418' title='bbox 2640 2212 2930 2270; x_wconf 71' lang='lat' dir='ltr'><strong>iustiﬁcati</strong></span> <span class='ocrx_word' id='word_1_419' title='bbox 2961 2227 3095 2283; x_wconf 85' lang='lat' dir='ltr'><strong>ergo</strong></span> <span class='ocrx_word' id='word_1_420' title='bbox 3117 2228 3182 2268; x_wconf 88' lang='lat' dir='ltr'><strong>ex</strong></span> <span class='ocrx_word' id='word_1_421' title='bbox 3202 2212 3328 2280; x_wconf 87' lang='lat' dir='ltr'><strong>ﬁde,</strong></span> <span class='ocrx_word' id='word_1_422' title='bbox 3355 2226 3549 2283; x_wconf 85' lang='lat' dir='ltr'><strong>pacem</strong></span> <span class='ocrx_word' id='word_1_423' title='bbox 3582 2211 3859 2267; x_wconf 77' lang='lat' dir='ltr'><strong>habeamus</strong></span> 
     </span>
    </p>
   </div>
   <div class='ocr_carea' id='block_1_55' title="bbox 2276 2304 3857 2379">
    <p class='ocr_par' dir='ltr' id='par_1_55' title="bbox 2276 2304 3857 2379">
     <span class='ocr_line' id='line_1_55' title="bbox 2276 2304 3857 2379; baseline -0.004 -17"><span class='ocrx_word' id='word_1_424' title='bbox 2276 2309 2343 2362; x_wconf 91' lang='lat' dir='ltr'><strong>ad</strong></span> <span class='ocrx_word' id='word_1_425' title='bbox 2381 2309 2547 2364; x_wconf 87' lang='lat' dir='ltr'><strong>Deum</strong></span> <span class='ocrx_word' id='word_1_426' title='bbox 2581 2323 2678 2379; x_wconf 91' lang='lat' dir='ltr'><strong>per</strong></span> <span class='ocrx_word' id='word_1_427' title='bbox 2710 2307 3002 2362; x_wconf 88' lang='lat' dir='ltr'><strong>Dominum</strong></span> <span class='ocrx_word' id='word_1_428' title='bbox 3035 2316 3282 2362; x_wconf 89' lang='lat' dir='ltr'><strong>nostrum</strong></span> <span class='ocrx_word' id='word_1_429' title='bbox 3326 2304 3518 2362; x_wconf 82' lang='lat' dir='ltr'><strong>Jesum</strong></span> <span class='ocrx_word' id='word_1_430' title='bbox 3549 2305 3818 2362; x_wconf 77' lang='lat' dir='ltr'><strong>Christum</strong></span> <span class='ocrx_word' id='word_1_431' title='bbox 3846 2322 3857 2355; x_wconf 86' lang='lat'>:</span> 
     </span>
    </p>
   </div>
   <div class='ocr_carea' id='block_1_56' title="bbox 2280 2397 3915 2474">
    <p class='ocr_par' dir='ltr' id='par_1_56' title="bbox 2280 2397 3915 2474">
     <span class='ocr_line' id='line_1_56' title="bbox 2280 2397 3915 2474; baseline -0.004 -16"><span class='ocrx_word' id='word_1_432' title='bbox 2280 2417 2375 2472; x_wconf 87' lang='lat' dir='ltr'><strong>per</strong></span> <span class='ocrx_word' id='word_1_433' title='bbox 2402 2418 2565 2474; x_wconf 90' lang='lat' dir='ltr'><strong>qttem</strong></span> <span class='ocrx_word' id='word_1_434' title='bbox 2597 2411 2651 2455; x_wconf 86' lang='lat' dir='ltr'><strong>et</strong></span> <span class='ocrx_word' id='word_1_435' title='bbox 2681 2400 2946 2456; x_wconf 77' lang='lat' dir='ltr'><strong>habemus</strong></span> <span class='ocrx_word' id='word_1_436' title='bbox 2972 2415 3277 2464; x_wconf 82' lang='lat' dir='ltr'><strong>accessum,</strong></span> <span class='ocrx_word' id='word_1_437' title='bbox 3316 2399 3329 2435; x_wconf 77' lang='grc' dir='ltr'><strong>ί</strong></span> <span class='ocrx_word' id='word_1_438' title='bbox 3365 2414 3464 2469; x_wconf 86' lang='lat' dir='ltr'><strong>per</strong></span> <span class='ocrx_word' id='word_1_439' title='bbox 3493 2397 3663 2454; x_wconf 88' lang='lat' dir='ltr'><strong>ﬁdem</strong></span> <span class='ocrx_word' id='word_1_440' title='bbox 3686 2397 3738 2453; x_wconf 89' lang='lat' dir='ltr'><strong>in</strong></span> <span class='ocrx_word' id='word_1_441' title='bbox 3758 2411 3863 2468; x_wconf 82' lang='lat' dir='ltr'><strong>gra-</strong></span> <span class='ocrx_word' id='word_1_442' title='bbox 3914 2424 3915 2465; x_wconf 54' lang='grc' dir='ltr'><strong>ι</strong></span> 
     </span>
    </p>
   </div>
   <div class='ocr_carea' id='block_1_57' title="bbox 2278 2492 3863 2565">
    <p class='ocr_par' dir='ltr' id='par_1_57' title="bbox 2278 2492 3863 2565">
     <span class='ocr_line' id='line_1_57' title="bbox 2278 2492 3863 2565; baseline -0.004 -12"><span class='ocrx_word' id='word_1_443' title='bbox 2278 2500 2407 2553; x_wconf 83' lang='lat' dir='ltr'><strong>tiam</strong></span> <span class='ocrx_word' id='word_1_444' title='bbox 2437 2498 2627 2563; x_wconf 84' lang='lat' dir='ltr'><strong>istam,</strong></span> <span class='ocrx_word' id='word_1_445' title='bbox 2662 2496 2715 2549; x_wconf 94' lang='lat' dir='ltr'><strong>in</strong></span> <span class='ocrx_word' id='word_1_446' title='bbox 2743 2509 2846 2565; x_wconf 87' lang='lat' dir='ltr'><strong>qua</strong></span> <span class='ocrx_word' id='word_1_447' title='bbox 2876 2503 3109 2561; x_wconf 78' lang='lat' dir='ltr'><strong>stamus,</strong></span> <span class='ocrx_word' id='word_1_448' title='bbox 3140 2504 3190 2547; x_wconf 90' lang='lat' dir='ltr'><strong>et</strong></span> <span class='ocrx_word' id='word_1_449' title='bbox 3223 2492 3525 2563; x_wconf 82' lang='lat' dir='ltr'><strong>gloriamur</strong></span> <span class='ocrx_word' id='word_1_450' title='bbox 3556 2493 3611 2546; x_wconf 94' lang='lat' dir='ltr'><strong>in</strong></span> <span class='ocrx_word' id='word_1_451' title='bbox 3643 2505 3740 2562; x_wconf 87' lang='lat' dir='ltr'><strong>spe</strong></span> <span class='ocrx_word' id='word_1_452' title='bbox 3761 2492 3863 2561; x_wconf 77' lang='lat' dir='ltr'><strong>glo-</strong></span> 
     </span>
    </p>
   </div>
   <div class='ocr_carea' id='block_1_58' title="bbox 2277 2582 3863 2652">
    <p class='ocr_par' dir='ltr' id='par_1_58' title="bbox 2277 2582 3863 2652">
     <span class='ocr_line' id='line_1_58' title="bbox 2277 2582 3863 2652; baseline -0.004 -8"><span class='ocrx_word' id='word_1_453' title='bbox 2277 2590 2373 2644; x_wconf 80' lang='lat' dir='ltr'><strong>ria:</strong></span> <span class='ocrx_word' id='word_1_454' title='bbox 2399 2586 2633 2641; x_wconf 87' lang='lat' dir='ltr'><strong>ﬁliorum</strong></span> <span class='ocrx_word' id='word_1_455' title='bbox 2662 2585 2779 2640; x_wconf 88' lang='lat' dir='ltr'><strong>Dei.</strong></span> <span class='ocrx_word' id='word_1_456' title='bbox 2804 2583 2922 2639; x_wconf 83' lang='lat' dir='ltr'><strong>Non</strong></span> <span class='ocrx_word' id='word_1_457' title='bbox 2945 2585 3120 2639; x_wconf 88' lang='lat' dir='ltr'><strong>solum</strong></span> <span class='ocrx_word' id='word_1_458' title='bbox 3146 2591 3354 2647; x_wconf 88' lang='lat' dir='ltr'><strong>autem,</strong></span> <span class='ocrx_word' id='word_1_459' title='bbox 3381 2582 3477 2639; x_wconf 91' lang='lat' dir='ltr'><strong>sed</strong></span> <span class='ocrx_word' id='word_1_460' title='bbox 3503 2593 3563 2637; x_wconf 89' lang='lat' dir='ltr'><strong>et</strong></span> <span class='ocrx_word' id='word_1_461' title='bbox 3582 2583 3863 2652; x_wconf 78' lang='lat' dir='ltr'><strong>gloriamur</strong></span> 
     </span>
    </p>
   </div>
   <div class='ocr_carea' id='block_1_59' title="bbox 2280 2675 3862 2746">
    <p class='ocr_par' dir='ltr' id='par_1_59' title="bbox 2280 2675 3862 2746">
     <span class='ocr_line' id='line_1_59' title="bbox 2280 2675 3862 2746; baseline -0.004 -11"><span class='ocrx_word' id='word_1_462' title='bbox 2280 2680 2335 2735; x_wconf 90' lang='lat' dir='ltr'><strong>iu</strong></span> <span class='ocrx_word' id='word_1_463' title='bbox 2369 2677 2812 2735; x_wconf 86' lang='lat' dir='ltr'><strong>tribulationibus</strong></span> <span class='ocrx_word' id='word_1_464' title='bbox 2846 2694 2859 2731; x_wconf 91' lang='lat'><strong>:</strong></span> <span class='ocrx_word' id='word_1_465' title='bbox 2894 2676 3129 2733; x_wconf 85' lang='lat' dir='ltr'><strong>scientes</strong></span> <span class='ocrx_word' id='word_1_466' title='bbox 3158 2676 3303 2746; x_wconf 89' lang='lat' dir='ltr'><strong>quod</strong></span> <span class='ocrx_word' id='word_1_467' title='bbox 3335 2675 3624 2732; x_wconf 88' lang='lat' dir='ltr'><strong>tribulatio</strong></span> <span class='ocrx_word' id='word_1_468' title='bbox 3672 2677 3862 2746; x_wconf 78' lang='lat' dir='ltr'><strong>patien-</strong></span> 
     </span>
    </p>
   </div>
   <div class='ocr_carea' id='block_1_60' title="bbox 2280 2758 3917 2841">
    <p class='ocr_par' dir='ltr' id='par_1_60' title="bbox 2280 2758 3917 2841">
     <span class='ocr_line' id='line_1_60' title="bbox 2280 2758 3917 2841; baseline -0.003 -15"><span class='ocrx_word' id='word_1_469' title='bbox 2280 2771 2410 2827; x_wconf 90' lang='lat' dir='ltr'><strong>tiam</strong></span> <span class='ocrx_word' id='word_1_470' title='bbox 2441 2780 2701 2841; x_wconf 85' lang='lat' dir='ltr'><strong>operatur</strong></span> <span class='ocrx_word' id='word_1_471' title='bbox 2733 2788 2747 2824; x_wconf 90' lang='lat'><strong>:</strong></span> <span class='ocrx_word' id='word_1_472' title='bbox 2785 2768 3044 2840; x_wconf 88' lang='lat' dir='ltr'><strong>patientia</strong></span> <span class='ocrx_word' id='word_1_473' title='bbox 3072 2777 3254 2824; x_wconf 88' lang='lat' dir='ltr'><strong>autem</strong></span> <span class='ocrx_word' id='word_1_474' title='bbox 3286 2766 3679 2837; x_wconf 86' lang='lat' dir='ltr'><strong>probationem</strong></span> <span class='ocrx_word' id='word_1_475' title='bbox 3709 2808 3726 2832; x_wconf 90' lang='lat'><strong>,</strong></span> <span class='ocrx_word' id='word_1_476' title='bbox 3750 2783 3863 2836; x_wconf 66' lang='lat' dir='ltr'><strong>proo</strong></span> <span class='ocrx_word' id='word_1_477' title='bbox 3915 2758 3917 2829; x_wconf 58' lang='grc' dir='ltr'><strong>Τ</strong></span> 
     </span>
    </p>
   </div>
   <div class='ocr_carea' id='block_1_61' title="bbox 2280 2846 3917 2930">
    <p class='ocr_par' dir='ltr' id='par_1_61' title="bbox 2280 2846 3917 2930">
     <span class='ocr_line' id='line_1_61' title="bbox 2280 2846 3917 2930; baseline -0.005 -11"><span class='ocrx_word' id='word_1_478' title='bbox 2280 2862 2426 2919; x_wconf 84' lang='lat' dir='ltr'><strong>batio</strong></span> <span class='ocrx_word' id='word_1_479' title='bbox 2455 2877 2585 2918; x_wconf 80' lang='lat' dir='ltr'><strong>vero</strong></span> <span class='ocrx_word' id='word_1_480' title='bbox 2609 2876 2762 2930; x_wconf 79' lang='lat' dir='ltr'><strong>Spem</strong></span> <span class='ocrx_word' id='word_1_481' title='bbox 2791 2901 2806 2927; x_wconf 91' lang='lat'><strong>,</strong></span> <span class='ocrx_word' id='word_1_482' title='bbox 2838 2874 2971 2930; x_wconf 86' lang='lat' dir='ltr'><strong>spes</strong></span> <span class='ocrx_word' id='word_1_483' title='bbox 3000 2867 3184 2915; x_wconf 88' lang='lat' dir='ltr'><strong>autem</strong></span> <span class='ocrx_word' id='word_1_484' title='bbox 3228 2873 3335 2915; x_wconf 89' lang='lat' dir='ltr'><strong>non</strong></span> <span class='ocrx_word' id='word_1_485' title='bbox 3375 2856 3675 2915; x_wconf 81' lang='lat' dir='ltr'><strong>confundit</strong></span> <span class='ocrx_word' id='word_1_486' title='bbox 3709 2875 3725 2915; x_wconf 89' lang='lat'>:</span> <span class='ocrx_word' id='word_1_487' title='bbox 3756 2860 3864 2929; x_wconf 84' lang='lat' dir='ltr'><strong>quia</strong></span> <span class='ocrx_word' id='word_1_488' title='bbox 3916 2846 3917 2853; x_wconf 50' lang='grc'><em>“</em></span> 
     </span>
    </p>
   </div>
   <div class='ocr_carea' id='block_1_62' title="bbox 2277 2949 3867 3021">
    <p class='ocr_par' dir='ltr' id='par_1_62' title="bbox 2277 2949 3867 3021">
     <span class='ocr_line' id='line_1_62' title="bbox 2277 2949 3867 3021; baseline -0.003 -10"><span class='ocrx_word' id='word_1_489' title='bbox 2277 2955 2521 3011; x_wconf 85' lang='lat' dir='ltr'><strong>cbaritas</strong></span> <span class='ocrx_word' id='word_1_490' title='bbox 2551 2954 2646 3009; x_wconf 86' lang='lat' dir='ltr'><strong>Dei</strong></span> <span class='ocrx_word' id='word_1_491' title='bbox 2674 2952 2871 3009; x_wconf 73' lang='lat' dir='ltr'><strong>diffusa</strong></span> <span class='ocrx_word' id='word_1_492' title='bbox 2899 2960 2987 3009; x_wconf 75' lang='lat' dir='ltr'><strong>est</strong></span> <span class='ocrx_word' id='word_1_493' title='bbox 3016 2952 3069 3008; x_wconf 90' lang='lat' dir='ltr'><strong>in</strong></span> <span class='ocrx_word' id='word_1_494' title='bbox 3097 2951 3355 3008; x_wconf 88' lang='lat' dir='ltr'><strong>cordibus</strong></span> <span class='ocrx_word' id='word_1_495' title='bbox 3396 2949 3607 3006; x_wconf 88' lang='lat' dir='ltr'><strong>nostris</strong></span> <span class='ocrx_word' id='word_1_496' title='bbox 3640 2966 3739 3021; x_wconf 88' lang='lat' dir='ltr'><strong>per</strong></span> <span class='ocrx_word' id='word_1_497' title='bbox 3764 2951 3867 3019; x_wconf 70' lang='grc' dir='ltr'><strong>ενι.</strong></span> 
     </span>
    </p>
   </div>
   <div class='ocr_carea' id='block_1_63' title="bbox 2279 3042 3866 3118">
    <p class='ocr_par' dir='ltr' id='par_1_63' title="bbox 2279 3042 3866 3118">
     <span class='ocr_line' id='line_1_63' title="bbox 2279 3042 3866 3118; baseline -0.005 -12"><span class='ocrx_word' id='word_1_498' title='bbox 2279 3050 2442 3106; x_wconf 91' lang='lat' dir='ltr'><strong>ritum</strong></span> <span class='ocrx_word' id='word_1_499' title='bbox 2491 3057 2735 3105; x_wconf 82' lang='lat' dir='ltr'><strong>sanctum</strong></span> <span class='ocrx_word' id='word_1_500' title='bbox 2762 3093 2777 3118; x_wconf 92' lang='lat'><strong>,</strong></span> <span class='ocrx_word' id='word_1_501' title='bbox 2823 3048 2916 3118; x_wconf 91' lang='lat' dir='ltr'><strong>qui</strong></span> <span class='ocrx_word' id='word_1_502' title='bbox 2945 3046 3108 3102; x_wconf 86' lang='lat' dir='ltr'><strong>datus</strong></span> <span class='ocrx_word' id='word_1_503' title='bbox 3138 3056 3224 3101; x_wconf 88' lang='lat' dir='ltr'><strong>est</strong></span> <span class='ocrx_word' id='word_1_504' title='bbox 3258 3043 3439 3101; x_wconf 88' lang='lat' dir='ltr'><strong>nobis.</strong></span> <span class='ocrx_word' id='word_1_505' title='bbox 3481 3042 3692 3115; x_wconf 87' lang='lat' dir='ltr'><strong>thuid</strong></span> <span class='ocrx_word' id='word_1_506' title='bbox 3739 3044 3866 3099; x_wconf 88' lang='lat' dir='ltr'><strong>enim</strong></span> 
     </span>
    </p>
   </div>
   <div class='ocr_carea' id='block_1_64' title="bbox 574 3134 3920 3208">
    <p class='ocr_par' dir='ltr' id='par_1_64' title="bbox 574 3134 3920 3208">
     <span class='ocr_line' id='line_1_64' title="bbox 574 3134 3920 3208; baseline -0.001 -16"><span class='ocrx_word' id='word_1_507' title='bbox 574 3140 907 3195; x_wconf 60' lang='lat' dir='ltr'><strong>t&#39;umtisiutte</strong></span> <span class='ocrx_word' id='word_1_508' title='bbox 935 3136 964 3175; x_wconf 71' lang='grc' dir='ltr'><strong><em>ἀ</em></strong></span> <span class='ocrx_word' id='word_1_509' title='bbox 1015 3149 1223 3195; x_wconf 86' lang='lat' dir='ltr'><strong>tantum</strong></span> <span class='ocrx_word' id='word_1_510' title='bbox 1252 3146 1457 3207; x_wconf 87' lang='lat' dir='ltr'><strong>manet,</strong></span> <span class='ocrx_word' id='word_1_511' title='bbox 1483 3152 1552 3193; x_wconf 89' lang='lat' dir='ltr'><strong>an</strong></span> <span class='ocrx_word' id='word_1_512' title='bbox 1584 3136 1749 3193; x_wconf 88' lang='lat' dir='ltr'><strong>etiam</strong></span> <span class='ocrx_word' id='word_1_513' title='bbox 1778 3136 1832 3193; x_wconf 91' lang='lat' dir='ltr'><strong>in</strong></span> <span class='ocrx_word' id='word_1_514' title='bbox 1866 3136 2175 3208; x_wconf 75' lang='lat' dir='ltr'><strong>pra-potio?</strong></span> <span class='ocrx_word' id='word_1_515' title='bbox 2202 3137 2250 3202; x_wconf 88' lang='lat' dir='ltr'><strong>C</strong></span> <span class='ocrx_word' id='word_1_516' title='bbox 2279 3141 2535 3197; x_wconf 88' lang='lat' dir='ltr'><strong>Christus</strong></span> <span class='ocrx_word' id='word_1_517' title='bbox 2561 3181 2577 3203; x_wconf 87' lang='lat'><strong><em>.</em></strong></span> <span class='ocrx_word' id='word_1_518' title='bbox 2621 3154 2745 3195; x_wconf 91' lang='lat' dir='ltr'><strong>cum</strong></span> <span class='ocrx_word' id='word_1_519' title='bbox 2776 3138 2957 3193; x_wconf 84' lang='lat' dir='ltr'><strong>adhuc</strong></span> <span class='ocrx_word' id='word_1_520' title='bbox 3003 3136 3202 3192; x_wconf 90' lang='lat' dir='ltr'><strong>inﬁrmi</strong></span> <span class='ocrx_word' id='word_1_521' title='bbox 3243 3149 3492 3192; x_wconf 77' lang='lat' dir='ltr'><strong>essemus</strong></span> <span class='ocrx_word' id='word_1_522' title='bbox 3517 3175 3533 3198; x_wconf 85' lang='lat'><strong>,</strong></span> <span class='ocrx_word' id='word_1_523' title='bbox 3579 3134 3867 3191; x_wconf 87' lang='lat' dir='ltr'><strong>secundum</strong></span> <span class='ocrx_word' id='word_1_524' title='bbox 3918 3134 3920 3195; x_wconf 72' lang='grc' dir='ltr'><strong>Ι</strong></span> 
     </span>
    </p>
   </div>
   <div class='ocr_carea' id='block_1_65' title="bbox 578 3227 2174 3302">
    <p class='ocr_par' dir='ltr' id='par_1_65' title="bbox 578 3227 2174 3302">
     <span class='ocr_line' id='line_1_65' title="bbox 578 3227 2174 3302; baseline -0.003 -14"><span class='ocrx_word' id='word_1_525' title='bbox 578 3232 818 3288; x_wconf 76' lang='lat' dir='ltr'><strong>liirimus</strong></span> <span class='ocrx_word' id='word_1_526' title='bbox 845 3232 987 3287; x_wconf 82' lang='lat' dir='ltr'><strong>enim</strong></span> <span class='ocrx_word' id='word_1_527' title='bbox 1011 3232 1136 3302; x_wconf 87' lang='lat' dir='ltr'><strong>quia</strong></span> <span class='ocrx_word' id='word_1_528' title='bbox 1173 3240 1418 3301; x_wconf 86' lang='lat' dir='ltr'><strong>rcputata</strong></span> <span class='ocrx_word' id='word_1_529' title='bbox 1439 3240 1524 3285; x_wconf 90' lang='lat' dir='ltr'><strong>est</strong></span> <span class='ocrx_word' id='word_1_530' title='bbox 1545 3230 1777 3285; x_wconf 67' lang='lat' dir='ltr'><strong>Abrahae</strong></span> <span class='ocrx_word' id='word_1_531' title='bbox 1828 3227 1961 3284; x_wconf 89' lang='lat' dir='ltr'><strong>ﬁdes</strong></span> <span class='ocrx_word' id='word_1_532' title='bbox 1989 3229 2058 3284; x_wconf 88' lang='lat' dir='ltr'><strong>ad</strong></span> <span class='ocrx_word' id='word_1_533' title='bbox 2085 3230 2174 3299; x_wconf 87' lang='lat' dir='ltr'><strong>ju-</strong></span> 
     </span>
    </p>
   </div>
   <div class='ocr_carea' id='block_1_66' title="bbox 577 3320 2175 3391">
    <p class='ocr_par' dir='ltr' id='par_1_66' title="bbox 577 3320 2175 3391">
     <span class='ocr_line' id='line_1_66' title="bbox 577 3320 2175 3391; baseline -0.002 -13"><span class='ocrx_word' id='word_1_534' title='bbox 577 3325 803 3378; x_wconf 89' lang='lat' dir='ltr'><strong>stitiam.</strong></span> <span class='ocrx_word' id='word_1_535' title='bbox 853 3323 1138 3389; x_wconf 83' lang='lat' dir='ltr'><strong>Quomodo</strong></span> <span class='ocrx_word' id='word_1_536' title='bbox 1185 3335 1317 3391; x_wconf 88' lang='lat' dir='ltr'><strong>ergo</strong></span> <span class='ocrx_word' id='word_1_537' title='bbox 1348 3333 1594 3391; x_wconf 89' lang='lat' dir='ltr'><strong>reputata</strong></span> <span class='ocrx_word' id='word_1_538' title='bbox 1623 3332 1710 3376; x_wconf 91' lang='lat' dir='ltr'><strong>est</strong></span> <span class='ocrx_word' id='word_1_539' title='bbox 1745 3320 1768 3374; x_wconf 81' lang='lat'><strong>?</strong></span> <span class='ocrx_word' id='word_1_540' title='bbox 1801 3321 1853 3375; x_wconf 89' lang='lat' dir='ltr'><strong>itt</strong></span> <span class='ocrx_word' id='word_1_541' title='bbox 1882 3322 2175 3378; x_wconf 88' lang='lat' dir='ltr'><strong>circumci-</strong></span> 
     </span>
    </p>
   </div>
   <div class='ocr_carea' id='block_1_67' title="bbox 576 3410 2175 3482">
    <p class='ocr_par' dir='ltr' id='par_1_67' title="bbox 576 3410 2175 3482">
     <span class='ocr_line' id='line_1_67' title="bbox 576 3410 2175 3482; baseline 0.001 -13"><span class='ocrx_word' id='word_1_542' title='bbox 576 3417 753 3478; x_wconf 63' lang='lat' dir='ltr'><strong>sione,</strong></span> <span class='ocrx_word' id='word_1_543' title='bbox 786 3424 808 3451; x_wconf 74' lang='grc' dir='ltr'>ο</span> <span class='ocrx_word' id='word_1_544' title='bbox 834 3429 901 3468; x_wconf 92' lang='lat' dir='ltr'><strong>au</strong></span> <span class='ocrx_word' id='word_1_545' title='bbox 944 3415 994 3467; x_wconf 92' lang='lat' dir='ltr'><strong>iu</strong></span> <span class='ocrx_word' id='word_1_546' title='bbox 1028 3412 1330 3482; x_wconf 51' lang='lat' dir='ltr'><strong>praeputio?</strong></span> <span class='ocrx_word' id='word_1_547' title='bbox 1359 3410 1476 3465; x_wconf 85' lang='lat' dir='ltr'><strong>Non</strong></span> <span class='ocrx_word' id='word_1_548' title='bbox 1517 3411 1572 3466; x_wconf 93' lang='lat' dir='ltr'><strong>in</strong></span> <span class='ocrx_word' id='word_1_549' title='bbox 1603 3411 2046 3479; x_wconf 88' lang='lat' dir='ltr'><strong>circumcisione,</strong></span> <span class='ocrx_word' id='word_1_550' title='bbox 2078 3412 2175 3471; x_wconf 88' lang='lat' dir='ltr'><strong>sed</strong></span> 
     </span>
    </p>
   </div>
   <div class='ocr_carea' id='block_1_68' title="bbox 578 3502 2177 3576">
    <p class='ocr_par' dir='ltr' id='par_1_68' title="bbox 578 3502 2177 3576">
     <span class='ocr_line' id='line_1_68' title="bbox 578 3502 2177 3576; baseline -0.001 -15"><span class='ocrx_word' id='word_1_551' title='bbox 578 3506 629 3561; x_wconf 90' lang='lat' dir='ltr'><strong>in</strong></span> <span class='ocrx_word' id='word_1_552' title='bbox 663 3519 948 3576; x_wconf 72' lang='lat' dir='ltr'><strong>praeputio.</strong></span> <span class='ocrx_word' id='word_1_553' title='bbox 967 3505 1034 3558; x_wconf 86' lang='lat' dir='ltr'><strong>Et</strong></span> <span class='ocrx_word' id='word_1_554' title='bbox 1062 3505 1272 3573; x_wconf 88' lang='lat' dir='ltr'><strong>signum</strong></span> <span class='ocrx_word' id='word_1_555' title='bbox 1297 3502 1505 3571; x_wconf 87' lang='lat' dir='ltr'><strong>accepit</strong></span> <span class='ocrx_word' id='word_1_556' title='bbox 1526 3502 2177 3575; x_wconf 84' lang='lat' dir='ltr'><strong>circumcisionis,signa-</strong></span> 
     </span>
    </p>
   </div>
   <div class='ocr_carea' id='block_1_69' title="bbox 577 3595 2176 3670">
    <p class='ocr_par' dir='ltr' id='par_1_69' title="bbox 577 3595 2176 3670">
     <span class='ocr_line' id='line_1_69' title="bbox 577 3595 2176 3670; baseline 0 -19"><span class='ocrx_word' id='word_1_557' title='bbox 577 3600 757 3653; x_wconf 84' lang='lat' dir='ltr'><strong>culum</strong></span> <span class='ocrx_word' id='word_1_558' title='bbox 781 3598 1006 3669; x_wconf 69' lang='lat' dir='ltr'><strong>justitiae</strong></span> <span class='ocrx_word' id='word_1_559' title='bbox 1044 3596 1189 3663; x_wconf 88' lang='lat' dir='ltr'><strong>ﬁdei,</strong></span> <span class='ocrx_word' id='word_1_560' title='bbox 1210 3612 1328 3665; x_wconf 69' lang='lat' dir='ltr'><strong>«pro:</strong></span> <span class='ocrx_word' id='word_1_561' title='bbox 1351 3605 1436 3651; x_wconf 85' lang='lat' dir='ltr'><strong>est</strong></span> <span class='ocrx_word' id='word_1_562' title='bbox 1459 3597 1510 3648; x_wconf 90' lang='lat' dir='ltr'><strong>iu</strong></span> <span class='ocrx_word' id='word_1_563' title='bbox 1531 3595 1794 3667; x_wconf 64' lang='lat' dir='ltr'><strong>praeputio</strong></span> <span class='ocrx_word' id='word_1_564' title='bbox 1815 3613 1829 3662; x_wconf 90' lang='lat'><strong>;</strong></span> <span class='ocrx_word' id='word_1_565' title='bbox 1850 3606 1908 3652; x_wconf 89' lang='lat' dir='ltr'><strong>ttt</strong></span> <span class='ocrx_word' id='word_1_566' title='bbox 1933 3596 2002 3652; x_wconf 88' lang='lat' dir='ltr'><strong>sit</strong></span> <span class='ocrx_word' id='word_1_567' title='bbox 2025 3609 2176 3670; x_wconf 75' lang='lat' dir='ltr'><strong>pater</strong></span> 
     </span>
    </p>
   </div>
   <div class='ocr_carea' id='block_1_70' title="bbox 574 3688 2178 3760">
    <p class='ocr_par' dir='ltr' id='par_1_70' title="bbox 574 3688 2178 3760">
     <span class='ocr_line' id='line_1_70' title="bbox 574 3688 2178 3760; baseline 0.004 -20"><span class='ocrx_word' id='word_1_568' title='bbox 574 3691 820 3744; x_wconf 87' lang='lat' dir='ltr'><strong>omnium</strong></span> <span class='ocrx_word' id='word_1_569' title='bbox 850 3688 1187 3743; x_wconf 86' lang='lat' dir='ltr'><strong>credentium</strong></span> <span class='ocrx_word' id='word_1_570' title='bbox 1218 3702 1315 3758; x_wconf 89' lang='lat' dir='ltr'><strong>per</strong></span> <span class='ocrx_word' id='word_1_571' title='bbox 1344 3689 1693 3759; x_wconf 72' lang='lat' dir='ltr'><strong>przeputium,</strong></span> <span class='ocrx_word' id='word_1_572' title='bbox 1725 3697 1782 3743; x_wconf 93' lang='lat' dir='ltr'><strong>ut</strong></span> <span class='ocrx_word' id='word_1_573' title='bbox 1812 3699 2092 3760; x_wconf 90' lang='lat' dir='ltr'><strong>reputetur</strong></span> <span class='ocrx_word' id='word_1_574' title='bbox 2121 3698 2178 3749; x_wconf 89' lang='lat' dir='ltr'><strong>ct</strong></span> 
     </span>
    </p>
   </div>
   <div class='ocr_carea' id='block_1_71' title="bbox 579 3779 2178 3852">
    <p class='ocr_par' dir='ltr' id='par_1_71' title="bbox 579 3779 2178 3852">
     <span class='ocr_line' id='line_1_71' title="bbox 579 3779 2178 3852; baseline 0.007 -20"><span class='ocrx_word' id='word_1_575' title='bbox 579 3782 685 3834; x_wconf 81' lang='lat' dir='ltr'><strong>illis</strong></span> <span class='ocrx_word' id='word_1_576' title='bbox 715 3782 781 3835; x_wconf 92' lang='lat' dir='ltr'><strong>ad</strong></span> <span class='ocrx_word' id='word_1_577' title='bbox 825 3780 1129 3849; x_wconf 58' lang='lat' dir='ltr'><strong>justitiam;</strong></span> <span class='ocrx_word' id='word_1_578' title='bbox 1159 3790 1212 3836; x_wconf 90' lang='lat' dir='ltr'><strong>et</strong></span> <span class='ocrx_word' id='word_1_579' title='bbox 1240 3780 1311 3837; x_wconf 81' lang='lat' dir='ltr'><strong>sit</strong></span> <span class='ocrx_word' id='word_1_580' title='bbox 1334 3791 1486 3852; x_wconf 89' lang='lat' dir='ltr'><strong>pater</strong></span> <span class='ocrx_word' id='word_1_581' title='bbox 1506 3779 1939 3837; x_wconf 71' lang='lat' dir='ltr'><strong>circumcisionis</strong></span> <span class='ocrx_word' id='word_1_582' title='bbox 1967 3799 2073 3839; x_wconf 91' lang='lat' dir='ltr'><strong>non</strong></span> <span class='ocrx_word' id='word_1_583' title='bbox 2107 3785 2178 3843; x_wconf 85' lang='lat' dir='ltr'><strong>iis</strong></span> 
     </span>
    </p>
   </div>
   <div class='ocr_carea' id='block_1_72' title="bbox 581 3876 2176 3948">
    <p class='ocr_par' dir='ltr' id='par_1_72' title="bbox 581 3876 2176 3948">
     <span class='ocr_line' id='line_1_72' title="bbox 581 3876 2176 3948; baseline 0.007 -24"><span class='ocrx_word' id='word_1_584' title='bbox 581 3882 785 3927; x_wconf 89' lang='lat' dir='ltr'><strong>tantum</strong></span> <span class='ocrx_word' id='word_1_585' title='bbox 814 3876 903 3944; x_wconf 87' lang='lat' dir='ltr'><strong>qui</strong></span> <span class='ocrx_word' id='word_1_586' title='bbox 946 3890 1072 3929; x_wconf 84' lang='lat' dir='ltr'><strong>sunt</strong></span> <span class='ocrx_word' id='word_1_587' title='bbox 1099 3892 1162 3930; x_wconf 89' lang='lat' dir='ltr'><strong>ex</strong></span> <span class='ocrx_word' id='word_1_588' title='bbox 1195 3876 1632 3945; x_wconf 64' lang='lat' dir='ltr'><strong>circumcisione,</strong></span> <span class='ocrx_word' id='word_1_589' title='bbox 1665 3877 1761 3932; x_wconf 84' lang='lat' dir='ltr'><strong>scd</strong></span> <span class='ocrx_word' id='word_1_590' title='bbox 1790 3886 1846 3934; x_wconf 93' lang='lat' dir='ltr'><strong>et</strong></span> <span class='ocrx_word' id='word_1_591' title='bbox 1873 3877 1940 3933; x_wconf 89' lang='lat' dir='ltr'><strong>iis</strong></span> <span class='ocrx_word' id='word_1_592' title='bbox 1964 3880 2053 3948; x_wconf 92' lang='lat' dir='ltr'><strong>qui</strong></span> <span class='ocrx_word' id='word_1_593' title='bbox 2084 3894 2176 3935; x_wconf 83' lang='lat' dir='ltr'><strong>se-</strong></span> 
     </span>
    </p>
   </div>
   <div class='ocr_carea' id='block_1_73' title="bbox 579 3967 2179 4042">
    <p class='ocr_par' dir='ltr' id='par_1_73' title="bbox 579 3967 2179 4042">
     <span class='ocr_line' id='line_1_73' title="bbox 579 3967 2179 4042; baseline 0.008 -28"><span class='ocrx_word' id='word_1_594' title='bbox 579 3975 800 4017; x_wconf 81' lang='lat' dir='ltr'><strong>ctantttt&#39;</strong></span> <span class='ocrx_word' id='word_1_595' title='bbox 829 3968 1047 4035; x_wconf 64' lang='lat' dir='ltr'><strong>vestigia</strong></span> <span class='ocrx_word' id='word_1_596' title='bbox 1084 3968 1204 4022; x_wconf 86' lang='lat' dir='ltr'><strong>tldei</strong></span> <span class='ocrx_word' id='word_1_597' title='bbox 1236 3984 1358 4037; x_wconf 74' lang='lat' dir='ltr'><strong>qua:</strong></span> <span class='ocrx_word' id='word_1_598' title='bbox 1389 3976 1475 4024; x_wconf 81' lang='lat' dir='ltr'><strong>cst</strong></span> <span class='ocrx_word' id='word_1_599' title='bbox 1501 3967 1554 4024; x_wconf 90' lang='lat' dir='ltr'><strong>iu</strong></span> <span class='ocrx_word' id='word_1_600' title='bbox 1581 3971 1848 4042; x_wconf 66' lang='lat' dir='ltr'><strong>praeputio</strong></span> <span class='ocrx_word' id='word_1_601' title='bbox 1877 3972 2047 4042; x_wconf 87' lang='lat' dir='ltr'><strong>patris</strong></span> <span class='ocrx_word' id='word_1_602' title='bbox 2081 3985 2179 4026; x_wconf 82' lang='lat' dir='ltr'><strong>no-</strong></span> 
     </span>
    </p>
   </div>
   <div class='ocr_carea' id='block_1_74' title="bbox 581 4054 2179 4133">
    <p class='ocr_par' dir='ltr' id='par_1_74' title="bbox 581 4054 2179 4133">
     <span class='ocr_line' id='line_1_74' title="bbox 581 4054 2179 4133; baseline 0.008 -24"><span class='ocrx_word' id='word_1_603' title='bbox 581 4054 680 4109; x_wconf 87' lang='lat' dir='ltr'><strong>stri</strong></span> <span class='ocrx_word' id='word_1_604' title='bbox 709 4054 963 4110; x_wconf 75' lang='lat' dir='ltr'><strong>Abralne.</strong></span> <span class='ocrx_word' id='word_1_605' title='bbox 987 4057 1105 4112; x_wconf 85' lang='lat' dir='ltr'><strong>Non</strong></span> <span class='ocrx_word' id='word_1_606' title='bbox 1132 4065 1274 4113; x_wconf 88' lang='lat' dir='ltr'><strong>cnim</strong></span> <span class='ocrx_word' id='word_1_607' title='bbox 1305 4076 1402 4131; x_wconf 88' lang='lat' dir='ltr'><strong>per</strong></span> <span class='ocrx_word' id='word_1_608' title='bbox 1426 4062 1601 4133; x_wconf 82' lang='lat' dir='ltr'><strong>legem</strong></span> <span class='ocrx_word' id='word_1_609' title='bbox 1634 4063 1921 4132; x_wconf 68' lang='lat' dir='ltr'><strong>promissio</strong></span> <span class='ocrx_word' id='word_1_610' title='bbox 1942 4065 2179 4121; x_wconf 65' lang='lat' dir='ltr'><strong>Abrahae</strong></span> 
     </span>
    </p>
   </div>
   <div class='ocr_carea' id='block_1_75' title="bbox 579 4144 2179 4228">
    <p class='ocr_par' dir='ltr' id='par_1_75' title="bbox 579 4144 2179 4228">
     <span class='ocr_line' id='line_1_75' title="bbox 579 4144 2179 4228; baseline 0.01 -30"><span class='ocrx_word' id='word_1_611' title='bbox 579 4158 670 4198; x_wconf 91' lang='lat' dir='ltr'><strong>aut</strong></span> <span class='ocrx_word' id='word_1_612' title='bbox 698 4144 891 4199; x_wconf 89' lang='lat' dir='ltr'><strong>semini</strong></span> <span class='ocrx_word' id='word_1_613' title='bbox 914 4146 1055 4214; x_wconf 88' lang='lat' dir='ltr'><strong>ejus,</strong></span> <span class='ocrx_word' id='word_1_614' title='bbox 1082 4159 1138 4201; x_wconf 91' lang='lat' dir='ltr'><strong>ut</strong></span> <span class='ocrx_word' id='word_1_615' title='bbox 1161 4148 1338 4206; x_wconf 77' lang='lat' dir='ltr'><strong>lucres</strong></span> <span class='ocrx_word' id='word_1_616' title='bbox 1359 4163 1505 4207; x_wconf 77' lang='lat' dir='ltr'><strong>esset</strong></span> <span class='ocrx_word' id='word_1_617' title='bbox 1535 4154 1743 4221; x_wconf 90' lang='lat' dir='ltr'><strong>mundi,</strong></span> <span class='ocrx_word' id='word_1_618' title='bbox 1775 4155 1870 4212; x_wconf 83' lang='lat' dir='ltr'><strong>sed</strong></span> <span class='ocrx_word' id='word_1_619' title='bbox 1899 4172 1996 4226; x_wconf 87' lang='lat' dir='ltr'><strong>per</strong></span> <span class='ocrx_word' id='word_1_620' title='bbox 2017 4159 2179 4228; x_wconf 90' lang='lat' dir='ltr'><strong>justi-</strong></span> 
     </span>
    </p>
   </div>
   <div class='ocr_carea' id='block_1_76' title="bbox 579 4236 2178 4312">
    <p class='ocr_par' dir='ltr' id='par_1_76' title="bbox 579 4236 2178 4312">
     <span class='ocr_line' id='line_1_76' title="bbox 579 4236 2178 4312; baseline 0.009 -23"><span class='ocrx_word' id='word_1_621' title='bbox 579 4237 709 4291; x_wconf 88' lang='lat' dir='ltr'><strong>tiam</strong></span> <span class='ocrx_word' id='word_1_622' title='bbox 742 4236 887 4290; x_wconf 88' lang='lat' dir='ltr'><strong>ﬁdei.</strong></span> <span class='ocrx_word' id='word_1_623' title='bbox 919 4236 973 4292; x_wconf 81' lang='lat' dir='ltr'><strong>Si</strong></span> <span class='ocrx_word' id='word_1_624' title='bbox 994 4240 1137 4293; x_wconf 83' lang='lat' dir='ltr'><strong>enim</strong></span> <span class='ocrx_word' id='word_1_625' title='bbox 1160 4242 1250 4310; x_wconf 91' lang='lat' dir='ltr'><strong>qui</strong></span> <span class='ocrx_word' id='word_1_626' title='bbox 1275 4257 1337 4295; x_wconf 88' lang='lat' dir='ltr'><strong>ex</strong></span> <span class='ocrx_word' id='word_1_627' title='bbox 1374 4242 1511 4312; x_wconf 77' lang='lat' dir='ltr'><strong>lege,</strong></span> <span class='ocrx_word' id='word_1_628' title='bbox 1538 4243 1779 4301; x_wconf 72' lang='lat' dir='ltr'><strong>litercdes</strong></span> <span class='ocrx_word' id='word_1_629' title='bbox 1805 4257 1962 4303; x_wconf 84' lang='lat' dir='ltr'><strong>sunt:</strong></span> <span class='ocrx_word' id='word_1_630' title='bbox 1985 4250 2178 4304; x_wconf 81' lang='lat' dir='ltr'><strong>exina-</strong></span> 
     </span>
    </p>
   </div>
   <div class='ocr_carea' id='block_1_77' title="bbox 579 4330 2177 4406">
    <p class='ocr_par' dir='ltr' id='par_1_77' title="bbox 579 4330 2177 4406">
     <span class='ocr_line' id='line_1_77' title="bbox 579 4330 2177 4406; baseline 0.011 -22"><span class='ocrx_word' id='word_1_631' title='bbox 579 4330 689 4384; x_wconf 88' lang='lat' dir='ltr'><strong>uita</strong></span> <span class='ocrx_word' id='word_1_632' title='bbox 720 4340 805 4384; x_wconf 70' lang='lat' dir='ltr'><strong>Cal</strong></span> <span class='ocrx_word' id='word_1_633' title='bbox 838 4330 993 4399; x_wconf 87' lang='lat' dir='ltr'><strong>tides,</strong></span> <span class='ocrx_word' id='word_1_634' title='bbox 1033 4331 1232 4388; x_wconf 80' lang='lat' dir='ltr'><strong>abolita</strong></span> <span class='ocrx_word' id='word_1_635' title='bbox 1261 4343 1345 4389; x_wconf 89' lang='lat' dir='ltr'><strong>est</strong></span> <span class='ocrx_word' id='word_1_636' title='bbox 1375 4335 1686 4406; x_wconf 88' lang='lat' dir='ltr'><strong>promissio.</strong></span> <span class='ocrx_word' id='word_1_637' title='bbox 1714 4339 1829 4397; x_wconf 84' lang='lat' dir='ltr'><strong>Lex</strong></span> <span class='ocrx_word' id='word_1_638' title='bbox 1857 4344 2006 4398; x_wconf 90' lang='lat' dir='ltr'><strong>enim</strong></span> <span class='ocrx_word' id='word_1_639' title='bbox 2040 4346 2177 4401; x_wconf 88' lang='lat' dir='ltr'><strong>iram</strong></span> 
     </span>
    </p>
   </div>
   <div class='ocr_carea' id='block_1_78' title="bbox 575 4425 2176 4505">
    <p class='ocr_par' dir='ltr' id='par_1_78' title="bbox 575 4425 2176 4505">
     <span class='ocr_line' id='line_1_78' title="bbox 575 4425 2176 4505; baseline 0.01 -26"><span class='ocrx_word' id='word_1_640' title='bbox 575 4437 851 4496; x_wconf 70' lang='lat' dir='ltr'><strong>Oper-mur.</strong></span> <span class='ocrx_word' id='word_1_641' title='bbox 890 4425 992 4481; x_wconf 91' lang='lat' dir='ltr'><strong>Ubi</strong></span> <span class='ocrx_word' id='word_1_642' title='bbox 1022 4427 1167 4482; x_wconf 89' lang='lat' dir='ltr'><strong>enim</strong></span> <span class='ocrx_word' id='word_1_643' title='bbox 1206 4445 1313 4485; x_wconf 88' lang='lat' dir='ltr'><strong>non</strong></span> <span class='ocrx_word' id='word_1_644' title='bbox 1358 4441 1441 4486; x_wconf 89' lang='lat' dir='ltr'><strong>est</strong></span> <span class='ocrx_word' id='word_1_645' title='bbox 1470 4431 1554 4487; x_wconf 85' lang='lat' dir='ltr'><strong>lex</strong></span> <span class='ocrx_word' id='word_1_646' title='bbox 1583 4474 1599 4498; x_wconf 89' lang='lat'><strong>,</strong></span> <span class='ocrx_word' id='word_1_647' title='bbox 1633 4448 1733 4490; x_wconf 90' lang='lat' dir='ltr'><strong>nec</strong></span> <span class='ocrx_word' id='word_1_648' title='bbox 1773 4438 2176 4505; x_wconf 55' lang='lat' dir='ltr'><strong>praevaricatio.</strong></span> 
     </span>
    </p>
   </div>
   <div class='ocr_carea' id='block_1_79' title="bbox 2281 3226 3920 3304">
    <p class='ocr_par' dir='ltr' id='par_1_79' title="bbox 2281 3226 3920 3304">
     <span class='ocr_line' id='line_1_79' title="bbox 2281 3226 3920 3304; baseline -0.007 -14"><span class='ocrx_word' id='word_1_649' title='bbox 2281 3247 2495 3304; x_wconf 82' lang='lat' dir='ltr'><strong>tempus</strong></span> <span class='ocrx_word' id='word_1_650' title='bbox 2522 3246 2621 3303; x_wconf 91' lang='lat' dir='ltr'><strong>pro</strong></span> <span class='ocrx_word' id='word_1_651' title='bbox 2659 3230 2839 3301; x_wconf 86' lang='lat' dir='ltr'><strong>impiis</strong></span> <span class='ocrx_word' id='word_1_652' title='bbox 2870 3239 3120 3285; x_wconf 80' lang='lat' dir='ltr'><strong>mortuus</strong></span> <span class='ocrx_word' id='word_1_653' title='bbox 3144 3227 3268 3284; x_wconf 73' lang='lat' dir='ltr'><strong>est?</strong></span> <span class='ocrx_word' id='word_1_654' title='bbox 3296 3226 3395 3283; x_wconf 74' lang='lat' dir='ltr'><strong>Vix</strong></span> <span class='ocrx_word' id='word_1_655' title='bbox 3435 3227 3583 3282; x_wconf 87' lang='lat' dir='ltr'><strong>enim</strong></span> <span class='ocrx_word' id='word_1_656' title='bbox 3616 3243 3722 3295; x_wconf 87' lang='lat' dir='ltr'><strong>pro</strong></span> <span class='ocrx_word' id='word_1_657' title='bbox 3740 3228 3868 3298; x_wconf 87' lang='lat' dir='ltr'><strong>justo</strong></span> <span class='ocrx_word' id='word_1_658' title='bbox 3918 3230 3920 3235; x_wconf 91' lang='lat'>&#39;</span> 
     </span>
    </p>
   </div>
   <div class='ocr_carea' id='block_1_80' title="bbox 2278 3318 3867 3395">
    <p class='ocr_par' dir='ltr' id='par_1_80' title="bbox 2278 3318 3867 3395">
     <span class='ocr_line' id='line_1_80' title="bbox 2278 3318 3867 3395; baseline -0.008 -14"><span class='ocrx_word' id='word_1_659' title='bbox 2278 3326 2402 3395; x_wconf 88' lang='lat' dir='ltr'><strong>quis</strong></span> <span class='ocrx_word' id='word_1_660' title='bbox 2438 3325 2671 3379; x_wconf 92' lang='lat' dir='ltr'><strong>moritur</strong></span> <span class='ocrx_word' id='word_1_661' title='bbox 2705 3340 2717 3376; x_wconf 91' lang='lat'>:</span> <span class='ocrx_word' id='word_1_662' title='bbox 2752 3337 2875 3375; x_wconf 88' lang='lat' dir='ltr'><strong>nam</strong></span> <span class='ocrx_word' id='word_1_663' title='bbox 2917 3336 3015 3391; x_wconf 87' lang='lat' dir='ltr'><strong>pro</strong></span> <span class='ocrx_word' id='word_1_664' title='bbox 3057 3321 3202 3375; x_wconf 92' lang='lat' dir='ltr'><strong>bono</strong></span> <span class='ocrx_word' id='word_1_665' title='bbox 3242 3318 3474 3374; x_wconf 70' lang='grc' dir='ltr'>ΐσιτείιςιιι</span> <span class='ocrx_word' id='word_1_666' title='bbox 3522 3318 3652 3384; x_wconf 68' lang='lat' dir='ltr'><strong>«,uis</strong></span> <span class='ocrx_word' id='word_1_667' title='bbox 3690 3320 3867 3372; x_wconf 81' lang='lat' dir='ltr'><strong>audeat</strong></span> 
     </span>
    </p>
   </div>
   <div class='ocr_carea' id='block_1_81' title="bbox 2279 3409 3866 3472">
    <p class='ocr_par' dir='ltr' id='par_1_81' title="bbox 2279 3409 3866 3472">
     <span class='ocr_line' id='line_1_81' title="bbox 2279 3409 3866 3472; baseline -0.006 0"><span class='ocrx_word' id='word_1_668' title='bbox 2279 3416 2439 3472; x_wconf 88' lang='lat' dir='ltr'><strong>mori.</strong></span> <span class='ocrx_word' id='word_1_669' title='bbox 2470 3411 2832 3470; x_wconf 82' lang='lat' dir='ltr'><strong>Commendat</strong></span> <span class='ocrx_word' id='word_1_670' title='bbox 2874 3420 3056 3467; x_wconf 80' lang='lat' dir='ltr'><strong>autem</strong></span> <span class='ocrx_word' id='word_1_671' title='bbox 3094 3410 3418 3466; x_wconf 86' lang='lat' dir='ltr'><strong>charitatem</strong></span> <span class='ocrx_word' id='word_1_672' title='bbox 3460 3424 3619 3464; x_wconf 83' lang='lat' dir='ltr'><strong>suam</strong></span> <span class='ocrx_word' id='word_1_673' title='bbox 3655 3409 3796 3465; x_wconf 72' lang='lat' dir='ltr'><strong>Deus</strong></span> <span class='ocrx_word' id='word_1_674' title='bbox 3823 3410 3866 3463; x_wconf 86' lang='lat' dir='ltr'><strong>iu</strong></span> 
     </span>
    </p>
   </div>
   <div class='ocr_carea' id='block_1_82' title="bbox 2281 3505 3867 3576">
    <p class='ocr_par' dir='ltr' id='par_1_82' title="bbox 2281 3505 3867 3576">
     <span class='ocr_line' id='line_1_82' title="bbox 2281 3505 3867 3576; baseline -0.003 -13"><span class='ocrx_word' id='word_1_675' title='bbox 2281 3510 2436 3565; x_wconf 85' lang='lat' dir='ltr'><strong>nobis</strong></span> <span class='ocrx_word' id='word_1_676' title='bbox 2471 3508 2772 3576; x_wconf 85' lang='lat' dir='ltr'><strong>:quoniam</strong></span> <span class='ocrx_word' id='word_1_677' title='bbox 2827 3521 2952 3562; x_wconf 89' lang='lat' dir='ltr'><strong>cum</strong></span> <span class='ocrx_word' id='word_1_678' title='bbox 2999 3505 3177 3559; x_wconf 90' lang='lat' dir='ltr'><strong>adhuc</strong></span> <span class='ocrx_word' id='word_1_679' title='bbox 3225 3516 3544 3573; x_wconf 87' lang='lat' dir='ltr'><strong>peccatores</strong></span> <span class='ocrx_word' id='word_1_680' title='bbox 3588 3518 3867 3565; x_wconf 76' lang='lat' dir='ltr'><strong>essemus.</strong></span> 
     </span>
    </p>
   </div>
   <div class='ocr_carea' id='block_1_83' title="bbox 2282 3595 3864 3667">
    <p class='ocr_par' dir='ltr' id='par_1_83' title="bbox 2282 3595 3864 3667">
     <span class='ocr_line' id='line_1_83' title="bbox 2282 3595 3864 3667; baseline -0.004 -14"><span class='ocrx_word' id='word_1_681' title='bbox 2282 3603 2299 3653; x_wconf 74' lang='grc' dir='ltr'><strong>ι</strong></span> <span class='ocrx_word' id='word_1_682' title='bbox 2336 3597 2632 3655; x_wconf 71' lang='lat' dir='ltr'><strong>secundum</strong></span> <span class='ocrx_word' id='word_1_683' title='bbox 2655 3606 2893 3667; x_wconf 91' lang='lat' dir='ltr'><strong>tempus,</strong></span> <span class='ocrx_word' id='word_1_684' title='bbox 2916 3595 3165 3653; x_wconf 81' lang='lat' dir='ltr'><strong>Christus</strong></span> <span class='ocrx_word' id='word_1_685' title='bbox 3189 3612 3284 3667; x_wconf 88' lang='lat' dir='ltr'><strong>pro</strong></span> <span class='ocrx_word' id='word_1_686' title='bbox 3307 3595 3465 3652; x_wconf 89' lang='lat' dir='ltr'><strong>nobis</strong></span> <span class='ocrx_word' id='word_1_687' title='bbox 3489 3608 3749 3650; x_wconf 89' lang='lat' dir='ltr'><strong>mortuus</strong></span> <span class='ocrx_word' id='word_1_688' title='bbox 3768 3606 3864 3649; x_wconf 88' lang='lat' dir='ltr'><strong>est:</strong></span> 
     </span>
    </p>
   </div>
   <div class='ocr_carea' id='block_1_84' title="bbox 2280 3687 3863 3762">
    <p class='ocr_par' dir='ltr' id='par_1_84' title="bbox 2280 3687 3863 3762">
     <span class='ocr_line' id='line_1_84' title="bbox 2280 3687 3863 3762; baseline -0.006 -14"><span class='ocrx_word' id='word_1_689' title='bbox 2280 3692 2453 3755; x_wconf 86' lang='lat' dir='ltr'><strong>multo</strong></span> <span class='ocrx_word' id='word_1_690' title='bbox 2480 3692 2642 3762; x_wconf 87' lang='lat' dir='ltr'><strong>igitur</strong></span> <span class='ocrx_word' id='word_1_691' title='bbox 2663 3692 2991 3761; x_wconf 85' lang='lat' dir='ltr'><strong>magisttunc</strong></span> <span class='ocrx_word' id='word_1_692' title='bbox 3003 3687 3281 3759; x_wconf 74' lang='lat' dir='ltr'><strong>justiﬁcati</strong></span> <span class='ocrx_word' id='word_1_693' title='bbox 3306 3688 3359 3743; x_wconf 92' lang='lat' dir='ltr'><strong>in</strong></span> <span class='ocrx_word' id='word_1_694' title='bbox 3383 3688 3662 3758; x_wconf 78' lang='lat' dir='ltr'><strong>sanguine</strong></span> <span class='ocrx_word' id='word_1_695' title='bbox 3692 3687 3863 3758; x_wconf 84' lang='lat' dir='ltr'><strong>ipsius,</strong></span> 
     </span>
    </p>
   </div>
   <div class='ocr_carea' id='block_1_85' title="bbox 2279 3777 3865 3853">
    <p class='ocr_par' dir='ltr' id='par_1_85' title="bbox 2279 3777 3865 3853">
     <span class='ocr_line' id='line_1_85' title="bbox 2279 3777 3865 3853; baseline -0.008 -8"><span class='ocrx_word' id='word_1_696' title='bbox 2279 3787 2413 3845; x_wconf 81' lang='lat' dir='ltr'><strong>salvi</strong></span> <span class='ocrx_word' id='word_1_697' title='bbox 2442 3788 2648 3842; x_wconf 86' lang='lat' dir='ltr'><strong>erimus</strong></span> <span class='ocrx_word' id='word_1_698' title='bbox 2672 3784 2741 3839; x_wconf 91' lang='lat' dir='ltr'><strong>ab</strong></span> <span class='ocrx_word' id='word_1_699' title='bbox 2772 3783 2850 3838; x_wconf 86' lang='lat' dir='ltr'><strong>ira</strong></span> <span class='ocrx_word' id='word_1_700' title='bbox 2883 3797 2980 3852; x_wconf 87' lang='lat' dir='ltr'><strong>per</strong></span> <span class='ocrx_word' id='word_1_701' title='bbox 3020 3784 3216 3853; x_wconf 89' lang='lat' dir='ltr'><strong>ipsum.</strong></span> <span class='ocrx_word' id='word_1_702' title='bbox 3249 3779 3306 3838; x_wconf 91' lang='lat' dir='ltr'><strong>Si</strong></span> <span class='ocrx_word' id='word_1_703' title='bbox 3336 3781 3485 3837; x_wconf 89' lang='lat' dir='ltr'><strong>enim</strong></span> <span class='ocrx_word' id='word_1_704' title='bbox 3518 3794 3650 3835; x_wconf 89' lang='lat' dir='ltr'><strong>cum</strong></span> <span class='ocrx_word' id='word_1_705' title='bbox 3682 3777 3865 3837; x_wconf 87' lang='lat' dir='ltr'><strong>inimici</strong></span> 
     </span>
    </p>
   </div>
   <div class='ocr_carea' id='block_1_86' title="bbox 2279 3869 3864 3943">
    <p class='ocr_par' dir='ltr' id='par_1_86' title="bbox 2279 3869 3864 3943">
     <span class='ocr_line' id='line_1_86' title="bbox 2279 3869 3864 3943; baseline -0.009 -6"><span class='ocrx_word' id='word_1_706' title='bbox 2279 3893 2525 3937; x_wconf 70' lang='lat' dir='ltr'><strong>essemus</strong></span> <span class='ocrx_word' id='word_1_707' title='bbox 2550 3921 2563 3937; x_wconf 91' lang='lat'><strong>.</strong></span> <span class='ocrx_word' id='word_1_708' title='bbox 2611 3875 2945 3933; x_wconf 89' lang='lat' dir='ltr'><strong>reconciliati</strong></span> <span class='ocrx_word' id='word_1_709' title='bbox 2983 3888 3176 3930; x_wconf 88' lang='lat' dir='ltr'><strong>sumus</strong></span> <span class='ocrx_word' id='word_1_710' title='bbox 3214 3873 3324 3930; x_wconf 90' lang='lat' dir='ltr'><strong>Deo</strong></span> <span class='ocrx_word' id='word_1_711' title='bbox 3363 3887 3461 3943; x_wconf 90' lang='lat' dir='ltr'><strong>per</strong></span> <span class='ocrx_word' id='word_1_712' title='bbox 3492 3884 3732 3929; x_wconf 87' lang='lat' dir='ltr'><strong>mortem</strong></span> <span class='ocrx_word' id='word_1_713' title='bbox 3759 3869 3864 3926; x_wconf 79' lang='lat' dir='ltr'><strong>Filii</strong></span> 
     </span>
    </p>
   </div>
   <div class='ocr_carea' id='block_1_87' title="bbox 2279 3961 3862 4043">
    <p class='ocr_par' dir='ltr' id='par_1_87' title="bbox 2279 3961 3862 4043">
     <span class='ocr_line' id='line_1_87' title="bbox 2279 3961 3862 4043; baseline -0.009 -14"><span class='ocrx_word' id='word_1_714' title='bbox 2279 3972 2398 4043; x_wconf 83' lang='lat' dir='ltr'><strong>ejus</strong></span> <span class='ocrx_word' id='word_1_715' title='bbox 2431 3989 2445 4025; x_wconf 89' lang='lat'><strong>:</strong></span> <span class='ocrx_word' id='word_1_716' title='bbox 2479 3971 2649 4026; x_wconf 89' lang='lat' dir='ltr'><strong>multo</strong></span> <span class='ocrx_word' id='word_1_717' title='bbox 2676 3972 2847 4038; x_wconf 81' lang='lat' dir='ltr'><strong>magis</strong></span> <span class='ocrx_word' id='word_1_718' title='bbox 2877 3966 3236 4031; x_wconf 88' lang='lat' dir='ltr'><strong>reconciliati,</strong></span> <span class='ocrx_word' id='word_1_719' title='bbox 3268 3964 3411 4020; x_wconf 79' lang='lat' dir='ltr'><strong>salvi</strong></span> <span class='ocrx_word' id='word_1_720' title='bbox 3445 3963 3666 4020; x_wconf 87' lang='lat' dir='ltr'><strong>erimus</strong></span> <span class='ocrx_word' id='word_1_721' title='bbox 3698 3963 3751 4018; x_wconf 88' lang='lat' dir='ltr'><strong>in</strong></span> <span class='ocrx_word' id='word_1_722' title='bbox 3771 3961 3862 4016; x_wconf 65' lang='lat' dir='ltr'><strong>sita</strong></span> 
     </span>
    </p>
   </div>
   <div class='ocr_carea' id='block_1_88' title="bbox 2279 4054 3863 4137">
    <p class='ocr_par' dir='ltr' id='par_1_88' title="bbox 2279 4054 3863 4137">
     <span class='ocr_line' id='line_1_88' title="bbox 2279 4054 3863 4137; baseline -0.009 -17"><span class='ocrx_word' id='word_1_723' title='bbox 2279 4066 2475 4137; x_wconf 81' lang='lat' dir='ltr'><strong>ipsius.</strong></span> <span class='ocrx_word' id='word_1_724' title='bbox 2509 4063 2625 4119; x_wconf 80' lang='lat' dir='ltr'><strong>Non</strong></span> <span class='ocrx_word' id='word_1_725' title='bbox 2657 4062 2835 4117; x_wconf 89' lang='lat' dir='ltr'><strong>solum</strong></span> <span class='ocrx_word' id='word_1_726' title='bbox 2863 4072 3049 4117; x_wconf 88' lang='lat' dir='ltr'><strong>autem</strong></span> <span class='ocrx_word' id='word_1_727' title='bbox 3078 4077 3090 4111; x_wconf 93' lang='lat'><strong>:</strong></span> <span class='ocrx_word' id='word_1_728' title='bbox 3125 4058 3221 4113; x_wconf 89' lang='lat' dir='ltr'><strong>sed</strong></span> <span class='ocrx_word' id='word_1_729' title='bbox 3258 4068 3308 4112; x_wconf 90' lang='lat' dir='ltr'><strong>et</strong></span> <span class='ocrx_word' id='word_1_730' title='bbox 3342 4057 3654 4127; x_wconf 81' lang='lat' dir='ltr'><strong>gloriamur</strong></span> <span class='ocrx_word' id='word_1_731' title='bbox 3692 4056 3745 4112; x_wconf 92' lang='lat' dir='ltr'><strong>iu</strong></span> <span class='ocrx_word' id='word_1_732' title='bbox 3770 4054 3863 4108; x_wconf 82' lang='lat' dir='ltr'><strong>Deo</strong></span> 
     </span>
    </p>
   </div>
   <div class='ocr_carea' id='block_1_89' title="bbox 2281 4151 3860 4229">
    <p class='ocr_par' dir='ltr' id='par_1_89' title="bbox 2281 4151 3860 4229">
     <span class='ocr_line' id='line_1_89' title="bbox 2281 4151 3860 4229; baseline -0.01 -15"><span class='ocrx_word' id='word_1_733' title='bbox 2281 4174 2379 4229; x_wconf 88' lang='lat' dir='ltr'><strong>per</strong></span> <span class='ocrx_word' id='word_1_734' title='bbox 2408 4156 2696 4213; x_wconf 90' lang='lat' dir='ltr'><strong>Dominum</strong></span> <span class='ocrx_word' id='word_1_735' title='bbox 2725 4162 2969 4210; x_wconf 81' lang='lat' dir='ltr'><strong>nostrum</strong></span> <span class='ocrx_word' id='word_1_736' title='bbox 3015 4151 3200 4207; x_wconf 87' lang='lat' dir='ltr'><strong>Jesum</strong></span> <span class='ocrx_word' id='word_1_737' title='bbox 3233 4151 3506 4205; x_wconf 81' lang='lat' dir='ltr'><strong>Christum</strong></span> <span class='ocrx_word' id='word_1_738' title='bbox 3529 4190 3548 4216; x_wconf 92' lang='lat'><strong>,</strong></span> <span class='ocrx_word' id='word_1_739' title='bbox 3592 4164 3694 4219; x_wconf 89' lang='lat' dir='ltr'><strong>per</strong></span> <span class='ocrx_word' id='word_1_740' title='bbox 3719 4160 3860 4218; x_wconf 84' lang='lat' dir='ltr'><strong>queui</strong></span> 
     </span>
    </p>
   </div>
   <div class='ocr_carea' id='block_1_90' title="bbox 2282 4237 3862 4313">
    <p class='ocr_par' dir='ltr' id='par_1_90' title="bbox 2282 4237 3862 4313">
     <span class='ocr_line' id='line_1_90' title="bbox 2282 4237 3862 4313; baseline -0.011 -8"><span class='ocrx_word' id='word_1_741' title='bbox 2282 4264 2427 4305; x_wconf 91' lang='lat' dir='ltr'><strong>nunc</strong></span> <span class='ocrx_word' id='word_1_742' title='bbox 2473 4246 2978 4303; x_wconf 88' lang='lat' dir='ltr'><strong>reconciliationem</strong></span> <span class='ocrx_word' id='word_1_743' title='bbox 3027 4244 3357 4313; x_wconf 85' lang='lat' dir='ltr'><strong>accepimus.</strong></span> <span class='ocrx_word' id='word_1_744' title='bbox 3397 4239 3706 4311; x_wconf 87' lang='lat' dir='ltr'><strong>Propterea</strong></span> <span class='ocrx_word' id='word_1_745' title='bbox 3740 4237 3862 4292; x_wconf 87' lang='lat' dir='ltr'><strong>sicut</strong></span> 
     </span>
    </p>
   </div>
   <div class='ocr_carea' id='block_1_91' title="bbox 2281 4328 3862 4412">
    <p class='ocr_par' dir='ltr' id='par_1_91' title="bbox 2281 4328 3862 4412">
     <span class='ocr_line' id='line_1_91' title="bbox 2281 4328 3862 4412; baseline -0.01 -15"><span class='ocrx_word' id='word_1_746' title='bbox 2281 4357 2379 4412; x_wconf 89' lang='lat' dir='ltr'><strong>per</strong></span> <span class='ocrx_word' id='word_1_747' title='bbox 2407 4355 2570 4394; x_wconf 89' lang='lat' dir='ltr'><strong>unum</strong></span> <span class='ocrx_word' id='word_1_748' title='bbox 2616 4337 2890 4393; x_wconf 88' lang='lat' dir='ltr'><strong>hominem</strong></span> <span class='ocrx_word' id='word_1_749' title='bbox 2926 4342 3203 4407; x_wconf 82' lang='lat' dir='ltr'><strong>pcccatum</strong></span> <span class='ocrx_word' id='word_1_750' title='bbox 3235 4332 3288 4387; x_wconf 89' lang='lat' dir='ltr'><strong>in</strong></span> <span class='ocrx_word' id='word_1_751' title='bbox 3320 4331 3468 4388; x_wconf 87' lang='lat' dir='ltr'><strong>hunc</strong></span> <span class='ocrx_word' id='word_1_752' title='bbox 3496 4330 3762 4387; x_wconf 89' lang='lat' dir='ltr'><strong>mundum</strong></span> <span class='ocrx_word' id='word_1_753' title='bbox 3792 4328 3862 4381; x_wconf 89' lang='lat' dir='ltr'><strong>in-</strong></span> 
     </span>
    </p>
   </div>
   <div class='ocr_carea' id='block_1_92' title="bbox 2283 4418 3862 4500">
    <p class='ocr_par' dir='ltr' id='par_1_92' title="bbox 2283 4418 3862 4500">
     <span class='ocr_line' id='line_1_92' title="bbox 2283 4418 3862 4500; baseline -0.009 -14"><span class='ocrx_word' id='word_1_754' title='bbox 2283 4432 2443 4487; x_wconf 85' lang='lat' dir='ltr'><strong>travit</strong></span> <span class='ocrx_word' id='word_1_755' title='bbox 2465 4472 2480 4495; x_wconf 91' lang='lat'><strong>,</strong></span> <span class='ocrx_word' id='word_1_756' title='bbox 2510 4438 2566 4485; x_wconf 90' lang='lat' dir='ltr'><strong>et</strong></span> <span class='ocrx_word' id='word_1_757' title='bbox 2597 4444 2693 4500; x_wconf 84' lang='lat' dir='ltr'><strong>per</strong></span> <span class='ocrx_word' id='word_1_758' title='bbox 2733 4436 3015 4500; x_wconf 85' lang='lat' dir='ltr'><strong>peccatum</strong></span> <span class='ocrx_word' id='word_1_759' title='bbox 3044 4439 3196 4482; x_wconf 89' lang='lat' dir='ltr'><strong>mors</strong></span> <span class='ocrx_word' id='word_1_760' title='bbox 3220 4466 3236 4492; x_wconf 92' lang='lat'><strong>,</strong></span> <span class='ocrx_word' id='word_1_761' title='bbox 3278 4433 3337 4478; x_wconf 90' lang='lat' dir='ltr'><strong>et</strong></span> <span class='ocrx_word' id='word_1_762' title='bbox 3365 4424 3438 4478; x_wconf 89' lang='lat' dir='ltr'><strong>ita</strong></span> <span class='ocrx_word' id='word_1_763' title='bbox 3470 4422 3525 4478; x_wconf 91' lang='lat' dir='ltr'><strong>in</strong></span> <span class='ocrx_word' id='word_1_764' title='bbox 3556 4434 3752 4478; x_wconf 86' lang='lat' dir='ltr'><strong>omnes</strong></span> <span class='ocrx_word' id='word_1_765' title='bbox 3780 4418 3862 4472; x_wconf 87' lang='lat' dir='ltr'><strong>ho-</strong></span> 
     </span>
    </p>
   </div>
   <div class='ocr_carea' id='block_1_93' title="bbox 576 4518 3860 4600">
    <p class='ocr_par' dir='ltr' id='par_1_93' title="bbox 576 4518 3860 4600">
     <span class='ocr_line' id='line_1_93' title="bbox 576 4518 3860 4600; baseline -0.002 -28"><span class='ocrx_word' id='word_1_766' title='bbox 576 4518 704 4574; x_wconf 91' lang='lat' dir='ltr'><strong>ldeo</strong></span> <span class='ocrx_word' id='word_1_767' title='bbox 737 4535 802 4572; x_wconf 79' lang='lat' dir='ltr'><strong>cx</strong></span> <span class='ocrx_word' id='word_1_768' title='bbox 844 4519 950 4574; x_wconf 89' lang='lat' dir='ltr'><strong>lide</strong></span> <span class='ocrx_word' id='word_1_769' title='bbox 980 4561 995 4586; x_wconf 92' lang='lat'><strong>,</strong></span> <span class='ocrx_word' id='word_1_770' title='bbox 1043 4528 1101 4574; x_wconf 91' lang='lat' dir='ltr'><strong>ut</strong></span> <span class='ocrx_word' id='word_1_771' title='bbox 1142 4522 1437 4577; x_wconf 82' lang='lat' dir='ltr'><strong>secundum</strong></span> <span class='ocrx_word' id='word_1_772' title='bbox 1471 4524 1700 4595; x_wconf 82' lang='lat' dir='ltr'><strong>gratiam</strong></span> <span class='ocrx_word' id='word_1_773' title='bbox 1749 4526 1903 4584; x_wconf 87' lang='lat' dir='ltr'><strong>tirma</strong></span> <span class='ocrx_word' id='word_1_774' title='bbox 1940 4529 2010 4584; x_wconf 89' lang='lat' dir='ltr'><strong>sit</strong></span> <span class='ocrx_word' id='word_1_775' title='bbox 2044 4545 2169 4600; x_wconf 88' lang='lat' dir='ltr'><strong>pro-</strong></span> <span class='ocrx_word' id='word_1_776' title='bbox 2196 4521 2247 4584; x_wconf 83' lang='grc' dir='ltr'>ι)</span> <span class='ocrx_word' id='word_1_777' title='bbox 2273 4527 2451 4582; x_wconf 82' lang='lat' dir='ltr'><strong>mines</strong></span> <span class='ocrx_word' id='word_1_778' title='bbox 2482 4539 2629 4580; x_wconf 91' lang='lat' dir='ltr'><strong>mors</strong></span> <span class='ocrx_word' id='word_1_779' title='bbox 2652 4521 3029 4593; x_wconf 82' lang='lat' dir='ltr'><strong>pertransivit,</strong></span> <span class='ocrx_word' id='word_1_780' title='bbox 3054 4521 3233 4589; x_wconf 88' lang='lat' dir='ltr'><strong>inquo</strong></span> <span class='ocrx_word' id='word_1_781' title='bbox 3261 4531 3460 4575; x_wconf 86' lang='lat' dir='ltr'><strong>omnes</strong></span> <span class='ocrx_word' id='word_1_782' title='bbox 3487 4519 3860 4589; x_wconf 77' lang='lat' dir='ltr'><strong>peccaverunt.</strong></span> 
     </span>
    </p>
   </div>
   <div class='ocr_carea' id='block_1_94' title="bbox 569 4614 2165 4692">
    <p class='ocr_par' dir='ltr' id='par_1_94' title="bbox 569 4614 2165 4692">
     <span class='ocr_line' id='line_1_94' title="bbox 569 4614 2165 4692; baseline 0.01 -27"><span class='ocrx_word' id='word_1_783' title='bbox 569 4614 757 4669; x_wconf 82' lang='lat' dir='ltr'><strong>missio</strong></span> <span class='ocrx_word' id='word_1_784' title='bbox 784 4615 933 4669; x_wconf 90' lang='lat' dir='ltr'><strong>omni</strong></span> <span class='ocrx_word' id='word_1_785' title='bbox 976 4615 1209 4682; x_wconf 88' lang='lat' dir='ltr'><strong>semini,</strong></span> <span class='ocrx_word' id='word_1_786' title='bbox 1247 4631 1352 4673; x_wconf 91' lang='lat' dir='ltr'><strong>non</strong></span> <span class='ocrx_word' id='word_1_787' title='bbox 1380 4619 1430 4673; x_wconf 91' lang='lat' dir='ltr'><strong>ei</strong></span> <span class='ocrx_word' id='word_1_788' title='bbox 1460 4617 1552 4688; x_wconf 90' lang='lat' dir='ltr'><strong>qui</strong></span> <span class='ocrx_word' id='word_1_789' title='bbox 1588 4633 1657 4675; x_wconf 90' lang='lat' dir='ltr'><strong>ex</strong></span> <span class='ocrx_word' id='word_1_790' title='bbox 1685 4619 1807 4691; x_wconf 85' lang='lat' dir='ltr'><strong>lege</strong></span> <span class='ocrx_word' id='word_1_791' title='bbox 1836 4630 1921 4677; x_wconf 90' lang='lat' dir='ltr'><strong>est</strong></span> <span class='ocrx_word' id='word_1_792' title='bbox 1945 4623 2122 4680; x_wconf 85' lang='lat' dir='ltr'><strong>solum</strong></span> <span class='ocrx_word' id='word_1_793' title='bbox 2149 4666 2165 4692; x_wconf 91' lang='lat'><strong>,</strong></span> 
     </span>
    </p>
   </div>
   <div class='ocr_carea' id='block_1_95' title="bbox 649 4900 2171 4980">
    <p class='ocr_par' dir='ltr' id='par_1_95' title="bbox 649 4900 2171 4980">
     <span class='ocr_line' id='line_1_95' title="bbox 649 4900 2171 4980; baseline 0.005 -23"><span class='ocrx_word' id='word_1_794' title='bbox 649 4901 813 4958; x_wconf 70' lang='lat' dir='ltr'><strong>uNon</strong></span> <span class='ocrx_word' id='word_1_795' title='bbox 857 4902 1009 4958; x_wconf 85' lang='lat' dir='ltr'><strong>addit</strong></span> <span class='ocrx_word' id='word_1_796' title='bbox 1036 4900 1232 4960; x_wconf 79' lang='lat' dir='ltr'><strong>Christi</strong></span> <span class='ocrx_word' id='word_1_797' title='bbox 1274 4903 1558 4980; x_wconf 67' lang='lat' dir='ltr'><strong>Palatinus</strong></span> <span class='ocrx_word' id='word_1_798' title='bbox 1603 4921 1735 4976; x_wconf 87' lang='lat' dir='ltr'><strong>ms.,</strong></span> <span class='ocrx_word' id='word_1_799' title='bbox 1782 4906 1925 4980; x_wconf 90' lang='lat' dir='ltr'><strong>quod</strong></span> <span class='ocrx_word' id='word_1_800' title='bbox 1972 4923 2171 4965; x_wconf 89' lang='lat' dir='ltr'><strong>nomen</strong></span> 
     </span>
    </p>
   </div>
   <div class='ocr_carea' id='block_1_96' title="bbox 581 4972 1621 5045">
    <p class='ocr_par' dir='ltr' id='par_1_96' title="bbox 581 4972 1621 5045">
     <span class='ocr_line' id='line_1_96' title="bbox 581 4972 1621 5045; baseline 0.005 -20"><span class='ocrx_word' id='word_1_801' title='bbox 581 4972 807 5045; x_wconf 79' lang='lat' dir='ltr'><strong>Cra-rus</strong></span> <span class='ocrx_word' id='word_1_802' title='bbox 839 4990 1051 5045; x_wconf 88' lang='lat' dir='ltr'><strong>quoque</strong></span> <span class='ocrx_word' id='word_1_803' title='bbox 1081 4985 1257 5030; x_wconf 77' lang='lat' dir='ltr'><strong>textus</strong></span> <span class='ocrx_word' id='word_1_804' title='bbox 1291 4976 1380 5031; x_wconf 89' lang='lat' dir='ltr'><strong>hic</strong></span> <span class='ocrx_word' id='word_1_805' title='bbox 1411 4977 1621 5032; x_wconf 86' lang='lat' dir='ltr'><strong>reticet.</strong></span> 
     </span>
    </p>
   </div>
   <div class='ocr_carea' id='block_1_97' title="bbox 651 5044 2172 5119">
    <p class='ocr_par' dir='ltr' id='par_1_97' title="bbox 651 5044 2172 5119">
     <span class='ocr_line' id='line_1_97' title="bbox 651 5044 2172 5119; baseline 0.003 -21"><span class='ocrx_word' id='word_1_806' title='bbox 651 5044 675 5081; x_wconf 68' lang='lat' dir='ltr'><strong>l&#39;</strong></span> <span class='ocrx_word' id='word_1_807' title='bbox 708 5044 851 5119; x_wconf 84' lang='lat' dir='ltr'><strong>Idem</strong></span> <span class='ocrx_word' id='word_1_808' title='bbox 882 5062 1003 5110; x_wconf 86' lang='lat' dir='ltr'><strong>nis.,</strong></span> <span class='ocrx_word' id='word_1_809' title='bbox 1028 5048 1118 5117; x_wconf 83' lang='lat' dir='ltr'><strong>qui</strong></span> <span class='ocrx_word' id='word_1_810' title='bbox 1140 5047 1474 5119; x_wconf 69' lang='lat' dir='ltr'><strong>justi/ienuit,</strong></span> <span class='ocrx_word' id='word_1_811' title='bbox 1499 5048 1729 5104; x_wconf 83' lang='lat' dir='ltr'><strong>solemni</strong></span> <span class='ocrx_word' id='word_1_812' title='bbox 1758 5050 2172 5119; x_wconf 13' lang='lat' dir='ltr'><strong>prrmnuntiatio-</strong></span> 
     </span>
    </p>
   </div>
   <div class='ocr_carea' id='block_1_98' title="bbox 578 5115 2098 5189">
    <p class='ocr_par' dir='ltr' id='par_1_98' title="bbox 578 5115 2098 5189">
     <span class='ocr_line' id='line_1_98' title="bbox 578 5115 2098 5189; baseline 0.005 -20"><span class='ocrx_word' id='word_1_813' title='bbox 578 5116 660 5169; x_wconf 66' lang='lat' dir='ltr'><strong>nii</strong></span> <span class='ocrx_word' id='word_1_814' title='bbox 691 5115 832 5189; x_wconf 69' lang='lat' dir='ltr'><strong>vitio</strong></span> <span class='ocrx_word' id='word_1_815' title='bbox 850 5132 947 5183; x_wconf 86' lang='lat' dir='ltr'><strong>pro</strong></span> <span class='ocrx_word' id='word_1_816' title='bbox 976 5115 1286 5189; x_wconf 66' lang='lat' dir='ltr'><strong>justili&#39;cabit</strong></span> <span class='ocrx_word' id='word_1_817' title='bbox 1308 5159 1322 5181; x_wconf 86' lang='lat'><strong>,</strong></span> <span class='ocrx_word' id='word_1_818' title='bbox 1352 5119 1501 5186; x_wconf 84' lang='lat' dir='ltr'><strong>juxta</strong></span> <span class='ocrx_word' id='word_1_819' title='bbox 1530 5115 1777 5175; x_wconf 68' lang='lat' dir='ltr'><strong>ercum</strong></span> <span class='ocrx_word' id='word_1_820' title='bbox 1809 5118 2098 5178; x_wconf 74' lang='grc' dir='ltr'><strong>δικαιώσει.</strong></span> 
     </span>
    </p>
   </div>
   <div class='ocr_carea' id='block_1_99' title="bbox 602 5186 2178 5268">
    <p class='ocr_par' dir='ltr' id='par_1_99' title="bbox 602 5186 2178 5268">
     <span class='ocr_line' id='line_1_99' title="bbox 602 5186 2178 5268; baseline 0.006 -30"><span class='ocrx_word' id='word_1_821' title='bbox 602 5257 613 5268; x_wconf 41' lang='grc'><strong>.</strong></span> <span class='ocrx_word' id='word_1_822' title='bbox 656 5197 677 5221; x_wconf 77' lang='grc' dir='ltr'><strong>ο</strong></span> <span class='ocrx_word' id='word_1_823' title='bbox 713 5186 885 5239; x_wconf 72' lang='lat' dir='ltr'><strong>Verba</strong></span> <span class='ocrx_word' id='word_1_824' title='bbox 914 5186 1195 5268; x_wconf 62' lang='lat' dir='ltr'><strong>secundum</strong></span> <span class='ocrx_word' id='word_1_825' title='bbox 1219 5193 1556 5268; x_wconf 42' lang='lat' dir='ltr'><strong>propositumn</strong></span> <span class='ocrx_word' id='word_1_826' title='bbox 1572 5194 1757 5268; x_wconf 71' lang='lat' dir='ltr'><strong>gratia:</strong></span> <span class='ocrx_word' id='word_1_827' title='bbox 1788 5189 1909 5268; x_wconf 72' lang='lat' dir='ltr'><strong>Dei,</strong></span> <span class='ocrx_word' id='word_1_828' title='bbox 1937 5196 1990 5246; x_wconf 88' lang='lat' dir='ltr'><strong>in</strong></span> <span class='ocrx_word' id='word_1_829' title='bbox 2024 5194 2178 5248; x_wconf 81' lang='lat' dir='ltr'><strong>I’ala-</strong></span> 
     </span>
    </p>
   </div>
   <div class='ocr_carea' id='block_1_100' title="bbox 579 5259 2174 5332">
    <p class='ocr_par' dir='ltr' id='par_1_100' title="bbox 579 5259 2174 5332">
     <span class='ocr_line' id='line_1_100' title="bbox 579 5259 2174 5332; baseline 0.009 -27"><span class='ocrx_word' id='word_1_830' title='bbox 579 5259 698 5332; x_wconf 73' lang='lat' dir='ltr'><strong>tino</strong></span> <span class='ocrx_word' id='word_1_831' title='bbox 723 5271 826 5311; x_wconf 88' lang='lat' dir='ltr'><strong>tus.</strong></span> <span class='ocrx_word' id='word_1_832' title='bbox 850 5259 1073 5313; x_wconf 89' lang='lat' dir='ltr'><strong>omnino</strong></span> <span class='ocrx_word' id='word_1_833' title='bbox 1101 5277 1205 5314; x_wconf 90' lang='lat' dir='ltr'><strong>non</strong></span> <span class='ocrx_word' id='word_1_834' title='bbox 1232 5262 1489 5332; x_wconf 76' lang='lat' dir='ltr'><strong>sttnt._Ea</strong></span> <span class='ocrx_word' id='word_1_835' title='bbox 1518 5259 1690 5317; x_wconf 67' lang='lat' dir='ltr'><strong>Giicci</strong></span> <span class='ocrx_word' id='word_1_836' title='bbox 1728 5264 1889 5316; x_wconf 78' lang='lat' dir='ltr'><strong>etiam</strong></span> <span class='ocrx_word' id='word_1_837' title='bbox 1928 5265 2174 5332; x_wconf 64' lang='lat' dir='ltr'><strong>plerique</strong></span> 
     </span>
    </p>
   </div>
   <div class='ocr_carea' id='block_1_101' title="bbox 579 5327 2171 5409">
    <p class='ocr_par' dir='ltr' id='par_1_101' title="bbox 579 5327 2171 5409">
     <span class='ocr_line' id='line_1_101' title="bbox 579 5327 2171 5409; baseline 0.005 -28"><span class='ocrx_word' id='word_1_838' title='bbox 579 5327 1003 5409; x_wconf 78' lang='lat' dir='ltr'><strong>liliri__ignnrant,</strong></span> <span class='ocrx_word' id='word_1_839' title='bbox 1032 5344 1097 5383; x_wconf 88' lang='lat' dir='ltr'><strong>ac</strong></span> <span class='ocrx_word' id='word_1_840' title='bbox 1128 5345 1276 5401; x_wconf 90' lang='lat' dir='ltr'><strong>puto,</strong></span> <span class='ocrx_word' id='word_1_841' title='bbox 1312 5346 1343 5386; x_wconf 94' lang='lat' dir='ltr'><strong>e</strong></span> <span class='ocrx_word' id='word_1_842' title='bbox 1370 5330 1564 5386; x_wconf 84' lang='lat' dir='ltr'><strong>Velesii</strong></span> <span class='ocrx_word' id='word_1_843' title='bbox 1605 5332 1933 5387; x_wconf 87' lang='lat' dir='ltr'><strong>lectionibus</strong></span> <span class='ocrx_word' id='word_1_844' title='bbox 1963 5327 2171 5389; x_wconf 82' lang='lat' dir='ltr'><strong>tantum</strong></span> 
     </span>
    </p>
   </div>
   <div class='ocr_carea' id='block_1_102' title="bbox 580 5399 919 5468">
    <p class='ocr_par' dir='ltr' id='par_1_102' title="bbox 580 5399 919 5468">
     <span class='ocr_line' id='line_1_102' title="bbox 580 5399 919 5468; baseline 0.003 -17"><span class='ocrx_word' id='word_1_845' title='bbox 580 5399 919 5468; x_wconf 88' lang='lat' dir='ltr'><strong>prodierunt.</strong></span> 
     </span>
    </p>
   </div>
   <div class='ocr_carea' id='block_1_103' title="bbox 652 5467 2173 5544">
    <p class='ocr_par' dir='ltr' id='par_1_103' title="bbox 652 5467 2173 5544">
     <span class='ocr_line' id='line_1_103' title="bbox 652 5467 2173 5544; baseline 0.004 -21"><span class='ocrx_word' id='word_1_846' title='bbox 652 5467 876 5544; x_wconf 77' lang='lat' dir='ltr'><strong>dAtque</strong></span> <span class='ocrx_word' id='word_1_847' title='bbox 919 5470 1005 5544; x_wconf 84' lang='lat' dir='ltr'><strong>hic</strong></span> <span class='ocrx_word' id='word_1_848' title='bbox 1044 5470 1354 5544; x_wconf 79' lang='lat' dir='ltr'><strong>duo_verba</strong></span> <span class='ocrx_word' id='word_1_849' title='bbox 1397 5482 1598 5529; x_wconf 82' lang='lat' dir='ltr'><strong>tantum</strong></span> <span class='ocrx_word' id='word_1_850' title='bbox 1642 5483 1847 5544; x_wconf 82' lang='lat' dir='ltr'><strong>manet,</strong></span> <span class='ocrx_word' id='word_1_851' title='bbox 1894 5473 2173 5530; x_wconf 82' lang='lat' dir='ltr'><strong>Palatinus</strong></span> 
     </span>
    </p>
   </div>
   <div class='ocr_carea' id='block_1_104' title="bbox 580 5539 2169 5621">
    <p class='ocr_par' dir='ltr' id='par_1_104' title="bbox 580 5539 2169 5621">
     <span class='ocr_line' id='line_1_104' title="bbox 580 5539 2169 5621; baseline 0.008 -30"><span class='ocrx_word' id='word_1_852' title='bbox 580 5540 886 5621; x_wconf 71' lang='lat' dir='ltr'><strong>ms._nescit</strong></span> <span class='ocrx_word' id='word_1_853' title='bbox 912 5582 928 5606; x_wconf 93' lang='lat'><strong>,</strong></span> <span class='ocrx_word' id='word_1_854' title='bbox 955 5542 1111 5610; x_wconf 85' lang='lat' dir='ltr'><strong>juxta</strong></span> <span class='ocrx_word' id='word_1_855' title='bbox 1141 5539 1388 5621; x_wconf 69' lang='lat' dir='ltr'><strong>Graecum</strong></span> <span class='ocrx_word' id='word_1_856' title='bbox 1421 5553 1623 5600; x_wconf 83' lang='lat' dir='ltr'><strong>textum</strong></span> <span class='ocrx_word' id='word_1_857' title='bbox 1661 5545 1716 5603; x_wconf 89' lang='lat' dir='ltr'><strong>itt</strong></span> <span class='ocrx_word' id='word_1_858' title='bbox 1745 5539 2028 5616; x_wconf 77' lang='lat' dir='ltr'><strong>plerisque</strong></span> <span class='ocrx_word' id='word_1_859' title='bbox 2055 5561 2169 5603; x_wconf 84' lang='lat' dir='ltr'><strong>tne-</strong></span> 
     </span>
    </p>
   </div>
   <div class='ocr_carea' id='block_1_105' title="bbox 581 5609 1419 5667">
    <p class='ocr_par' dir='ltr' id='par_1_105' title="bbox 581 5609 1419 5667">
     <span class='ocr_line' id='line_1_105' title="bbox 581 5609 1419 5667; baseline 0.012 -10"><span class='ocrx_word' id='word_1_860' title='bbox 581 5609 733 5662; x_wconf 88' lang='lat' dir='ltr'><strong>lioris</strong></span> <span class='ocrx_word' id='word_1_861' title='bbox 765 5619 908 5663; x_wconf 71' lang='lat' dir='ltr'><strong>nutu:</strong></span> <span class='ocrx_word' id='word_1_862' title='bbox 948 5609 1079 5666; x_wconf 37' lang='lat' dir='ltr'><strong>r’nss.</strong></span> <span class='ocrx_word' id='word_1_863' title='bbox 1113 5614 1419 5667; x_wconf 85' lang='lat' dir='ltr'><strong>codicibus.</strong></span> 
     </span>
    </p>
   </div>
   <div class='ocr_carea' id='block_1_106' title="bbox 654 5679 2174 5749">
    <p class='ocr_par' dir='ltr' id='par_1_106' title="bbox 654 5679 2174 5749">
     <span class='ocr_line' id='line_1_106' title="bbox 654 5679 2174 5749; baseline 0.007 -19"><span class='ocrx_word' id='word_1_864' title='bbox 654 5688 676 5713; x_wconf 67' lang='grc' dir='ltr'>θ</span> <span class='ocrx_word' id='word_1_865' title='bbox 709 5679 862 5731; x_wconf 70' lang='lat' dir='ltr'><strong>l’lu&#39;a</strong></span> <span class='ocrx_word' id='word_1_866' title='bbox 897 5682 983 5734; x_wconf 85' lang='lat' dir='ltr'><strong>hic</strong></span> <span class='ocrx_word' id='word_1_867' title='bbox 1013 5681 1293 5736; x_wconf 75' lang='lat' dir='ltr'><strong>Palatinus</strong></span> <span class='ocrx_word' id='word_1_868' title='bbox 1320 5698 1423 5738; x_wconf 88' lang='lat' dir='ltr'><strong>ms.</strong></span> <span class='ocrx_word' id='word_1_869' title='bbox 1466 5686 1627 5742; x_wconf 85' lang='lat' dir='ltr'><strong>habet</strong></span> <span class='ocrx_word' id='word_1_870' title='bbox 1651 5728 1666 5749; x_wconf 89' lang='lat'><strong>,</strong></span> <span class='ocrx_word' id='word_1_871' title='bbox 1697 5687 1752 5742; x_wconf 85' lang='lat' dir='ltr'><strong>iu</strong></span> <span class='ocrx_word' id='word_1_872' title='bbox 1779 5688 2174 5743; x_wconf 83' lang='lat' dir='ltr'><strong>circumcisione</strong></span> 
     </span>
    </p>
   </div>
   <div class='ocr_carea' id='block_1_107' title="bbox 580 5752 2172 5831">
    <p class='ocr_par' dir='ltr' id='par_1_107' title="bbox 580 5752 2172 5831">
     <span class='ocr_line' id='line_1_107' title="bbox 580 5752 2172 5831; baseline 0.013 -37"><span class='ocrx_word' id='word_1_873' title='bbox 580 5759 693 5797; x_wconf 84' lang='lat' dir='ltr'><strong>cum</strong></span> <span class='ocrx_word' id='word_1_874' title='bbox 724 5759 887 5813; x_wconf 76' lang='lat' dir='ltr'><strong>esset,</strong></span> <span class='ocrx_word' id='word_1_875' title='bbox 922 5766 986 5801; x_wconf 85' lang='lat' dir='ltr'><strong>an</strong></span> <span class='ocrx_word' id='word_1_876' title='bbox 1038 5752 1193 5803; x_wconf 83' lang='lat' dir='ltr'><strong>etiam</strong></span> <span class='ocrx_word' id='word_1_877' title='bbox 1234 5753 1285 5803; x_wconf 83' lang='lat' dir='ltr'><strong>in</strong></span> <span class='ocrx_word' id='word_1_878' title='bbox 1317 5756 1593 5823; x_wconf 75' lang='lat' dir='ltr'><strong>prwptttio.</strong></span> <span class='ocrx_word' id='word_1_879' title='bbox 1627 5757 1802 5813; x_wconf 63' lang='grc' dir='ltr'><strong>(ἔτινε.</strong></span> <span class='ocrx_word' id='word_1_880' title='bbox 1843 5759 1892 5811; x_wconf 75' lang='grc' dir='ltr'><strong>ἐν</strong></span> <span class='ocrx_word' id='word_1_881' title='bbox 1919 5767 2172 5831; x_wconf 71' lang='grc' dir='ltr'><strong>περιτομῇ</strong></span> 
     </span>
    </p>
   </div>
   <div class='ocr_carea' id='block_1_108' title="bbox 2277 4603 3857 4689">
    <p class='ocr_par' dir='ltr' id='par_1_108' title="bbox 2277 4603 3857 4689">
     <span class='ocr_line' id='line_1_108' title="bbox 2277 4603 3857 4689; baseline -0.014 -13"><span class='ocrx_word' id='word_1_882' title='bbox 2277 4618 2462 4689; x_wconf 86' lang='lat' dir='ltr'><strong>Usque</strong></span> <span class='ocrx_word' id='word_1_883' title='bbox 2510 4617 2577 4672; x_wconf 90' lang='lat' dir='ltr'><strong>ad</strong></span> <span class='ocrx_word' id='word_1_884' title='bbox 2621 4616 2793 4687; x_wconf 84' lang='lat' dir='ltr'><strong>legem</strong></span> <span class='ocrx_word' id='word_1_885' title='bbox 2825 4612 2969 4671; x_wconf 86' lang='lat' dir='ltr'><strong>enim</strong></span> <span class='ocrx_word' id='word_1_886' title='bbox 3026 4618 3306 4685; x_wconf 81' lang='lat' dir='ltr'><strong>peccatum</strong></span> <span class='ocrx_word' id='word_1_887' title='bbox 3359 4617 3481 4663; x_wconf 83' lang='lat' dir='ltr'><strong>erat</strong></span> <span class='ocrx_word' id='word_1_888' title='bbox 3528 4606 3582 4663; x_wconf 91' lang='lat' dir='ltr'><strong>in</strong></span> <span class='ocrx_word' id='word_1_889' title='bbox 3625 4603 3857 4661; x_wconf 86' lang='lat' dir='ltr'><strong>mundo:</strong></span> 
     </span>
    </p>
   </div>
   <div class='ocr_carea' id='block_1_109' title="bbox 2278 4904 2893 4984">
    <p class='ocr_par' dir='ltr' id='par_1_109' title="bbox 2278 4904 2893 4984">
     <span class='ocr_line' id='line_1_109' title="bbox 2278 4904 2893 4984; baseline -0.005 -20"><span class='ocrx_word' id='word_1_890' title='bbox 2278 4904 2386 4984; x_wconf 60' lang='lat' dir='ltr'><strong>3m</strong></span> <span class='ocrx_word' id='word_1_891' title='bbox 2471 4908 2521 4984; x_wconf 57' lang='lat' dir='ltr'><strong>ig</strong></span> <span class='ocrx_word' id='word_1_892' title='bbox 2547 4907 2893 4984; x_wconf 76' lang='grc' dir='ltr'><strong>ἀκροϐυστίᾳ.</strong></span> 
     </span>
    </p>
   </div>
   <div class='ocr_carea' id='block_1_110' title="bbox 2353 4969 3856 5046">
    <p class='ocr_par' dir='ltr' id='par_1_110' title="bbox 2353 4969 3856 5046">
     <span class='ocr_line' id='line_1_110' title="bbox 2353 4969 3856 5046; baseline -0.007 -13"><span class='ocrx_word' id='word_1_893' title='bbox 2353 4979 2371 5017; x_wconf 73' lang='grc' dir='ltr'><strong>ί</strong></span> <span class='ocrx_word' id='word_1_894' title='bbox 2400 4978 2455 5033; x_wconf 90' lang='lat' dir='ltr'><strong>lu</strong></span> <span class='ocrx_word' id='word_1_895' title='bbox 2481 4969 2726 5034; x_wconf 72' lang='lat' dir='ltr'><strong>Palaiino</strong></span> <span class='ocrx_word' id='word_1_896' title='bbox 2758 4969 2884 5045; x_wconf 57' lang='lat' dir='ltr'><strong>insi,</strong></span> <span class='ocrx_word' id='word_1_897' title='bbox 2918 4978 3000 5033; x_wconf 88' lang='lat' dir='ltr'><strong>cui</strong></span> <span class='ocrx_word' id='word_1_898' title='bbox 3030 4973 3331 5041; x_wconf 84' lang='lat' dir='ltr'><strong>credidisti,</strong></span> <span class='ocrx_word' id='word_1_899' title='bbox 3376 4989 3480 5046; x_wconf 87' lang='lat' dir='ltr'><strong>pro</strong></span> <span class='ocrx_word' id='word_1_900' title='bbox 3509 4974 3599 5028; x_wconf 75' lang='lat' dir='ltr'><strong>cui</strong></span> <span class='ocrx_word' id='word_1_901' title='bbox 3628 4969 3856 5046; x_wconf 71' lang='lat' dir='ltr'><strong>credidit.</strong></span> 
     </span>
    </p>
   </div>
   <div class='ocr_carea' id='block_1_111' title="bbox 2277 5038 3856 5121">
    <p class='ocr_par' dir='ltr' id='par_1_111' title="bbox 2277 5038 3856 5121">
     <span class='ocr_line' id='line_1_111' title="bbox 2277 5038 3856 5121; baseline -0.007 -17"><span class='ocrx_word' id='word_1_902' title='bbox 2277 5049 2346 5104; x_wconf 87' lang='lat' dir='ltr'><strong>Et</strong></span> <span class='ocrx_word' id='word_1_903' title='bbox 2376 5056 2536 5121; x_wconf 86' lang='lat' dir='ltr'><strong>paulo</strong></span> <span class='ocrx_word' id='word_1_904' title='bbox 2565 5060 2686 5118; x_wconf 91' lang='lat' dir='ltr'><strong>post</strong></span> <span class='ocrx_word' id='word_1_905' title='bbox 2713 5038 2978 5118; x_wconf 80' lang='lat' dir='ltr'><strong>pluribus,</strong></span> <span class='ocrx_word' id='word_1_906' title='bbox 3003 5046 3076 5121; x_wconf 63' lang='lat' dir='ltr'><strong>sic</strong></span> <span class='ocrx_word' id='word_1_907' title='bbox 3104 5047 3197 5100; x_wconf 71' lang='lat' dir='ltr'><strong>erit</strong></span> <span class='ocrx_word' id='word_1_908' title='bbox 3225 5038 3394 5099; x_wconf 67' lang='lat' dir='ltr'><strong>semen</strong></span> <span class='ocrx_word' id='word_1_909' title='bbox 3419 5056 3563 5121; x_wconf 74' lang='lat' dir='ltr'><strong>tuum</strong></span> <span class='ocrx_word' id='word_1_910' title='bbox 3595 5038 3856 5121; x_wconf 52' lang='lat' dir='ltr'><strong>sinistri-</strong></span> 
     </span>
    </p>
   </div>
   <div class='ocr_carea' id='block_1_112' title="bbox 2277 5112 3857 5190">
    <p class='ocr_par' dir='ltr' id='par_1_112' title="bbox 2277 5112 3857 5190">
     <span class='ocr_line' id='line_1_112' title="bbox 2277 5112 3857 5190; baseline -0.009 -14"><span class='ocrx_word' id='word_1_911' title='bbox 2277 5125 2343 5176; x_wconf 63' lang='lat' dir='ltr'><strong>tae</strong></span> <span class='ocrx_word' id='word_1_912' title='bbox 2371 5112 2519 5182; x_wconf 59' lang='lat' dir='ltr'><strong>iusti.</strong></span> <span class='ocrx_word' id='word_1_913' title='bbox 2550 5112 2670 5190; x_wconf 67' lang='lat' dir='ltr'><strong>quae</strong></span> <span class='ocrx_word' id='word_1_914' title='bbox 2710 5112 2883 5189; x_wconf 79' lang='lat' dir='ltr'><strong>neque</strong></span> <span class='ocrx_word' id='word_1_915' title='bbox 2927 5120 2979 5173; x_wconf 91' lang='lat' dir='ltr'><strong>in</strong></span> <span class='ocrx_word' id='word_1_916' title='bbox 3021 5118 3213 5173; x_wconf 71' lang='lat' dir='ltr'><strong>Grteco</strong></span> <span class='ocrx_word' id='word_1_917' title='bbox 3255 5123 3403 5171; x_wconf 90' lang='lat' dir='ltr'><strong>textu</strong></span> <span class='ocrx_word' id='word_1_918' title='bbox 3442 5118 3599 5186; x_wconf 88' lang='lat' dir='ltr'><strong>juxta</strong></span> <span class='ocrx_word' id='word_1_919' title='bbox 3631 5112 3857 5170; x_wconf 85' lang='lat' dir='ltr'><strong>melioris</strong></span> 
     </span>
    </p>
   </div>
   <div class='ocr_carea' id='block_1_113' title="bbox 2278 5191 3093 5255">
    <p class='ocr_par' dir='ltr' id='par_1_113' title="bbox 2278 5191 3093 5255">
     <span class='ocr_line' id='line_1_113' title="bbox 2278 5191 3093 5255; baseline -0.001 -9"><span class='ocrx_word' id='word_1_920' title='bbox 2278 5202 2422 5247; x_wconf 78' lang='lat' dir='ltr'><strong>nota:</strong></span> <span class='ocrx_word' id='word_1_921' title='bbox 2446 5191 2776 5255; x_wconf 75' lang='lat' dir='ltr'><strong>excuti-laris</strong></span> <span class='ocrx_word' id='word_1_922' title='bbox 2813 5198 3093 5247; x_wconf 69' lang='lat' dir='ltr'><strong>resonant.</strong></span> 
     </span>
    </p>
   </div>
   <div class='ocr_carea' id='block_1_114' title="bbox 2354 5254 3852 5328">
    <p class='ocr_par' dir='ltr' id='par_1_114' title="bbox 2354 5254 3852 5328">
     <span class='ocr_line' id='line_1_114' title="bbox 2354 5254 3852 5328; baseline -0.01 -11"><span class='ocrx_word' id='word_1_923' title='bbox 2354 5272 2377 5309; x_wconf 72' lang='grc' dir='ltr'><strong>Β</strong></span> <span class='ocrx_word' id='word_1_924' title='bbox 2409 5260 2570 5316; x_wconf 79' lang='lat' dir='ltr'><strong>Addit</strong></span> <span class='ocrx_word' id='word_1_925' title='bbox 2603 5254 2879 5317; x_wconf 77' lang='lat' dir='ltr'><strong>Palatinus</strong></span> <span class='ocrx_word' id='word_1_926' title='bbox 2911 5277 3009 5317; x_wconf 85' lang='lat' dir='ltr'><strong>tus.</strong></span> <span class='ocrx_word' id='word_1_927' title='bbox 3048 5274 3241 5314; x_wconf 82' lang='lat' dir='ltr'><strong>nomen</strong></span> <span class='ocrx_word' id='word_1_928' title='bbox 3284 5255 3457 5320; x_wconf 82' lang='lat' dir='ltr'><strong>Deus.</strong></span> <span class='ocrx_word' id='word_1_929' title='bbox 3480 5255 3624 5328; x_wconf 82' lang='lat' dir='ltr'><strong>quod</strong></span> <span class='ocrx_word' id='word_1_930' title='bbox 3648 5254 3852 5312; x_wconf 87' lang='lat' dir='ltr'><strong>minimc</strong></span> 
     </span>
    </p>
   </div>
   <div class='ocr_carea' id='block_1_115' title="bbox 2283 5328 3616 5404">
    <p class='ocr_par' dir='ltr' id='par_1_115' title="bbox 2283 5328 3616 5404">
     <span class='ocr_line' id='line_1_115' title="bbox 2283 5328 3616 5404; baseline -0.005 -17"><span class='ocrx_word' id='word_1_931' title='bbox 2283 5341 2463 5404; x_wconf 82' lang='lat' dir='ltr'><strong>tamen</strong></span> <span class='ocrx_word' id='word_1_932' title='bbox 2497 5333 2548 5387; x_wconf 90' lang='lat' dir='ltr'><strong>in</strong></span> <span class='ocrx_word' id='word_1_933' title='bbox 2576 5331 2768 5388; x_wconf 72' lang='lat' dir='ltr'><strong>Grmco</strong></span> <span class='ocrx_word' id='word_1_934' title='bbox 2795 5334 3093 5404; x_wconf 77' lang='lat' dir='ltr'><strong>archetypo</strong></span> <span class='ocrx_word' id='word_1_935' title='bbox 3123 5331 3209 5384; x_wconf 90' lang='lat' dir='ltr'><strong>hic</strong></span> <span class='ocrx_word' id='word_1_936' title='bbox 3234 5328 3616 5404; x_wconf 80' lang='lat' dir='ltr'><strong>lori_h2betur.</strong></span> 
     </span>
    </p>
   </div>
   <div class='ocr_carea' id='block_1_116' title="bbox 2354 5397 3847 5468">
    <p class='ocr_par' dir='ltr' id='par_1_116' title="bbox 2354 5397 3847 5468">
     <span class='ocr_line' id='line_1_116' title="bbox 2354 5397 3847 5468; baseline -0.007 -11"><span class='ocrx_word' id='word_1_937' title='bbox 2354 5401 2380 5439; x_wconf 67' lang='grc' dir='ltr'><strong>ιι</strong></span> <span class='ocrx_word' id='word_1_938' title='bbox 2410 5403 2506 5458; x_wconf 91' lang='lat' dir='ltr'><strong>llic</strong></span> <span class='ocrx_word' id='word_1_939' title='bbox 2535 5418 2664 5458; x_wconf 79' lang='lat' dir='ltr'><strong>vero</strong></span> <span class='ocrx_word' id='word_1_940' title='bbox 2691 5419 2813 5458; x_wconf 90' lang='lat' dir='ltr'><strong>cum</strong></span> <span class='ocrx_word' id='word_1_941' title='bbox 2843 5397 3038 5459; x_wconf 68' lang='lat' dir='ltr'><strong>Griec&#39;o</strong></span> <span class='ocrx_word' id='word_1_942' title='bbox 3058 5399 3360 5468; x_wconf 83' lang='lat' dir='ltr'><strong>exemplari</strong></span> <span class='ocrx_word' id='word_1_943' title='bbox 3385 5410 3585 5453; x_wconf 80' lang='lat' dir='ltr'><strong>nomen</strong></span> <span class='ocrx_word' id='word_1_944' title='bbox 3604 5397 3847 5452; x_wconf 72' lang='lat' dir='ltr'><strong>Christus!</strong></span> 
     </span>
    </p>
   </div>
   <div class='ocr_carea' id='block_1_117' title="bbox 2281 5474 2848 5530">
    <p class='ocr_par' dir='ltr' id='par_1_117' title="bbox 2281 5474 2848 5530">
     <span class='ocr_line' id='line_1_117' title="bbox 2281 5474 2848 5530; baseline -0.005 0"><span class='ocrx_word' id='word_1_945' title='bbox 2281 5474 2513 5530; x_wconf 75' lang='lat' dir='ltr'><strong>Palltitt.</strong></span> <span class='ocrx_word' id='word_1_946' title='bbox 2549 5489 2651 5529; x_wconf 86' lang='lat' dir='ltr'><strong>ms.</strong></span> <span class='ocrx_word' id='word_1_947' title='bbox 2683 5483 2848 5530; x_wconf 77' lang='lat' dir='ltr'><strong>tacet.</strong></span> 
     </span>
    </p>
   </div>
   <div class='ocr_carea' id='block_1_118' title="bbox 2279 5538 3849 5685">
    <p class='ocr_par' dir='ltr' id='par_1_118' title="bbox 2279 5538 3849 5685">
     <span class='ocr_line' id='line_1_118' title="bbox 2358 5538 3849 5615; baseline -0.009 -12"><span class='ocrx_word' id='word_1_948' title='bbox 2358 5544 2374 5586; x_wconf 69' lang='grc' dir='ltr'><strong>ί</strong></span> <span class='ocrx_word' id='word_1_949' title='bbox 2410 5545 2657 5602; x_wconf 80' lang='lat' dir='ltr'><strong>Pressius</strong></span> <span class='ocrx_word' id='word_1_950' title='bbox 2695 5543 2899 5600; x_wconf 73' lang='lat' dir='ltr'><strong>Grmca:</strong></span> <span class='ocrx_word' id='word_1_951' title='bbox 2938 5544 3118 5615; x_wconf 83' lang='lat' dir='ltr'><strong>phrasi</strong></span> <span class='ocrx_word' id='word_1_952' title='bbox 3162 5538 3394 5596; x_wconf 88' lang='lat' dir='ltr'><strong>Palatin.</strong></span> <span class='ocrx_word' id='word_1_953' title='bbox 3443 5555 3574 5609; x_wconf 87' lang='lat' dir='ltr'><strong>ms.,</strong></span> <span class='ocrx_word' id='word_1_954' title='bbox 3605 5548 3849 5593; x_wconf 64' lang='lat' dir='ltr'><strong>accessum</strong></span> 
     </span>
     <span class='ocr_line' id='line_1_119' title="bbox 2279 5616 3713 5685; baseline -0.007 -14"><span class='ocrx_word' id='word_1_955' title='bbox 2279 5617 2385 5685; x_wconf 77' lang='lat' dir='ltr'><strong>[ide</strong></span> <span class='ocrx_word' id='word_1_956' title='bbox 2422 5617 2474 5669; x_wconf 85' lang='lat' dir='ltr'><strong>in</strong></span> <span class='ocrx_word' id='word_1_957' title='bbox 2504 5616 2744 5685; x_wconf 79' lang='lat' dir='ltr'><strong>gratiam.</strong></span> <span class='ocrx_word' id='word_1_958' title='bbox 3580 5679 3593 5685; x_wconf 84' lang='lat'>_</span> <span class='ocrx_word' id='word_1_959' title='bbox 3680 5678 3713 5685; x_wconf 79' lang='lat'>_</span> 
     </span>
    </p>
   </div>
   <div class='ocr_carea' id='block_1_119' title="bbox 2359 5616 2744 5670">
    <p class='ocr_par' dir='ltr' id='par_1_119' title="bbox 2359 5616 2744 5670">
     <span class='ocr_line' id='line_1_120' title="bbox 2359 5616 2744 5670; baseline -0.005 0"><span class='ocrx_word' id='word_1_960' title='bbox 2359 5634 2385 5670; x_wconf 83' lang='lat' dir='ltr'><strong>e</strong></span> <span class='ocrx_word' id='word_1_961' title='bbox 2422 5617 2474 5669; x_wconf 86' lang='lat' dir='ltr'><strong>in</strong></span> <span class='ocrx_word' id='word_1_962' title='bbox 2504 5616 2744 5670; x_wconf 74' lang='lat' dir='ltr'><strong>cratium.</strong></span> 
     </span>
    </p>
   </div>
   <div class='ocr_carea' id='block_1_120' title="bbox 2356 5630 3847 5752">
    <p class='ocr_par' dir='ltr' id='par_1_120' title="bbox 2356 5630 3847 5752">
     <span class='ocr_line' id='line_1_121' title="bbox 2359 5630 2744 5686; baseline -0.005 -16"><span class='ocrx_word' id='word_1_963' title='bbox 2359 5634 2385 5670; x_wconf 82' lang='lat' dir='ltr'><strong>e</strong></span> <span class='ocrx_word' id='word_1_964' title='bbox 2422 5633 2474 5669; x_wconf 85' lang='lat' dir='ltr'><strong>tn</strong></span> <span class='ocrx_word' id='word_1_965' title='bbox 2504 5630 2744 5686; x_wconf 76' lang='lat' dir='ltr'><strong>gratiam.</strong></span> 
     </span>
     <span class='ocr_line' id='line_1_122' title="bbox 2356 5678 3847 5752; baseline -0.003 -14"><span class='ocrx_word' id='word_1_966' title='bbox 2356 5687 2369 5738; x_wconf 88' lang='lat' dir='ltr'><strong>i</strong></span> <span class='ocrx_word' id='word_1_967' title='bbox 2414 5686 2591 5743; x_wconf 81' lang='lat' dir='ltr'><strong>Verba</strong></span> <span class='ocrx_word' id='word_1_968' title='bbox 2620 5686 2905 5742; x_wconf 81' lang='lat' dir='ltr'><strong>secundum</strong></span> <span class='ocrx_word' id='word_1_969' title='bbox 2944 5693 3170 5751; x_wconf 77' lang='lat' dir='ltr'><strong>tempus,</strong></span> <span class='ocrx_word' id='word_1_970' title='bbox 3214 5696 3345 5752; x_wconf 68' lang='lat' dir='ltr'><strong>quae</strong></span> <span class='ocrx_word' id='word_1_971' title='bbox 3362 5696 3545 5752; x_wconf 76' lang='lat' dir='ltr'><strong>neque</strong></span> <span class='ocrx_word' id='word_1_972' title='bbox 3579 5679 3632 5736; x_wconf 93' lang='lat' dir='ltr'><strong>in</strong></span> <span class='ocrx_word' id='word_1_973' title='bbox 3672 5678 3847 5734; x_wconf 64' lang='lat' dir='ltr'><strong>Graec</strong></span> 
     </span>
    </p>
   </div>
   <div class='ocr_carea' id='block_1_121' title="bbox 2283 5750 3688 5824">
    <p class='ocr_par' dir='ltr' id='par_1_121' title="bbox 2283 5750 3688 5824">
     <span class='ocr_line' id='line_1_123' title="bbox 2283 5750 3688 5824; baseline -0.01 -7"><span class='ocrx_word' id='word_1_974' title='bbox 2283 5765 2428 5813; x_wconf 78' lang='lat' dir='ltr'><strong>textu</strong></span> <span class='ocrx_word' id='word_1_975' title='bbox 2456 5756 2742 5823; x_wconf 78' lang='lat' dir='ltr'><strong>habentur,</strong></span> <span class='ocrx_word' id='word_1_976' title='bbox 2774 5756 3048 5816; x_wconf 79' lang='lat' dir='ltr'><strong>Palatinus</strong></span> <span class='ocrx_word' id='word_1_977' title='bbox 3071 5770 3174 5811; x_wconf 77' lang='lat' dir='ltr'><strong>ms.</strong></span> <span class='ocrx_word' id='word_1_978' title='bbox 3204 5750 3428 5811; x_wconf 85' lang='lat' dir='ltr'><strong>omnino</strong></span> <span class='ocrx_word' id='word_1_979' title='bbox 3456 5751 3688 5824; x_wconf 77' lang='lat' dir='ltr'><strong>ignorat.</strong></span> 
     </span>
    </p>
   </div>
  </div>
