3920 6200
27 217 113 272 ῐὸὖ

861 213 1194 271 EPISTOLA
1232 214 1293 270 ll.
1343 212 1544 270 PAULI
1584 211 1918 270 APOS'I'OLI
1961 213 2062 270 AD
2103 210 2449 269 ROMANOS.

3199 215 3304 272 73‘

28 339 298 386 tet-ratum
347 338 536 385 autem
571 344 669 384 nou
702 329 1062 399 intputabatur
1091 337 1114 366 α
1144 369 1158 393 ,
1184 342 1309 382 cum
1357 327 1444 382 lex
1491 341 1595 382 non
1625 327 1675 390 Α
1701 329 1842 382 servi
1866 329 1995 384 estis
2025 329 2164 399 ejus,
2192 331 2280 386 cui
2303 329 2556 396 tit-editis,
2586 328 2701 383 sive
2725 328 2928 399 peccati
2956 328 3022 382 ad
3047 339 3300 399 mortem,

27 435 171 480 asset.
201 422 314 477 Sed
346 424 590 492 regnavit
613 435 754 477 mors
779 422 843 476 ab
877 422 1046 482 Adam
1071 435 1240 491 usque
1268 421 1336 475 ad
1370 421 1593 491 Moysen

27 518 165 573 etiam
197 516 253 570 in
285 529 407 579 eos,
440 514 534 584 qui
555 529 659 570 non
690 524 1050 584 peccaverunt
1090 515 1141 568 in
1175 515 1591 571 similitudim-m

27 606 482 679 praevaricationis
509 606 656 675 Adae,
687 607 774 678 qui
811 618 892 663 est
923 606 1099 663 forma
1131 607 1316 664 futuri.
1350 607 1456 663 Sed
1483 623 1591 663 non

27 704 141 756 sicut
164 697 430 754 delictum
461 739 478 764 ,
516 699 584 753 ita
610 710 663 754 et
691 699 912 754 donum.
944 699 999 754 Si
1031 700 1175 755 enim
1210 701 1366 754 unius
1395 700 1592 755 delicto

34 795 150 848 izulti
181 793 386 848 mortui
423 802 552 848 sunt
599 810 613 848 :
661 795 826 850 multo
865 794 1039 863 magis
1083 795 1253 864 gratia
1285 794 1381 850 Dei
1411 803 1467 850 et
1495 793 1592 848 do-

28 903 124 941 :utm
155 887 204 941 in
244 887 428 956 gratia
470 885 625 940 unius
667 885 900 942 hominis
930 886 1060 942 Jesu
1089 888 1287 940 Christi
1322 887 1374 940 iu
1407 887 1590 955 plures

28 979 307 1034 tbundavit.
337 979 410 1033 Et
443 994 550 1034 non
581 979 722 1034 sicut
753 995 848 1050 per
877 996 1041 1036 unum
1089 979 1114 1018 δ
1169 990 1481 1052 peceatum,
1518 983 1588 1037 ila

27 1082 60 1130 at
85 1072 301 1126 donum.
338 1071 479 1126 Nam
503 1071 758 1141 judicium
783 1073 1002 1142 quidem
1024 1089 1088 1129 ex
1112 1090 1220 1128 uno
1244 1073 1295 1127 in
1328 1073 1587 1128 condem-

27 1168 298 1229 nationem;
329 1166 512 1234 gratia
544 1175 721 1220 autem
753 1182 816 1221 ex
851 1166 1037 1220 multis
1065 1167 1280 1220 delictis
1312 1168 1364 1220 in
1389 1166 1588 1235 justifi-

27 1258 277 1311 rationom.
311 1255 369 1310 Si
398 1255 546 1310 enim
587 1257 744 1309 unius
783 1257 983 1312 delicto
1023 1273 1174 1310 mors
1222 1257 1462 1328 regnavit
1491 1273 1586 1326 per

28 1367 154 1404 llllllIlI
185 1367 199 1402 -:
231 1349 411 1404 multo
455 1351 624 1421 magis
651 1349 1038 1406 abundantiam
1069 1353 1254 1422 gratia:
1281 1394 1295 1416 ,
1335 1360 1388 1406 et
1415 1351 1584 1405 dona-

27 1443 155 1496 tiouis
184 1441 494 1511 etjustitia:
517 1441 848 1512 accipientes
871 1485 886 1510 ,
932 1444 985 1499 in
1017 1445 1122 1498 vita
1156 1444 1451 1515 regnabant
1488 1459 1586 1515 per

27 1552 154 1590 unum
185 1533 374 1588 Iesum
421 1533 724 1591 Christum.
758 1535 925 1606 Igitur
964 1537 1104 1592 sicut
1140 1552 1236 1606 per
1267 1539 1424 1592 unius
1451 1537 1585 1592 deli-

27 1637 136 1681 ctum
164 1626 213 1679 in
238 1639 437 1684 omnes
469 1624 719 1682 homines
747 1629 800 1682 iu
833 1627 1343 1683 condemnationem
1379 1646 1391 1680 :
1426 1628 1506 1682 sic
1528 1635 1584 1682 et

1696 421 1809 475 sive
1840 421 2161 480 obediiiouis
2207 423 2274 478 ad
2317 421 2624 492 justitiam?
2666 419 2880 476 Gratias
2926 429 3108 477 autem
3164 423 3298 492 [1:0,

1695 512 1836 584 quod
1883 515 2056 570 fuistis
2088 516 2229 572 servi
2273 515 2498 586 peccati,
2531 514 2795 570 obedistis
2825 522 3005 570 autem
3039 531 3103 568 ex
3136 516 3303 574 corde

1695 607 1745 660 in
1779 620 1896 660 eam
1926 608 2150 664 formam
2183 607 2467 677 doctrinae,
2504 608 2557 662 in
2588 621 2745 677 quam
2786 606 2967 661 traditi
3013 608 3162 663 estis.
3204 608 3298 662 Li-

1695 695 1863 751 berati
1888 706 2064 754 autem
2091 715 2120 753 a
2149 709 2395 769 peccato,
2428 698 2570 753 servi
2604 695 2728 752 lacti
2758 697 2891 752 estis
2911 697 3160 767 justitiac.
3191 698 3302 753 llu-

1693 804 1906 844 manum
1955 791 2096 858 dico,
2147 802 2370 861 propter
2415 790 2780 845 infirmitatem
2823 791 3020 848 carnis.
3055 802 3294 850 vesmc:

1692 882 1833 934 sicut
1881 883 2027 937 enim
2077 883 2400 937 exhibuistis
2450 881 2695 938 membra
2743 889 2922 936 vestra
2959 882 3166 936 servire
3196 881 3298 937 im-

1692 976 2009 1042 munditise,
2059 986 2114 1032 et
2163 976 2434 1047 iniquitati
2487 974 2555 1029 ad
2604 974 2976 1044 iniquitatem;
3026 977 3096 1028 ita
3155 989 3296 1031 nunc

1691 1070 1942 1124 exhibete
1971 1070 2213 1126 membra
2254 1078 2431 1125 vestra
2469 1068 2680 1124 servire
2703 1068 2928 1138 justitia:
2961 1069 3012 1124 in
3055 1069 3299 1124 sanctiﬁ-

1689 1168 1975 1222 cationem.
2024 1165 2156 1221 Cum
2211 1166 2355 1222 enim
2405 1164 2550 1221 servi
2597 1163 2791 1220 essetis
2843 1165 3084 1234 peccati,
3139 1165 3296 1224 liberi

1689 1257 1868 1314 fuistis
1900 1258 2144 1328 justitiae.
2192 1259 2360 1326 Quem
2408 1273 2539 1328 ergo
2592 1257 2823 1313 fructum
2855 1257 3118 1312 habuistis
3168 1267 3297 1313 tunc

1689 1349 1713 1388 ἀ
1734 1353 1786 1406 in
1821 1351 1950 1415 illis,
1983 1354 2033 1406 iu
2065 1351 2262 1423 quibus
2292 1366 2433 1405 nunc
2461 1350 2822 1406 erubescitis?
2853 1350 2984 1405 Nam
3019 1351 3138 1404 linis
3172 1352 3296 1404 illo-

1689 1459 1807 1499 rum
1856 1459 2002 1498 mors
2048 1451 2151 1498 est.
2201 1443 2352 1499 Nunc
2393 1458 2528 1498 vero
2571 1443 2778 1498 liberati
2811 1457 2839 1496 a
2873 1451 3118 1512 peccato,
3151 1442 3295 1498 servi

1687 1546 1866 1591 autem
1902 1536 2030 1592 facti
2055 1536 2187 1603 Deo,
2216 1536 2429 1592 habetis
2457 1535 2690 1590 fructum
2723 1544 2961 1590 vestrum
2997 1535 3050 1590 in
3091 1535 3296 1590 Sancti-

1689 1627 2029 1695 lieationem,
2077 1629 2239 1684 linem
2285 1643 2416 1684 vero
2461 1629 2625 1683 vitam
2675 1637 2960 1683 :eternam.
3008 1625 3295 1697 Stipendia

28 1733 97 1788 per
120 1717 263 1772 unius
288 1716 566 1786 justitiam
609 1718 666 1773 in
706 1733 897 1774 omnes
941 1719 1194 1776 homines
1222 1721 1272 1774 in
1310 1719 1577 1788 justilica-
1615 1714 1658 1778 Β
1684 1725 1828 1778 enim
1861 1722 2090 1792 peccati,
2125 1739 2291 1778 mors.
2324 1721 2505 1778 Gratia
2535 1731 2715 1776 autem
2760 1721 2878 1789 Dei,
2921 1721 3025 1776 vita
3058 1731 3288 1791 mterna,

27 1811 351 1865 tinueutvita).
404 1809 563 1864 Sicut
610 1811 754 1866 cnim
803 1826 898 1881 per
949 1813 1371 1868 iuobedientiam
1421 1815 1579 1869 unius

28 1901 240 1970 ιιινιιιῐηίε,
269 1914 596 1971 peccatores
619 1905 902 1959 constituti
933 1915 1059 1960 sunt
1079 1906 1234 1962 multi
1263 1923 1278 1963 :
1304 1906 1377 1962 ita
1407 1917 1461 1963 et
1485 1923 1580 1978 per

30 1994 147 2045 Intus
190 1991 568 2049 obeditionem
599 2039 614 2063 ,
657 1994 789 2064 διιειί
826 1997 1222 2056 constituentur
1263 2001 1433 2054 multi.
1465 1999 1575 2056 Lex

31 2091 170 2135 autem
211 2084 567 2150 subiutravit,
597 2096 652 2140 ut
682 2087 984 2144 abundaret
1013 2090 1294 2145 delictum.
1329 2091 1432 2147 Ubi
1485 2107 1579 2147 att-

33 2181 107 2225 tem
131 2174 410 2232 abundavit
443 2179 740 2245 delictum,
779 2182 1240 2250 superal‘mndavit
1277 2185 1471 2254 gratia.
1510 2183 1579 2240 Ut

35 2265 75 2315 sit
92 2276 136 2318 ut
172 2269 411 2336 regnavit
456 2282 747 2339 peccatum
796 2272 848 2326 iu
891 2281 1119 2328 mortem
1156 2292 1169 2330 :
1202 2274 1272 2330 ita
1310 2285 1363 2330 et
1406 2278 1578 2346 gratia

36 2368 176 2424 regnet
215 2374 307 2428 per
331 2361 612 2431 justitiam
646 2364 699 2419 in
731 2366 894 2420 vitam
934 2376 1195 2424 atternam
1227 2383 1371 2437 ,-per
1389 2368 1575 2424 Jesum

39 2449 249 2505 tihristum
280 2453 576 2512 Dominum
607 2467 875 2512 nostrum.

86 2543 206 2615 ίζαρ.
235 2545 343 2617 VL]
374 2547 525 2615 Quid
572 2563 701 2621 ergo
731 2550 1016 2608 dicemus?
1057 2552 1493 2621 permanebimus
1523 2554 1579 2610 in

38 2648 225 2701 peccato,
249 2651 300 2693 ut
329 2642 514 2711 gratia
547 2643 830 2698 abundet?
857 2644 1032 2700 Absit.
1066 2646 1166 2712 Qui
1207 2647 1351 2701 enim
1383 2648 1578 2704 mortui

35 2740 173 2783 smnus
196 2743 428 2802 prce-uo,
463 2735 748 2806 quomodo
774 2736 952 2792 adhuc
981 2738 1222 2794 vivemus
1255 2740 1306 2793 in
1337 2740 1466 2795 illo?
1497 2743 1578 2797 An

40 2821 238 2886 ignoratis
261 2827 377 2892 quia
411 2830 758 2898 quicumque
794 2829 1046 2898 baptizati
1074 2846 1259 2886 sumus
1288 2834 1341 2884 iu
1367 2831 1582 2886 (thisto

37 2909 150 2974 issu.
186 2917 232 2970 in
269 2933 442 2976 morte
507 2922 674 2991 ipsius
717 2923 972 2994 baptizati
1004 2924 1234 2978 sumus?
1267 2925 1576 2995 Consepulti

39 3008 140 3060 enim
165 3025 333 3068 Sumus
363 3029 499 3070 ειιιιι
530 3015 624 3070 illo
655 3031 752 3087 per
778 3017 1102 3087 baptismum
1139 3017 1189 3074 in
1221 3030 1454 3073 mortem
1482 3033 1495 3069 :
1524 3025 1580 3071 ιιι

1686 1817 1738 1870 in
1769 1816 1984 1871 Christo
2011 1817 2138 1871 Jesu
2172 1815 2400 1870 Domino
2431 1821 2638 1868 nostro.

1754 1909 1908 1980 (Cap.
1945 1909 2078 1980 γη.)
2112 1911 2191 1964 Λιι
2225 1907 2506 1978 ignoratis,
2540 1905 2735 1960 fratres
2771 1903 3108 1975 (scientibus
3146 1904 3291 1958 enim

1683 2001 1856 2072 legem
1890 2000 2114 2072 loquor)
2143 2001 2271 2072 quia
2299 2001 2381 2055 lex
2407 1999 2459 2053 in
2483 1997 2704 2053 homine
2726 1997 3066 2061 dominatur,
3094 2006 3297 2068 quanto

1683 2105 1928 2164 tempore
1952 2093 2119 2149 vivit?
2147 2091 2279 2147 Nam
2312 2107 2434 2162 qua:
2458 2091 2560 2145 sub
2585 2091 2704 2144 viro
2729 2097 2813 2144 cst
2838 2089 3054 2157 mulier,
3081 2091 3300 2144 vivente

1681 2186 1818 2255 viro,
1849 2185 2070 2255 alligata
2100 2191 2184 2239 est
2210 2185 2351 2253 legi:
2395 2181 2442 2237 si
2487 2192 2669 2238 autem
2718 2190 2968 2236 mortuus
3010 2180 3173 2236 luerit
3216 2183 3297 2237 vir

1680 2279 1821 2348 ejus,
1851 2277 2030 2331 Soluta
2061 2284 2146 2331 est
2168 2290 2196 2328 a
2230 2275 2346 2345 lege
2376 2274 2505 2328 viri.
2543 2273 2726 2343 Igitur,
2758 2272 2975 2327 vivente
3014 2274 3151 2336 viro,
3196 2288 3296 2327 Vu-

1681 2371 1894 2425 eabizur
1938 2368 2202 2436 adultera,
2246 2368 2290 2422 si
2342 2366 2506 2421 luerit
2545 2381 2668 2421 cum
2710 2367 2818 2420 alio
2849 2365 3008 2420 viro:
3041 2366 3083 2418 si
3112 2375 3292 2418 autem

1683 2476 1930 2517 mortuus
1963 2460 2125 2516 fuerit
2152 2462 2232 2515 vir
2257 2459 2395 2529 ejus,
2432 2458 2662 2512 liberata
2704 2466 2786 2512 est
2825 2471 2855 2510 a
2899 2457 3014 2526 lege
3052 2455 3189 2521 viri,
3238 2462 3294 2516 ut

1685 2573 1792 2611 non
1817 2557 1886 2614 sit
1913 2555 2179 2620 adultera,
2210 2554 2255 2609 si
2286 2552 2442 2608 fuerit
2475 2567 2598 2606 cum
2629 2551 2733 2606 alio
2764 2551 2901 2606 viro.
2935 2549 3144 2620 Itaque,
3186 2548 3293 2603 fra-

1684 2659 1794 2707 tres
1825 2650 1946 2717 mei,
1982 2658 2036 2704 et
2064 2664 2158 2703 vos
2180 2647 2485 2703 mortiﬁcati
2511 2647 2644 2702 estis
2671 2646 2771 2715 legi
2797 2660 2891 2714 per
2910 2658 3107 2715 corpus
3133 2643 3291 2700 Chri-

1683 2746 1786 2800 sti:
1828 2753 1887 2799 ut
1924 2744 2039 2798 sitis
2071 2741 2312 2810 alterius,
2343 2741 2433 2810 qui
2461 2756 2527 2795 ex
2567 2738 2796 2793 mortuis
2822 2737 3144 2802 resurrexit,
3173 2743 3233 2791 ιιι
3266 2745 3289 2774 ο

1684 2838 2072 2893 fructiﬁcemus
2107 2839 2236 2890 lleo.
2269 2836 2402 2889 Cum
2436 2833 2580 2888 enim
2611 2845 2852 2886 essemus
2875 2830 2926 2885 in
2957 2844 3143 2893 carne,
3171 2844 3293 2896 pas-

1684 2935 1864 2988 siones
1898 2938 2266 3001 peccatorum,
2296 2943 2417 3000 quze
2450 2944 2545 2998 per
2571 2928 2742 2997 legem
2775 2935 2955 2989 erant,
2989 2923 3294 2994 operabau-

1685 3036 1774 3081 tttr
1798 3025 1848 3080 itt
1877 3022 2132 3080 membris
2159 3021 2382 3083 nostris,
2413 3029 2468 3074 ut
2499 3018 2894 3074 l'ructilicareut
2920 3015 3106 3070 morti.
3139 3013 3294 3068 Nunc

41 3103 250 3164 ιιιιοιηοάο
277 3104 532 3162 Christus
582 3109 822 3164 surrexit
867 3123 896 3162 ιι
945 3110 1178 3163 mortuis
1227 3125 1324 3178 per
1348 3110 1575 3179 gloriam
1603 3097 1648 3160 (ἶ
1683 3126 1860 3172 autem
1883 3115 2044 3172 soluti
2063 3127 2296 3170 sumusa
2318 3113 2433 3182 lege
2462 3112 2674 3177 mortis,
2700 3112 2866 3180 inqua
2885 3106 3288 3174 detinebamur,

48 3187 208 3260 Patris,
235 3197 298 3251 ita
339 3208 394 3254 et
425 3215 528 3254 nos
562 3199 614 3254 in
663 3201 901 3256 novitate
945 3201 1071 3256 vita:
1102 3201 1464 3256 ambulcmus.
1515 3202 1575 3258 Si

48 3283 147 3338 enim
183 3293 519 3358 complautati
577 3292 701 3348 facti
747 3309 938 3349 sumus
990 3295 1327 3350 similitudini
1383 3297 1576 3352 mortis

49 3373 325 3439 ejuszsimul
354 3397 405 3439 et
428 3384 856 3441 resurrectionis
887 3387 1109 3441 erimus.
1145 3387 1256 3440 lloc
1298 3387 1532 3443 scientes
1559 3429 1574 3453 ,

51 3465 136 3528 quia
162 3484 294 3528 vetus
337 3475 501 3532 homo
557 3487 744 3532 noster
804 3478 965 3532 simul
1015 3479 1308 3536 crucilixus
1351 3489 1468 3548 est,
1521 3491 1579 3540 ut

49 3554 289 3619 ilc~truatur
322 3583 523 3640 corpus
570 3571 810 3638 peccati,
853 3580 903 3624 et
953 3571 1092 3626 ultra
1135 3585 1242 3626 non
1275 3574 1578 3629 serviamus

49 3660 228 3712 lttrccato.
263 3657 355 3724 Qui
402 3663 553 3716 enim
603 3672 847 3717 mortuus
898 3671 1005 3728 est,
1049 3662 1376 3732 jttstilit'atus
1422 3673 1506 3721 est
1547 3680 1577 3722 a

50 3751 230 3803 ινξρεθιυ.
253 3747 304 3803 Si
335 3761 517 3806 autem
554 3752 752 3806 mortui
782 3767 970 3809 sumus
1001 3769 1121 3808 cum
1149 3753 1367 3809 Christo
1393 3801 1408 3821 ,
1453 3772 1577 3812 cre-

49 3829 174 3888 Ilitnus
190 3842 297 3907 quia
319 3844 473 3900 simul
503 3847 668 3900 etiam
695 3845 934 3900 vivemus
958 3861 1082 3902 cum
1112 3846 1330 3903 Christo
1357 3867 1368 3901 :
1399 3848 1578 3905 scien-

50 3930 102 3976 “35
137 3932 254 3996 quod
301 3935 548 3993 (.ltristus
599 3953 887 4009 resurgens
928 3956 993 3994 ex
1041 3945 1270 3996 mortuis
1315 3941 1423 4011 jam
1472 3958 1577 3998 nou

50 4021 238 4092 moritur,
268 4044 405 4086 mors
436 4035 509 4088 illi
548 4033 691 4098 ultra
715 4050 822 4087 non
847 4034 1234 4089 dominabitur.
1257 4034 1411 4102 Quod
1434 4036 1578 4091 enim

51 4121 231 4169 “l'trltttts
251 4133 320 4173 est
347 4133 587 4194 peceato,
615 4135 860 4180 mortuus
885 4135 968 4181 est
986 4126 1154 4181 semel
1177 4143 1189 4181 :
1223 4127 1364 4197 quod
1398 4136 1578 4184 autem

52 4201 157 4272 vivit,
173 4209 283 4266 vivit
309 4215 427 4271 Deo.
443 4218 522 4272 Ita
547 4229 600 4272 ct
624 4232 720 4274 vos
740 4219 1065 4286 existimate,
1091 4234 1187 4274 vos
1209 4229 1450 4276 mortuos
1464 4223 1581 4290 qui-

51 4294 248 4358 divisesse
265 4320 495 4379 peccato,
527 4312 762 4367 viventes
785 4321 963 4367 autem
992 4312 1124 4377 Deo,
1151 4311 1204 4367 in
1225 4313 1580 4372 ChristoJesu

56 4392 68 4416 δ
90 4386 270 4448 Domino
285 4414 483 4460 nostro.
514 4403 630 4458 Non
658 4418 787 4474 ergo
808 4412 997 4473 regnet
1018 4413 1296 4473 peccatum
1322 4406 1373 4458 in
1398 4415 1580 4460 vestro

1681 3211 1752 3264 ita
1789 3219 1845 3264 ιιι
1873 3209 2174 3264 serviamus
2207 3209 2258 3260 in
2289 3204 2526 3259 novitate
2553 3202 2795 3273 spiritus,
2829 3210 2883 3255 ct
2912 3215 3019 3253 non
3055 3200 3104 3251 iu
3143 3207 3294 3250 vetu-

1678 3312 1819 3361 state
1849 3303 2063 3358 litterm.
2088 3300 2226 3369 Quid
2259 3314 2386 3368 ergo
2414 3297 2696 3352 dicemus?
2739 3297 2825 3349 lex
2869 3302 3148 3365 peceatum
3176 3293 3298 3346 est?

1678 3395 1850 3451 Absit.
1875 3394 1979 3452 Sed
2011 3403 2288 3466 peccatum
2311 3408 2414 3446 non
2434 3389 2682 3458 cognovi,
2700 3387 2801 3442 nisi
2822 3401 2917 3458 per
2935 3386 3106 3456 legem
3132 3403 3143 3439 :
3172 3399 3294 3438 nam

1679 3489 2172 3560 concupiscentiam
2197 3485 2526 3551 nesciebam,
2547 3485 2650 3538 nisi
2675 3485 2759 3538 lex
2782 3483 2984 3537 diceret
3003 3499 3015 3534 :
3034 3481 3150 3536 Non
3166 3497 3299 3536 cou-

1679 3582 1944 3650 cupisces.
1965 3580 2262 3635 Occasione
2277 3588 2454 3633 autem
2477 3586 2720 3647 accepta,
2739 3585 3015 3646 peceatum
3034 3590 3128 3642 per
3145 3590 3297 3628 mau-

1685 3673 1870 3728 datutn
1903 3680 2184 3743 operatum
2212 3670 2370 3725 estin
2405 3685 2491 3725 me
2519 3684 2732 3722 omnem
2777 3666 3293 3736 concupiscentiam.

1680 3763 1810 3820 Sine
1837 3764 1954 3835 lege
1982 3764 2125 3818 enim
2152 3773 2430 3832 peccatum
2481 3769 2750 3813 mortuum
2788 3768 2928 3811 erat.
2957 3756 3070 3824 Ego
3112 3764 3294 3812 autent

1681 3856 1924 3911 vivebam
1949 3857 2066 3911 sine
2083 3855 2199 3924 lege
2215 3852 2527 3924 aliquando.
2547 3851 2651 3906 Sed
2669 3865 2789 3905 cum
2814 3849 3055 3904 venisset
3072 3849 3300 3905 manda-

1683 3959 1818 4014 tum,
1849 3960 2128 4020 peccatum
2176 3947 2388 4001 revixit.
2435 3945 2547 4014 Ego
2593 3954 2771 3997 autem
2797 3952 3041 3998 mortuus
3064 3957 3180 3997 sum
3205 3959 3216 3996 :
3244 3950 3300 3997 ct

1683 4043 1959 4102 inventum
1983 4050 2066 4096 est
2088 4041 2216 4095 mihi
2242 4039 2556 4094 mandatum
2581 4037 2720 4106 quod
2749 4048 2868 4092 erat
2892 4037 2957 4090 ad
2984 4041 3172 4101 vitam,
3193 4036 3296 4092 hoc

1683 4152 1806 4194 esse
1822 4137 1886 4192 ad
1909 4145 2160 4191 mortem.
2185 4133 2316 4189 Nam
2339 4145 2618 4204 peccatum
2644 4131 2934 4186 occasione
2953 4141 3173 4201 accepta
3203 4145 3298 4200 per

1685 4232 2023 4296 mandatum,
2054 4227 2267 4284 seduxit
2299 4242 2407 4290 me.
2439 4234 2495 4281 et
2527 4241 2622 4296 per
2663 4225 2792 4282 illud
2839 4224 3058 4279 occidit.
3110 4223 3297 4292 Itaque

1685 4325 1767 4380 lex
1792 4323 2006 4396 quidem
2028 4328 2236 4388 sant-ta,
2263 4329 2318 4377 et
2342 4319 2656 4375 mandatum
2686 4325 2956 4383 sanctum,
2984 4325 3038 4369 et
3061 4315 3293 4382 justum,

1686 4427 1740 4471 et
1770 4419 1990 4471 bonum.
2022 4413 2174 4480 Quod
2204 4426 2334 4482 ergo
2382 4413 2582 4466 bonum
2634 4419 2739 4472 est,
2789 4407 2920 4461 mihi
2966 4405 3170 4457 factum
3213 4412 3297 4458 est

53 4485 456 4565 mortalicorpore,
481 4496 825 4552 utobediatis
846 4497 1298 4566 concupiscentiis
1319 4498 1455 4568 ejus.
1475 4497 1580 4553 Sed
1617 4493 1664 4554 D
1689 4510 1873 4573 mors?
1905 4510 2078 4565 Λιιεῑι,
2114 4508 2220 4564 Sed
2254 4515 2556 4575 peccatum,
2588 4511 2648 4556 ut
2683 4507 2942 4571 appareat
2984 4503 3293 4566 peccatum,

52 4581 179 4636 “illuc
197 4582 476 4644 exhibeatis
502 4589 742 4644 membra
764 4598 941 4643 vestra
965 4604 1114 4644 arma
1139 4590 1435 4660 iniquitatis
1457 4605 1585 4660 pec-

50 4665 136 4712 cato
150 4682 159 4712 :
175 4669 254 4723 sed
269 4673 506 4735 exhibete
521 4693 619 4734 vos
638 4678 771 4747 Deo,
790 4690 1058 4750 tamquam
1079 4694 1145 4734 ex
1160 4681 1385 4734 mortuis
1401 4679 1588 4736 viven-

53 4756 132 4852 tes:
171 4772 212 4816 ct
254 4773 474 4830 membra
508 4785 684 4831 vestra
713 4792 863 4832 arma
884 4776 1102 4847 iustitia:
1133 4777 1265 4833 Deo.
1297 4772 1582 4839 Pecc'atum

52 4852 155 4942 ctum
179 4855 308 4914 vobis
333 4878 436 4920 non
459 4868 856 4924 dominabitur:
881 4884 984 4924 non
1005 4871 1147 4924 enim
1173 4870 1273 4924 sub
1297 4871 1410 4942 lege
1430 4874 1582 4939 estis,

55 4936 121 4989 sed
153 4947 237 5001 sub
280 4957 462 5022 gratia.
511 4961 649 5030 Quid
698 4964 868 5033 ergo?
918 4963 1280 5034 peccabimus,
1323 4936 1574 5036 quoniam

56 5040 131 5136 illi"
157 5048 315 5136 sumus
338 5052 433 5106 sub
459 5055 597 5125 lege,
626 5055 721 5110 sed
747 5055 849 5109 sub
877 5055 1080 5124 gratia?
1120 5055 1294 5110 Absit.
1344 5057 1576 5114 Nescitis

55 5127 253 5186 quoniam
293 5140 369 5194 cui
410 5147 670 5202 exhibetis
717 5162 815 5202 vos
855 5161 1043 5202 servos
1081 5148 1146 5205 ad
1179 5149 1562 5220 obedieudum.

59 5268 131 5374 ηοξ
149 5264 701 5374 ξςιίηεξῇξιιξιῐξειειξιιιιε
724 5302 858 5374 ms.,
885 5305 985 5342 non
1008 5289 1320 5374 imputatur,
1346 5294 1569 5374 cum_lea:

61 5343 239 5458 gmw,
280 5349 358 5402 cui
395 5354 601 5413 lectioni
643 5343 869 5415 Graecus
904 5343 1116 5430 quoque
1164 5343 1572 5418 texttissull'ra;

64 5467 558 5586 “Lacuna-pressius
589 5500 778 5586 Greco
807 5499 1123 5586 exemplari,
1149 5519 1240 5586 per
1268 5519 1425 5586 unum
1450 5519 1570 5572 pec-

68 5552 176 5593 ταιιιε
337 5552 348 5558 '
541 5552 553 5554 ἡ
598 5552 770 5557 τ---νέ
813 5552 902 5555 ~——~
971 5552 1034 5590 ς(
1149 5552 1223 5590 ς-.
1450 5552 1530 5572 ,νη

68 5600 153 5662 ΜἯ
180 5563 373 5662 ηιήηῇιιε
399 5582 664 5662 accentum.
699 5571 900 5638 Graec”
927 5570 976 5627 δι
1014 5578 1566 5662 ενοι-,αμαρτήςζαντοφ

66 5618 180 5673 uox,
207 5618 323 5681 Νηίη
357 5634 366 5643 -
399 5618 664 5687 utr—m-
704 5618 900 5638 υ-ιννη
929 5618 976 5627 ν·
1136 5618 1478 5670 geni-usvm-

120 5689 133 5711 ε
160 5683 263 5713 n_,__
313 5651 399 5713 _.lu
441 5655 588 5713 totum
615 5660 676 5697 ea:
701 5660 803 5697 una
826 5685 839 5706 ,
877 5654 1242 5712 prmtermtssn
1267 5645 1488 5713 qtudcm.

160 5683 266 5748 Quae
283 5709 329 5752 ει
341 5683 569 5767 itonnulii
589 5683 766 5770 (Εἶδεῖέ
783 5683 1007 5770 caries;
1025 5683 1541 5784 ᾗέἑέεὶέεἶῖὲὶίίξὶῖῗὲὲῖιια

1689 4618 1783 4674 per
1811 4603 2006 4657 bonum
2034 4610 2317 4670 operatum
2347 4608 2430 4651 est
2459 4595 2590 4652 mihi
2618 4601 2844 4648 mortem
2876 4606 2889 4644 :
2924 4597 2982 4642 ut
3014 4587 3103 4640 liat
3132 4601 3296 4655 supra

1689 4694 1908 4749 modum
1943 4708 2172 4764 peccans
2218 4700 2498 4762 peccatum
2552 4700 2647 4756 per
2697 4683 3029 4738 mandatum.
3081 4677 3296 4734 Scimus

1687 4787 1831 4842 enim
1877 4787 2001 4858 quia
2054 4785 2140 4840 lex
2189 4780 2488 4853 spiritualis
2531 4787 2651 4832 est:
2703 4790 2803 4844 ego
2853 4782 3033 4827 autem
3063 4770 3298 4826 carnalis

1685 4895 1828 4946 sum,
1861 4876 2216 4934 venumdatus
2245 4873 2344 4928 sub
2383 4879 2628 4943 peccato.
2674 4866 2829 4935 Quod
2878 4863 3021 4922 enim
3069 4880 3294 4934 operor,

1688 4987 1794 5026 non
1844 4969 2104 5038 intelligo.
2156 4966 2270 5021 Non
2320 4965 2464 5019 euint
2510 4959 2654 5031 quod
2701 4959 2822 5013 volo
2856 4956 2873 4995 ί
2912 4958 3133 5022 bonum,
3187 4956 3290 5012 hoc

1684 5078 1784 5133 ago
1810 5080 1823 5117 :
1851 5063 1942 5116 sed
1974 5060 2114 5131 quod
2137 5059 2223 5112 odi
2252 5057 2475 5120 malum,
2507 5053 2633 5107 illud
2666 5051 2819 5105 facio.
2853 5050 2911 5107 Si
2940 5059 3120 5104 autem
3151 5050 3293 5118 quod

1683 5157 1832 5224 nolo,
1861 5155 1990 5214 illud
2024 5153 2199 5206 facio:
2233 5149 2515 5204 consentio
2545 5146 2674 5216 legi,
2705 5146 2961 5215 quoniam
3007 5145 3142 5199 bona
3184 5152 3290 5210 est,

1677 5292 1904 5348 Domino
1931 5300 2126 5354 nostra,
2158 5285 2436 5344 Palatinus
2463 5301 2680 5358 quoque
2709 5299 2811 5358 ms.
2845 5284 3037 5346 nescit.

1748 5362 1771 5399 ἀ
1808 5363 1914 5420 Sed
1946 5353 2122 5430 neque
2148 5359 2264 5414 huic
2295 5358 2401 5412 dtto
2430 5353 2617 5430 verba,
2643 5357 2698 5410 in
2731 5356 2857 5430 illis,
2890 5358 2941 5408 in
2969 5353 3159 5430 eodeni
3193 5354 3292 5409 Pa-

1680 5434 1851 5489 latino
1885 5449 1985 5487 ms.
2031 5424 2335 5486 habentur:
2385 5427 2526 5499 quod
2580 5439 2634 5483 et
2685 5429 2907 5496 prepius
2956 5435 3038 5480 est
3089 5424 3293 5479 Gra'rtc

1677 5506 1898 5558 litterzc.

1748 5519 1757 5556 ι
1819 5523 1847 5558 ·ι
1888 5546 1898 5558 .

1699 5517 1878 5629 “filii:
1899 5573 2138 5628 Palatino
2180 5585 2303 5635 ms.,
2341 5580 2394 5623 ut
2439 5569 2897 5640 fructi/immitius,
2932 5566 2996 5618 ad
3043 5565 3291 5626 Grati-um

1677 5648 1970 5719 exetnplar,
1999 5647 2598 5719 iua_zap1roqaoptiawpsu.

1755 5716 1771 5753 τ
1804 5709 2063 5772 ΑἸιςιιίιιιε
2092 5717 2142 5770 in
2170 5709 2410 5769 i’aluttito
2439 5709 2563 5779 ms.,
2596 5726 2696 5766 non
2715 5710 2854 5764 quod
2882 5710 3022 5776 volo,
3049 5709 3143 5762 hoc
3169 5723 3292 5780 ego,
