3920 6200
615 190 722 245 τῆς

1648 188 1705 244 S.
1750 184 2126 243 IIIEBONYLII
2168 184 2399 242 DIVINA
2443 180 2920 240 BIBLIOTIIECA.
3599 197 3606 202 ‘
3801 187 3873 244 756

613 308 768 366 Nunc
796 315 974 363 autem
1000 306 1111 378 jam
1136 319 1244 361 non
1274 319 1377 378 ego
1401 318 1602 377 operor
1631 304 1788 370 illud,
1816 304 1912 360 sed
1939 303 2082 374 quod
2122 303 2217 358 ha—
2244 308 2296 368 Λ
2322 302 2585 359 Existimo
2614 302 2780 370 enim,
2814 299 2958 370 quod
2988 313 3096 355 non
3137 310 3260 355 sunt
3307 299 3609 372 condigna
3655 302 3869 369 [assicaes

615 400 754 457 bitat
784 402 836 455 in
867 414 955 455 me
986 409 1286 470 peccatum.
1315 397 1445 454 Scio
1483 398 1630 454 enim
1678 398 1804 468 quia
1849 413 1955 452 non
2008 397 2216 452 habitat

617 491 672 548 in
721 506 832 557 me,
882 490 986 546 boc
1036 500 1120 546 est
1167 491 1220 546 in
1268 504 1434 546 carne
1463 504 1603 558 mea,
1639 490 1860 546 bonum.
1889 489 2025 546 Nam
2052 490 2212 556 velle,

615 583 829 654 adjacet
855 582 1027 638 mihi:
1060 583 1320 654 perlicere
1349 592 1526 640 autem
1557 583 1782 650 bonum,
1826 597 1934 638 non
1975 583 2214 639 invenio.

616 677 734 734 Non
782 679 928 734 enim
969 676 1113 749 quod
1160 679 1284 733 volo
1324 677 1550 744 bonum,
1602 677 1706 734 hoc
1743 677 1918 734 l’acio:
1947 677 2043 733 sed
2073 677 2217 749 quod

619 770 748 826 nolo
778 769 1002 838 malum,
1035 768 1140 826 hoc
1165 784 1287 842 ago.
1315 770 1371 826 Si
1403 781 1586 826 autem
1615 769 1759 842 quod
1788 771 1936 835 nolo,
1966 770 2098 825 illud
2138 769 2220 824 ιη.

618 862 874 932 ciozjam
909 860 1040 935 [Μσ.
1081 871 1182 918 tac.
1223 860 1359 932 jam]
1403 877 1510 917 non
1555 876 1655 933 ego
1695 877 1894 933 operor
1928 861 2082 930 illud,
2124 862 2219 918 sed

619 955 760 1026 quod
790 955 997 1010 habitat
1023 954 1077 1009 in
1107 969 1196 1010 me
1225 964 1528 1026 peccatum.
1570 953 1790 1010 Invenio
1841 955 2003 1025 igitur
2045 955 2219 1026 legem

617 1047 822 1102 volenti
869 1048 999 1103 mihi
1044 1047 1226 1104 facere
1275 1047 1499 1113 bonum,
1550 1049 1804 1120 quoniam
1854 1048 1986 1103 mihi
2020 1050 2220 1104 malum

619 1140 872 1210 adjacet:
906 1139 1260 1196 condeleetor
1286 1142 1432 1196 enim
1467 1141 1569 1211 legi
1616 1140 1711 1196 Dei
1750 1140 2049 1196 secundum
2085 1141 2225 1197 inte-

618 1233 820 1288 riorem
853 1232 1130 1288 hominem
1157 1251 1170 1288 :
1203 1233 1362 1289 video
1383 1241 1565 1288 autem
1588 1234 1749 1288 aliam
1775 1234 1947 1305 legem
1970 1235 2022 1290 in
2052 1250 2225 1290 mem.

620 1325 736 1382 bris
766 1327 925 1398 meis,
954 1339 1350 1399 repugnantem
1393 1329 1494 1399 legi
1542 1329 1737 1384 mentis
1773 1345 1931 1399 mem,
1973 1339 2029 1385 et
2059 1330 2228 1401 capti-

619 1431 835 1475 vantem
867 1437 953 1478 me
984 1423 1037 1478 iu
1067 1421 1187 1493 lege
1208 1423 1438 1498 peccati,
1462 1438 1584 1493 qua:
1605 1424 1762 1478 estin
1786 1423 2046 1479 membris
2068 1425 2222 1479 meis.

622 1514 809 1571 Infelix
834 1530 933 1588 ego
960 1515 1141 1584 homo,
1175 1517 1298 1589 quis
1319 1534 1405 1572 me
1424 1517 1675 1572 liberabit
1693 1520 1762 1573 de
1783 1533 2016 1589 corpore
2037 1519 2228 1574 mortis

625 1606 820 1678 hujus?
868 1608 1053 1665 Gratia
1102 1609 1194 1664 Dei
1245 1624 1340 1679 per
1383 1608 1570 1664 Jesum
1616 1607 1889 1664 Christum
1937 1609 2224 1664 Dominum

2321 395 2480 466 hujus
2510 394 2770 465 temporis
2796 393 2863 448 ad
2894 392 3127 448 futuram
3156 393 3407 464 gloriam,
3439 409 3575 465 qua:
3609 393 3870 450 revelabitur

2319 487 2374 543 iu
2422 487 2599 543 nobis.
2647 485 2781 541 Nam
2841 487 3172 556 exspectatio
3212 496 3492 542 creatura:
3541 485 3872 542 revelatioaetn

2320 580 2549 635 liliorum
2582 579 2676 634 Dei
2706 589 3002 648 exspectat.
3046 579 3281 634 Vanitati
3317 579 3466 634 enim
3512 587 3759 634 creatura
3788 580 3880 632 sub.

2316 674 2458 745 jeCta
2489 684 2571 729 est
2601 689 2705 728 non
2738 673 2946 739 volens,
2979 673 3074 728 sed
3107 683 3329 744 propter
3373 687 3505 727 eum
3559 672 3653 742 qui
3700 672 3879 741 subjecit

2322 764 2349 804 δ
2378 781 2496 822 eam
2529 767 2580 822 in
2615 781 2750 836 spe:
2791 768 2914 836 quia
2966 775 3022 820 ct
3069 766 3182 836 ipsa
3229 775 3482 820 creatura
3537 764 3830 819 liberabitur
3860 782 3880 821 a

2322 862 2582 915 servitute
2611 859 2998 930 corruptionis,
3030 859 3082 912 in
3122 859 3430 914 libertatem
3475 856 3671 928 gloria:
3699 856 3880 918 ﬁliorum

2324 953 2439 1008 Dei.
2485 953 2699 1008 Scimus
2730 955 2872 1007 enim
2917 951 3064 1022 quod
3109 952 3287 1006 omnis
3330 961 3593 1006 creatura
3637 951 3880 1021 ingemisrit

2323 1056 2378 1102 et
2411 1050 2640 1116 parturit
2671 1062 2840 1117 usque
2870 1046 3067 1100 adhuc.
3098 1045 3214 1100 Non
3244 1045 3423 1101 solum
3454 1054 3642 1099 autem
3678 1045 3778 1109 illa,
3813 1043 3880 1110 sed

2325 1152 2382 1199 et
2408 1159 2507 1197 nos
2549 1143 2651 1212 ipsi
2690 1143 2955 1215 primitias
2996 1143 3217 1213 spiritus
3247 1142 3548 1201 habentes:
3576 1152 3633 1197 et
3658 1141 3753 1211 ipsi
3780 1141 3880 1200 intra

2327 1251 2426 1291 nos
2454 1237 2740 1306 gemimus,
2772 1236 3118 1307 adoptionem
3145 1235 3378 1290 filiorum
3401 1236 3501 1291 Dei
3527 1244 3880 1305 exspectantes;

2325 1329 2756 1401 redemptionem
2786 1331 3246 1402 corporisnostri.
3279 1329 3390 1400 Spe
3434 1329 3583 1385 enim
3627 1329 3754 1383 salvi
3793 1321 3880 1384 lacti

2327 1439 2533 1480 sumus.
2565 1423 2702 1494 Spes
2731 1435 2912 1480 autem
2937 1440 3057 1495 quae
3084 1423 3320 1488 videtur,
3355 1438 3460 1478 non
3496 1433 3579 1478 est
3608 1436 3767 1493 spes:
3794 1435 3880 1478 nant

2327 1516 2469 1588 quod
2501 1516 2643 1570 videt
2681 1517 2822 1587 quis,
2863 1516 2992 1587 quid
3036 1515 3167 1588 [313.
3221 1513 3337 1586 qui]
3392 1515 3605 1585 sperat?
3649 1514 3706 1570 Si
3744 1523 3880 1572 autem

2329 1607 2472 1680 quod
2497 1624 2603 1663 non
2635 1607 2899 1674 videmus,
2927 1622 3212 1678 speramus
3238 1627 3254 1663 :
3284 1622 3381 1674 per
3410 1605 3715 1678 patientiam
3739 1619 3880 1672 exsre;

625 1710 892 1756 nostrum.
918 1701 1085 1770 Igitur
1104 1715 1205 1772 ego
1230 1704 1348 1772 ipse
1374 1711 1554 1757 mente
1576 1701 1754 1757 servio
1778 1701 1880 1773 legi
1911 1701 2038 1769 Dei;
2062 1716 2226 1758 carne
2257 1704 2304 1764 B
2330 1708 2561 1757 clanius.
2592 1700 2852 1755 Similiter
2876 1711 3055 1755 autem
3083 1708 3141 1755 et
3175 1698 3414 1771 Spiritus
3455 1697 3675 1768 adjuvat
3711 1696 3880 1752 iniit-mi

627 1799 806 1846 autem
838 1792 940 1862 legi
972 1792 1198 1862 peccati.

700 1885 854 1956 [Cap.
885 1885 1050 1956 VIIH
1082 1886 1222 1943 Nihil
1265 1901 1396 1959 ergo
1431 1903 1573 1944 nunc
1613 1887 1978 1946 damnationis
2013 1900 2098 1946 est
2135 1892 2221 1962 iis,

625 1980 716 2050 qui
747 1988 873 2034 sunt
901 1979 954 2035 in
982 1980 1200 2036 Christo
1227 1981 1380 2051 Jesu,
1414 1983 1503 2053 qui
1536 1999 1640 2037 non
1672 1985 1970 2040 secundum
2003 1999 2223 2042 carnem

626 2071 926 2128 ambulant.
967 2071 1080 2129 Lex
1127 2075 1270 2130 enim
1317 2076 1538 2146 Spiritus
1577 2077 1702 2131 vita:
1740 2078 1793 2132 in
1840 2077 2061 2133 Christo
2096 2077 2224 2134 Jesu

627 2162 880 2219 liberavit
907 2179 995 2220 me
1019 2179 1049 2219 a
1077 2165 1194 2236 lege
1227 2167 1430 2237 peccati
1463 2177 1516 2223 et
1548 2169 1758 2224 mortis.
1785 2168 1917 2224 Nam
1948 2170 2090 2240 quod
2120 2170 2222 2224 im-

626 2256 889 2327 possibile
917 2265 1038 2312 erat
1068 2257 1194 2328 legi,
1227 2260 1278 2313 in
1311 2276 1419 2330 quo
1451 2261 1824 2316 inlirmabatur
1850 2278 1946 2332 per
1974 2278 2220 2318 carnem:

628 2350 771 2405 Deus
801 2350 967 2406 lilium
1011 2366 1168 2408 suum
1216 2353 1433 2412 mittens
1483 2357 1536 2411 in
1585 2357 1992 2414 similitudinem
2043 2360 2225 2415 carnis

624 2443 856 2512 peccati,
893 2453 949 2498 et
985 2443 1054 2498 de
1085 2453 1308 2515 peccato
1335 2446 1617 2503 damnavit
1647 2459 1924 2520 peccatum
1953 2452 2003 2506 in
2035 2467 2220 2518 carne,

624 2542 686 2589 ut
709 2535 1025 2604 justilicatio
1053 2536 1183 2609 legis
1208 2538 1529 2609 impleretur
1554 2539 1607 2595 in
1637 2541 1813 2610 nobis,
1855 2542 1944 2612 qui
1991 2557 2098 2597 non
2138 2557 2226 2599 se-

623 2628 858 2683 cundum
881 2644 1102 2685 carnem
1127 2631 1486 2704 ambulamus,
1511 2634 1607 2690 sed
1630 2635 1925 2691 secundum
1949 2635 2220 2707 spiritum.

623 2721 724 2789 Qtti
757 2723 902 2778 enim
930 2723 1227 2780 secundum
1264 2741 1485 2783 carnem
1517 2736 1665 2796 sunt,
1695 2745 1816 2800 quae
1849 2733 2033 2788 carnis
2074 2743 2221 2798 sunt,

624 2817 860 2886 sapiunt.
913 2818 1014 2885 Qui
1063 2835 1196 2875 vero
1245 2821 1542 2877 secundum
1590 2824 1839 2892 Spiritum
1887 2832 2058 2892 sunt,
2103 2841 2224 2896 quae

626 2919 754 2965 sunt
783 2910 1008 2981 spiritus
1035 2913 1291 2968 sentiunt.
1337 2913 1469 2969 Nam
1519 2915 1798 2985 prudentia
1844 2917 2043 2981 carnis,
2079 2933 2224 2974 mors

625 3011 708 3057 est
735 3022 746 3056 ε
782 3005 1064 3073 prudentia
1096 3017 1278 3062 autem
1307 3007 1548 3078 spiritus,
1580 3011 1690 3064 vita
1717 3020 1772 3066 et
1801 3025 1928 3080 pax.
1957 3011 2220 3079 Quoniam

623 3095 884 3165 sapientia
913 3099 1093 3154 carnis
1124 3099 1340 3156 inimica
1371 3112 1454 3158 est
1483 3103 1631 3158 Deo:
1666 3104 1770 3173 legi
1803 3106 1945 3160 enim
1979 3105 2071 3160 Dei
2112 3121 2219 3162 non
2249 3098 2295 3162 C
2328 3100 2483 3154 nobis
2510 3099 2760 3154 omnibus
2788 3098 3014 3152 tradidit
3059 3099 3208 3152 illum
3237 3115 3249 3150 :
3297 3096 3580 3164 quomodo
3623 3109 3719 3149 non
3761 3093 3876 3145 cli-1m

625 3197 711 3244 est
742 3191 982 3260 subjecta
1007 3210 1026 3248 :
1058 3209 1158 3250 nec
1183 3195 1327 3251 enim
1367 3206 1562 3266 potest.
1603 3198 1704 3267 Qui
1745 3207 1924 3254 autem
1964 3199 2017 3254 in
2057 3215 2222 3256 carne

622 3292 770 3348 sunt,
804 3284 912 3338 Deo
943 3284 1160 3354 placere
1191 3302 1295 3342 non
1328 3300 1572 3358 possunt.
1600 3289 1712 3345 Vos
1747 3299 1926 3346 autem
1966 3292 2020 3346 in
2058 3307 2224 3348 carne

627 3389 736 3431 non
761 3374 916 3440 estis,
946 3376 1039 3431 sed
1066 3379 1117 3432 in
1147 3379 1339 3449 spiritu
1366 3397 1379 3434 :
1404 3382 1448 3434 si
1479 3391 1656 3436 tamen
1683 3382 1917 3452 Spiritus
1945 3384 2040 3440 Dei
2073 3385 2223 3441 habi-

622 3477 701 3524 tat
733 3470 786 3524 111
820 3469 992 3524 vobis.
1025 3469 1081 3525 Si
1111 3472 1232 3541 quis
1261 3480 1441 3528 autem
1470 3472 1730 3542 Spiritum
1758 3475 1958 3530 Christi
1992 3492 2097 3532 non
2131 3477 2224 3531 ba-

621 3560 732 3631 bet,
770 3561 855 3616 hic
887 3577 992 3618 non
1021 3573 1105 3619 est
1131 3564 1269 3634 ejus.
1297 3564 1352 3622 Si
1379 3575 1558 3622 autem
1583 3565 1829 3622 Christus
1853 3570 1905 3624 in
1930 3570 2079 3626 vobis
2103 3581 2220 3628 est:

620 3669 818 3727 corpus
848 3657 1065 3727 quidem
1095 3668 1365 3714 mortuum
1399 3670 1479 3715 est
1513 3670 1732 3730 propter
1766 3673 2065 3732 peccatum,
2114 3666 2225 3736 spi-

620 3749 754 3803 ritus
790 3763 918 3803 vcro
952 3759 976 3786 ἰ
1011 3750 1145 3805 vivit
1192 3763 1410 3822 propter
1455 3752 1920 3822 justificationem.
1973 3756 2126 3825 Quod
2176 3758 2224 3813 si

624 3841 857 3911 Spiritus
889 3844 1029 3912 ejus,
1055 3845 1144 3916 qui
1173 3847 1450 3902 suscitavit
1471 3846 1654 3902 Jesunt
1682 3865 1710 3904 a
1740 3851 1987 3910 mortuis.
2016 3852 2226 3909 habitat

623 3933 676 3988 in
704 3935 893 3992 vobis:
925 3937 1016 4007 qui
1046 3940 1321 3994 suscitavit
1351 3940 1534 3996 Iesum
1575 3942 1846 3997 Christum
1895 3960 1922 3998 a
1970 3949 2219 4013 mortuis,

620 4025 911 4081 viviticabit
933 4027 1060 4098 [,Mr.
1087 4031 1395 4103 vivilicavit]
1421 4043 1472 4088 ct
1495 4037 1742 4091 mortalia
1764 4052 1994 4106 corpora
2019 4051 2219 4108 vestra,

623 4127 844 4189 propter
877 4119 1263 4176 inltabitantem
1295 4122 1553 4191 Spiritum
1586 4128 1700 4196 ejus
1735 4131 1788 4182 in
1835 4131 2005 4187 vobis.
2054 4133 2218 4203 Ergo,

623 4209 839 4277 fratres,
882 4211 1156 4266 debitores
1207 4229 1392 4269 sumus
1443 4232 1546 4272 non
1593 4221 1765 4286 carni,
1818 4231 1875 4276 ut
1921 4224 2220 4280 secundum

620 4315 840 4356 carnem
867 4300 1132 4357 vivamus.
1155 4301 1210 4358 Si
1230 4303 1374 4359 enim
1403 4307 1696 4362 secundum
1720 4324 1938 4366 carnem
1959 4314 2219 4380 vixeritis,

623 4393 935 4450 moriemini
959 4413 969 4447 :
1005 4395 1050 4449 si
1073 4407 1253 4450 autem
1279 4395 1472 4467 spiritu
1497 4397 1631 4453 facta
1657 4402 1836 4458 carnis
1861 4406 2224 4462 mortilicavc-

2333 1805 2494 1850 tatem
2541 1805 2822 1850 nostram:
2875 1810 2998 1849 nam
3038 1794 3167 1865 quid
3215 1808 3461 1861 oremus,
3516 1792 3655 1848 sicut
3697 1799 3880 1862 oportet

2330 1890 2602 1944 nescimus
2629 1908 2641 1942 :
2672 1890 2769 1945 sed
2802 1892 2914 1960 ipse
2937 1889 3170 1959 Spiritus
3191 1888 3433 1961 postulat
3463 1903 3567 1958 pro
3595 1885 3742 1941 nobis
3759 1885 3880 1954 gemit

2329 1982 2473 2037 tibus
2523 1983 2995 2038 inenarrabiltbus.
3048 1983 3151 2050 Qui
3197 1993 3380 2036 autem
3426 1987 3704 2035 scrutatur
3743 1976 3880 2044 corda.

2327 2074 2434 2130 scit
2479 2076 2606 2145 quid
2655 2074 2930 2130 desideret
2975 2076 3236 2144 spiritus:
3278 2074 3409 2145 quia
3439 2071 3732 2128 secundum
3760 2067 3880 2124 Deum

2329 2167 2564 2238 postulat
2592 2183 2689 2238 pro
2716 2167 2938 2223 sanctis.
2972 2167 3185 2223 Scimus
3214 2176 3396 2221 autem
3424 2166 3684 2236 quoniam
3707 2162 3880 2232 diligena

2330 2260 2469 2316 tibus
2515 2261 2683 2316 Deum
2729 2262 2908 2315 omnia
2958 2268 3323 2329 coeperantur
3370 2259 3425 2311 in
3476 2258 3697 2323 bonum,
3724 2255 3795 2319 iis,
3821 2245 3880 2328 11111

2326 2355 2623 2411 secundum
2657 2356 2994 2426 propositum
3023 2354 3197 2409 vocati
3231 2363 3356 2407 sunt
3390 2353 3595 2406 saneti.
3634 2349 3753 2404 Nam
3787 2337 3880 2426 quoi

2329 2449 2617 2520 prmscivit,
2654 2423 2706 2504 ct
2739 2447 3140 2518 prasdestinavit
3178 2445 3496 2501 conformes
3539 2443 3653 2499 ﬁeri
3690 2423 3880 2510 111111ςὶ11ἰέ

2329 2541 2450 2597 Filii
2496 2542 2612 2609 sui,
2646 2550 2703 2595 ut
2748 2541 2821 2595 sit
2871 2539 2986 2612 ipse
3017 2538 3405 2609 primogenitus
3442 2538 3501 2590 in
3545 2534 3718 2590 multis
3752 2531 3880 2586 lratrii

2329 2634 2449 2692 bus.
2479 2634 2626 2703 Quos
2670 2643 2852 2689 autem
2895 2632 3322 2703 praedestinavit,
3371 2632 3475 2684 bos
3525 2641 3576 2684 et
3612 2627 3880 2686 vocavitzetl

2327 2744 2464 2800 quos
2503 2727 2749 2794 vocavit,
2787 2728 2884 2783 hos
2917 2738 2970 2782 et
3018 2725 3338 2794 justiticavit
3371 2741 3382 2775 :
3410 2738 3556 2794 quos
3611 2732 3776 2776 autem
3804 2718 3880 2786 jts-l

2329 2820 2591 2884 lilicavit,
2643 2820 2764 2875 illos
2823 2829 2877 2875 et
2925 2817 3264 2889 gloriﬁcavit.
3321 2815 3459 2885 Quid
3513 2830 3643 2884 ergo
3693 2801 3879 2889 dicemui

2328 2916 2395 2970 ad
2447 2915 2612 2970 bzcc?
2660 2916 2706 2968 si
2761 2915 2903 2969 Deus
2968 2928 3065 2983 pro
3121 2910 3279 2966 nobis
3312 2953 3325 2975 ,
3382 2909 3510 2979 quis
3561 2919 3737 2964 contra
3773 2897 3880 2983 nasi

2328 3008 2430 3077 Qui
2459 3009 2620 3063 etiam
2651 3007 2869 3078 proprio
2897 3005 3033 3060 Filio
3077 3020 3176 3059 suo
3224 3020 3332 3059 non
3383 3003 3654 3072 pepercit,
3699 2998 3777 3054 sed
3814 2998 3880 3078 pta

2325 3205 2446 3246 eum
2480 3190 2574 3244 illo
2605 3190 2781 3244 omnia
2823 3189 2980 3245 nobis
3008 3201 3029 3227 ο
3063 3189 3327 3243 donavit?
3354 3188 3492 3255 Quis
3535 3185 3788 3242 accusabit
3814 3179 3876 3234 atl-

2326 3299 2516 3339 versus
2540 3283 2741 3338 electos
2770 3282 2902 3338 Dei?
2936 3282 3077 3337 Deus
3108 3284 3196 3352 qui
3222 3280 3487 3351 jnstilicat
3514 3297 3528 3332 :
3572 3280 3686 3349 quis
3719 3287 3788 3329 est
3817 3273 3874 3341 ipsi

2325 3383 2687 3440 condemnet?
2716 3381 2959 3436 Christus
2987 3381 3166 3446 Iesus,
3199 3379 3287 3449 qui
3333 3388 3587 3433 mortuus
3623 3383 3720 3441 est,
3757 3373 3874 3426 immo

2325 3478 2414 3549 qui
2443 3486 2496 3532 et
2526 3475 2838 3542 resurrexit,
2872 3475 2960 3544 qui
2989 3484 3073 3528 est
3101 3474 3167 3527 ad
3193 3473 3474 3526 dexteram
3515 3472 3628 3535 Dei,
3653 3470 3734 3539 qui
3757 3466 3870 3520 etiam

2328 3571 2632 3641 interpellat
2663 3585 2758 3640 pro
2787 3569 2958 3623 nobis.
2995 3566 3128 3633 Quis
3154 3581 3283 3636 ergo
3317 3582 3416 3620 uos
3441 3563 3713 3635 separabit
3737 3578 3761 3613 a
3786 3557 3872 3611 cha-

2327 3667 2485 3722 ritate
2511 3663 2743 3718 Christi?
2776 3661 3094 3716 tribulatio?
3120 3673 3186 3712 an
3217 3657 3460 3726 angustia
3480 3657 3508 3710 ?
3538 3671 3603 3710 an
3633 3647 3870 3727 lames‘lgtt

2328 3757 2580 3812 auditas?
2607 3772 2672 3809 an
2712 3751 3047 3824 periculum?
3086 3767 3150 3804 an
3195 3749 3550 3818 persecutio?
3585 3761 3651 3801 an
3685 3736 3869 3815 gladius?

2328 3849 2790 3922 (sicutscriptum
2822 3854 2942 3901 e~tz
2992 3842 3123 3910 Quia
3175 3852 3393 3911 propter
3443 3853 3497 3895 te
3552 3838 3879 3926 mortilicamcrl

2331 3921 2438 3996 tota
2467 3941 2554 3996 die
2578 3960 2591 3995 :
2620 3939 2865 3994 :rstimati
2899 3952 3086 3993 Sumus
3115 3937 3252 3990 sicut
3281 3949 3410 3989 oves
3441 3928 3768 3997 occisionis).
3791 3921 3864 3978 Sol

2327 4034 2379 4090 in
2413 4034 2496 4088 bis
2525 4033 2774 4088 omnibus
2801 4043 3142 4101 superamus,
3190 4035 3411 4098 propter
3447 4041 3576 4080 eum
3612 4026 3692 4094 qtti
3731 4017 3864 4071 dilt‘lll

2328 4143 2448 4183 nos.
2482 4128 2670 4182 Certus
2698 4141 2816 4179 sum
2849 4124 3014 4190 enim,
3052 4123 3172 4192 quia
3203 4137 3378 4191 neque
3401 4136 3573 4185 m‘rs,
3600 4132 3750 4187 neque
3774 4112 3879 4170 tim,

2329 4235 2502 4290 neque
2551 4218 2748 4289 angeli,
2796 4232 2969 4287 neque
3010 4214 3362 4285 principatus,
3404 4211 3428 4249 ἀ
3471 4228 3642 4283 neque
3668 4209 3879 4262 vitiumst

2328 4328 2505 4382 neque
2537 4311 2810 4376 instantia,
2840 4324 3014 4379 neque
3048 4307 3246 4372 futura,
3284 4321 3462 4378 neque
3510 4301 3761 4364 fortitudo,
3798 4305 3879 4354 uel

2328 4420 2432 4474 que
2458 4402 2704 4470 altitudo,
2737 4416 2908 4471 neque
2939 4398 3285 4471 profundum,
3320 4412 3499 4469 neque
3541 4404 3758 4450 creatura
3789 4390 3879 4440 111111

3878 2617 3880 2686 1

3878 2725 3880 2772 1

3878 2897 3880 2952 1

3878 2969 3880 3054 1

3878 3075 3879 3144 1

3878 3279 3879 3340 1

3878 3841 3879 3896 1

3878 3933 3879 3988 1

3878 4011 3879 4070 1

619 4485 758 4550 ritis,
797 4486 1006 4542 vivctis.
1057 4486 1396 4560 Quicumque
1443 4489 1588 4545 enim
1611 4490 1814 4562 Spiritu
1845 4494 1934 4549 Dei
1967 4507 2219 4566 aguntur,
2254 4491 2302 4550 Ι)
2331 4497 2528 4568 poterit
2550 4513 2646 4550 nos
2672 4510 2925 4565 separare
2952 4509 2981 4547 a
3009 4492 3278 4547 charltate
3303 4491 3423 4558 Dei,
3447 4507 3567 4562 qua:
3590 4496 3662 4544 est
3685 4481 3879 4540 inCluu

619 4576 806 4650 ἰὶιΜδ.
852 4587 951 4632 lac.
993 4577 1054 4651 ii]
1099 4588 1227 4634 sunt
1270 4578 1361 4635 lilii
1414 4581 1529 4637 Dei.
1579 4582 1696 4638 Non
1743 4585 1886 4640 enim
1937 4590 2224 4658 accepistis

617 4671 869 4742 spiritum
914 4673 1194 4729 servitutis
1236 4674 1430 4730 iterum
1461 4675 1512 4730 in
1556 4675 1777 4740 timore,
1813 4678 1907 4732 sed
1935 4682 2224 4752 accepistis

617 4763 865 4832 Spiritum
891 4763 1198 4835 adoptionis
1222 4765 1476 4831 ﬁliorum,
1505 4767 1556 4822 in
1583 4783 1693 4839 quo
1713 4769 2042 4826 clamamus:
2073 4774 2222 4829 Abba

619 4856 875 4929 (Pater).
915 4857 1034 4928 Ipse
1063 4859 1208 4915 enim
1243 4859 1476 4931 Spiritus
1505 4864 1871 4919 testimonium
1904 4865 2083 4920 reddit
2115 4869 2223 4936 spi-

617 4950 743 5006 ritui
789 4961 978 5008 nostro
1000 4993 1014 5018 ,
1043 4953 1202 5024 jqnod
1233 4969 1419 5010 sumus
1448 4956 1542 5012 lilii
1571 4957 1685 5012 Dei.
1719 4958 1774 5014 Si
1804 4970 1986 5015 autem
2019 4961 2136 5028 lilii,
2169 4971 2224 5018 et

618 5039 904 5098 bmredes:
954 5041 1205 5101 barrech
1248 5047 1465 5118 quidem
1519 5047 1636 5114 Dei,
1684 5049 1999 5107 cohaeredes
2046 5062 2223 5108 autem

616 5128 817 5189 Christi
844 5152 856 5187 :
885 5134 932 5190 si
959 5144 1140 5193 tamen
1163 5139 1544 5209 compulimur,
1569 5151 1628 5197 ut
1654 5152 1708 5198 et
1732 5144 2222 5214 conglurilieemur.

615 5270 705 5349 sed
731 5271 1011 5349 quododi,
1041 5273 1266 5349 vocibus
1291 5274 1479 5332 bonum
1510 5287 1565 5333 ct
1603 5278 1798 5332 malum
1840 5280 2004 5349 prieri
2043 5280 2211 5337 hocce

616 5339 750 5418 loco
767 5342 978 5418 penitus
1001 5345 1284 5418 ignoratis,
1308 5361 1429 5416 qua:
1455 5363 1628 5418 neque
1657 5349 1708 5404 in
1727 5339 1921 5406 (ἶνῶεο
1941 5359 2091 5405 textu
2123 5353 2214 5406 ha-

618 5409 835 5479 bentur,
869 5414 966 5467 sed
993 5409 1059 5469 ei
1093 5409 1289 5470 Velesii
1320 5409 1640 5474 lectionibus
1671 5421 1891 5475 adscita:
1919 5424 1968 5476 in
2008 5421 2212 5479 Grmcis

616 5480 773 5564 libris
803 5485 1041 5564 fuerunt,
1068 5487 1254 5564 voles
1290 5493 1534 5546 subnexa
1567 5491 1689 5545 huic
1714 5491 1916 5547 isocolo
1943 5503 2063 5563 post
2084 5509 2213 5564 qua-

617 5558 740 5605 tuor
770 5568 954 5608 versus
987 5557 1037 5608 io
1067 5555 1290 5613 Latinis.

691 5630 716 5657 "
748 5622 1082 5707 Iu_l:alaltitto
1107 5642 1206 5707 ms.
1245 5644 1344 5698 pro
1375 5632 1524 5707 quivit,
1573 5642 1656 5688 est
1691 5635 1809 5703 vim,
1856 5635 2206 5707 quemadmo-

619 5689 746 5744 dum
776 5702 829 5745 ct
857 5692 910 5748 iu
945 5695 1137 5752 Cresco
1168 5689 1339 5769 tex'tu,
1369 5706 1488 5768 ζωή.

2327 4598 2411 4644 sto
2441 4588 2567 4643 Jcsu
2602 4587 2832 4642 Domino
2864 4596 3075 4640 nostro.

2397 4681 2548 4752 |Cap.
2578 4680 2693 4751 [XL]
2736 4679 3029 4734 Veritatem
3053 4678 3171 4732 dico
3194 4677 3247 4730 in
3267 4675 3632 4741 Christo,non
3653 4666 3850 4725 mentior.
3878 4681 3879 4724 1

2326 4775 2702 4829 teStimonium
2751 4772 2884 4827 mihi
2938 4770 3261 4841 perhibcnte
3313 4767 3642 4822 conscientia
3685 4773 3778 4815 mea
3820 4769 3879 4804 1111

2326 4869 2530 4941 Spiritu
2559 4879 2754 4924 sancto
2777 4885 2788 4920 :
2812 4867 3067 4938 quoniam
3099 4863 3318 4919 tristitia
3353 4862 3486 4918 mihi
3515 4872 3690 4930 magna
3714 4861 3798 4952 est,
3820 4855 3854 4896 t‘l
3878 4885 3879 4946 1

2327 4960 2619 5017 continuus
2652 4959 2811 5014 dolor
2843 4957 2994 5013 cordi
3038 4970 3180 5011 meo.
3215 4953 3480 5020 Optabam
3511 4953 3646 5006 enim
3671 4950 3879 5013 ego“NH

2328 5051 2620 5108 anathema
2649 5065 2770 5110 esse
2798 5066 2826 5104 a
2855 5048 3071 5104 Christo
3100 5062 3198 5118 pro
3221 5045 3486 5100 fratribus
3511 5043 3654 5109 meis,
3677 5035 3751 5108 qui
3766 5039 3848 5085 Slltl
3878 5049 3879 5054 π

2329 5147 2544 5217 cognati
2577 5145 2680 5201 mei
2721 5142 3022 5200 secundum
3063 5155 3307 5205 carnem,
3353 5139 3444 5209 qui
3487 5145 3612 5193 sunt
3634 5126 3843 5188 Israelitr,
3878 5151 3879 5160 ι

2392 5281 2418 5322 ι)
2451 5282 2544 5338 llic
2572 5297 3010 5356 prouontetrcmu
3042 5287 3180 5356 tacet
3224 5277 3449 5356 Palatio.
3495 5293 3636 5356 ms?"
3658 5281 3700 5326 el
3878 5317 3879 5356 ‘

2319 5331 3179 5424 postporticuDeﬁnliiwtlicitur,
3208 5331 3536 5420 adeptionem
3565 5331 3838 5424 ﬁliorrutl‘f‘

2320 5420 3007 5498 exspectantes,intrantque
3038 5421 3237 5498 Gralco-
3254 5424 3500 5498 archcty2
3520 5435 3551 5473 ο
3566 5420 3807 5498 ἰιτθδξιξιξςῖ

2395 5479 2423 5535 ε’
2453 5479 2846 5564 Ιιρριίιιε’]υιιει
2873 5479 3116 5548 ϐὶςιιςιιυι
3145 5490 3315 5545 Palat.
3350 5479 3466 5544 ms:
3488 5479 3536 5544 in
3563 5479 3833 5542 lutttrolt‘illl-

2240 5589 2242 5592 '
2318 5567 2549 5622 donabit.

2393 5640 2417 5674 α
2451 5639 2519 5693 Ut
2541 5651 2569 5690 a
2594 5635 2865 5706 plerisque
2893 5634 3099 5689 Graecis
3129 5651 3258 5690 mss.
3279 5678 3292 5698 ,
3326 5633 3442 5690 οὔτε
3462 5631 3717 5706 Δδυνάμεις,
3739 5621 3837 5669 3”“

2323 5707 2376 5764 in
2405 5703 2650 5764 Palatino
2680 5703 2967 5782 tusfa'm'ba
3000 5747 3012 5770 ,
3043 5716 3087 5759 et
3121 5707 3329 5762 virtutes
3361 5703 3724 5762 desiderantur.
