  <div class='ocr_page' id='page_1' title='image "/cluster/home/n/w/nwhite01/storage/ocr_20150623/29/uva.x000826564/392.png"; bbox 0 0 3920 6200; ppageno 0'>
   <div class='ocr_carea' id='block_1_1' title="bbox 30 218 125 276">
    <p class='ocr_par' dir='ltr' id='par_1_1' title="bbox 30 218 125 276">
     <span class='ocr_line' id='line_1_1' title="bbox 30 218 125 276; baseline 0.032 -8"><span class='ocrx_word' id='word_1_1' title='bbox 30 218 125 276; x_wconf 56' lang='grc'><strong>777</strong></span> 
     </span>
    </p>
   </div>
   <div class='ocr_carea' id='block_1_2' title="bbox 902 228 2481 305">
    <p class='ocr_par' dir='ltr' id='par_1_2' title="bbox 902 228 2481 305">
     <span class='ocr_line' id='line_1_2' title="bbox 902 228 2481 305; baseline 0.011 -20"><span class='ocrx_word' id='word_1_2' title='bbox 902 228 1233 292; x_wconf 79' lang='lat' dir='ltr'><strong>EPISTOLA</strong></span> <span class='ocrx_word' id='word_1_3' title='bbox 1272 234 1330 291; x_wconf 86' lang='grc' dir='ltr'><strong>Β.</strong></span> <span class='ocrx_word' id='word_1_4' title='bbox 1376 232 1578 294; x_wconf 79' lang='lat' dir='ltr'><strong>PAULI</strong></span> <span class='ocrx_word' id='word_1_5' title='bbox 1622 237 1956 299; x_wconf 78' lang='lat' dir='ltr'><strong>APOSTOLI</strong></span> <span class='ocrx_word' id='word_1_6' title='bbox 1997 242 2089 300; x_wconf 86' lang='lat' dir='ltr'><strong>AD</strong></span> <span class='ocrx_word' id='word_1_7' title='bbox 2136 244 2481 305; x_wconf 74' lang='lat' dir='ltr'><strong>ROMANOS.</strong></span> 
     </span>
    </p>
   </div>
   <div class='ocr_carea' id='block_1_3' title="bbox 3244 258 3347 313">
    <p class='ocr_par' dir='ltr' id='par_1_3' title="bbox 3244 258 3347 313">
     <span class='ocr_line' id='line_1_3' title="bbox 3244 258 3347 313; baseline 0.01 -1"><span class='ocrx_word' id='word_1_8' title='bbox 3244 258 3347 313; x_wconf 74' lang='lat'><strong>758</strong></span> 
     </span>
    </p>
   </div>
   <div class='ocr_carea' id='block_1_4' title="bbox 0 338 3349 441">
    <p class='ocr_par' dir='ltr' id='par_1_4' title="bbox 0 338 3349 441">
     <span class='ocr_line' id='line_1_4' title="bbox 0 338 3349 441; baseline 0.013 -54"><span class='ocrx_word' id='word_1_9' title='bbox 0 351 254 418; x_wconf 57' lang='grc' dir='ltr'>,(ριςτδιιιιιι</span> <span class='ocrx_word' id='word_1_10' title='bbox 285 338 522 409; x_wconf 87' lang='lat' dir='ltr'><strong>adoptio</strong></span> <span class='ocrx_word' id='word_1_11' title='bbox 550 351 637 398; x_wconf 84' lang='lat' dir='ltr'><strong>est</strong></span> <span class='ocrx_word' id='word_1_12' title='bbox 670 344 915 413; x_wconf 97' lang='lat' dir='ltr'><strong>ﬁliorum,</strong></span> <span class='ocrx_word' id='word_1_13' title='bbox 952 359 1001 403; x_wconf 90' lang='lat' dir='ltr'><strong>et</strong></span> <span class='ocrx_word' id='word_1_14' title='bbox 1029 352 1224 420; x_wconf 80' lang='lat' dir='ltr'><strong>gloria,</strong></span> <span class='ocrx_word' id='word_1_15' title='bbox 1251 362 1303 407; x_wconf 92' lang='lat' dir='ltr'><strong>et</strong></span> <span class='ocrx_word' id='word_1_16' title='bbox 1335 361 1630 411; x_wconf 81' lang='lat' dir='ltr'><strong>testamen-</strong></span> <span class='ocrx_word' id='word_1_17' title='bbox 1658 360 1705 421; x_wconf 75' lang='grc' dir='ltr'><strong>Α</strong></span> <span class='ocrx_word' id='word_1_18' title='bbox 1734 359 1995 431; x_wconf 84' lang='lat' dir='ltr'><strong>scriptum</strong></span> <span class='ocrx_word' id='word_1_19' title='bbox 2038 374 2117 418; x_wconf 89' lang='lat' dir='ltr'><strong>est</strong></span> <span class='ocrx_word' id='word_1_20' title='bbox 2151 383 2163 419; x_wconf 92' lang='lat'><strong>:</strong></span> <span class='ocrx_word' id='word_1_21' title='bbox 2235 366 2374 421; x_wconf 83' lang='lat' dir='ltr'><strong>Ecce</strong></span> <span class='ocrx_word' id='word_1_22' title='bbox 2418 382 2562 436; x_wconf 89' lang='lat' dir='ltr'><strong>pono</strong></span> <span class='ocrx_word' id='word_1_23' title='bbox 2616 367 2669 424; x_wconf 91' lang='lat' dir='ltr'><strong>in</strong></span> <span class='ocrx_word' id='word_1_24' title='bbox 2721 368 2852 426; x_wconf 87' lang='lat' dir='ltr'><strong>Sion</strong></span> <span class='ocrx_word' id='word_1_25' title='bbox 2897 368 3132 441; x_wconf 89' lang='lat' dir='ltr'><strong>lapidem</strong></span> <span class='ocrx_word' id='word_1_26' title='bbox 3172 375 3349 431; x_wconf 79' lang='lat' dir='ltr'><strong>oﬁ&#39;en-</strong></span> 
     </span>
    </p>
   </div>
   <div class='ocr_carea' id='block_1_5' title="bbox 15 432 1634 519">
    <p class='ocr_par' dir='ltr' id='par_1_5' title="bbox 15 432 1634 519">
     <span class='ocr_line' id='line_1_5' title="bbox 15 432 1634 519; baseline 0.009 -31"><span class='ocrx_word' id='word_1_27' title='bbox 15 448 67 488; x_wconf 68' lang='grc' dir='ltr'><strong>ιιι</strong></span> <span class='ocrx_word' id='word_1_28' title='bbox 88 446 162 496; x_wconf 77' lang='grc' dir='ltr'>ιιι,</span> <span class='ocrx_word' id='word_1_29' title='bbox 193 438 249 486; x_wconf 84' lang='grc' dir='ltr'><strong>ει</strong></span> <span class='ocrx_word' id='word_1_30' title='bbox 272 432 577 502; x_wconf 78' lang='lat' dir='ltr'><strong>legislatio,</strong></span> <span class='ocrx_word' id='word_1_31' title='bbox 625 446 678 490; x_wconf 89' lang='lat' dir='ltr'><strong>et</strong></span> <span class='ocrx_word' id='word_1_32' title='bbox 720 438 1055 508; x_wconf 83' lang='lat' dir='ltr'><strong>obsequium,</strong></span> <span class='ocrx_word' id='word_1_33' title='bbox 1088 454 1141 497; x_wconf 93' lang='lat' dir='ltr'><strong>et</strong></span> <span class='ocrx_word' id='word_1_34' title='bbox 1170 447 1433 513; x_wconf 83' lang='lat' dir='ltr'><strong>promissa</strong></span> <span class='ocrx_word' id='word_1_35' title='bbox 1463 466 1475 500; x_wconf 86' lang='lat'><strong>:</strong></span> <span class='ocrx_word' id='word_1_36' title='bbox 1501 463 1634 519; x_wconf 85' lang='lat' dir='ltr'><strong>quo-</strong></span> 
     </span>
    </p>
   </div>
   <div class='ocr_carea' id='block_1_6' title="bbox 45 530 1636 599">
    <p class='ocr_par' dir='ltr' id='par_1_6' title="bbox 45 530 1636 599">
     <span class='ocr_line' id='line_1_6' title="bbox 45 530 1636 599; baseline 0.013 -23"><span class='ocrx_word' id='word_1_37' title='bbox 45 539 153 577; x_wconf 65' lang='lat' dir='ltr'><strong>rum</strong></span> <span class='ocrx_word' id='word_1_38' title='bbox 190 533 411 592; x_wconf 87' lang='lat' dir='ltr'><strong>patres,</strong></span> <span class='ocrx_word' id='word_1_39' title='bbox 465 537 519 581; x_wconf 89' lang='lat' dir='ltr'><strong>et</strong></span> <span class='ocrx_word' id='word_1_40' title='bbox 565 543 635 582; x_wconf 73' lang='lat' dir='ltr'><strong>ex</strong></span> <span class='ocrx_word' id='word_1_41' title='bbox 674 530 870 599; x_wconf 83' lang='lat' dir='ltr'><strong>quibus</strong></span> <span class='ocrx_word' id='word_1_42' title='bbox 918 541 1003 587; x_wconf 89' lang='lat' dir='ltr'><strong>est</strong></span> <span class='ocrx_word' id='word_1_43' title='bbox 1044 533 1294 593; x_wconf 83' lang='lat' dir='ltr'><strong>Chrisuts</strong></span> <span class='ocrx_word' id='word_1_44' title='bbox 1341 540 1636 597; x_wconf 91' lang='lat' dir='ltr'><strong>secundum</strong></span> 
     </span>
    </p>
   </div>
   <div class='ocr_carea' id='block_1_7' title="bbox 50 619 1640 691">
    <p class='ocr_par' dir='ltr' id='par_1_7' title="bbox 50 619 1640 691">
     <span class='ocr_line' id='line_1_7' title="bbox 50 619 1640 691; baseline 0.013 -19"><span class='ocrx_word' id='word_1_45' title='bbox 50 631 273 679; x_wconf 67' lang='lat' dir='ltr'><strong>esrnem,</strong></span> <span class='ocrx_word' id='word_1_46' title='bbox 304 619 399 687; x_wconf 85' lang='lat' dir='ltr'><strong>qui</strong></span> <span class='ocrx_word' id='word_1_47' title='bbox 432 629 517 674; x_wconf 87' lang='lat' dir='ltr'><strong>est</strong></span> <span class='ocrx_word' id='word_1_48' title='bbox 542 636 709 691; x_wconf 89' lang='lat' dir='ltr'><strong>super</strong></span> <span class='ocrx_word' id='word_1_49' title='bbox 734 624 911 680; x_wconf 84' lang='lat' dir='ltr'><strong>omnia</strong></span> <span class='ocrx_word' id='word_1_50' title='bbox 942 627 1083 684; x_wconf 92' lang='lat' dir='ltr'><strong>Deus</strong></span> <span class='ocrx_word' id='word_1_51' title='bbox 1115 629 1436 688; x_wconf 76' lang='lat' dir='ltr'><strong>benedictus</strong></span> <span class='ocrx_word' id='word_1_52' title='bbox 1466 635 1515 687; x_wconf 91' lang='lat' dir='ltr'><strong>in</strong></span> <span class='ocrx_word' id='word_1_53' title='bbox 1544 649 1640 691; x_wconf 80' lang='lat' dir='ltr'><strong>sae-</strong></span> 
     </span>
    </p>
   </div>
   <div class='ocr_carea' id='block_1_8' title="bbox 52 707 1635 785">
    <p class='ocr_par' dir='ltr' id='par_1_8' title="bbox 52 707 1635 785">
     <span class='ocr_line' id='line_1_8' title="bbox 52 707 1635 785; baseline 0.009 -21"><span class='ocrx_word' id='word_1_54' title='bbox 52 707 177 764; x_wconf 81' lang='lat' dir='ltr'><strong>cula.</strong></span> <span class='ocrx_word' id='word_1_55' title='bbox 209 709 405 763; x_wconf 79' lang='lat' dir='ltr'><strong>Arnen.</strong></span> <span class='ocrx_word' id='word_1_56' title='bbox 443 709 503 763; x_wconf 76' lang='grc' dir='ltr'><strong>Ν(</strong></span> <span class='ocrx_word' id='word_1_57' title='bbox 527 727 562 766; x_wconf 85' lang='grc' dir='ltr'><strong>ιι</strong></span> <span class='ocrx_word' id='word_1_58' title='bbox 596 721 778 768; x_wconf 83' lang='lat' dir='ltr'><strong>autent</strong></span> <span class='ocrx_word' id='word_1_59' title='bbox 808 716 950 785; x_wconf 90' lang='lat' dir='ltr'><strong>quod</strong></span> <span class='ocrx_word' id='word_1_60' title='bbox 974 719 1245 776; x_wconf 79' lang='lat' dir='ltr'><strong>exciderit</strong></span> <span class='ocrx_word' id='word_1_61' title='bbox 1270 724 1493 778; x_wconf 82' lang='lat' dir='ltr'><strong>verbum</strong></span> <span class='ocrx_word' id='word_1_62' title='bbox 1522 725 1635 779; x_wconf 85' lang='lat' dir='ltr'><strong>Dei.</strong></span> 
     </span>
    </p>
   </div>
   <div class='ocr_carea' id='block_1_9' title="bbox 46 798 1639 879">
    <p class='ocr_par' dir='ltr' id='par_1_9' title="bbox 46 798 1639 879">
     <span class='ocr_line' id='line_1_9' title="bbox 46 798 1639 879; baseline 0.011 -24"><span class='ocrx_word' id='word_1_63' title='bbox 46 798 151 855; x_wconf 74' lang='lat' dir='ltr'><strong>Non</strong></span> <span class='ocrx_word' id='word_1_64' title='bbox 179 800 324 855; x_wconf 88' lang='lat' dir='ltr'><strong>enim</strong></span> <span class='ocrx_word' id='word_1_65' title='bbox 356 816 558 857; x_wconf 87' lang='lat' dir='ltr'><strong>omnes</strong></span> <span class='ocrx_word' id='word_1_66' title='bbox 587 804 680 874; x_wconf 89' lang='lat' dir='ltr'><strong>qui</strong></span> <span class='ocrx_word' id='word_1_67' title='bbox 728 821 790 860; x_wconf 80' lang='lat' dir='ltr'><strong>ex</strong></span> <span class='ocrx_word' id='word_1_68' title='bbox 822 806 986 864; x_wconf 84' lang='lat' dir='ltr'><strong>Israel</strong></span> <span class='ocrx_word' id='word_1_69' title='bbox 1017 820 1041 846; x_wconf 75' lang='grc' dir='ltr'>ι·</span> <span class='ocrx_word' id='word_1_70' title='bbox 1065 822 1212 879; x_wconf 91' lang='lat' dir='ltr'><strong>sunt,</strong></span> <span class='ocrx_word' id='word_1_71' title='bbox 1247 814 1280 868; x_wconf 90' lang='lat' dir='ltr'><strong>ii</strong></span> <span class='ocrx_word' id='word_1_72' title='bbox 1311 824 1437 869; x_wconf 88' lang='lat' dir='ltr'><strong>sunt</strong></span> <span class='ocrx_word' id='word_1_73' title='bbox 1470 817 1639 872; x_wconf 89' lang='lat' dir='ltr'><strong>Israe-</strong></span> 
     </span>
    </p>
   </div>
   <div class='ocr_carea' id='block_1_10' title="bbox 44 891 1632 969">
    <p class='ocr_par' dir='ltr' id='par_1_10' title="bbox 44 891 1632 969">
     <span class='ocr_line' id='line_1_10' title="bbox 44 891 1632 969; baseline 0.009 -24"><span class='ocrx_word' id='word_1_74' title='bbox 44 891 143 946; x_wconf 68' lang='lat' dir='ltr'><strong>ﬁta:</strong></span> <span class='ocrx_word' id='word_1_75' title='bbox 174 909 189 946; x_wconf 88' lang='lat'><strong>:</strong></span> <span class='ocrx_word' id='word_1_76' title='bbox 225 907 407 962; x_wconf 89' lang='lat' dir='ltr'><strong>neque</strong></span> <span class='ocrx_word' id='word_1_77' title='bbox 437 898 530 963; x_wconf 92' lang='lat' dir='ltr'><strong>qui</strong></span> <span class='ocrx_word' id='word_1_78' title='bbox 578 910 763 952; x_wconf 86' lang='lat' dir='ltr'><strong>semen</strong></span> <span class='ocrx_word' id='word_1_79' title='bbox 795 908 918 953; x_wconf 92' lang='lat' dir='ltr'><strong>sunt</strong></span> <span class='ocrx_word' id='word_1_80' title='bbox 964 901 1222 969; x_wconf 75' lang='lat' dir='ltr'><strong>Abrahzc,</strong></span> <span class='ocrx_word' id='word_1_81' title='bbox 1266 922 1458 959; x_wconf 84' lang='lat' dir='ltr'><strong>omnes</strong></span> <span class='ocrx_word' id='word_1_82' title='bbox 1501 908 1632 961; x_wconf 81' lang='lat' dir='ltr'><strong>lilii:</strong></span> 
     </span>
    </p>
   </div>
   <div class='ocr_carea' id='block_1_11' title="bbox 40 984 1634 1063">
    <p class='ocr_par' dir='ltr' id='par_1_11' title="bbox 40 984 1634 1063">
     <span class='ocr_line' id='line_1_11' title="bbox 40 984 1634 1063; baseline 0.01 -25"><span class='ocrx_word' id='word_1_83' title='bbox 40 984 129 1039; x_wconf 75' lang='lat' dir='ltr'><strong>sed</strong></span> <span class='ocrx_word' id='word_1_84' title='bbox 171 984 225 1037; x_wconf 86' lang='lat' dir='ltr'><strong>in</strong></span> <span class='ocrx_word' id='word_1_85' title='bbox 267 984 421 1039; x_wconf 83' lang='lat' dir='ltr'><strong>Isaac</strong></span> <span class='ocrx_word' id='word_1_86' title='bbox 452 988 739 1043; x_wconf 82' lang='lat' dir='ltr'><strong>vocabitur</strong></span> <span class='ocrx_word' id='word_1_87' title='bbox 770 990 864 1045; x_wconf 88' lang='lat' dir='ltr'><strong>tibi</strong></span> <span class='ocrx_word' id='word_1_88' title='bbox 906 1006 1091 1047; x_wconf 89' lang='lat' dir='ltr'><strong>semen</strong></span> <span class='ocrx_word' id='word_1_89' title='bbox 1122 1013 1131 1046; x_wconf 94' lang='lat'>:</span> <span class='ocrx_word' id='word_1_90' title='bbox 1162 995 1213 1049; x_wconf 88' lang='lat' dir='ltr'><strong>id</strong></span> <span class='ocrx_word' id='word_1_91' title='bbox 1246 1007 1351 1063; x_wconf 89' lang='lat' dir='ltr'><strong>est,</strong></span> <span class='ocrx_word' id='word_1_92' title='bbox 1388 1015 1493 1052; x_wconf 87' lang='lat' dir='ltr'><strong>non</strong></span> <span class='ocrx_word' id='word_1_93' title='bbox 1540 1000 1634 1055; x_wconf 90' lang='lat' dir='ltr'><strong>lilii</strong></span> 
     </span>
    </p>
   </div>
   <div class='ocr_carea' id='block_1_12' title="bbox 41 1076 1631 1163">
    <p class='ocr_par' dir='ltr' id='par_1_12' title="bbox 41 1076 1631 1163">
     <span class='ocr_line' id='line_1_12' title="bbox 41 1076 1631 1163; baseline 0.01 -32"><span class='ocrx_word' id='word_1_94' title='bbox 41 1076 234 1141; x_wconf 86' lang='lat' dir='ltr'><strong>carnis,</strong></span> <span class='ocrx_word' id='word_1_95' title='bbox 279 1077 335 1132; x_wconf 90' lang='lat' dir='ltr'><strong>hi</strong></span> <span class='ocrx_word' id='word_1_96' title='bbox 373 1079 469 1133; x_wconf 79' lang='lat' dir='ltr'><strong>lilii</strong></span> <span class='ocrx_word' id='word_1_97' title='bbox 510 1080 643 1146; x_wconf 84' lang='lat' dir='ltr'><strong>Dei;</strong></span> <span class='ocrx_word' id='word_1_98' title='bbox 673 1083 767 1138; x_wconf 85' lang='lat' dir='ltr'><strong>sed</strong></span> <span class='ocrx_word' id='word_1_99' title='bbox 800 1086 887 1153; x_wconf 84' lang='lat' dir='ltr'><strong>qui</strong></span> <span class='ocrx_word' id='word_1_100' title='bbox 928 1086 1023 1140; x_wconf 88' lang='lat' dir='ltr'><strong>ﬁlii</strong></span> <span class='ocrx_word' id='word_1_101' title='bbox 1058 1099 1183 1143; x_wconf 92' lang='lat' dir='ltr'><strong>sunt</strong></span> <span class='ocrx_word' id='word_1_102' title='bbox 1224 1094 1631 1163; x_wconf 84' lang='lat' dir='ltr'><strong>promissionis,</strong></span> 
     </span>
    </p>
   </div>
   <div class='ocr_carea' id='block_1_13' title="bbox 38 1170 1631 1242">
    <p class='ocr_par' dir='ltr' id='par_1_13' title="bbox 38 1170 1631 1242">
     <span class='ocr_line' id='line_1_13' title="bbox 38 1170 1631 1242; baseline 0.012 -18"><span class='ocrx_word' id='word_1_103' title='bbox 38 1170 375 1226; x_wconf 50' lang='lat' dir='ltr'><strong>animantur</strong></span> <span class='ocrx_word' id='word_1_104' title='bbox 425 1171 479 1226; x_wconf 91' lang='lat' dir='ltr'><strong>in</strong></span> <span class='ocrx_word' id='word_1_105' title='bbox 524 1174 755 1231; x_wconf 89' lang='lat' dir='ltr'><strong>semine.</strong></span> <span class='ocrx_word' id='word_1_106' title='bbox 800 1176 1189 1236; x_wconf 81' lang='lat' dir='ltr'><strong>Promissionis</strong></span> <span class='ocrx_word' id='word_1_107' title='bbox 1228 1184 1376 1239; x_wconf 89' lang='lat' dir='ltr'><strong>enim</strong></span> <span class='ocrx_word' id='word_1_108' title='bbox 1406 1188 1631 1242; x_wconf 83' lang='lat' dir='ltr'><strong>verbum</strong></span> 
     </span>
    </p>
   </div>
   <div class='ocr_carea' id='block_1_14' title="bbox 40 1260 1634 1342">
    <p class='ocr_par' dir='ltr' id='par_1_14' title="bbox 40 1260 1634 1342">
     <span class='ocr_line' id='line_1_14' title="bbox 40 1260 1634 1342; baseline 0.011 -27"><span class='ocrx_word' id='word_1_109' title='bbox 40 1260 131 1315; x_wconf 75' lang='lat' dir='ltr'><strong>hoc</strong></span> <span class='ocrx_word' id='word_1_110' title='bbox 161 1271 246 1315; x_wconf 85' lang='lat' dir='ltr'><strong>est</strong></span> <span class='ocrx_word' id='word_1_111' title='bbox 278 1280 290 1314; x_wconf 91' lang='lat'>:</span> <span class='ocrx_word' id='word_1_112' title='bbox 322 1261 641 1319; x_wconf 89' lang='lat' dir='ltr'><strong>Secundum</strong></span> <span class='ocrx_word' id='word_1_113' title='bbox 671 1265 774 1321; x_wconf 89' lang='lat' dir='ltr'><strong>hoc</strong></span> <span class='ocrx_word' id='word_1_114' title='bbox 809 1276 1019 1339; x_wconf 89' lang='lat' dir='ltr'><strong>tempus</strong></span> <span class='ocrx_word' id='word_1_115' title='bbox 1053 1275 1290 1342; x_wconf 87' lang='lat' dir='ltr'><strong>veniam,</strong></span> <span class='ocrx_word' id='word_1_116' title='bbox 1319 1285 1374 1331; x_wconf 92' lang='lat' dir='ltr'><strong>et</strong></span> <span class='ocrx_word' id='word_1_117' title='bbox 1401 1278 1504 1332; x_wconf 91' lang='lat' dir='ltr'><strong>erit</strong></span> <span class='ocrx_word' id='word_1_118' title='bbox 1533 1277 1634 1334; x_wconf 86' lang='lat' dir='ltr'><strong>Sa-</strong></span> 
     </span>
    </p>
   </div>
   <div class='ocr_carea' id='block_1_15' title="bbox 38 1355 1629 1426">
    <p class='ocr_par' dir='ltr' id='par_1_15' title="bbox 38 1355 1629 1426">
     <span class='ocr_line' id='line_1_15' title="bbox 38 1355 1629 1426; baseline 0.01 -15"><span class='ocrx_word' id='word_1_119' title='bbox 38 1370 103 1411; x_wconf 74' lang='lat' dir='ltr'><strong>ra:</strong></span> <span class='ocrx_word' id='word_1_120' title='bbox 133 1355 290 1411; x_wconf 91' lang='lat' dir='ltr'><strong>ﬁlius.</strong></span> <span class='ocrx_word' id='word_1_121' title='bbox 327 1355 453 1412; x_wconf 89' lang='lat' dir='ltr'><strong>Non</strong></span> <span class='ocrx_word' id='word_1_122' title='bbox 482 1359 659 1413; x_wconf 90' lang='lat' dir='ltr'><strong>solum</strong></span> <span class='ocrx_word' id='word_1_123' title='bbox 694 1369 871 1416; x_wconf 90' lang='lat' dir='ltr'><strong>autem</strong></span> <span class='ocrx_word' id='word_1_124' title='bbox 903 1364 990 1417; x_wconf 88' lang='lat' dir='ltr'><strong>illa</strong></span> <span class='ocrx_word' id='word_1_125' title='bbox 1028 1382 1039 1417; x_wconf 91' lang='lat'><strong>:</strong></span> <span class='ocrx_word' id='word_1_126' title='bbox 1066 1366 1161 1420; x_wconf 86' lang='lat' dir='ltr'><strong>sed</strong></span> <span class='ocrx_word' id='word_1_127' title='bbox 1203 1377 1257 1422; x_wconf 91' lang='lat' dir='ltr'><strong>et</strong></span> <span class='ocrx_word' id='word_1_128' title='bbox 1287 1368 1535 1426; x_wconf 84' lang='lat' dir='ltr'><strong>Rebecca</strong></span> <span class='ocrx_word' id='word_1_129' title='bbox 1564 1388 1629 1426; x_wconf 78' lang='lat' dir='ltr'><strong>ex</strong></span> 
     </span>
    </p>
   </div>
   <div class='ocr_carea' id='block_1_16' title="bbox 38 1450 1629 1526">
    <p class='ocr_par' dir='ltr' id='par_1_16' title="bbox 38 1450 1629 1526">
     <span class='ocr_line' id='line_1_16' title="bbox 38 1450 1629 1526; baseline 0.011 -24"><span class='ocrx_word' id='word_1_130' title='bbox 38 1462 134 1502; x_wconf 85' lang='lat' dir='ltr'><strong>uno</strong></span> <span class='ocrx_word' id='word_1_131' title='bbox 176 1450 487 1505; x_wconf 84' lang='lat' dir='ltr'><strong>concubitu</strong></span> <span class='ocrx_word' id='word_1_132' title='bbox 538 1451 765 1521; x_wconf 90' lang='lat' dir='ltr'><strong>habens,</strong></span> <span class='ocrx_word' id='word_1_133' title='bbox 816 1454 967 1511; x_wconf 84' lang='lat' dir='ltr'><strong>Isaac</strong></span> <span class='ocrx_word' id='word_1_134' title='bbox 1023 1458 1196 1526; x_wconf 82' lang='lat' dir='ltr'><strong>patris</strong></span> <span class='ocrx_word' id='word_1_135' title='bbox 1247 1463 1441 1518; x_wconf 78' lang='lat' dir='ltr'><strong>nostri.</strong></span> <span class='ocrx_word' id='word_1_136' title='bbox 1497 1464 1629 1519; x_wconf 86' lang='lat' dir='ltr'><strong>Cum</strong></span> 
     </span>
    </p>
   </div>
   <div class='ocr_carea' id='block_1_17' title="bbox 36 1542 1633 1625">
    <p class='ocr_par' dir='ltr' id='par_1_17' title="bbox 36 1542 1633 1625">
     <span class='ocr_line' id='line_1_17' title="bbox 36 1542 1633 1625; baseline 0.011 -29"><span class='ocrx_word' id='word_1_137' title='bbox 36 1542 163 1596; x_wconf 71' lang='lat' dir='ltr'><strong>enim</strong></span> <span class='ocrx_word' id='word_1_138' title='bbox 201 1544 455 1599; x_wconf 89' lang='lat' dir='ltr'><strong>nondum</strong></span> <span class='ocrx_word' id='word_1_139' title='bbox 506 1546 616 1600; x_wconf 89' lang='lat' dir='ltr'><strong>nati</strong></span> <span class='ocrx_word' id='word_1_140' title='bbox 649 1548 901 1616; x_wconf 89' lang='lat' dir='ltr'><strong>fuissent,</strong></span> <span class='ocrx_word' id='word_1_141' title='bbox 948 1559 1042 1603; x_wconf 90' lang='lat' dir='ltr'><strong>aut</strong></span> <span class='ocrx_word' id='word_1_142' title='bbox 1075 1553 1283 1623; x_wconf 74' lang='lat' dir='ltr'><strong>aliquid</strong></span> <span class='ocrx_word' id='word_1_143' title='bbox 1320 1556 1444 1611; x_wconf 90' lang='lat' dir='ltr'><strong>boni</strong></span> <span class='ocrx_word' id='word_1_144' title='bbox 1492 1561 1633 1625; x_wconf 70' lang='lat' dir='ltr'><strong>egis-</strong></span> 
     </span>
    </p>
   </div>
   <div class='ocr_carea' id='block_1_18' title="bbox 34 1637 1627 1718">
    <p class='ocr_par' dir='ltr' id='par_1_18' title="bbox 34 1637 1627 1718">
     <span class='ocr_line' id='line_1_18' title="bbox 34 1637 1627 1718; baseline 0.009 -29"><span class='ocrx_word' id='word_1_145' title='bbox 34 1644 164 1700; x_wconf 59' lang='lat' dir='ltr'><strong>snt,</strong></span> <span class='ocrx_word' id='word_1_146' title='bbox 195 1646 289 1689; x_wconf 86' lang='lat' dir='ltr'><strong>aut</strong></span> <span class='ocrx_word' id='word_1_147' title='bbox 324 1637 465 1691; x_wconf 87' lang='lat' dir='ltr'><strong>mali</strong></span> <span class='ocrx_word' id='word_1_148' title='bbox 495 1642 577 1707; x_wconf 94' lang='lat' dir='ltr'><strong>(ut</strong></span> <span class='ocrx_word' id='word_1_149' title='bbox 606 1638 901 1694; x_wconf 83' lang='lat' dir='ltr'><strong>secundum</strong></span> <span class='ocrx_word' id='word_1_150' title='bbox 934 1644 1261 1699; x_wconf 77' lang='lat' dir='ltr'><strong>elecﬁonem</strong></span> <span class='ocrx_word' id='word_1_151' title='bbox 1290 1653 1627 1718; x_wconf 72' lang='lat' dir='ltr'><strong>propositum</strong></span> 
     </span>
    </p>
   </div>
   <div class='ocr_carea' id='block_1_19' title="bbox 1744 451 3345 535">
    <p class='ocr_par' dir='ltr' id='par_1_19' title="bbox 1744 451 3345 535">
     <span class='ocr_line' id='line_1_19' title="bbox 1744 451 3345 535; baseline 0.012 -30"><span class='ocrx_word' id='word_1_152' title='bbox 1744 451 1932 519; x_wconf 84' lang='lat' dir='ltr'><strong>sionis,</strong></span> <span class='ocrx_word' id='word_1_153' title='bbox 1951 463 2004 509; x_wconf 92' lang='lat' dir='ltr'><strong>et</strong></span> <span class='ocrx_word' id='word_1_154' title='bbox 2031 466 2240 525; x_wconf 83' lang='lat' dir='ltr'><strong>petram</strong></span> <span class='ocrx_word' id='word_1_155' title='bbox 2264 460 2537 515; x_wconf 91' lang='lat' dir='ltr'><strong>scandali:</strong></span> <span class='ocrx_word' id='word_1_156' title='bbox 2563 462 2807 518; x_wconf 82' lang='lat' dir='ltr'><strong>etomnis</strong></span> <span class='ocrx_word' id='word_1_157' title='bbox 2827 464 2917 535; x_wconf 88' lang='lat' dir='ltr'><strong>qtti</strong></span> <span class='ocrx_word' id='word_1_158' title='bbox 2932 465 3102 522; x_wconf 90' lang='lat' dir='ltr'><strong>credit</strong></span> <span class='ocrx_word' id='word_1_159' title='bbox 3126 467 3176 522; x_wconf 92' lang='lat' dir='ltr'><strong>iu</strong></span> <span class='ocrx_word' id='word_1_160' title='bbox 3198 484 3345 535; x_wconf 89' lang='lat' dir='ltr'><strong>eum,</strong></span> 
     </span>
    </p>
   </div>
   <div class='ocr_carea' id='block_1_20' title="bbox 1745 546 2271 605">
    <p class='ocr_par' dir='ltr' id='par_1_20' title="bbox 1745 546 2271 605">
     <span class='ocr_line' id='line_1_20' title="bbox 1745 546 2271 605; baseline 0.017 -9"><span class='ocrx_word' id='word_1_161' title='bbox 1745 558 1850 598; x_wconf 90' lang='lat' dir='ltr'><strong>non</strong></span> <span class='ocrx_word' id='word_1_162' title='bbox 1882 546 2271 605; x_wconf 78' lang='lat' dir='ltr'><strong>confundetur.</strong></span> 
     </span>
    </p>
   </div>
   <div class='ocr_carea' id='block_1_21' title="bbox 1818 639 3343 729">
    <p class='ocr_par' dir='ltr' id='par_1_21' title="bbox 1818 639 3343 729">
     <span class='ocr_line' id='line_1_21' title="bbox 1818 639 3343 729; baseline 0.01 -33"><span class='ocrx_word' id='word_1_163' title='bbox 1818 642 1833 712; x_wconf 67' lang='grc' dir='ltr'><strong>ι</strong></span> <span class='ocrx_word' id='word_1_164' title='bbox 1861 639 1991 713; x_wconf 85' lang='lat' dir='ltr'><strong>Cap.</strong></span> <span class='ocrx_word' id='word_1_165' title='bbox 2024 642 2131 714; x_wconf 66' lang='grc' dir='ltr'><strong>Χ]</strong></span> <span class='ocrx_word' id='word_1_166' title='bbox 2160 646 2412 717; x_wconf 82' lang='lat' dir='ltr'><strong>Fratres,</strong></span> <span class='ocrx_word' id='word_1_167' title='bbox 2446 651 2699 709; x_wconf 84' lang='lat' dir='ltr'><strong>voluntas</strong></span> <span class='ocrx_word' id='word_1_168' title='bbox 2728 655 2947 724; x_wconf 88' lang='lat' dir='ltr'><strong>quidem</strong></span> <span class='ocrx_word' id='word_1_169' title='bbox 2994 658 3174 713; x_wconf 87' lang='lat' dir='ltr'><strong>cordis</strong></span> <span class='ocrx_word' id='word_1_170' title='bbox 3203 659 3343 729; x_wconf 85' lang='lat' dir='ltr'><strong>mei,</strong></span> 
     </span>
    </p>
   </div>
   <div class='ocr_carea' id='block_1_22' title="bbox 1744 731 3347 813">
    <p class='ocr_par' dir='ltr' id='par_1_22' title="bbox 1744 731 3347 813">
     <span class='ocr_line' id='line_1_22' title="bbox 1744 731 3347 813; baseline 0.014 -29"><span class='ocrx_word' id='word_1_171' title='bbox 1744 739 1799 785; x_wconf 90' lang='lat' dir='ltr'><strong>et</strong></span> <span class='ocrx_word' id='word_1_172' title='bbox 1822 731 2134 791; x_wconf 87' lang='lat' dir='ltr'><strong>obsecratio</strong></span> <span class='ocrx_word' id='word_1_173' title='bbox 2172 738 2239 791; x_wconf 91' lang='lat' dir='ltr'><strong>ad</strong></span> <span class='ocrx_word' id='word_1_174' title='bbox 2270 739 2469 807; x_wconf 92' lang='lat' dir='ltr'><strong>Deum,</strong></span> <span class='ocrx_word' id='word_1_175' title='bbox 2500 742 2556 797; x_wconf 90' lang='lat' dir='ltr'><strong>ﬁt</strong></span> <span class='ocrx_word' id='word_1_176' title='bbox 2584 760 2682 813; x_wconf 86' lang='lat' dir='ltr'><strong>pro</strong></span> <span class='ocrx_word' id='word_1_177' title='bbox 2728 745 2836 801; x_wconf 91' lang='lat' dir='ltr'><strong>illis</strong></span> <span class='ocrx_word' id='word_1_178' title='bbox 2867 748 2919 801; x_wconf 91' lang='lat' dir='ltr'><strong>in</strong></span> <span class='ocrx_word' id='word_1_179' title='bbox 2953 749 3208 805; x_wconf 86' lang='lat' dir='ltr'><strong>salutem.</strong></span> <span class='ocrx_word' id='word_1_180' title='bbox 3242 750 3347 807; x_wconf 89' lang='lat' dir='ltr'><strong>Tc-</strong></span> 
     </span>
    </p>
   </div>
   <div class='ocr_carea' id='block_1_23' title="bbox 1741 824 3347 909">
    <p class='ocr_par' dir='ltr' id='par_1_23' title="bbox 1741 824 3347 909">
     <span class='ocr_line' id='line_1_23' title="bbox 1741 824 3347 909; baseline 0.015 -34"><span class='ocrx_word' id='word_1_181' title='bbox 1741 824 2055 879; x_wconf 84' lang='lat' dir='ltr'><strong>stimonium</strong></span> <span class='ocrx_word' id='word_1_182' title='bbox 2090 828 2235 883; x_wconf 88' lang='lat' dir='ltr'><strong>enim</strong></span> <span class='ocrx_word' id='word_1_183' title='bbox 2264 832 2526 900; x_wconf 89' lang='lat' dir='ltr'><strong>perhibeo</strong></span> <span class='ocrx_word' id='word_1_184' title='bbox 2575 836 2712 903; x_wconf 90' lang='lat' dir='ltr'><strong>illis,</strong></span> <span class='ocrx_word' id='word_1_185' title='bbox 2759 840 2904 909; x_wconf 90' lang='lat' dir='ltr'><strong>quod</strong></span> <span class='ocrx_word' id='word_1_186' title='bbox 2934 842 3347 900; x_wconf 76' lang='lat' dir='ltr'><strong>:ernulationcm</strong></span> 
     </span>
    </p>
   </div>
   <div class='ocr_carea' id='block_1_24' title="bbox 1742 915 3350 1007">
    <p class='ocr_par' dir='ltr' id='par_1_24' title="bbox 1742 915 3350 1007">
     <span class='ocr_line' id='line_1_24' title="bbox 1742 915 3350 1007; baseline 0.016 -38"><span class='ocrx_word' id='word_1_187' title='bbox 1742 915 1835 971; x_wconf 88' lang='lat' dir='ltr'><strong>Dei</strong></span> <span class='ocrx_word' id='word_1_188' title='bbox 1870 917 2093 985; x_wconf 88' lang='lat' dir='ltr'><strong>habent,</strong></span> <span class='ocrx_word' id='word_1_189' title='bbox 2119 922 2212 976; x_wconf 88' lang='lat' dir='ltr'><strong>sed</strong></span> <span class='ocrx_word' id='word_1_190' title='bbox 2240 939 2345 979; x_wconf 89' lang='lat' dir='ltr'><strong>non</strong></span> <span class='ocrx_word' id='word_1_191' title='bbox 2370 930 2669 984; x_wconf 88' lang='lat' dir='ltr'><strong>secundum</strong></span> <span class='ocrx_word' id='word_1_192' title='bbox 2694 932 2999 989; x_wconf 89' lang='lat' dir='ltr'><strong>scientiam.</strong></span> <span class='ocrx_word' id='word_1_193' title='bbox 3030 934 3350 1007; x_wconf 85' lang='lat' dir='ltr'><strong>Ignorautes</strong></span> 
     </span>
    </p>
   </div>
   <div class='ocr_carea' id='block_1_25' title="bbox 1740 1008 3341 1097">
    <p class='ocr_par' dir='ltr' id='par_1_25' title="bbox 1740 1008 3341 1097">
     <span class='ocr_line' id='line_1_25' title="bbox 1740 1008 3341 1097; baseline 0.017 -37"><span class='ocrx_word' id='word_1_194' title='bbox 1740 1008 1885 1062; x_wconf 89' lang='lat' dir='ltr'><strong>cnim</strong></span> <span class='ocrx_word' id='word_1_195' title='bbox 1912 1009 2181 1078; x_wconf 89' lang='lat' dir='ltr'><strong>justitiam</strong></span> <span class='ocrx_word' id='word_1_196' title='bbox 2232 1014 2365 1083; x_wconf 88' lang='lat' dir='ltr'><strong>Dei,</strong></span> <span class='ocrx_word' id='word_1_197' title='bbox 2423 1027 2478 1072; x_wconf 90' lang='lat' dir='ltr'><strong>et</strong></span> <span class='ocrx_word' id='word_1_198' title='bbox 2526 1034 2679 1074; x_wconf 91' lang='lat' dir='ltr'><strong>suam</strong></span> <span class='ocrx_word' id='word_1_199' title='bbox 2710 1035 3016 1093; x_wconf 70' lang='lat' dir='ltr'><strong>qumrcntes</strong></span> <span class='ocrx_word' id='word_1_200' title='bbox 3062 1036 3341 1097; x_wconf 88' lang='lat' dir='ltr'><strong>statuere,</strong></span> 
     </span>
    </p>
   </div>
   <div class='ocr_carea' id='block_1_26' title="bbox 1735 1098 3344 1191">
    <p class='ocr_par' dir='ltr' id='par_1_26' title="bbox 1735 1098 3344 1191">
     <span class='ocr_line' id='line_1_26' title="bbox 1735 1098 3344 1191; baseline 0.017 -41"><span class='ocrx_word' id='word_1_201' title='bbox 1735 1098 1961 1168; x_wconf 65' lang='lat' dir='ltr'><strong>justitite</strong></span> <span class='ocrx_word' id='word_1_202' title='bbox 2008 1103 2101 1158; x_wconf 87' lang='lat' dir='ltr'><strong>Dei</strong></span> <span class='ocrx_word' id='word_1_203' title='bbox 2163 1120 2267 1160; x_wconf 92' lang='lat' dir='ltr'><strong>non</strong></span> <span class='ocrx_word' id='word_1_204' title='bbox 2316 1120 2441 1164; x_wconf 88' lang='lat' dir='ltr'><strong>sunt</strong></span> <span class='ocrx_word' id='word_1_205' title='bbox 2483 1112 2737 1182; x_wconf 89' lang='lat' dir='ltr'><strong>subjecti.</strong></span> <span class='ocrx_word' id='word_1_206' title='bbox 2782 1115 2931 1171; x_wconf 86' lang='lat' dir='ltr'><strong>Finis</strong></span> <span class='ocrx_word' id='word_1_207' title='bbox 2983 1119 3126 1173; x_wconf 84' lang='lat' dir='ltr'><strong>enim</strong></span> <span class='ocrx_word' id='word_1_208' title='bbox 3177 1121 3344 1191; x_wconf 82' lang='lat' dir='ltr'><strong>legis,</strong></span> 
     </span>
    </p>
   </div>
   <div class='ocr_carea' id='block_1_27' title="bbox 1739 1191 3341 1284">
    <p class='ocr_par' dir='ltr' id='par_1_27' title="bbox 1739 1191 3341 1284">
     <span class='ocr_line' id='line_1_27' title="bbox 1739 1191 3341 1284; baseline 0.015 -37"><span class='ocrx_word' id='word_1_209' title='bbox 1739 1191 2009 1261; x_wconf 85' lang='lat' dir='ltr'><strong>Christus,</strong></span> <span class='ocrx_word' id='word_1_210' title='bbox 2061 1196 2126 1251; x_wconf 84' lang='lat' dir='ltr'><strong>ad</strong></span> <span class='ocrx_word' id='word_1_211' title='bbox 2164 1197 2427 1268; x_wconf 87' lang='lat' dir='ltr'><strong>justitiam</strong></span> <span class='ocrx_word' id='word_1_212' title='bbox 2458 1208 2606 1259; x_wconf 90' lang='lat' dir='ltr'><strong>omni</strong></span> <span class='ocrx_word' id='word_1_213' title='bbox 2632 1207 2897 1264; x_wconf 87' lang='lat' dir='ltr'><strong>credenti.</strong></span> <span class='ocrx_word' id='word_1_214' title='bbox 2929 1210 3141 1284; x_wconf 76' lang='lat' dir='ltr'><strong>Moyses</strong></span> <span class='ocrx_word' id='word_1_215' title='bbox 3197 1215 3341 1270; x_wconf 89' lang='lat' dir='ltr'><strong>enim</strong></span> 
     </span>
    </p>
   </div>
   <div class='ocr_carea' id='block_1_28' title="bbox 1738 1285 3344 1379">
    <p class='ocr_par' dir='ltr' id='par_1_28' title="bbox 1738 1285 3344 1379">
     <span class='ocr_line' id='line_1_28' title="bbox 1738 1285 3344 1379; baseline 0.017 -42"><span class='ocrx_word' id='word_1_216' title='bbox 1738 1285 1990 1355; x_wconf 69' lang='lat' dir='ltr'><strong>scripsit,</strong></span> <span class='ocrx_word' id='word_1_217' title='bbox 2042 1290 2295 1357; x_wconf 90' lang='lat' dir='ltr'><strong>quoniam</strong></span> <span class='ocrx_word' id='word_1_218' title='bbox 2340 1293 2608 1363; x_wconf 87' lang='lat' dir='ltr'><strong>justitiam</strong></span> <span class='ocrx_word' id='word_1_219' title='bbox 2635 1339 2652 1363; x_wconf 94' lang='lat'><strong>,</strong></span> <span class='ocrx_word' id='word_1_220' title='bbox 2684 1314 2807 1370; x_wconf 73' lang='lat' dir='ltr'><strong>qurc</strong></span> <span class='ocrx_word' id='word_1_221' title='bbox 2836 1316 2903 1358; x_wconf 79' lang='lat' dir='ltr'><strong>ex</strong></span> <span class='ocrx_word' id='word_1_222' title='bbox 2936 1304 3054 1373; x_wconf 81' lang='lat' dir='ltr'><strong>lege</strong></span> <span class='ocrx_word' id='word_1_223' title='bbox 3090 1315 3215 1373; x_wconf 88' lang='lat' dir='ltr'><strong>est,</strong></span> <span class='ocrx_word' id='word_1_224' title='bbox 3251 1309 3344 1379; x_wconf 91' lang='lat' dir='ltr'><strong>qui</strong></span> 
     </span>
    </p>
   </div>
   <div class='ocr_carea' id='block_1_29' title="bbox 1739 1378 3344 1473">
    <p class='ocr_par' dir='ltr' id='par_1_29' title="bbox 1739 1378 3344 1473">
     <span class='ocr_line' id='line_1_29' title="bbox 1739 1378 3344 1473; baseline 0.019 -43"><span class='ocrx_word' id='word_1_225' title='bbox 1739 1378 1927 1433; x_wconf 80' lang='lat' dir='ltr'><strong>fecerit</strong></span> <span class='ocrx_word' id='word_1_226' title='bbox 1954 1379 2117 1433; x_wconf 87' lang='lat' dir='ltr'><strong>homo</strong></span> <span class='ocrx_word' id='word_1_227' title='bbox 2138 1423 2152 1449; x_wconf 94' lang='lat'><strong>,</strong></span> <span class='ocrx_word' id='word_1_228' title='bbox 2182 1385 2329 1440; x_wconf 86' lang='lat' dir='ltr'><strong>vivet</strong></span> <span class='ocrx_word' id='word_1_229' title='bbox 2352 1385 2403 1441; x_wconf 93' lang='lat' dir='ltr'><strong>iu</strong></span> <span class='ocrx_word' id='word_1_230' title='bbox 2429 1404 2513 1444; x_wconf 90' lang='lat' dir='ltr'><strong>ea.</strong></span> <span class='ocrx_word' id='word_1_231' title='bbox 2547 1392 2678 1458; x_wconf 65' lang='lat' dir='ltr'><strong>Quae</strong></span> <span class='ocrx_word' id='word_1_232' title='bbox 2703 1402 2885 1450; x_wconf 90' lang='lat' dir='ltr'><strong>autem</strong></span> <span class='ocrx_word' id='word_1_233' title='bbox 2913 1413 2979 1452; x_wconf 77' lang='lat' dir='ltr'><strong>ex</strong></span> <span class='ocrx_word' id='word_1_234' title='bbox 3012 1398 3114 1455; x_wconf 91' lang='lat' dir='ltr'><strong>ﬁde</strong></span> <span class='ocrx_word' id='word_1_235' title='bbox 3145 1411 3229 1457; x_wconf 92' lang='lat' dir='ltr'><strong>est</strong></span> <span class='ocrx_word' id='word_1_236' title='bbox 3256 1402 3344 1473; x_wconf 87' lang='lat' dir='ltr'><strong>ju-</strong></span> 
     </span>
    </p>
   </div>
   <div class='ocr_carea' id='block_1_30' title="bbox 1736 1470 3337 1563">
    <p class='ocr_par' dir='ltr' id='par_1_30' title="bbox 1736 1470 3337 1563">
     <span class='ocr_line' id='line_1_30' title="bbox 1736 1470 3337 1563; baseline 0.018 -39"><span class='ocrx_word' id='word_1_237' title='bbox 1736 1470 1901 1537; x_wconf 88' lang='lat' dir='ltr'><strong>stitia,</strong></span> <span class='ocrx_word' id='word_1_238' title='bbox 1930 1472 2008 1527; x_wconf 91' lang='lat' dir='ltr'><strong>sic</strong></span> <span class='ocrx_word' id='word_1_239' title='bbox 2026 1474 2157 1553; x_wconf 90' lang='lat' dir='ltr'><strong>dicit</strong></span> <span class='ocrx_word' id='word_1_240' title='bbox 2189 1494 2201 1528; x_wconf 88' lang='lat'><strong><em>:</em></strong></span> <span class='ocrx_word' id='word_1_241' title='bbox 2230 1477 2309 1533; x_wconf 90' lang='lat' dir='ltr'><strong>Ne</strong></span> <span class='ocrx_word' id='word_1_242' title='bbox 2337 1480 2540 1537; x_wconf 75' lang='lat' dir='ltr'><strong>dixeris</strong></span> <span class='ocrx_word' id='word_1_243' title='bbox 2565 1485 2616 1538; x_wconf 93' lang='lat' dir='ltr'><strong>in</strong></span> <span class='ocrx_word' id='word_1_244' title='bbox 2650 1488 2817 1543; x_wconf 87' lang='lat' dir='ltr'><strong>corde</strong></span> <span class='ocrx_word' id='word_1_245' title='bbox 2842 1496 2933 1546; x_wconf 87' lang='lat' dir='ltr'><strong>tuo</strong></span> <span class='ocrx_word' id='word_1_246' title='bbox 2958 1509 2971 1545; x_wconf 91' lang='lat'>:</span> <span class='ocrx_word' id='word_1_247' title='bbox 3000 1493 3122 1563; x_wconf 84' lang='lat' dir='ltr'><strong>quis</strong></span> <span class='ocrx_word' id='word_1_248' title='bbox 3151 1510 3337 1552; x_wconf 82' lang='lat' dir='ltr'><strong>ascen-</strong></span> 
     </span>
    </p>
   </div>
   <div class='ocr_carea' id='block_1_31' title="bbox 1736 1563 3344 1660">
    <p class='ocr_par' dir='ltr' id='par_1_31' title="bbox 1736 1563 3344 1660">
     <span class='ocr_line' id='line_1_31' title="bbox 1736 1563 3344 1660; baseline 0.018 -43"><span class='ocrx_word' id='word_1_249' title='bbox 1736 1563 1829 1618; x_wconf 89' lang='lat' dir='ltr'><strong>det</strong></span> <span class='ocrx_word' id='word_1_250' title='bbox 1859 1566 1909 1619; x_wconf 94' lang='lat' dir='ltr'><strong>in</strong></span> <span class='ocrx_word' id='word_1_251' title='bbox 1939 1567 2176 1623; x_wconf 70' lang='lat' dir='ltr'><strong>(telum?</strong></span> <span class='ocrx_word' id='word_1_252' title='bbox 2200 1572 2249 1626; x_wconf 88' lang='lat' dir='ltr'><strong>id</strong></span> <span class='ocrx_word' id='word_1_253' title='bbox 2282 1584 2393 1641; x_wconf 90' lang='lat' dir='ltr'><strong>est,</strong></span> <span class='ocrx_word' id='word_1_254' title='bbox 2441 1575 2717 1634; x_wconf 89' lang='lat' dir='ltr'><strong>Christum</strong></span> <span class='ocrx_word' id='word_1_255' title='bbox 2750 1581 3039 1641; x_wconf 84' lang='lat' dir='ltr'><strong>deducere.</strong></span> <span class='ocrx_word' id='word_1_256' title='bbox 3086 1587 3192 1643; x_wconf 79' lang='lat' dir='ltr'><strong>Aut</strong></span> <span class='ocrx_word' id='word_1_257' title='bbox 3221 1591 3344 1660; x_wconf 87' lang='lat' dir='ltr'><strong>quis</strong></span> 
     </span>
    </p>
   </div>
   <div class='ocr_carea' id='block_1_32' title="bbox 1739 1655 3343 1739">
    <p class='ocr_par' dir='ltr' id='par_1_32' title="bbox 1739 1655 3343 1739">
     <span class='ocr_line' id='line_1_32' title="bbox 1739 1655 3343 1739; baseline 0.018 -30"><span class='ocrx_word' id='word_1_258' title='bbox 1739 1655 2029 1713; x_wconf 83' lang='lat' dir='ltr'><strong>descendet</strong></span> <span class='ocrx_word' id='word_1_259' title='bbox 2060 1662 2111 1715; x_wconf 93' lang='lat' dir='ltr'><strong>in</strong></span> <span class='ocrx_word' id='word_1_260' title='bbox 2141 1664 2396 1735; x_wconf 81' lang='lat' dir='ltr'><strong>abyssum</strong></span> <span class='ocrx_word' id='word_1_261' title='bbox 2421 1668 2445 1721; x_wconf 89' lang='lat'><strong>?</strong></span> <span class='ocrx_word' id='word_1_262' title='bbox 2471 1668 2571 1724; x_wconf 86' lang='lat' dir='ltr'><strong>hoc</strong></span> <span class='ocrx_word' id='word_1_263' title='bbox 2602 1682 2719 1739; x_wconf 86' lang='lat' dir='ltr'><strong>est,</strong></span> <span class='ocrx_word' id='word_1_264' title='bbox 2748 1672 3027 1732; x_wconf 84' lang='lat' dir='ltr'><strong>Christum</strong></span> <span class='ocrx_word' id='word_1_265' title='bbox 3056 1694 3085 1732; x_wconf 89' lang='lat' dir='ltr'><strong>a</strong></span> <span class='ocrx_word' id='word_1_266' title='bbox 3116 1684 3343 1739; x_wconf 85' lang='lat' dir='ltr'><strong>mortuis</strong></span> 
     </span>
    </p>
   </div>
   <div class='ocr_carea' id='block_1_33' title="bbox 36 1723 3341 1841">
    <p class='ocr_par' dir='ltr' id='par_1_33' title="bbox 36 1723 3341 1841">
     <span class='ocr_line' id='line_1_33' title="bbox 36 1723 3341 1841; baseline 0.016 -61"><span class='ocrx_word' id='word_1_267' title='bbox 36 1723 115 1781; x_wconf 73' lang='lat' dir='ltr'><strong>Dei</strong></span> <span class='ocrx_word' id='word_1_268' title='bbox 145 1730 451 1800; x_wconf 84' lang='lat' dir='ltr'><strong>maneret),</strong></span> <span class='ocrx_word' id='word_1_269' title='bbox 484 1745 592 1785; x_wconf 92' lang='lat' dir='ltr'><strong>non</strong></span> <span class='ocrx_word' id='word_1_270' title='bbox 624 1747 690 1787; x_wconf 78' lang='lat' dir='ltr'><strong>ex</strong></span> <span class='ocrx_word' id='word_1_271' title='bbox 722 1735 999 1803; x_wconf 90' lang='lat' dir='ltr'><strong>operibus,</strong></span> <span class='ocrx_word' id='word_1_272' title='bbox 1038 1738 1133 1792; x_wconf 91' lang='lat' dir='ltr'><strong>sed</strong></span> <span class='ocrx_word' id='word_1_273' title='bbox 1176 1755 1243 1793; x_wconf 79' lang='lat' dir='ltr'><strong>ex</strong></span> <span class='ocrx_word' id='word_1_274' title='bbox 1283 1753 1511 1798; x_wconf 86' lang='lat' dir='ltr'><strong>vocante</strong></span> <span class='ocrx_word' id='word_1_275' title='bbox 1542 1744 1626 1797; x_wconf 92' lang='lat' dir='ltr'><strong>di-</strong></span> <span class='ocrx_word' id='word_1_276' title='bbox 1661 1749 1707 1808; x_wconf 87' lang='grc' dir='ltr'>Β</span> <span class='ocrx_word' id='word_1_277' title='bbox 1736 1762 2013 1805; x_wconf 86' lang='lat' dir='ltr'><strong>revocare.</strong></span> <span class='ocrx_word' id='word_1_278' title='bbox 2045 1754 2148 1808; x_wconf 91' lang='lat' dir='ltr'><strong>Sed</strong></span> <span class='ocrx_word' id='word_1_279' title='bbox 2180 1757 2309 1825; x_wconf 90' lang='lat' dir='ltr'><strong>quid</strong></span> <span class='ocrx_word' id='word_1_280' title='bbox 2357 1758 2487 1815; x_wconf 89' lang='lat' dir='ltr'><strong>dicit</strong></span> <span class='ocrx_word' id='word_1_281' title='bbox 2527 1763 2849 1833; x_wconf 85' lang='lat' dir='ltr'><strong>Scriptura?</strong></span> <span class='ocrx_word' id='word_1_282' title='bbox 2902 1768 3076 1841; x_wconf 87' lang='lat' dir='ltr'><strong>Prope</strong></span> <span class='ocrx_word' id='word_1_283' title='bbox 3108 1783 3192 1830; x_wconf 84' lang='lat' dir='ltr'><strong>est</strong></span> <span class='ocrx_word' id='word_1_284' title='bbox 3220 1791 3341 1831; x_wconf 87' lang='lat' dir='ltr'><strong>ver-</strong></span> 
     </span>
    </p>
   </div>
   <div class='ocr_carea' id='block_1_34' title="bbox 33 1822 1630 1896">
    <p class='ocr_par' dir='ltr' id='par_1_34' title="bbox 33 1822 1630 1896">
     <span class='ocr_line' id='line_1_34' title="bbox 33 1822 1630 1896; baseline 0.009 -21"><span class='ocrx_word' id='word_1_285' title='bbox 33 1828 159 1875; x_wconf 80' lang='lat' dir='ltr'><strong>ctnm</strong></span> <span class='ocrx_word' id='word_1_286' title='bbox 198 1830 283 1876; x_wconf 87' lang='lat' dir='ltr'><strong>cst</strong></span> <span class='ocrx_word' id='word_1_287' title='bbox 314 1822 366 1877; x_wconf 91' lang='lat' dir='ltr'><strong>ei</strong></span> <span class='ocrx_word' id='word_1_288' title='bbox 401 1823 581 1891; x_wconf 89' lang='lat' dir='ltr'><strong>:Quia</strong></span> <span class='ocrx_word' id='word_1_289' title='bbox 610 1825 785 1894; x_wconf 89' lang='lat' dir='ltr'><strong>major</strong></span> <span class='ocrx_word' id='word_1_290' title='bbox 823 1829 1027 1883; x_wconf 84' lang='lat' dir='ltr'><strong>serviet</strong></span> <span class='ocrx_word' id='word_1_291' title='bbox 1066 1831 1282 1896; x_wconf 88' lang='lat' dir='ltr'><strong>minori,</strong></span> <span class='ocrx_word' id='word_1_292' title='bbox 1320 1834 1462 1888; x_wconf 81' lang='lat' dir='ltr'><strong>sicut</strong></span> <span class='ocrx_word' id='word_1_293' title='bbox 1504 1838 1630 1890; x_wconf 83' lang='lat' dir='ltr'><strong>scri-</strong></span> 
     </span>
    </p>
   </div>
   <div class='ocr_carea' id='block_1_35' title="bbox 33 1914 1624 1986">
    <p class='ocr_par' dir='ltr' id='par_1_35' title="bbox 33 1914 1624 1986">
     <span class='ocr_line' id='line_1_35' title="bbox 33 1914 1624 1986; baseline 0.014 -22"><span class='ocrx_word' id='word_1_294' title='bbox 33 1922 161 1985; x_wconf 69' lang='lat' dir='ltr'><strong>ptum</strong></span> <span class='ocrx_word' id='word_1_295' title='bbox 209 1922 349 1969; x_wconf 61' lang='lat' dir='ltr'><strong>est:</strong></span> <span class='ocrx_word' id='word_1_296' title='bbox 392 1914 574 1972; x_wconf 85' lang='lat' dir='ltr'><strong>Jacob</strong></span> <span class='ocrx_word' id='word_1_297' title='bbox 614 1916 805 1984; x_wconf 79' lang='lat' dir='ltr'><strong>dilexi,</strong></span> <span class='ocrx_word' id='word_1_298' title='bbox 858 1920 997 1975; x_wconf 83' lang='lat' dir='ltr'><strong>Esau</strong></span> <span class='ocrx_word' id='word_1_299' title='bbox 1047 1932 1226 1979; x_wconf 88' lang='lat' dir='ltr'><strong>autem</strong></span> <span class='ocrx_word' id='word_1_300' title='bbox 1278 1927 1404 1981; x_wconf 89' lang='lat' dir='ltr'><strong>odio</strong></span> <span class='ocrx_word' id='word_1_301' title='bbox 1442 1929 1624 1986; x_wconf 89' lang='lat' dir='ltr'><strong>habui.</strong></span> 
     </span>
    </p>
   </div>
   <div class='ocr_carea' id='block_1_36' title="bbox 33 1998 1629 2087">
    <p class='ocr_par' dir='ltr' id='par_1_36' title="bbox 33 1998 1629 2087">
     <span class='ocr_line' id='line_1_36' title="bbox 33 1998 1629 2087; baseline 0.012 -30"><span class='ocrx_word' id='word_1_302' title='bbox 33 1998 148 2069; x_wconf 74' lang='lat' dir='ltr'><strong>Quid</strong></span> <span class='ocrx_word' id='word_1_303' title='bbox 176 2021 317 2077; x_wconf 82' lang='lat' dir='ltr'><strong>ergo</strong></span> <span class='ocrx_word' id='word_1_304' title='bbox 344 2006 642 2063; x_wconf 84' lang='lat' dir='ltr'><strong>dicemus?</strong></span> <span class='ocrx_word' id='word_1_305' title='bbox 668 2012 925 2081; x_wconf 88' lang='lat' dir='ltr'><strong>numquid</strong></span> <span class='ocrx_word' id='word_1_306' title='bbox 953 2014 1212 2084; x_wconf 88' lang='lat' dir='ltr'><strong>iniquitas</strong></span> <span class='ocrx_word' id='word_1_307' title='bbox 1248 2020 1387 2087; x_wconf 82' lang='lat' dir='ltr'><strong>apud</strong></span> <span class='ocrx_word' id='word_1_308' title='bbox 1421 2020 1629 2076; x_wconf 86' lang='lat' dir='ltr'><strong>Deum?</strong></span> 
     </span>
    </p>
   </div>
   <div class='ocr_carea' id='block_1_37' title="bbox 32 2092 1625 2183">
    <p class='ocr_par' dir='ltr' id='par_1_37' title="bbox 32 2092 1625 2183">
     <span class='ocr_line' id='line_1_37' title="bbox 32 2092 1625 2183; baseline 0.011 -33"><span class='ocrx_word' id='word_1_309' title='bbox 32 2092 175 2152; x_wconf 68' lang='lat' dir='ltr'><strong>Absit.</strong></span> <span class='ocrx_word' id='word_1_310' title='bbox 215 2097 412 2169; x_wconf 82' lang='lat' dir='ltr'><strong>Moysi</strong></span> <span class='ocrx_word' id='word_1_311' title='bbox 444 2099 593 2153; x_wconf 92' lang='lat' dir='ltr'><strong>enim</strong></span> <span class='ocrx_word' id='word_1_312' title='bbox 619 2100 750 2154; x_wconf 86' lang='lat' dir='ltr'><strong>dicit</strong></span> <span class='ocrx_word' id='word_1_313' title='bbox 780 2120 792 2155; x_wconf 92' lang='lat'><strong>:</strong></span> <span class='ocrx_word' id='word_1_314' title='bbox 822 2102 1121 2159; x_wconf 81' lang='lat' dir='ltr'><strong>Misercbor</strong></span> <span class='ocrx_word' id='word_1_315' title='bbox 1156 2108 1309 2177; x_wconf 88' lang='lat' dir='ltr'><strong>cujus</strong></span> <span class='ocrx_word' id='word_1_316' title='bbox 1338 2110 1473 2180; x_wconf 72' lang='grc' dir='ltr'><strong>[Με.</strong></span> <span class='ocrx_word' id='word_1_317' title='bbox 1509 2113 1625 2183; x_wconf 81' lang='lat' dir='ltr'><strong>cui]</strong></span> 
     </span>
    </p>
   </div>
   <div class='ocr_carea' id='block_1_38' title="bbox 34 2185 1621 2275">
    <p class='ocr_par' dir='ltr' id='par_1_38' title="bbox 34 2185 1621 2275">
     <span class='ocr_line' id='line_1_38' title="bbox 34 2185 1621 2275; baseline 0.011 -35"><span class='ocrx_word' id='word_1_318' title='bbox 34 2185 270 2242; x_wconf 77' lang='lat' dir='ltr'><strong>lisereor</strong></span> <span class='ocrx_word' id='word_1_319' title='bbox 310 2200 419 2244; x_wconf 75' lang='grc' dir='ltr'>εει</span> <span class='ocrx_word' id='word_1_320' title='bbox 468 2190 906 2246; x_wconf 90' lang='lat' dir='ltr'><strong>misericordiam</strong></span> <span class='ocrx_word' id='word_1_321' title='bbox 957 2198 1230 2263; x_wconf 72' lang='lat' dir='ltr'><strong>prmsmho</strong></span> <span class='ocrx_word' id='word_1_322' title='bbox 1279 2201 1433 2268; x_wconf 90' lang='lat' dir='ltr'><strong>cujus</strong></span> <span class='ocrx_word' id='word_1_323' title='bbox 1484 2203 1621 2275; x_wconf 74' lang='grc' dir='ltr'><strong>[Με.</strong></span> 
     </span>
    </p>
   </div>
   <div class='ocr_carea' id='block_1_39' title="bbox 33 2279 1617 2361">
    <p class='ocr_par' dir='ltr' id='par_1_39' title="bbox 33 2279 1617 2361">
     <span class='ocr_line' id='line_1_39' title="bbox 33 2279 1617 2361; baseline 0.011 -26"><span class='ocrx_word' id='word_1_324' title='bbox 33 2279 123 2350; x_wconf 71' lang='lat' dir='ltr'><strong>cui]</strong></span> <span class='ocrx_word' id='word_1_325' title='bbox 149 2281 509 2338; x_wconf 84' lang='lat' dir='ltr'><strong>miserebor.</strong></span> <span class='ocrx_word' id='word_1_326' title='bbox 546 2282 711 2353; x_wconf 87' lang='lat' dir='ltr'><strong>Igitur</strong></span> <span class='ocrx_word' id='word_1_327' title='bbox 750 2299 854 2339; x_wconf 89' lang='lat' dir='ltr'><strong>non</strong></span> <span class='ocrx_word' id='word_1_328' title='bbox 890 2287 1147 2357; x_wconf 87' lang='lat' dir='ltr'><strong>volentis,</strong></span> <span class='ocrx_word' id='word_1_329' title='bbox 1186 2307 1361 2361; x_wconf 85' lang='lat' dir='ltr'><strong>neque</strong></span> <span class='ocrx_word' id='word_1_330' title='bbox 1392 2309 1617 2351; x_wconf 86' lang='lat' dir='ltr'><strong>curren-</strong></span> 
     </span>
    </p>
   </div>
   <div class='ocr_carea' id='block_1_40' title="bbox 34 2368 1610 2455">
    <p class='ocr_par' dir='ltr' id='par_1_40' title="bbox 34 2368 1610 2455">
     <span class='ocr_line' id='line_1_40' title="bbox 34 2368 1610 2455; baseline 0.011 -30"><span class='ocrx_word' id='word_1_331' title='bbox 34 2368 96 2435; x_wconf 68' lang='grc' dir='ltr'><strong>Β,</strong></span> <span class='ocrx_word' id='word_1_332' title='bbox 124 2374 223 2428; x_wconf 85' lang='lat' dir='ltr'><strong>sed</strong></span> <span class='ocrx_word' id='word_1_333' title='bbox 270 2374 607 2431; x_wconf 86' lang='lat' dir='ltr'><strong>miscrentis</strong></span> <span class='ocrx_word' id='word_1_334' title='bbox 648 2385 731 2431; x_wconf 91' lang='lat' dir='ltr'><strong>est</strong></span> <span class='ocrx_word' id='word_1_335' title='bbox 777 2377 894 2431; x_wconf 89' lang='lat' dir='ltr'><strong>Dei.</strong></span> <span class='ocrx_word' id='word_1_336' title='bbox 946 2380 1085 2437; x_wconf 78' lang='lat' dir='ltr'><strong>D;cit</strong></span> <span class='ocrx_word' id='word_1_337' title='bbox 1148 2386 1290 2438; x_wconf 90' lang='lat' dir='ltr'><strong>enim</strong></span> <span class='ocrx_word' id='word_1_338' title='bbox 1334 2386 1610 2455; x_wconf 83' lang='lat' dir='ltr'><strong>Scriptura</strong></span> 
     </span>
    </p>
   </div>
   <div class='ocr_carea' id='block_1_41' title="bbox 30 2452 1627 2544">
    <p class='ocr_par' dir='ltr' id='par_1_41' title="bbox 30 2452 1627 2544">
     <span class='ocr_line' id='line_1_41' title="bbox 30 2452 1627 2544; baseline 0.013 -29"><span class='ocrx_word' id='word_1_339' title='bbox 30 2452 263 2523; x_wconf 60' lang='grc' dir='ltr'><strong>ἢπεοηὶ</strong></span> <span class='ocrx_word' id='word_1_340' title='bbox 303 2483 318 2519; x_wconf 89' lang='lat'><strong>:</strong></span> <span class='ocrx_word' id='word_1_341' title='bbox 350 2467 505 2533; x_wconf 84' lang='lat' dir='ltr'><strong>Quia</strong></span> <span class='ocrx_word' id='word_1_342' title='bbox 530 2468 585 2522; x_wconf 92' lang='lat' dir='ltr'><strong>in</strong></span> <span class='ocrx_word' id='word_1_343' title='bbox 631 2468 732 2524; x_wconf 87' lang='lat' dir='ltr'><strong>hoc</strong></span> <span class='ocrx_word' id='word_1_344' title='bbox 759 2470 934 2541; x_wconf 90' lang='lat' dir='ltr'><strong>ipsum</strong></span> <span class='ocrx_word' id='word_1_345' title='bbox 966 2474 1199 2530; x_wconf 79' lang='lat' dir='ltr'><strong>excitavi</strong></span> <span class='ocrx_word' id='word_1_346' title='bbox 1233 2486 1283 2532; x_wconf 91' lang='lat' dir='ltr'><strong>te</strong></span> <span class='ocrx_word' id='word_1_347' title='bbox 1306 2521 1320 2544; x_wconf 96' lang='lat'><strong>,</strong></span> <span class='ocrx_word' id='word_1_348' title='bbox 1352 2490 1407 2533; x_wconf 92' lang='lat' dir='ltr'><strong>ut</strong></span> <span class='ocrx_word' id='word_1_349' title='bbox 1441 2490 1627 2536; x_wconf 70' lang='grc' dir='ltr'>οδιειι-</span> 
     </span>
    </p>
   </div>
   <div class='ocr_carea' id='block_1_42' title="bbox 28 2534 1625 2641">
    <p class='ocr_par' dir='ltr' id='par_1_42' title="bbox 28 2534 1625 2641">
     <span class='ocr_line' id='line_1_42' title="bbox 28 2534 1625 2641; baseline 0.011 -30"><span class='ocrx_word' id='word_1_350' title='bbox 28 2534 108 2611; x_wconf 61' lang='lat' dir='ltr'><strong>dam</strong></span> <span class='ocrx_word' id='word_1_351' title='bbox 150 2559 210 2612; x_wconf 89' lang='lat' dir='ltr'><strong>in</strong></span> <span class='ocrx_word' id='word_1_352' title='bbox 263 2569 323 2614; x_wconf 87' lang='lat' dir='ltr'><strong>te</strong></span> <span class='ocrx_word' id='word_1_353' title='bbox 354 2560 623 2614; x_wconf 81' lang='lat' dir='ltr'><strong>virtutem</strong></span> <span class='ocrx_word' id='word_1_354' title='bbox 662 2534 836 2619; x_wconf 79' lang='lat' dir='ltr'><strong>meam</strong></span> <span class='ocrx_word' id='word_1_355' title='bbox 878 2581 892 2621; x_wconf 88' lang='lat'><strong>:</strong></span> <span class='ocrx_word' id='word_1_356' title='bbox 931 2574 983 2621; x_wconf 91' lang='grc' dir='ltr'><strong>ει</strong></span> <span class='ocrx_word' id='word_1_357' title='bbox 1023 2566 1152 2637; x_wconf 76' lang='lat' dir='ltr'><strong>lMs.</strong></span> <span class='ocrx_word' id='word_1_358' title='bbox 1181 2577 1281 2624; x_wconf 85' lang='lat' dir='ltr'><strong>tac.</strong></span> <span class='ocrx_word' id='word_1_359' title='bbox 1309 2570 1387 2641; x_wconf 85' lang='lat' dir='ltr'><strong>et]</strong></span> <span class='ocrx_word' id='word_1_360' title='bbox 1435 2581 1491 2627; x_wconf 95' lang='grc' dir='ltr'><strong>ιιι</strong></span> <span class='ocrx_word' id='word_1_361' title='bbox 1530 2590 1625 2628; x_wconf 89' lang='lat' dir='ltr'><strong>an-</strong></span> 
     </span>
    </p>
   </div>
   <div class='ocr_carea' id='block_1_43' title="bbox 28 2654 1625 2737">
    <p class='ocr_par' dir='ltr' id='par_1_43' title="bbox 28 2654 1625 2737">
     <span class='ocr_line' id='line_1_43' title="bbox 28 2654 1625 2737; baseline 0.008 -26"><span class='ocrx_word' id='word_1_362' title='bbox 28 2654 281 2711; x_wconf 70' lang='lat' dir='ltr'><strong>llntietur</strong></span> <span class='ocrx_word' id='word_1_363' title='bbox 310 2669 536 2710; x_wconf 88' lang='lat' dir='ltr'><strong>nomen</strong></span> <span class='ocrx_word' id='word_1_364' title='bbox 566 2670 743 2712; x_wconf 91' lang='lat' dir='ltr'><strong>meum</strong></span> <span class='ocrx_word' id='word_1_365' title='bbox 770 2659 821 2713; x_wconf 91' lang='lat' dir='ltr'><strong>in</strong></span> <span class='ocrx_word' id='word_1_366' title='bbox 864 2659 1117 2717; x_wconf 89' lang='lat' dir='ltr'><strong>universa</strong></span> <span class='ocrx_word' id='word_1_367' title='bbox 1149 2674 1317 2722; x_wconf 89' lang='lat' dir='ltr'><strong>terra.</strong></span> <span class='ocrx_word' id='word_1_368' title='bbox 1360 2666 1504 2737; x_wconf 82' lang='lat' dir='ltr'><strong>Ergo</strong></span> <span class='ocrx_word' id='word_1_369' title='bbox 1530 2684 1625 2723; x_wconf 82' lang='lat' dir='ltr'><strong>cu-</strong></span> 
     </span>
    </p>
   </div>
   <div class='ocr_carea' id='block_1_44' title="bbox 27 2728 1623 2830">
    <p class='ocr_par' dir='ltr' id='par_1_44' title="bbox 27 2728 1623 2830">
     <span class='ocr_line' id='line_1_44' title="bbox 27 2728 1623 2830; baseline 0.013 -34"><span class='ocrx_word' id='word_1_370' title='bbox 27 2728 208 2805; x_wconf 59' lang='grc' dir='ltr'>ἂςιιιιι</span> <span class='ocrx_word' id='word_1_371' title='bbox 238 2748 582 2813; x_wconf 85' lang='lat' dir='ltr'><strong>miseretur,</strong></span> <span class='ocrx_word' id='word_1_372' title='bbox 605 2759 658 2803; x_wconf 89' lang='lat' dir='ltr'><strong>et</strong></span> <span class='ocrx_word' id='word_1_373' title='bbox 682 2765 841 2819; x_wconf 90' lang='lat' dir='ltr'><strong>quem</strong></span> <span class='ocrx_word' id='word_1_374' title='bbox 866 2753 982 2807; x_wconf 88' lang='lat' dir='ltr'><strong>vult</strong></span> <span class='ocrx_word' id='word_1_375' title='bbox 1012 2753 1247 2811; x_wconf 89' lang='lat' dir='ltr'><strong>indurat.</strong></span> <span class='ocrx_word' id='word_1_376' title='bbox 1268 2756 1415 2813; x_wconf 92' lang='lat' dir='ltr'><strong>Dicis</strong></span> <span class='ocrx_word' id='word_1_377' title='bbox 1443 2761 1623 2830; x_wconf 88' lang='lat' dir='ltr'><strong>itaque</strong></span> 
     </span>
    </p>
   </div>
   <div class='ocr_carea' id='block_1_45' title="bbox 30 2836 1622 2920">
    <p class='ocr_par' dir='ltr' id='par_1_45' title="bbox 30 2836 1622 2920">
     <span class='ocr_line' id='line_1_45' title="bbox 30 2836 1622 2920; baseline 0.009 -28"><span class='ocrx_word' id='word_1_378' title='bbox 30 2836 104 2895; x_wconf 65' lang='lat' dir='ltr'><strong>lilii</strong></span> <span class='ocrx_word' id='word_1_379' title='bbox 144 2858 158 2893; x_wconf 93' lang='lat'>:</span> <span class='ocrx_word' id='word_1_380' title='bbox 201 2838 369 2904; x_wconf 85' lang='lat' dir='ltr'><strong>Quid</strong></span> <span class='ocrx_word' id='word_1_381' title='bbox 417 2838 602 2894; x_wconf 90' lang='lat' dir='ltr'><strong>adhuc</strong></span> <span class='ocrx_word' id='word_1_382' title='bbox 651 2842 949 2910; x_wconf 62' lang='lat' dir='ltr'><strong>quaeritur?</strong></span> <span class='ocrx_word' id='word_1_383' title='bbox 989 2846 1253 2901; x_wconf 88' lang='lat' dir='ltr'><strong>voluntati</strong></span> <span class='ocrx_word' id='word_1_384' title='bbox 1304 2850 1448 2903; x_wconf 88' lang='lat' dir='ltr'><strong>enim</strong></span> <span class='ocrx_word' id='word_1_385' title='bbox 1500 2852 1622 2920; x_wconf 86' lang='lat' dir='ltr'><strong>ejus</strong></span> 
     </span>
    </p>
   </div>
   <div class='ocr_carea' id='block_1_46' title="bbox 29 2912 1619 3010">
    <p class='ocr_par' dir='ltr' id='par_1_46' title="bbox 29 2912 1619 3010">
     <span class='ocr_line' id='line_1_46' title="bbox 29 2912 1619 3010; baseline 0.009 -25"><span class='ocrx_word' id='word_1_386' title='bbox 29 2912 92 3005; x_wconf 56' lang='lat' dir='ltr'><strong>ﬁs</strong></span> <span class='ocrx_word' id='word_1_387' title='bbox 123 2932 407 2989; x_wconf 50' lang='lat' dir='ltr'><strong>resiStit?</strong></span> <span class='ocrx_word' id='word_1_388' title='bbox 452 2932 500 2986; x_wconf 87' lang='lat'>0</span> <span class='ocrx_word' id='word_1_389' title='bbox 543 2932 725 3001; x_wconf 89' lang='lat' dir='ltr'><strong>homo,</strong></span> <span class='ocrx_word' id='word_1_390' title='bbox 781 2942 837 2989; x_wconf 87' lang='lat' dir='ltr'><strong>tu</strong></span> <span class='ocrx_word' id='word_1_391' title='bbox 890 2937 1013 3006; x_wconf 88' lang='lat' dir='ltr'><strong>quis</strong></span> <span class='ocrx_word' id='word_1_392' title='bbox 1038 2952 1119 3005; x_wconf 88' lang='lat' dir='ltr'><strong>es,</strong></span> <span class='ocrx_word' id='word_1_393' title='bbox 1151 2939 1242 3010; x_wconf 87' lang='lat' dir='ltr'><strong>qui</strong></span> <span class='ocrx_word' id='word_1_394' title='bbox 1284 2943 1619 3009; x_wconf 85' lang='lat' dir='ltr'><strong>respondeas</strong></span> 
     </span>
    </p>
   </div>
   <div class='ocr_carea' id='block_1_47' title="bbox 28 3012 1615 3102">
    <p class='ocr_par' dir='ltr' id='par_1_47' title="bbox 28 3012 1615 3102">
     <span class='ocr_line' id='line_1_47' title="bbox 28 3012 1615 3102; baseline 0.006 -23"><span class='ocrx_word' id='word_1_395' title='bbox 28 3012 129 3097; x_wconf 55' lang='lat' dir='ltr'><strong>Deo?</strong></span> <span class='ocrx_word' id='word_1_396' title='bbox 182 3024 501 3094; x_wconf 82' lang='lat' dir='ltr'><strong>Numquid</strong></span> <span class='ocrx_word' id='word_1_397' title='bbox 542 3025 678 3081; x_wconf 89' lang='lat' dir='ltr'><strong>dicit</strong></span> <span class='ocrx_word' id='word_1_398' title='bbox 720 3026 1034 3097; x_wconf 81' lang='lat' dir='ltr'><strong>ﬁgmentum</strong></span> <span class='ocrx_word' id='word_1_399' title='bbox 1072 3030 1144 3097; x_wconf 90' lang='lat' dir='ltr'><strong>ei,</strong></span> <span class='ocrx_word' id='word_1_400' title='bbox 1190 3031 1281 3102; x_wconf 93' lang='lat' dir='ltr'><strong>qui</strong></span> <span class='ocrx_word' id='word_1_401' title='bbox 1325 3048 1382 3088; x_wconf 83' lang='lat' dir='ltr'><strong>se</strong></span> <span class='ocrx_word' id='word_1_402' title='bbox 1420 3034 1615 3089; x_wconf 76' lang='lat' dir='ltr'><strong>ﬁnxit:</strong></span> 
     </span>
    </p>
   </div>
   <div class='ocr_carea' id='block_1_48' title="bbox 28 3094 1615 3200">
    <p class='ocr_par' dir='ltr' id='par_1_48' title="bbox 28 3094 1615 3200">
     <span class='ocr_line' id='line_1_48' title="bbox 28 3094 1615 3200; baseline 0.006 -26"><span class='ocrx_word' id='word_1_403' title='bbox 28 3094 115 3182; x_wconf 65' lang='grc' dir='ltr'><strong>Μ]</strong></span> <span class='ocrx_word' id='word_1_404' title='bbox 153 3135 257 3175; x_wconf 85' lang='lat' dir='ltr'><strong>me</strong></span> <span class='ocrx_word' id='word_1_405' title='bbox 290 3118 494 3173; x_wconf 83' lang='lat' dir='ltr'><strong>fecisti</strong></span> <span class='ocrx_word' id='word_1_406' title='bbox 525 3094 889 3176; x_wconf 46' lang='lat' dir='ltr'><strong>sic?An_nun</strong></span> <span class='ocrx_word' id='word_1_407' title='bbox 930 3124 1092 3180; x_wconf 88' lang='lat' dir='ltr'><strong>habet</strong></span> <span class='ocrx_word' id='word_1_408' title='bbox 1126 3134 1453 3194; x_wconf 83' lang='lat' dir='ltr'><strong>potestatem</strong></span> <span class='ocrx_word' id='word_1_409' title='bbox 1489 3130 1615 3200; x_wconf 72' lang='lat' dir='ltr'><strong>ﬁgu-</strong></span> 
     </span>
    </p>
   </div>
   <div class='ocr_carea' id='block_1_49' title="bbox 32 3194 1615 3288">
    <p class='ocr_par' dir='ltr' id='par_1_49' title="bbox 32 3194 1615 3288">
     <span class='ocr_line' id='line_1_49' title="bbox 32 3194 1615 3288; baseline 0.006 -21"><span class='ocrx_word' id='word_1_410' title='bbox 32 3194 221 3281; x_wconf 61' lang='lat' dir='ltr'><strong>itluti,</strong></span> <span class='ocrx_word' id='word_1_411' title='bbox 256 3228 333 3267; x_wconf 80' lang='lat' dir='ltr'><strong>ex</strong></span> <span class='ocrx_word' id='word_1_412' title='bbox 360 3211 564 3266; x_wconf 88' lang='lat' dir='ltr'><strong>eadem</strong></span> <span class='ocrx_word' id='word_1_413' title='bbox 598 3227 773 3269; x_wconf 88' lang='lat' dir='ltr'><strong>massa</strong></span> <span class='ocrx_word' id='word_1_414' title='bbox 804 3214 985 3271; x_wconf 83' lang='lat' dir='ltr'><strong>facere</strong></span> <span class='ocrx_word' id='word_1_415' title='bbox 1010 3216 1163 3273; x_wconf 82' lang='lat' dir='ltr'><strong>aliud</strong></span> <span class='ocrx_word' id='word_1_416' title='bbox 1195 3219 1412 3288; x_wconf 90' lang='lat' dir='ltr'><strong>quidem</strong></span> <span class='ocrx_word' id='word_1_417' title='bbox 1445 3237 1538 3275; x_wconf 88' lang='lat' dir='ltr'><strong>vas</strong></span> <span class='ocrx_word' id='word_1_418' title='bbox 1562 3222 1615 3277; x_wconf 94' lang='lat' dir='ltr'><strong>in</strong></span> 
     </span>
    </p>
   </div>
   <div class='ocr_carea' id='block_1_50' title="bbox 34 3305 1617 3380">
    <p class='ocr_par' dir='ltr' id='par_1_50' title="bbox 34 3305 1617 3380">
     <span class='ocr_line' id='line_1_50' title="bbox 34 3305 1617 3380; baseline 0.007 -19"><span class='ocrx_word' id='word_1_419' title='bbox 34 3306 293 3373; x_wconf 71' lang='lat' dir='ltr'><strong>honorem,</strong></span> <span class='ocrx_word' id='word_1_420' title='bbox 324 3305 489 3361; x_wconf 86' lang='lat' dir='ltr'><strong>aliud</strong></span> <span class='ocrx_word' id='word_1_421' title='bbox 514 3322 643 3362; x_wconf 91' lang='lat' dir='ltr'><strong>vero</strong></span> <span class='ocrx_word' id='word_1_422' title='bbox 668 3307 720 3362; x_wconf 89' lang='lat' dir='ltr'><strong>in</strong></span> <span class='ocrx_word' id='word_1_423' title='bbox 749 3311 1133 3367; x_wconf 83' lang='lat' dir='ltr'><strong>contumeliam</strong></span> <span class='ocrx_word' id='word_1_424' title='bbox 1158 3312 1182 3365; x_wconf 89' lang='lat'><strong>?</strong></span> <span class='ocrx_word' id='word_1_425' title='bbox 1205 3314 1365 3380; x_wconf 89' lang='lat' dir='ltr'><strong>Quod</strong></span> <span class='ocrx_word' id='word_1_426' title='bbox 1394 3316 1440 3370; x_wconf 87' lang='lat' dir='ltr'><strong>si</strong></span> <span class='ocrx_word' id='word_1_427' title='bbox 1474 3317 1617 3372; x_wconf 88' lang='lat' dir='ltr'><strong>Deus</strong></span> 
     </span>
    </p>
   </div>
   <div class='ocr_carea' id='block_1_51' title="bbox 31 3402 1617 3481">
    <p class='ocr_par' dir='ltr' id='par_1_51' title="bbox 31 3402 1617 3481">
     <span class='ocr_line' id='line_1_51' title="bbox 31 3402 1617 3481; baseline 0.007 -24"><span class='ocrx_word' id='word_1_428' title='bbox 31 3404 187 3459; x_wconf 66' lang='lat' dir='ltr'><strong>alens</strong></span> <span class='ocrx_word' id='word_1_429' title='bbox 217 3402 547 3459; x_wconf 87' lang='lat' dir='ltr'><strong>ostendere</strong></span> <span class='ocrx_word' id='word_1_430' title='bbox 593 3404 754 3471; x_wconf 89' lang='lat' dir='ltr'><strong>iram,</strong></span> <span class='ocrx_word' id='word_1_431' title='bbox 787 3416 842 3462; x_wconf 87' lang='lat' dir='ltr'><strong>et</strong></span> <span class='ocrx_word' id='word_1_432' title='bbox 882 3416 1063 3463; x_wconf 91' lang='lat' dir='ltr'><strong>notam</strong></span> <span class='ocrx_word' id='word_1_433' title='bbox 1108 3408 1289 3465; x_wconf 83' lang='lat' dir='ltr'><strong>facere</strong></span> <span class='ocrx_word' id='word_1_434' title='bbox 1324 3412 1617 3481; x_wconf 86' lang='lat' dir='ltr'><strong>potentiam</strong></span> 
     </span>
    </p>
   </div>
   <div class='ocr_carea' id='block_1_52' title="bbox 29 3496 1617 3576">
    <p class='ocr_par' dir='ltr' id='par_1_52' title="bbox 29 3496 1617 3576">
     <span class='ocr_line' id='line_1_52' title="bbox 29 3496 1617 3576; baseline 0.007 -26"><span class='ocrx_word' id='word_1_435' title='bbox 29 3502 163 3561; x_wconf 61' lang='lat' dir='ltr'><strong>Nam,</strong></span> <span class='ocrx_word' id='word_1_436' title='bbox 198 3496 489 3553; x_wconf 87' lang='lat' dir='ltr'><strong>sustinuit</strong></span> <span class='ocrx_word' id='word_1_437' title='bbox 517 3496 573 3551; x_wconf 90' lang='lat' dir='ltr'><strong>in</strong></span> <span class='ocrx_word' id='word_1_438' title='bbox 599 3498 767 3552; x_wconf 91' lang='lat' dir='ltr'><strong>multa</strong></span> <span class='ocrx_word' id='word_1_439' title='bbox 793 3499 1076 3568; x_wconf 87' lang='lat' dir='ltr'><strong>patientia,</strong></span> <span class='ocrx_word' id='word_1_440' title='bbox 1103 3516 1232 3557; x_wconf 89' lang='lat' dir='ltr'><strong>vasa</strong></span> <span class='ocrx_word' id='word_1_441' title='bbox 1258 3503 1377 3571; x_wconf 64' lang='lat' dir='ltr'><strong>iraa,</strong></span> <span class='ocrx_word' id='word_1_442' title='bbox 1412 3516 1534 3576; x_wconf 88' lang='lat' dir='ltr'><strong>apta</strong></span> <span class='ocrx_word' id='word_1_443' title='bbox 1565 3507 1617 3561; x_wconf 91' lang='lat' dir='ltr'><strong>iu</strong></span> 
     </span>
    </p>
   </div>
   <div class='ocr_carea' id='block_1_53' title="bbox 30 3589 1618 3664">
    <p class='ocr_par' dir='ltr' id='par_1_53' title="bbox 30 3589 1618 3664">
     <span class='ocr_line' id='line_1_53' title="bbox 30 3589 1618 3664; baseline 0.007 -21"><span class='ocrx_word' id='word_1_444' title='bbox 30 3592 311 3655; x_wconf 77' lang='lat' dir='ltr'><strong>Iteritum,</strong></span> <span class='ocrx_word' id='word_1_445' title='bbox 354 3595 418 3643; x_wconf 88' lang='lat' dir='ltr'><strong>ut</strong></span> <span class='ocrx_word' id='word_1_446' title='bbox 449 3589 771 3645; x_wconf 85' lang='lat' dir='ltr'><strong>ostenderet</strong></span> <span class='ocrx_word' id='word_1_447' title='bbox 791 3591 1009 3647; x_wconf 89' lang='lat' dir='ltr'><strong>divitias</strong></span> <span class='ocrx_word' id='word_1_448' title='bbox 1038 3594 1226 3664; x_wconf 78' lang='lat' dir='ltr'><strong>gloria:</strong></span> <span class='ocrx_word' id='word_1_449' title='bbox 1270 3612 1383 3653; x_wconf 80' lang='lat' dir='ltr'><strong>sua:</strong></span> <span class='ocrx_word' id='word_1_450' title='bbox 1414 3600 1463 3653; x_wconf 92' lang='lat' dir='ltr'><strong>in</strong></span> <span class='ocrx_word' id='word_1_451' title='bbox 1495 3616 1618 3655; x_wconf 84' lang='lat' dir='ltr'><strong>vasa</strong></span> 
     </span>
    </p>
   </div>
   <div class='ocr_carea' id='block_1_54' title="bbox 28 3676 1621 3761">
    <p class='ocr_par' dir='ltr' id='par_1_54' title="bbox 28 3676 1621 3761">
     <span class='ocr_line' id='line_1_54' title="bbox 28 3676 1621 3761; baseline 0.008 -24"><span class='ocrx_word' id='word_1_452' title='bbox 28 3676 436 3749; x_wconf 69' lang='lat' dir='ltr'><strong>Itisericordim,</strong></span> <span class='ocrx_word' id='word_1_453' title='bbox 477 3699 597 3754; x_wconf 83' lang='lat' dir='ltr'><strong>quae</strong></span> <span class='ocrx_word' id='word_1_454' title='bbox 624 3686 950 3756; x_wconf 68' lang='lat' dir='ltr'><strong>prccparavit</strong></span> <span class='ocrx_word' id='word_1_455' title='bbox 987 3688 1046 3743; x_wconf 93' lang='lat' dir='ltr'><strong>in</strong></span> <span class='ocrx_word' id='word_1_456' title='bbox 1090 3688 1343 3760; x_wconf 84' lang='lat' dir='ltr'><strong>gloriam.</strong></span> <span class='ocrx_word' id='word_1_457' title='bbox 1381 3692 1529 3761; x_wconf 87' lang='lat' dir='ltr'><strong>Quos</strong></span> <span class='ocrx_word' id='word_1_458' title='bbox 1566 3703 1621 3751; x_wconf 89' lang='lat' dir='ltr'><strong>et</strong></span> 
     </span>
    </p>
   </div>
   <div class='ocr_carea' id='block_1_55' title="bbox 27 3777 1620 3858">
    <p class='ocr_par' dir='ltr' id='par_1_55' title="bbox 27 3777 1620 3858">
     <span class='ocr_line' id='line_1_55' title="bbox 27 3777 1620 3858; baseline 0.006 -26"><span class='ocrx_word' id='word_1_459' title='bbox 27 3780 213 3835; x_wconf 75' lang='lat' dir='ltr'><strong>locavit</strong></span> <span class='ocrx_word' id='word_1_460' title='bbox 244 3793 362 3832; x_wconf 87' lang='lat' dir='ltr'><strong>nos</strong></span> <span class='ocrx_word' id='word_1_461' title='bbox 388 3791 499 3831; x_wconf 90' lang='lat' dir='ltr'><strong>non</strong></span> <span class='ocrx_word' id='word_1_462' title='bbox 522 3777 699 3833; x_wconf 90' lang='lat' dir='ltr'><strong>solum</strong></span> <span class='ocrx_word' id='word_1_463' title='bbox 724 3794 793 3835; x_wconf 83' lang='lat' dir='ltr'><strong>ex</strong></span> <span class='ocrx_word' id='word_1_464' title='bbox 823 3780 1049 3848; x_wconf 75' lang='lat' dir='ltr'><strong>Judaeis,</strong></span> <span class='ocrx_word' id='word_1_465' title='bbox 1082 3782 1177 3838; x_wconf 91' lang='lat' dir='ltr'><strong>sed</strong></span> <span class='ocrx_word' id='word_1_466' title='bbox 1202 3784 1363 3839; x_wconf 89' lang='lat' dir='ltr'><strong>etiam</strong></span> <span class='ocrx_word' id='word_1_467' title='bbox 1392 3802 1456 3841; x_wconf 83' lang='lat' dir='ltr'><strong>ex</strong></span> <span class='ocrx_word' id='word_1_468' title='bbox 1488 3803 1620 3858; x_wconf 84' lang='lat' dir='ltr'><strong>gen-</strong></span> 
     </span>
    </p>
   </div>
   <div class='ocr_carea' id='block_1_56' title="bbox 23 3846 1620 3949">
    <p class='ocr_par' dir='ltr' id='par_1_56' title="bbox 23 3846 1620 3949">
     <span class='ocr_line' id='line_1_56' title="bbox 23 3846 1620 3949; baseline 0.004 -22"><span class='ocrx_word' id='word_1_469' title='bbox 23 3846 133 3927; x_wconf 52' lang='lat' dir='ltr'><strong>“us</strong></span> <span class='ocrx_word' id='word_1_470' title='bbox 160 3871 223 3926; x_wconf 87' lang='lat' dir='ltr'><strong>in</strong></span> <span class='ocrx_word' id='word_1_471' title='bbox 257 3869 416 3927; x_wconf 86' lang='lat' dir='ltr'><strong>Osee</strong></span> <span class='ocrx_word' id='word_1_472' title='bbox 439 3869 612 3926; x_wconf 86' lang='lat' dir='ltr'><strong>dicit:</strong></span> <span class='ocrx_word' id='word_1_473' title='bbox 645 3870 859 3928; x_wconf 75' lang='lat' dir='ltr'><strong>Vocabo</strong></span> <span class='ocrx_word' id='word_1_474' title='bbox 894 3888 1001 3928; x_wconf 93' lang='lat' dir='ltr'><strong>non</strong></span> <span class='ocrx_word' id='word_1_475' title='bbox 1029 3846 1241 3945; x_wconf 83' lang='lat' dir='ltr'><strong>plebem</strong></span> <span class='ocrx_word' id='word_1_476' title='bbox 1280 3846 1620 3949; x_wconf 50' lang='lat' dir='ltr'><strong>meam,vple-</strong></span> 
     </span>
    </p>
   </div>
   <div class='ocr_carea' id='block_1_57' title="bbox 22 3956 1621 4033">
    <p class='ocr_par' dir='ltr' id='par_1_57' title="bbox 22 3956 1621 4033">
     <span class='ocr_line' id='line_1_57' title="bbox 22 3956 1621 4033; baseline 0.006 -15"><span class='ocrx_word' id='word_1_477' title='bbox 22 3956 116 4025; x_wconf 63' lang='lat' dir='ltr'><strong>bern</strong></span> <span class='ocrx_word' id='word_1_478' title='bbox 154 3980 355 4020; x_wconf 86' lang='lat' dir='ltr'><strong>meam</strong></span> <span class='ocrx_word' id='word_1_479' title='bbox 388 3981 400 4016; x_wconf 91' lang='lat'><strong>:</strong></span> <span class='ocrx_word' id='word_1_480' title='bbox 426 3972 483 4018; x_wconf 88' lang='lat' dir='ltr'><strong>et</strong></span> <span class='ocrx_word' id='word_1_481' title='bbox 512 3978 619 4018; x_wconf 92' lang='lat' dir='ltr'><strong>non</strong></span> <span class='ocrx_word' id='word_1_482' title='bbox 640 3963 913 4033; x_wconf 87' lang='lat' dir='ltr'><strong>dilectam,</strong></span> <span class='ocrx_word' id='word_1_483' title='bbox 938 3966 1190 4033; x_wconf 70' lang='lat' dir='ltr'><strong>dilectam</strong></span> <span class='ocrx_word' id='word_1_484' title='bbox 1219 3986 1232 4022; x_wconf 91' lang='lat'><strong>:</strong></span> <span class='ocrx_word' id='word_1_485' title='bbox 1256 3978 1308 4023; x_wconf 92' lang='lat' dir='ltr'><strong>et</strong></span> <span class='ocrx_word' id='word_1_486' title='bbox 1332 3984 1437 4024; x_wconf 90' lang='lat' dir='ltr'><strong>non</strong></span> <span class='ocrx_word' id='word_1_487' title='bbox 1466 3972 1621 4027; x_wconf 86' lang='lat' dir='ltr'><strong>mise-</strong></span> 
     </span>
    </p>
   </div>
   <div class='ocr_carea' id='block_1_58' title="bbox 20 4038 1613 4125">
    <p class='ocr_par' dir='ltr' id='par_1_58' title="bbox 20 4038 1613 4125">
     <span class='ocr_line' id='line_1_58' title="bbox 20 4038 1613 4125; baseline 0.004 -12"><span class='ocrx_word' id='word_1_488' title='bbox 20 4038 297 4121; x_wconf 55' lang='lat' dir='ltr'><strong>ricordiam</strong></span> <span class='ocrx_word' id='word_1_489' title='bbox 344 4066 729 4125; x_wconf 89' lang='lat' dir='ltr'><strong>consecutam,</strong></span> <span class='ocrx_word' id='word_1_490' title='bbox 768 4060 1198 4117; x_wconf 83' lang='lat' dir='ltr'><strong>misericordiam</strong></span> <span class='ocrx_word' id='word_1_491' title='bbox 1240 4076 1613 4120; x_wconf 90' lang='lat' dir='ltr'><strong>consecutam.</strong></span> 
     </span>
    </p>
   </div>
   <div class='ocr_carea' id='block_1_59' title="bbox 16 4142 1616 4226">
    <p class='ocr_par' dir='ltr' id='par_1_59' title="bbox 16 4142 1616 4226">
     <span class='ocr_line' id='line_1_59' title="bbox 16 4142 1616 4226; baseline 0.004 -21"><span class='ocrx_word' id='word_1_492' title='bbox 16 4142 187 4219; x_wconf 62' lang='lat' dir='ltr'><strong>lterit</strong></span> <span class='ocrx_word' id='word_1_493' title='bbox 214 4171 230 4204; x_wconf 87' lang='lat'><strong>:</strong></span> <span class='ocrx_word' id='word_1_494' title='bbox 260 4150 323 4205; x_wconf 90' lang='lat' dir='ltr'><strong>In</strong></span> <span class='ocrx_word' id='word_1_495' title='bbox 366 4148 512 4213; x_wconf 91' lang='lat' dir='ltr'><strong>loco,</strong></span> <span class='ocrx_word' id='word_1_496' title='bbox 547 4150 636 4206; x_wconf 90' lang='lat' dir='ltr'><strong>ubi</strong></span> <span class='ocrx_word' id='word_1_497' title='bbox 660 4149 863 4206; x_wconf 89' lang='lat' dir='ltr'><strong>dictum</strong></span> <span class='ocrx_word' id='word_1_498' title='bbox 894 4161 979 4208; x_wconf 91' lang='lat' dir='ltr'><strong>est</strong></span> <span class='ocrx_word' id='word_1_499' title='bbox 1009 4154 1087 4209; x_wconf 92' lang='lat' dir='ltr'><strong>eis</strong></span> <span class='ocrx_word' id='word_1_500' title='bbox 1114 4172 1127 4208; x_wconf 92' lang='lat'><strong>:</strong></span> <span class='ocrx_word' id='word_1_501' title='bbox 1152 4154 1272 4210; x_wconf 86' lang='lat' dir='ltr'><strong>Non</strong></span> <span class='ocrx_word' id='word_1_502' title='bbox 1302 4156 1457 4226; x_wconf 90' lang='lat' dir='ltr'><strong>plebs</strong></span> <span class='ocrx_word' id='word_1_503' title='bbox 1497 4173 1616 4212; x_wconf 88' lang='lat' dir='ltr'><strong>mea</strong></span> 
     </span>
    </p>
   </div>
   <div class='ocr_carea' id='block_1_60' title="bbox 16 4216 1618 4304">
    <p class='ocr_par' dir='ltr' id='par_1_60' title="bbox 16 4216 1618 4304">
     <span class='ocr_line' id='line_1_60' title="bbox 16 4216 1618 4304; baseline 0.008 -13"><span class='ocrx_word' id='word_1_504' title='bbox 16 4216 85 4298; x_wconf 70' lang='lat' dir='ltr'><strong>vos</strong></span> <span class='ocrx_word' id='word_1_505' title='bbox 119 4264 130 4296; x_wconf 92' lang='lat'>:</span> <span class='ocrx_word' id='word_1_506' title='bbox 158 4244 245 4299; x_wconf 90' lang='lat' dir='ltr'><strong>ibi</strong></span> <span class='ocrx_word' id='word_1_507' title='bbox 278 4242 631 4299; x_wconf 89' lang='lat' dir='ltr'><strong>vocabuntur</strong></span> <span class='ocrx_word' id='word_1_508' title='bbox 658 4244 754 4298; x_wconf 85' lang='lat' dir='ltr'><strong>ﬁlii</strong></span> <span class='ocrx_word' id='word_1_509' title='bbox 785 4244 880 4300; x_wconf 89' lang='lat' dir='ltr'><strong>Dei</strong></span> <span class='ocrx_word' id='word_1_510' title='bbox 914 4244 1045 4300; x_wconf 91' lang='lat' dir='ltr'><strong>vivi.</strong></span> <span class='ocrx_word' id='word_1_511' title='bbox 1088 4246 1258 4303; x_wconf 88' lang='lat' dir='ltr'><strong>Isaias</strong></span> <span class='ocrx_word' id='word_1_512' title='bbox 1285 4255 1466 4303; x_wconf 87' lang='lat' dir='ltr'><strong>autem</strong></span> <span class='ocrx_word' id='word_1_513' title='bbox 1509 4250 1618 4304; x_wconf 76' lang='lat' dir='ltr'><strong>cla-</strong></span> 
     </span>
    </p>
   </div>
   <div class='ocr_carea' id='block_1_61' title="bbox 17 4335 1615 4408">
    <p class='ocr_par' dir='ltr' id='par_1_61' title="bbox 17 4335 1615 4408">
     <span class='ocr_line' id='line_1_61' title="bbox 17 4335 1615 4408; baseline 0.007 -18"><span class='ocrx_word' id='word_1_514' title='bbox 17 4336 99 4407; x_wconf 61' lang='grc' dir='ltr'>μαι</span> <span class='ocrx_word' id='word_1_515' title='bbox 136 4351 248 4408; x_wconf 87' lang='lat' dir='ltr'><strong>pro</strong></span> <span class='ocrx_word' id='word_1_516' title='bbox 298 4335 476 4391; x_wconf 89' lang='lat' dir='ltr'><strong>Israel</strong></span> <span class='ocrx_word' id='word_1_517' title='bbox 516 4354 527 4390; x_wconf 91' lang='lat'><strong>:</strong></span> <span class='ocrx_word' id='word_1_518' title='bbox 580 4337 637 4394; x_wconf 86' lang='lat' dir='ltr'><strong>Si</strong></span> <span class='ocrx_word' id='word_1_519' title='bbox 676 4336 843 4394; x_wconf 75' lang='lat' dir='ltr'><strong>fuerit</strong></span> <span class='ocrx_word' id='word_1_520' title='bbox 882 4355 1144 4396; x_wconf 86' lang='lat' dir='ltr'><strong>numerus</strong></span> <span class='ocrx_word' id='word_1_521' title='bbox 1183 4342 1415 4398; x_wconf 91' lang='lat' dir='ltr'><strong>ﬁliorum</strong></span> <span class='ocrx_word' id='word_1_522' title='bbox 1454 4344 1615 4401; x_wconf 88' lang='lat' dir='ltr'><strong>Israel</strong></span> 
     </span>
    </p>
   </div>
   <div class='ocr_carea' id='block_1_62' title="bbox 17 4414 1615 4504">
    <p class='ocr_par' dir='ltr' id='par_1_62' title="bbox 17 4414 1615 4504">
     <span class='ocr_line' id='line_1_62' title="bbox 17 4414 1615 4504; baseline 0.007 -20"><span class='ocrx_word' id='word_1_523' title='bbox 17 4414 279 4499; x_wconf 56' lang='lat' dir='ltr'><strong>tamquam</strong></span> <span class='ocrx_word' id='word_1_524' title='bbox 326 4444 496 4485; x_wconf 87' lang='lat' dir='ltr'><strong>arena</strong></span> <span class='ocrx_word' id='word_1_525' title='bbox 524 4430 709 4499; x_wconf 88' lang='lat' dir='ltr'><strong>maris,</strong></span> <span class='ocrx_word' id='word_1_526' title='bbox 740 4432 986 4504; x_wconf 68' lang='lat' dir='ltr'><strong>reliquiae</strong></span> <span class='ocrx_word' id='word_1_527' title='bbox 1010 4434 1181 4490; x_wconf 86' lang='lat' dir='ltr'><strong>salvae</strong></span> <span class='ocrx_word' id='word_1_528' title='bbox 1207 4436 1359 4492; x_wconf 90' lang='lat' dir='ltr'><strong>ﬁent.</strong></span> <span class='ocrx_word' id='word_1_529' title='bbox 1382 4438 1615 4496; x_wconf 86' lang='lat' dir='ltr'><strong>Verbum</strong></span> 
     </span>
    </p>
   </div>
   <div class='ocr_carea' id='block_1_63' title="bbox 17 4524 1693 4615">
    <p class='ocr_par' dir='ltr' id='par_1_63' title="bbox 17 4524 1693 4615">
     <span class='ocr_line' id='line_1_63' title="bbox 17 4524 1693 4615; baseline 0.007 -37"><span class='ocrx_word' id='word_1_530' title='bbox 17 4526 135 4578; x_wconf 67' lang='lat' dir='ltr'><strong>Enim</strong></span> <span class='ocrx_word' id='word_1_531' title='bbox 171 4539 612 4593; x_wconf 89' lang='lat' dir='ltr'><strong>consummans,</strong></span> <span class='ocrx_word' id='word_1_532' title='bbox 643 4534 698 4581; x_wconf 91' lang='lat' dir='ltr'><strong>et</strong></span> <span class='ocrx_word' id='word_1_533' title='bbox 727 4524 1048 4583; x_wconf 84' lang='lat' dir='ltr'><strong>abbrevians</strong></span> <span class='ocrx_word' id='word_1_534' title='bbox 1079 4529 1131 4583; x_wconf 92' lang='lat' dir='ltr'><strong>in</strong></span> <span class='ocrx_word' id='word_1_535' title='bbox 1158 4533 1413 4601; x_wconf 63' lang='lat' dir='ltr'><strong>aequitate</strong></span> <span class='ocrx_word' id='word_1_536' title='bbox 1445 4552 1457 4588; x_wconf 94' lang='lat'><strong>:</strong></span> <span class='ocrx_word' id='word_1_537' title='bbox 1490 4535 1613 4605; x_wconf 90' lang='lat' dir='ltr'><strong>quia</strong></span> <span class='ocrx_word' id='word_1_538' title='bbox 1644 4555 1693 4615; x_wconf 79' lang='grc' dir='ltr'>ι)</span> 
     </span>
    </p>
   </div>
   <div class='ocr_carea' id='block_1_64' title="bbox 19 4616 1614 4692">
    <p class='ocr_par' dir='ltr' id='par_1_64' title="bbox 19 4616 1614 4692">
     <span class='ocr_line' id='line_1_64' title="bbox 19 4616 1614 4692; baseline 0.01 -24"><span class='ocrx_word' id='word_1_539' title='bbox 19 4619 229 4672; x_wconf 78' lang='lat' dir='ltr'><strong>tet-bum</strong></span> <span class='ocrx_word' id='word_1_540' title='bbox 256 4618 564 4673; x_wconf 73' lang='lat' dir='ltr'><strong>breviatum</strong></span> <span class='ocrx_word' id='word_1_541' title='bbox 597 4616 761 4675; x_wconf 85' lang='lat' dir='ltr'><strong>faciet</strong></span> <span class='ocrx_word' id='word_1_542' title='bbox 791 4620 1049 4676; x_wconf 89' lang='lat' dir='ltr'><strong>Dominus</strong></span> <span class='ocrx_word' id='word_1_543' title='bbox 1078 4637 1241 4692; x_wconf 89' lang='lat' dir='ltr'><strong>super</strong></span> <span class='ocrx_word' id='word_1_544' title='bbox 1272 4632 1475 4681; x_wconf 88' lang='lat' dir='ltr'><strong>terram</strong></span> <span class='ocrx_word' id='word_1_545' title='bbox 1512 4644 1525 4681; x_wconf 88' lang='lat'><strong>:</strong></span> <span class='ocrx_word' id='word_1_546' title='bbox 1561 4638 1614 4684; x_wconf 88' lang='lat' dir='ltr'><strong>ct</strong></span> 
     </span>
    </p>
   </div>
   <div class='ocr_carea' id='block_1_65' title="bbox 14 4707 1611 4781">
    <p class='ocr_par' dir='ltr' id='par_1_65' title="bbox 14 4707 1611 4781">
     <span class='ocr_line' id='line_1_65' title="bbox 14 4707 1611 4781; baseline 0.008 -17"><span class='ocrx_word' id='word_1_547' title='bbox 14 4707 131 4765; x_wconf 68' lang='lat' dir='ltr'><strong>ticut</strong></span> <span class='ocrx_word' id='word_1_548' title='bbox 178 4710 448 4781; x_wconf 71' lang='lat' dir='ltr'><strong>prmdixit</strong></span> <span class='ocrx_word' id='word_1_549' title='bbox 477 4711 688 4768; x_wconf 90' lang='lat' dir='ltr'><strong>Isaias:</strong></span> <span class='ocrx_word' id='word_1_550' title='bbox 747 4712 859 4768; x_wconf 84' lang='lat' dir='ltr'><strong>Nisi</strong></span> <span class='ocrx_word' id='word_1_551' title='bbox 906 4714 1166 4771; x_wconf 90' lang='lat' dir='ltr'><strong>Dominus</strong></span> <span class='ocrx_word' id='word_1_552' title='bbox 1206 4717 1441 4775; x_wconf 85' lang='lat' dir='ltr'><strong>Sabaoth</strong></span> <span class='ocrx_word' id='word_1_553' title='bbox 1484 4721 1611 4777; x_wconf 85' lang='lat' dir='ltr'><strong>reli-</strong></span> 
     </span>
    </p>
   </div>
   <div class='ocr_carea' id='block_1_66' title="bbox 15 4802 1607 4884">
    <p class='ocr_par' dir='ltr' id='par_1_66' title="bbox 15 4802 1607 4884">
     <span class='ocr_line' id='line_1_66' title="bbox 15 4802 1607 4884; baseline 0.008 -27"><span class='ocrx_word' id='word_1_554' title='bbox 15 4805 213 4871; x_wconf 63' lang='lat' dir='ltr'><strong>guisset</strong></span> <span class='ocrx_word' id='word_1_555' title='bbox 240 4802 407 4858; x_wconf 85' lang='lat' dir='ltr'><strong>nobis</strong></span> <span class='ocrx_word' id='word_1_556' title='bbox 434 4818 655 4871; x_wconf 89' lang='lat' dir='ltr'><strong>semen,</strong></span> <span class='ocrx_word' id='word_1_557' title='bbox 697 4807 837 4860; x_wconf 89' lang='lat' dir='ltr'><strong>sicut</strong></span> <span class='ocrx_word' id='word_1_558' title='bbox 864 4805 1102 4863; x_wconf 90' lang='lat' dir='ltr'><strong>Sodoma</strong></span> <span class='ocrx_word' id='word_1_559' title='bbox 1150 4809 1275 4865; x_wconf 87' lang='lat' dir='ltr'><strong>facti</strong></span> <span class='ocrx_word' id='word_1_560' title='bbox 1329 4826 1607 4884; x_wconf 90' lang='lat' dir='ltr'><strong>essemus,</strong></span> 
     </span>
    </p>
   </div>
   <div class='ocr_carea' id='block_1_67' title="bbox 17 4894 1613 4980">
    <p class='ocr_par' dir='ltr' id='par_1_67' title="bbox 17 4894 1613 4980">
     <span class='ocr_line' id='line_1_67' title="bbox 17 4894 1613 4980; baseline 0.01 -29"><span class='ocrx_word' id='word_1_561' title='bbox 17 4894 47 4951; x_wconf 68' lang='grc' dir='ltr'>ει</span> <span class='ocrx_word' id='word_1_562' title='bbox 70 4899 219 4953; x_wconf 82' lang='lat' dir='ltr'><strong>sicut</strong></span> <span class='ocrx_word' id='word_1_563' title='bbox 251 4897 565 4954; x_wconf 88' lang='lat' dir='ltr'><strong>Gomorrha</strong></span> <span class='ocrx_word' id='word_1_564' title='bbox 591 4899 797 4955; x_wconf 87' lang='lat' dir='ltr'><strong>similes</strong></span> <span class='ocrx_word' id='word_1_565' title='bbox 838 4903 1150 4959; x_wconf 85' lang='lat' dir='ltr'><strong>fuissemus.</strong></span> <span class='ocrx_word' id='word_1_566' title='bbox 1183 4905 1322 4974; x_wconf 85' lang='lat' dir='ltr'><strong>Quid</strong></span> <span class='ocrx_word' id='word_1_567' title='bbox 1355 4923 1485 4980; x_wconf 89' lang='lat' dir='ltr'><strong>ergo</strong></span> <span class='ocrx_word' id='word_1_568' title='bbox 1528 4911 1613 4967; x_wconf 88' lang='lat' dir='ltr'><strong>di-</strong></span> 
     </span>
    </p>
   </div>
   <div class='ocr_carea' id='block_1_68' title="bbox 19 4991 1611 5077">
    <p class='ocr_par' dir='ltr' id='par_1_68' title="bbox 19 4991 1611 5077">
     <span class='ocr_line' id='line_1_68' title="bbox 19 4991 1611 5077; baseline 0.011 -32"><span class='ocrx_word' id='word_1_569' title='bbox 19 4994 236 5047; x_wconf 74' lang='lat' dir='ltr'><strong>:emus?</strong></span> <span class='ocrx_word' id='word_1_570' title='bbox 292 4991 454 5058; x_wconf 85' lang='lat' dir='ltr'><strong>Quod</strong></span> <span class='ocrx_word' id='word_1_571' title='bbox 510 5002 732 5064; x_wconf 80' lang='lat' dir='ltr'><strong>gentes,</strong></span> <span class='ocrx_word' id='word_1_572' title='bbox 802 5011 925 5066; x_wconf 84' lang='lat' dir='ltr'><strong>quae</strong></span> <span class='ocrx_word' id='word_1_573' title='bbox 984 5014 1093 5054; x_wconf 88' lang='lat' dir='ltr'><strong>non</strong></span> <span class='ocrx_word' id='word_1_574' title='bbox 1135 5002 1484 5062; x_wconf 87' lang='lat' dir='ltr'><strong>sectabantur</strong></span> <span class='ocrx_word' id='word_1_575' title='bbox 1521 5006 1611 5077; x_wconf 89' lang='lat' dir='ltr'><strong>ju-</strong></span> 
     </span>
    </p>
   </div>
   <div class='ocr_carea' id='block_1_69' title="bbox 21 5084 1607 5166">
    <p class='ocr_par' dir='ltr' id='par_1_69' title="bbox 21 5084 1607 5166">
     <span class='ocr_line' id='line_1_69' title="bbox 21 5084 1607 5166; baseline 0.013 -28"><span class='ocrx_word' id='word_1_576' title='bbox 21 5084 201 5141; x_wconf 68' lang='lat' dir='ltr'><strong>stitiam</strong></span> <span class='ocrx_word' id='word_1_577' title='bbox 258 5087 752 5157; x_wconf 86' lang='lat' dir='ltr'><strong>apprchenderunt</strong></span> <span class='ocrx_word' id='word_1_578' title='bbox 801 5090 1069 5160; x_wconf 90' lang='lat' dir='ltr'><strong>justitiam</strong></span> <span class='ocrx_word' id='word_1_579' title='bbox 1121 5110 1134 5148; x_wconf 92' lang='lat'><strong>:</strong></span> <span class='ocrx_word' id='word_1_580' title='bbox 1181 5095 1453 5166; x_wconf 87' lang='lat' dir='ltr'><strong>justitiam</strong></span> <span class='ocrx_word' id='word_1_581' title='bbox 1506 5116 1607 5157; x_wconf 89' lang='lat' dir='ltr'><strong>au-</strong></span> 
     </span>
    </p>
   </div>
   <div class='ocr_carea' id='block_1_70' title="bbox 24 5180 1609 5251">
    <p class='ocr_par' dir='ltr' id='par_1_70' title="bbox 24 5180 1609 5251">
     <span class='ocr_line' id='line_1_70' title="bbox 24 5180 1609 5251; baseline 0.012 -20"><span class='ocrx_word' id='word_1_582' title='bbox 24 5186 142 5247; x_wconf 76' lang='lat' dir='ltr'><strong>Lem,</strong></span> <span class='ocrx_word' id='word_1_583' title='bbox 198 5196 330 5251; x_wconf 71' lang='lat' dir='ltr'><strong>qua:</strong></span> <span class='ocrx_word' id='word_1_584' title='bbox 385 5196 452 5235; x_wconf 81' lang='lat' dir='ltr'><strong>ex</strong></span> <span class='ocrx_word' id='word_1_585' title='bbox 510 5180 617 5237; x_wconf 90' lang='lat' dir='ltr'><strong>ﬁde</strong></span> <span class='ocrx_word' id='word_1_586' title='bbox 671 5192 776 5238; x_wconf 91' lang='lat' dir='ltr'><strong>est.</strong></span> <span class='ocrx_word' id='word_1_587' title='bbox 830 5184 995 5241; x_wconf 89' lang='lat' dir='ltr'><strong>Israel</strong></span> <span class='ocrx_word' id='word_1_588' title='bbox 1046 5202 1176 5242; x_wconf 89' lang='lat' dir='ltr'><strong>vero</strong></span> <span class='ocrx_word' id='word_1_589' title='bbox 1223 5192 1483 5248; x_wconf 87' lang='lat' dir='ltr'><strong>sectando</strong></span> <span class='ocrx_word' id='word_1_590' title='bbox 1529 5194 1609 5249; x_wconf 89' lang='lat' dir='ltr'><strong>Ie-</strong></span> 
     </span>
    </p>
   </div>
   <div class='ocr_carea' id='block_1_71' title="bbox 25 5272 1607 5356">
    <p class='ocr_par' dir='ltr' id='par_1_71' title="bbox 25 5272 1607 5356">
     <span class='ocr_line' id='line_1_71' title="bbox 25 5272 1607 5356; baseline 0.012 -30"><span class='ocrx_word' id='word_1_591' title='bbox 25 5284 114 5331; x_wconf 71' lang='lat' dir='ltr'><strong>:em</strong></span> <span class='ocrx_word' id='word_1_592' title='bbox 178 5272 416 5342; x_wconf 66' lang='lat' dir='ltr'><strong>justitiae</strong></span> <span class='ocrx_word' id='word_1_593' title='bbox 453 5318 467 5343; x_wconf 93' lang='lat'><strong>,</strong></span> <span class='ocrx_word' id='word_1_594' title='bbox 548 5274 602 5329; x_wconf 90' lang='lat' dir='ltr'><strong>in</strong></span> <span class='ocrx_word' id='word_1_595' title='bbox 672 5276 844 5347; x_wconf 81' lang='lat' dir='ltr'><strong>legem</strong></span> <span class='ocrx_word' id='word_1_596' title='bbox 892 5278 1115 5347; x_wconf 66' lang='lat' dir='ltr'><strong>iustitia:</strong></span> <span class='ocrx_word' id='word_1_597' title='bbox 1176 5298 1283 5339; x_wconf 92' lang='lat' dir='ltr'><strong>non</strong></span> <span class='ocrx_word' id='word_1_598' title='bbox 1339 5288 1607 5356; x_wconf 88' lang='lat' dir='ltr'><strong>pervenit.</strong></span> 
     </span>
    </p>
   </div>
   <div class='ocr_carea' id='block_1_72' title="bbox 27 5361 1607 5450">
    <p class='ocr_par' dir='ltr' id='par_1_72' title="bbox 27 5361 1607 5450">
     <span class='ocr_line' id='line_1_72' title="bbox 27 5361 1607 5450; baseline 0.014 -35"><span class='ocrx_word' id='word_1_599' title='bbox 27 5361 221 5428; x_wconf 66' lang='lat' dir='ltr'><strong>iuare?</strong></span> <span class='ocrx_word' id='word_1_600' title='bbox 263 5366 406 5433; x_wconf 84' lang='lat' dir='ltr'><strong>Quia</strong></span> <span class='ocrx_word' id='word_1_601' title='bbox 442 5380 554 5422; x_wconf 89' lang='lat' dir='ltr'><strong>non</strong></span> <span class='ocrx_word' id='word_1_602' title='bbox 597 5383 661 5422; x_wconf 82' lang='lat' dir='ltr'><strong>ex</strong></span> <span class='ocrx_word' id='word_1_603' title='bbox 695 5368 833 5435; x_wconf 82' lang='lat' dir='ltr'><strong>fide,</strong></span> <span class='ocrx_word' id='word_1_604' title='bbox 883 5372 979 5427; x_wconf 86' lang='lat' dir='ltr'><strong>sed</strong></span> <span class='ocrx_word' id='word_1_605' title='bbox 1026 5375 1179 5443; x_wconf 89' lang='lat' dir='ltr'><strong>quasi</strong></span> <span class='ocrx_word' id='word_1_606' title='bbox 1212 5392 1277 5432; x_wconf 86' lang='lat' dir='ltr'><strong>ex</strong></span> <span class='ocrx_word' id='word_1_607' title='bbox 1308 5380 1607 5450; x_wconf 84' lang='lat' dir='ltr'><strong>Operibus:</strong></span> 
     </span>
    </p>
   </div>
   <div class='ocr_carea' id='block_1_73' title="bbox 30 5455 1611 5541">
    <p class='ocr_par' dir='ltr' id='par_1_73' title="bbox 30 5455 1611 5541">
     <span class='ocr_line' id='line_1_73' title="bbox 30 5455 1611 5541; baseline 0.013 -30"><span class='ocrx_word' id='word_1_608' title='bbox 30 5455 352 5518; x_wconf 59' lang='lat' dir='ltr'><strong>vdenderunt</strong></span> <span class='ocrx_word' id='word_1_609' title='bbox 424 5461 576 5518; x_wconf 86' lang='lat' dir='ltr'><strong>enim</strong></span> <span class='ocrx_word' id='word_1_610' title='bbox 645 5461 698 5517; x_wconf 91' lang='lat' dir='ltr'><strong>in</strong></span> <span class='ocrx_word' id='word_1_611' title='bbox 748 5462 983 5535; x_wconf 90' lang='lat' dir='ltr'><strong>lapidem</strong></span> <span class='ocrx_word' id='word_1_612' title='bbox 1043 5467 1393 5541; x_wconf 81' lang='lat' dir='ltr'><strong>offensionis,</strong></span> <span class='ocrx_word' id='word_1_613' title='bbox 1468 5474 1611 5532; x_wconf 86' lang='lat' dir='ltr'><strong>sicut</strong></span> 
     </span>
    </p>
   </div>
   <div class='ocr_carea' id='block_1_74' title="bbox 46 5623 1614 5705">
    <p class='ocr_par' dir='ltr' id='par_1_74' title="bbox 46 5623 1614 5705">
     <span class='ocr_line' id='line_1_74' title="bbox 46 5623 1614 5705; baseline 0.003 -20"><span class='ocrx_word' id='word_1_614' title='bbox 46 5637 71 5663; x_wconf 71' lang='grc' dir='ltr'>ει</span> <span class='ocrx_word' id='word_1_615' title='bbox 105 5628 290 5687; x_wconf 86' lang='lat' dir='ltr'><strong>Tacet</strong></span> <span class='ocrx_word' id='word_1_616' title='bbox 335 5627 489 5685; x_wconf 90' lang='lat' dir='ltr'><strong>idem</strong></span> <span class='ocrx_word' id='word_1_617' title='bbox 539 5637 644 5680; x_wconf 89' lang='lat' dir='ltr'><strong>ms.</strong></span> <span class='ocrx_word' id='word_1_618' title='bbox 672 5623 761 5682; x_wconf 85' lang='lat' dir='ltr'><strong>hic</strong></span> <span class='ocrx_word' id='word_1_619' title='bbox 793 5628 1040 5705; x_wconf 60' lang='lat' dir='ltr'><strong>verbum</strong></span> <span class='ocrx_word' id='word_1_620' title='bbox 1060 5640 1182 5687; x_wconf 85' lang='lat' dir='ltr'><strong>sunt</strong></span> <span class='ocrx_word' id='word_1_621' title='bbox 1213 5646 1232 5686; x_wconf 89' lang='lat'><strong><em>:</em></strong></span> <span class='ocrx_word' id='word_1_622' title='bbox 1284 5648 1413 5689; x_wconf 78' lang='lat' dir='ltr'><strong>mox</strong></span> <span class='ocrx_word' id='word_1_623' title='bbox 1458 5650 1614 5705; x_wconf 83' lang='lat' dir='ltr'><strong>neque</strong></span> 
     </span>
    </p>
   </div>
   <div class='ocr_carea' id='block_1_75' title="bbox 0 5699 1611 5777">
    <p class='ocr_par' dir='ltr' id='par_1_75' title="bbox 0 5699 1611 5777">
     <span class='ocr_line' id='line_1_75' title="bbox 0 5699 1611 5777; baseline 0.008 -27"><span class='ocrx_word' id='word_1_624' title='bbox 0 5699 95 5753; x_wconf 74' lang='lat' dir='ltr'><strong>uia</strong></span> <span class='ocrx_word' id='word_1_625' title='bbox 131 5700 315 5777; x_wconf 63' lang='lat' dir='ltr'><strong>degit,</strong></span> <span class='ocrx_word' id='word_1_626' title='bbox 368 5717 475 5774; x_wconf 86' lang='lat' dir='ltr'><strong>pro</strong></span> <span class='ocrx_word' id='word_1_627' title='bbox 520 5713 693 5768; x_wconf 80' lang='lat' dir='ltr'><strong>neque</strong></span> <span class='ocrx_word' id='word_1_628' title='bbox 745 5700 862 5769; x_wconf 80' lang='lat' dir='ltr'><strong>qui,</strong></span> <span class='ocrx_word' id='word_1_629' title='bbox 903 5702 969 5759; x_wconf 91' lang='lat' dir='ltr'><strong>ad</strong></span> <span class='ocrx_word' id='word_1_630' title='bbox 1001 5704 1254 5763; x_wconf 79' lang='lat' dir='ltr'><strong>Graecum</strong></span> <span class='ocrx_word' id='word_1_631' title='bbox 1309 5699 1611 5777; x_wconf 81' lang='lat' dir='ltr'><strong>exemplar,</strong></span> 
     </span>
    </p>
   </div>
   <div class='ocr_carea' id='block_1_76' title="bbox 0 5772 223 5831">
    <p class='ocr_par' dir='ltr' id='par_1_76' title="bbox 0 5772 223 5831">
     <span class='ocr_line' id='line_1_76' title="bbox 0 5772 223 5831; baseline 0.031 -7"><span class='ocrx_word' id='word_1_632' title='bbox 0 5772 97 5830; x_wconf 60' lang='grc' dir='ltr'><strong>ὧδ’</strong></span> <span class='ocrx_word' id='word_1_633' title='bbox 118 5772 223 5831; x_wconf 58' lang='lat' dir='ltr'><strong>an;</strong></span> 
     </span>
    </p>
   </div>
   <div class='ocr_carea' id='block_1_77' title="bbox 1733 1841 3339 1924">
    <p class='ocr_par' dir='ltr' id='par_1_77' title="bbox 1733 1841 3339 1924">
     <span class='ocr_line' id='line_1_77' title="bbox 1733 1841 3339 1924; baseline 0.017 -28"><span class='ocrx_word' id='word_1_634' title='bbox 1733 1841 1859 1896; x_wconf 87' lang='lat' dir='ltr'><strong>bum</strong></span> <span class='ocrx_word' id='word_1_635' title='bbox 1885 1843 1939 1898; x_wconf 91' lang='lat' dir='ltr'><strong>in</strong></span> <span class='ocrx_word' id='word_1_636' title='bbox 1968 1859 2061 1900; x_wconf 90' lang='lat' dir='ltr'><strong>ore</strong></span> <span class='ocrx_word' id='word_1_637' title='bbox 2088 1857 2180 1902; x_wconf 89' lang='lat' dir='ltr'><strong>tuo</strong></span> <span class='ocrx_word' id='word_1_638' title='bbox 2203 1889 2217 1915; x_wconf 94' lang='lat'><strong>,</strong></span> <span class='ocrx_word' id='word_1_639' title='bbox 2279 1860 2335 1904; x_wconf 94' lang='lat' dir='ltr'><strong>ct</strong></span> <span class='ocrx_word' id='word_1_640' title='bbox 2367 1852 2418 1907; x_wconf 91' lang='lat' dir='ltr'><strong>in</strong></span> <span class='ocrx_word' id='word_1_641' title='bbox 2449 1854 2615 1911; x_wconf 83' lang='lat' dir='ltr'><strong>Corde</strong></span> <span class='ocrx_word' id='word_1_642' title='bbox 2642 1864 2774 1913; x_wconf 91' lang='lat' dir='ltr'><strong>tuo:</strong></span> <span class='ocrx_word' id='word_1_643' title='bbox 2835 1861 2937 1916; x_wconf 90' lang='lat' dir='ltr'><strong>hoc</strong></span> <span class='ocrx_word' id='word_1_644' title='bbox 2978 1872 3061 1918; x_wconf 92' lang='lat' dir='ltr'><strong>cst</strong></span> <span class='ocrx_word' id='word_1_645' title='bbox 3112 1866 3339 1924; x_wconf 89' lang='lat' dir='ltr'><strong>verbum</strong></span> 
     </span>
    </p>
   </div>
   <div class='ocr_carea' id='block_1_78' title="bbox 1732 1933 3339 2019">
    <p class='ocr_par' dir='ltr' id='par_1_78' title="bbox 1732 1933 3339 2019">
     <span class='ocr_line' id='line_1_78' title="bbox 1732 1933 3339 2019; baseline 0.02 -32"><span class='ocrx_word' id='word_1_646' title='bbox 1732 1933 1885 1999; x_wconf 89' lang='lat' dir='ltr'><strong>ﬁdei,</strong></span> <span class='ocrx_word' id='word_1_647' title='bbox 1915 1939 2062 2007; x_wconf 91' lang='lat' dir='ltr'><strong>quod</strong></span> <span class='ocrx_word' id='word_1_648' title='bbox 2096 1943 2471 2009; x_wconf 64' lang='lat' dir='ltr'><strong>praedicamus.</strong></span> <span class='ocrx_word' id='word_1_649' title='bbox 2524 1949 2660 2016; x_wconf 87' lang='lat' dir='ltr'><strong>Quia</strong></span> <span class='ocrx_word' id='word_1_650' title='bbox 2691 1951 2735 2006; x_wconf 92' lang='lat' dir='ltr'><strong>si</strong></span> <span class='ocrx_word' id='word_1_651' title='bbox 2789 1956 3103 2014; x_wconf 88' lang='lat' dir='ltr'><strong>conﬁtearis</strong></span> <span class='ocrx_word' id='word_1_652' title='bbox 3155 1960 3209 2015; x_wconf 92' lang='lat' dir='ltr'><strong>in</strong></span> <span class='ocrx_word' id='word_1_653' title='bbox 3242 1976 3339 2019; x_wconf 89' lang='lat' dir='ltr'><strong>ore</strong></span> 
     </span>
    </p>
   </div>
   <div class='ocr_carea' id='block_1_79' title="bbox 1733 2029 3335 2123">
    <p class='ocr_par' dir='ltr' id='par_1_79' title="bbox 1733 2029 3335 2123">
     <span class='ocr_line' id='line_1_79' title="bbox 1733 2029 3335 2123; baseline 0.019 -42"><span class='ocrx_word' id='word_1_654' title='bbox 1733 2037 1823 2081; x_wconf 91' lang='lat' dir='ltr'><strong>tuo</strong></span> <span class='ocrx_word' id='word_1_655' title='bbox 1854 2029 2137 2088; x_wconf 78' lang='lat' dir='ltr'><strong>Dominum</strong></span> <span class='ocrx_word' id='word_1_656' title='bbox 2185 2035 2408 2107; x_wconf 86' lang='lat' dir='ltr'><strong>Jesum,</strong></span> <span class='ocrx_word' id='word_1_657' title='bbox 2442 2049 2499 2096; x_wconf 89' lang='lat' dir='ltr'><strong>et</strong></span> <span class='ocrx_word' id='word_1_658' title='bbox 2540 2041 2594 2096; x_wconf 92' lang='lat' dir='ltr'><strong>in</strong></span> <span class='ocrx_word' id='word_1_659' title='bbox 2640 2044 2806 2100; x_wconf 89' lang='lat' dir='ltr'><strong>corde</strong></span> <span class='ocrx_word' id='word_1_660' title='bbox 2855 2055 2949 2104; x_wconf 92' lang='lat' dir='ltr'><strong>tuo</strong></span> <span class='ocrx_word' id='word_1_661' title='bbox 3002 2052 3335 2123; x_wconf 88' lang='lat' dir='ltr'><strong>credideris,</strong></span> 
     </span>
    </p>
   </div>
   <div class='ocr_carea' id='block_1_80' title="bbox 1729 2122 3333 2210">
    <p class='ocr_par' dir='ltr' id='par_1_80' title="bbox 1729 2122 3333 2210">
     <span class='ocr_line' id='line_1_80' title="bbox 1729 2122 3333 2210; baseline 0.021 -36"><span class='ocrx_word' id='word_1_662' title='bbox 1729 2122 1871 2192; x_wconf 92' lang='lat' dir='ltr'><strong>quod</strong></span> <span class='ocrx_word' id='word_1_663' title='bbox 1903 2124 2049 2181; x_wconf 91' lang='lat' dir='ltr'><strong>Deus</strong></span> <span class='ocrx_word' id='word_1_664' title='bbox 2089 2126 2237 2184; x_wconf 92' lang='lat' dir='ltr'><strong>illum</strong></span> <span class='ocrx_word' id='word_1_665' title='bbox 2284 2134 2568 2191; x_wconf 87' lang='lat' dir='ltr'><strong>suscitavit</strong></span> <span class='ocrx_word' id='word_1_666' title='bbox 2608 2153 2636 2192; x_wconf 90' lang='lat' dir='ltr'><strong>a</strong></span> <span class='ocrx_word' id='word_1_667' title='bbox 2685 2144 2915 2199; x_wconf 89' lang='lat' dir='ltr'><strong>mortuis</strong></span> <span class='ocrx_word' id='word_1_668' title='bbox 2942 2186 2954 2210; x_wconf 94' lang='lat'><strong>,</strong></span> <span class='ocrx_word' id='word_1_669' title='bbox 2992 2147 3172 2203; x_wconf 85' lang='lat' dir='ltr'><strong>salvus</strong></span> <span class='ocrx_word' id='word_1_670' title='bbox 3202 2152 3333 2207; x_wconf 92' lang='lat' dir='ltr'><strong>eris.</strong></span> 
     </span>
    </p>
   </div>
   <div class='ocr_carea' id='block_1_81' title="bbox 1728 2216 3335 2302">
    <p class='ocr_par' dir='ltr' id='par_1_81' title="bbox 1728 2216 3335 2302">
     <span class='ocr_line' id='line_1_81' title="bbox 1728 2216 3335 2302; baseline 0.022 -35"><span class='ocrx_word' id='word_1_671' title='bbox 1728 2216 1904 2271; x_wconf 84' lang='lat' dir='ltr'><strong>Corde</strong></span> <span class='ocrx_word' id='word_1_672' title='bbox 1929 2219 2070 2274; x_wconf 91' lang='lat' dir='ltr'><strong>enim</strong></span> <span class='ocrx_word' id='word_1_673' title='bbox 2100 2223 2345 2280; x_wconf 88' lang='lat' dir='ltr'><strong>creditur</strong></span> <span class='ocrx_word' id='word_1_674' title='bbox 2373 2228 2439 2283; x_wconf 92' lang='lat' dir='ltr'><strong>ad</strong></span> <span class='ocrx_word' id='word_1_675' title='bbox 2490 2228 2754 2299; x_wconf 89' lang='lat' dir='ltr'><strong>justitiam</strong></span> <span class='ocrx_word' id='word_1_676' title='bbox 2789 2252 2801 2288; x_wconf 96' lang='lat'>:</span> <span class='ocrx_word' id='word_1_677' title='bbox 2856 2254 2952 2294; x_wconf 91' lang='lat' dir='ltr'><strong>ore</strong></span> <span class='ocrx_word' id='word_1_678' title='bbox 2992 2251 3173 2299; x_wconf 88' lang='lat' dir='ltr'><strong>autem</strong></span> <span class='ocrx_word' id='word_1_679' title='bbox 3204 2260 3335 2302; x_wconf 83' lang='lat' dir='ltr'><strong>con-</strong></span> 
     </span>
    </p>
   </div>
   <div class='ocr_carea' id='block_1_82' title="bbox 1731 2308 3325 2407">
    <p class='ocr_par' dir='ltr' id='par_1_82' title="bbox 1731 2308 3325 2407">
     <span class='ocr_line' id='line_1_82' title="bbox 1731 2308 3325 2407; baseline 0.021 -44"><span class='ocrx_word' id='word_1_680' title='bbox 1731 2308 1892 2367; x_wconf 87' lang='lat' dir='ltr'><strong>fessio</strong></span> <span class='ocrx_word' id='word_1_681' title='bbox 1915 2312 1974 2367; x_wconf 89' lang='lat' dir='ltr'><strong>ﬁt</strong></span> <span class='ocrx_word' id='word_1_682' title='bbox 2012 2314 2079 2369; x_wconf 91' lang='lat' dir='ltr'><strong>ad</strong></span> <span class='ocrx_word' id='word_1_683' title='bbox 2111 2317 2363 2376; x_wconf 90' lang='lat' dir='ltr'><strong>salutem.</strong></span> <span class='ocrx_word' id='word_1_684' title='bbox 2398 2322 2537 2379; x_wconf 90' lang='lat' dir='ltr'><strong>Dicit</strong></span> <span class='ocrx_word' id='word_1_685' title='bbox 2565 2328 2709 2381; x_wconf 88' lang='lat' dir='ltr'><strong>enim</strong></span> <span class='ocrx_word' id='word_1_686' title='bbox 2755 2329 3067 2403; x_wconf 87' lang='lat' dir='ltr'><strong>Scriptura:</strong></span> <span class='ocrx_word' id='word_1_687' title='bbox 3103 2337 3325 2407; x_wconf 89' lang='lat' dir='ltr'><strong>Omnis,</strong></span> 
     </span>
    </p>
   </div>
   <div class='ocr_carea' id='block_1_83' title="bbox 1727 2402 3336 2489">
    <p class='ocr_par' dir='ltr' id='par_1_83' title="bbox 1727 2402 3336 2489">
     <span class='ocr_line' id='line_1_83' title="bbox 1727 2402 3336 2489; baseline 0.022 -35"><span class='ocrx_word' id='word_1_688' title='bbox 1727 2402 1819 2470; x_wconf 91' lang='lat' dir='ltr'><strong>qui</strong></span> <span class='ocrx_word' id='word_1_689' title='bbox 1841 2405 2013 2459; x_wconf 89' lang='lat' dir='ltr'><strong>credit</strong></span> <span class='ocrx_word' id='word_1_690' title='bbox 2035 2406 2087 2462; x_wconf 90' lang='lat' dir='ltr'><strong>in</strong></span> <span class='ocrx_word' id='word_1_691' title='bbox 2110 2408 2260 2465; x_wconf 90' lang='lat' dir='ltr'><strong>illum</strong></span> <span class='ocrx_word' id='word_1_692' title='bbox 2281 2451 2295 2477; x_wconf 92' lang='lat'><strong>,</strong></span> <span class='ocrx_word' id='word_1_693' title='bbox 2326 2428 2431 2467; x_wconf 92' lang='lat' dir='ltr'><strong>non</strong></span> <span class='ocrx_word' id='word_1_694' title='bbox 2465 2416 2851 2477; x_wconf 80' lang='lat' dir='ltr'><strong>confundetur.</strong></span> <span class='ocrx_word' id='word_1_695' title='bbox 2882 2402 3021 2481; x_wconf 76' lang='lat' dir='ltr'><strong>Non</strong></span> <span class='ocrx_word' id='word_1_696' title='bbox 3076 2431 3219 2485; x_wconf 90' lang='lat' dir='ltr'><strong>enim</strong></span> <span class='ocrx_word' id='word_1_697' title='bbox 3252 2402 3336 2489; x_wconf 80' lang='lat' dir='ltr'><strong>est</strong></span> 
     </span>
    </p>
   </div>
   <div class='ocr_carea' id='block_1_84' title="bbox 1727 2492 3337 2581">
    <p class='ocr_par' dir='ltr' id='par_1_84' title="bbox 1727 2492 3337 2581">
     <span class='ocr_line' id='line_1_84' title="bbox 1727 2492 3337 2581; baseline 0.02 -33"><span class='ocrx_word' id='word_1_698' title='bbox 1727 2492 2005 2554; x_wconf 91' lang='lat' dir='ltr'><strong>distinctio</strong></span> <span class='ocrx_word' id='word_1_699' title='bbox 2033 2500 2208 2557; x_wconf 74' lang='lat' dir='ltr'><strong>Judazi</strong></span> <span class='ocrx_word' id='word_1_700' title='bbox 2240 2514 2295 2560; x_wconf 88' lang='lat' dir='ltr'><strong>et</strong></span> <span class='ocrx_word' id='word_1_701' title='bbox 2321 2507 2495 2563; x_wconf 70' lang='grc' dir='ltr'><strong>ϐτωεὶ</strong></span> <span class='ocrx_word' id='word_1_702' title='bbox 2528 2525 2542 2565; x_wconf 88' lang='lat'>:</span> <span class='ocrx_word' id='word_1_703' title='bbox 2595 2528 2717 2567; x_wconf 93' lang='lat' dir='ltr'><strong>uam</strong></span> <span class='ocrx_word' id='word_1_704' title='bbox 2748 2514 2890 2570; x_wconf 90' lang='lat' dir='ltr'><strong>idem</strong></span> <span class='ocrx_word' id='word_1_705' title='bbox 2923 2517 3189 2578; x_wconf 90' lang='lat' dir='ltr'><strong>Dominus</strong></span> <span class='ocrx_word' id='word_1_706' title='bbox 3220 2540 3337 2581; x_wconf 90' lang='lat' dir='ltr'><strong>om-</strong></span> 
     </span>
    </p>
   </div>
   <div class='ocr_carea' id='block_1_85' title="bbox 1726 2588 3331 2673">
    <p class='ocr_par' dir='ltr' id='par_1_85' title="bbox 1726 2588 3331 2673">
     <span class='ocr_line' id='line_1_85' title="bbox 1726 2588 3331 2673; baseline 0.02 -32"><span class='ocrx_word' id='word_1_707' title='bbox 1726 2588 1874 2644; x_wconf 91' lang='lat' dir='ltr'><strong>nium</strong></span> <span class='ocrx_word' id='word_1_708' title='bbox 1904 2631 1920 2657; x_wconf 93' lang='lat'><strong>,</strong></span> <span class='ocrx_word' id='word_1_709' title='bbox 1967 2593 2117 2649; x_wconf 88' lang='lat' dir='ltr'><strong>dives</strong></span> <span class='ocrx_word' id='word_1_710' title='bbox 2163 2594 2218 2651; x_wconf 92' lang='lat' dir='ltr'><strong>in</strong></span> <span class='ocrx_word' id='word_1_711' title='bbox 2266 2612 2461 2655; x_wconf 89' lang='lat' dir='ltr'><strong>omnes</strong></span> <span class='ocrx_word' id='word_1_712' title='bbox 2501 2603 2592 2673; x_wconf 87' lang='lat' dir='ltr'><strong>qui</strong></span> <span class='ocrx_word' id='word_1_713' title='bbox 2629 2605 2885 2663; x_wconf 88' lang='lat' dir='ltr'><strong>invocant</strong></span> <span class='ocrx_word' id='word_1_714' title='bbox 2938 2611 3109 2667; x_wconf 91' lang='lat' dir='ltr'><strong>illum.</strong></span> <span class='ocrx_word' id='word_1_715' title='bbox 3140 2616 3331 2672; x_wconf 92' lang='lat' dir='ltr'><strong>Omnis</strong></span> 
     </span>
    </p>
   </div>
   <div class='ocr_carea' id='block_1_86' title="bbox 1725 2681 3330 2775">
    <p class='ocr_par' dir='ltr' id='par_1_86' title="bbox 1725 2681 3330 2775">
     <span class='ocr_line' id='line_1_86' title="bbox 1725 2681 3330 2775; baseline 0.019 -41"><span class='ocrx_word' id='word_1_716' title='bbox 1725 2681 1868 2736; x_wconf 91' lang='lat' dir='ltr'><strong>enim</strong></span> <span class='ocrx_word' id='word_1_717' title='bbox 1900 2684 2225 2757; x_wconf 88' lang='lat' dir='ltr'><strong>quicumque</strong></span> <span class='ocrx_word' id='word_1_718' title='bbox 2265 2691 2592 2750; x_wconf 90' lang='lat' dir='ltr'><strong>invocaverit</strong></span> <span class='ocrx_word' id='word_1_719' title='bbox 2621 2711 2818 2753; x_wconf 90' lang='lat' dir='ltr'><strong>nomen</strong></span> <span class='ocrx_word' id='word_1_720' title='bbox 2850 2701 3062 2759; x_wconf 92' lang='lat' dir='ltr'><strong>Domini</strong></span> <span class='ocrx_word' id='word_1_721' title='bbox 3092 2751 3106 2775; x_wconf 90' lang='lat'><strong>,</strong></span> <span class='ocrx_word' id='word_1_722' title='bbox 3145 2709 3330 2765; x_wconf 87' lang='lat' dir='ltr'><strong>salvus</strong></span> 
     </span>
    </p>
   </div>
   <div class='ocr_carea' id='block_1_87' title="bbox 1725 2773 3334 2865">
    <p class='ocr_par' dir='ltr' id='par_1_87' title="bbox 1725 2773 3334 2865">
     <span class='ocr_line' id='line_1_87' title="bbox 1725 2773 3334 2865; baseline 0.019 -36"><span class='ocrx_word' id='word_1_723' title='bbox 1725 2773 1847 2829; x_wconf 88' lang='lat' dir='ltr'><strong>erit.</strong></span> <span class='ocrx_word' id='word_1_724' title='bbox 1880 2776 2164 2845; x_wconf 87' lang='lat' dir='ltr'><strong>Quomodo</strong></span> <span class='ocrx_word' id='word_1_725' title='bbox 2194 2797 2325 2855; x_wconf 86' lang='lat' dir='ltr'><strong>ergo</strong></span> <span class='ocrx_word' id='word_1_726' title='bbox 2354 2785 2679 2844; x_wconf 90' lang='lat' dir='ltr'><strong>invocabunt</strong></span> <span class='ocrx_word' id='word_1_727' title='bbox 2705 2835 2719 2859; x_wconf 93' lang='lat'><strong>,</strong></span> <span class='ocrx_word' id='word_1_728' title='bbox 2755 2792 2807 2847; x_wconf 92' lang='lat' dir='ltr'><strong>in</strong></span> <span class='ocrx_word' id='word_1_729' title='bbox 2836 2810 2994 2865; x_wconf 87' lang='lat' dir='ltr'><strong>quem</strong></span> <span class='ocrx_word' id='word_1_730' title='bbox 3027 2814 3131 2854; x_wconf 90' lang='lat' dir='ltr'><strong>non</strong></span> <span class='ocrx_word' id='word_1_731' title='bbox 3155 2802 3334 2858; x_wconf 92' lang='lat' dir='ltr'><strong>credi-</strong></span> 
     </span>
    </p>
   </div>
   <div class='ocr_carea' id='block_1_88' title="bbox 1724 2867 3329 2956">
    <p class='ocr_par' dir='ltr' id='par_1_88' title="bbox 1724 2867 3329 2956">
     <span class='ocr_line' id='line_1_88' title="bbox 1724 2867 3329 2956; baseline 0.019 -35"><span class='ocrx_word' id='word_1_732' title='bbox 1724 2867 1962 2924; x_wconf 88' lang='lat' dir='ltr'><strong>derunt?</strong></span> <span class='ocrx_word' id='word_1_733' title='bbox 1990 2876 2098 2927; x_wconf 84' lang='lat' dir='ltr'><strong>Aut</strong></span> <span class='ocrx_word' id='word_1_734' title='bbox 2118 2878 2392 2946; x_wconf 89' lang='lat' dir='ltr'><strong>quomodo</strong></span> <span class='ocrx_word' id='word_1_735' title='bbox 2420 2880 2649 2936; x_wconf 90' lang='lat' dir='ltr'><strong>credent</strong></span> <span class='ocrx_word' id='word_1_736' title='bbox 2676 2884 2758 2951; x_wconf 89' lang='lat' dir='ltr'><strong>ei,</strong></span> <span class='ocrx_word' id='word_1_737' title='bbox 2790 2901 2951 2956; x_wconf 91' lang='lat' dir='ltr'><strong>quem</strong></span> <span class='ocrx_word' id='word_1_738' title='bbox 3005 2906 3112 2946; x_wconf 90' lang='lat' dir='ltr'><strong>non</strong></span> <span class='ocrx_word' id='word_1_739' title='bbox 3138 2896 3329 2951; x_wconf 85' lang='lat' dir='ltr'><strong>audie-</strong></span> 
     </span>
    </p>
   </div>
   <div class='ocr_carea' id='block_1_89' title="bbox 1725 2964 3327 3052">
    <p class='ocr_par' dir='ltr' id='par_1_89' title="bbox 1725 2964 3327 3052">
     <span class='ocr_line' id='line_1_89' title="bbox 1725 2964 3327 3052; baseline 0.018 -37"><span class='ocrx_word' id='word_1_740' title='bbox 1725 2964 1890 3018; x_wconf 81' lang='lat' dir='ltr'><strong>runt?</strong></span> <span class='ocrx_word' id='word_1_741' title='bbox 1940 2964 2223 3032; x_wconf 91' lang='lat' dir='ltr'><strong>Quomodo</strong></span> <span class='ocrx_word' id='word_1_742' title='bbox 2270 2980 2451 3027; x_wconf 90' lang='lat' dir='ltr'><strong>autem</strong></span> <span class='ocrx_word' id='word_1_743' title='bbox 2505 2974 2727 3031; x_wconf 89' lang='lat' dir='ltr'><strong>audient</strong></span> <span class='ocrx_word' id='word_1_744' title='bbox 2774 2976 2897 3037; x_wconf 88' lang='lat' dir='ltr'><strong>sine</strong></span> <span class='ocrx_word' id='word_1_745' title='bbox 2944 2983 3327 3052; x_wconf 71' lang='lat' dir='ltr'><strong>prmdicante?</strong></span> 
     </span>
    </p>
   </div>
   <div class='ocr_carea' id='block_1_90' title="bbox 1724 3056 3325 3140">
    <p class='ocr_par' dir='ltr' id='par_1_90' title="bbox 1724 3056 3325 3140">
     <span class='ocr_line' id='line_1_90' title="bbox 1724 3056 3325 3140; baseline 0.019 -30"><span class='ocrx_word' id='word_1_746' title='bbox 1724 3056 2007 3124; x_wconf 87' lang='lat' dir='ltr'><strong>Quomodo</strong></span> <span class='ocrx_word' id='word_1_747' title='bbox 2055 3077 2184 3117; x_wconf 87' lang='lat' dir='ltr'><strong>vero</strong></span> <span class='ocrx_word' id='word_1_748' title='bbox 2228 3065 2621 3136; x_wconf 72' lang='lat' dir='ltr'><strong>prrcdicabunt,</strong></span> <span class='ocrx_word' id='word_1_749' title='bbox 2659 3072 2761 3127; x_wconf 92' lang='lat' dir='ltr'><strong>nisi</strong></span> <span class='ocrx_word' id='word_1_750' title='bbox 2812 3074 3138 3134; x_wconf 81' lang='lat' dir='ltr'><strong>mittantur?</strong></span> <span class='ocrx_word' id='word_1_751' title='bbox 3188 3083 3325 3140; x_wconf 86' lang='lat' dir='ltr'><strong>sicut</strong></span> 
     </span>
    </p>
   </div>
   <div class='ocr_carea' id='block_1_91' title="bbox 1726 3150 3327 3241">
    <p class='ocr_par' dir='ltr' id='par_1_91' title="bbox 1726 3150 3327 3241">
     <span class='ocr_line' id='line_1_91' title="bbox 1726 3150 3327 3241; baseline 0.019 -38"><span class='ocrx_word' id='word_1_752' title='bbox 1726 3150 1986 3221; x_wconf 89' lang='lat' dir='ltr'><strong>scriptum</strong></span> <span class='ocrx_word' id='word_1_753' title='bbox 2009 3162 2131 3209; x_wconf 86' lang='lat' dir='ltr'><strong>est:</strong></span> <span class='ocrx_word' id='word_1_754' title='bbox 2164 3155 2334 3223; x_wconf 88' lang='lat' dir='ltr'><strong>Quam</strong></span> <span class='ocrx_word' id='word_1_755' title='bbox 2362 3160 2597 3228; x_wconf 81' lang='lat' dir='ltr'><strong>Speciosi</strong></span> <span class='ocrx_word' id='word_1_756' title='bbox 2632 3162 2798 3231; x_wconf 89' lang='lat' dir='ltr'><strong>pedes</strong></span> <span class='ocrx_word' id='word_1_757' title='bbox 2842 3170 3327 3241; x_wconf 85' lang='lat' dir='ltr'><strong>evangelizantium</strong></span> 
     </span>
    </p>
   </div>
   <div class='ocr_carea' id='block_1_92' title="bbox 1726 3248 3326 3323">
    <p class='ocr_par' dir='ltr' id='par_1_92' title="bbox 1726 3248 3326 3323">
     <span class='ocr_line' id='line_1_92' title="bbox 1726 3248 3326 3323; baseline 0.017 -27"><span class='ocrx_word' id='word_1_758' title='bbox 1726 3257 1936 3311; x_wconf 90' lang='lat' dir='ltr'><strong>pacem,</strong></span> <span class='ocrx_word' id='word_1_759' title='bbox 1966 3248 2455 3318; x_wconf 84' lang='lat' dir='ltr'><strong>evangelizantium</strong></span> <span class='ocrx_word' id='word_1_760' title='bbox 2482 3252 2625 3309; x_wconf 91' lang='lat' dir='ltr'><strong>bona</strong></span> <span class='ocrx_word' id='word_1_761' title='bbox 2651 3256 2665 3310; x_wconf 89' lang='lat'><strong>!</strong></span> <span class='ocrx_word' id='word_1_762' title='bbox 2700 3255 2807 3312; x_wconf 92' lang='lat' dir='ltr'><strong>Sed</strong></span> <span class='ocrx_word' id='word_1_763' title='bbox 2842 3275 2947 3315; x_wconf 93' lang='lat' dir='ltr'><strong>non</strong></span> <span class='ocrx_word' id='word_1_764' title='bbox 2973 3276 3165 3320; x_wconf 87' lang='lat' dir='ltr'><strong>omnes</strong></span> <span class='ocrx_word' id='word_1_765' title='bbox 3196 3266 3326 3323; x_wconf 76' lang='lat' dir='ltr'><strong>obe-</strong></span> 
     </span>
    </p>
   </div>
   <div class='ocr_carea' id='block_1_93' title="bbox 1722 3335 3330 3430">
    <p class='ocr_par' dir='ltr' id='par_1_93' title="bbox 1722 3335 3330 3430">
     <span class='ocr_line' id='line_1_93' title="bbox 1722 3335 3330 3430; baseline 0.017 -41"><span class='ocrx_word' id='word_1_766' title='bbox 1722 3335 1876 3391; x_wconf 91' lang='lat' dir='ltr'><strong>diunt</strong></span> <span class='ocrx_word' id='word_1_767' title='bbox 1927 3337 2244 3412; x_wconf 78' lang='lat' dir='ltr'><strong>Evangelia.</strong></span> <span class='ocrx_word' id='word_1_768' title='bbox 2294 3342 2459 3401; x_wconf 62' lang='lat' dir='ltr'><strong>Isaias</strong></span> <span class='ocrx_word' id='word_1_769' title='bbox 2488 3347 2633 3402; x_wconf 87' lang='lat' dir='ltr'><strong>enim</strong></span> <span class='ocrx_word' id='word_1_770' title='bbox 2666 3348 2801 3405; x_wconf 90' lang='lat' dir='ltr'><strong>dicit</strong></span> <span class='ocrx_word' id='word_1_771' title='bbox 2833 3368 2847 3407; x_wconf 90' lang='lat'><strong>:</strong></span> <span class='ocrx_word' id='word_1_772' title='bbox 2910 3353 3138 3413; x_wconf 83' lang='lat' dir='ltr'><strong>Domine</strong></span> <span class='ocrx_word' id='word_1_773' title='bbox 3164 3401 3178 3427; x_wconf 96' lang='lat'><strong>,</strong></span> <span class='ocrx_word' id='word_1_774' title='bbox 3209 3360 3330 3430; x_wconf 89' lang='lat' dir='ltr'><strong>quis</strong></span> 
     </span>
    </p>
   </div>
   <div class='ocr_carea' id='block_1_94' title="bbox 1721 3427 3326 3519">
    <p class='ocr_par' dir='ltr' id='par_1_94' title="bbox 1721 3427 3326 3519">
     <span class='ocr_line' id='line_1_94' title="bbox 1721 3427 3326 3519; baseline 0.017 -37"><span class='ocrx_word' id='word_1_775' title='bbox 1721 3427 1952 3484; x_wconf 91' lang='lat' dir='ltr'><strong>credidit</strong></span> <span class='ocrx_word' id='word_1_776' title='bbox 1981 3432 2184 3488; x_wconf 89' lang='lat' dir='ltr'><strong>auditui</strong></span> <span class='ocrx_word' id='word_1_777' title='bbox 2212 3436 2448 3493; x_wconf 82' lang='lat' dir='ltr'><strong>nostro?</strong></span> <span class='ocrx_word' id='word_1_778' title='bbox 2500 3438 2612 3510; x_wconf 89' lang='lat' dir='ltr'><strong>Ego</strong></span> <span class='ocrx_word' id='word_1_779' title='bbox 2660 3441 2795 3499; x_wconf 89' lang='lat' dir='ltr'><strong>ﬁdes</strong></span> <span class='ocrx_word' id='word_1_780' title='bbox 2841 3460 2909 3500; x_wconf 79' lang='lat' dir='ltr'><strong>ex</strong></span> <span class='ocrx_word' id='word_1_781' title='bbox 2940 3448 3168 3519; x_wconf 88' lang='lat' dir='ltr'><strong>auditu,</strong></span> <span class='ocrx_word' id='word_1_782' title='bbox 3224 3427 3326 3510; x_wconf 78' lang='lat' dir='ltr'><strong>au-</strong></span> 
     </span>
    </p>
   </div>
   <div class='ocr_carea' id='block_1_95' title="bbox 1721 3518 3326 3617">
    <p class='ocr_par' dir='ltr' id='par_1_95' title="bbox 1721 3518 3326 3617">
     <span class='ocr_line' id='line_1_95' title="bbox 1721 3518 3326 3617; baseline 0.018 -44"><span class='ocrx_word' id='word_1_783' title='bbox 1721 3518 1864 3576; x_wconf 90' lang='lat' dir='ltr'><strong>ditus</strong></span> <span class='ocrx_word' id='word_1_784' title='bbox 1893 3533 2074 3579; x_wconf 90' lang='lat' dir='ltr'><strong>autem</strong></span> <span class='ocrx_word' id='word_1_785' title='bbox 2106 3543 2202 3596; x_wconf 90' lang='lat' dir='ltr'><strong>per</strong></span> <span class='ocrx_word' id='word_1_786' title='bbox 2230 3529 2452 3585; x_wconf 89' lang='lat' dir='ltr'><strong>verbum</strong></span> <span class='ocrx_word' id='word_1_787' title='bbox 2477 3531 2701 3589; x_wconf 88' lang='lat' dir='ltr'><strong>Christi.</strong></span> <span class='ocrx_word' id='word_1_788' title='bbox 2727 3535 2833 3592; x_wconf 88' lang='lat' dir='ltr'><strong>Sed</strong></span> <span class='ocrx_word' id='word_1_789' title='bbox 2864 3538 2985 3596; x_wconf 91' lang='lat' dir='ltr'><strong>dico</strong></span> <span class='ocrx_word' id='word_1_790' title='bbox 3011 3556 3027 3595; x_wconf 90' lang='lat'><strong>:</strong></span> <span class='ocrx_word' id='word_1_791' title='bbox 3054 3540 3326 3617; x_wconf 85' lang='lat' dir='ltr'><strong>Numquid</strong></span> 
     </span>
    </p>
   </div>
   <div class='ocr_carea' id='block_1_96' title="bbox 1724 3614 3326 3695">
    <p class='ocr_par' dir='ltr' id='par_1_96' title="bbox 1724 3614 3326 3695">
     <span class='ocr_line' id='line_1_96' title="bbox 1724 3614 3326 3695; baseline 0.017 -29"><span class='ocrx_word' id='word_1_792' title='bbox 1724 3627 1829 3668; x_wconf 92' lang='lat' dir='ltr'><strong>non</strong></span> <span class='ocrx_word' id='word_1_793' title='bbox 1864 3614 2196 3673; x_wconf 85' lang='lat' dir='ltr'><strong>audierunt?</strong></span> <span class='ocrx_word' id='word_1_794' title='bbox 2228 3620 2293 3675; x_wconf 88' lang='lat' dir='ltr'><strong>Et</strong></span> <span class='ocrx_word' id='word_1_795' title='bbox 2315 3622 2530 3693; x_wconf 90' lang='lat' dir='ltr'><strong>quidem</strong></span> <span class='ocrx_word' id='word_1_796' title='bbox 2563 3625 2617 3681; x_wconf 92' lang='lat' dir='ltr'><strong>in</strong></span> <span class='ocrx_word' id='word_1_797' title='bbox 2651 3642 2867 3685; x_wconf 91' lang='lat' dir='ltr'><strong>omnem</strong></span> <span class='ocrx_word' id='word_1_798' title='bbox 2927 3642 3124 3689; x_wconf 91' lang='lat' dir='ltr'><strong>terram</strong></span> <span class='ocrx_word' id='word_1_799' title='bbox 3156 3614 3326 3695; x_wconf 79' lang='lat' dir='ltr'><strong>exivit</strong></span> 
     </span>
    </p>
   </div>
   <div class='ocr_carea' id='block_1_97' title="bbox 1722 3715 3323 3790">
    <p class='ocr_par' dir='ltr' id='par_1_97' title="bbox 1722 3715 3323 3790">
     <span class='ocr_line' id='line_1_97' title="bbox 1722 3715 3323 3790; baseline 0.019 -30"><span class='ocrx_word' id='word_1_800' title='bbox 1722 3720 1886 3762; x_wconf 69' lang='lat' dir='ltr'><strong>smnus</strong></span> <span class='ocrx_word' id='word_1_801' title='bbox 1912 3723 2102 3764; x_wconf 91' lang='lat' dir='ltr'><strong>eorum</strong></span> <span class='ocrx_word' id='word_1_802' title='bbox 2124 3752 2139 3776; x_wconf 91' lang='lat'><strong>,</strong></span> <span class='ocrx_word' id='word_1_803' title='bbox 2176 3722 2232 3769; x_wconf 92' lang='lat' dir='ltr'><strong>et</strong></span> <span class='ocrx_word' id='word_1_804' title='bbox 2260 3715 2312 3768; x_wconf 88' lang='lat' dir='ltr'><strong>in</strong></span> <span class='ocrx_word' id='word_1_805' title='bbox 2346 3715 2480 3773; x_wconf 91' lang='lat' dir='ltr'><strong>ﬁnes</strong></span> <span class='ocrx_word' id='word_1_806' title='bbox 2525 3718 2675 3776; x_wconf 87' lang='lat' dir='ltr'><strong>orbis</strong></span> <span class='ocrx_word' id='word_1_807' title='bbox 2707 3729 2869 3779; x_wconf 74' lang='lat' dir='ltr'><strong>terra:</strong></span> <span class='ocrx_word' id='word_1_808' title='bbox 2920 3727 3081 3783; x_wconf 88' lang='lat' dir='ltr'><strong>verba</strong></span> <span class='ocrx_word' id='word_1_809' title='bbox 3109 3744 3323 3790; x_wconf 90' lang='lat' dir='ltr'><strong>eorum.</strong></span> 
     </span>
    </p>
   </div>
   <div class='ocr_carea' id='block_1_98' title="bbox 1721 3798 3324 3889">
    <p class='ocr_par' dir='ltr' id='par_1_98' title="bbox 1721 3798 3324 3889">
     <span class='ocr_line' id='line_1_98' title="bbox 1721 3798 3324 3889; baseline 0.019 -36"><span class='ocrx_word' id='word_1_810' title='bbox 1721 3798 1828 3855; x_wconf 91' lang='lat' dir='ltr'><strong>Sed</strong></span> <span class='ocrx_word' id='word_1_811' title='bbox 1857 3801 2026 3858; x_wconf 89' lang='lat' dir='ltr'><strong>dico:</strong></span> <span class='ocrx_word' id='word_1_812' title='bbox 2084 3805 2355 3877; x_wconf 85' lang='lat' dir='ltr'><strong>Numquid</strong></span> <span class='ocrx_word' id='word_1_813' title='bbox 2413 3810 2576 3867; x_wconf 89' lang='lat' dir='ltr'><strong>Israel</strong></span> <span class='ocrx_word' id='word_1_814' title='bbox 2605 3829 2716 3870; x_wconf 91' lang='lat' dir='ltr'><strong>non</strong></span> <span class='ocrx_word' id='word_1_815' title='bbox 2762 3820 3060 3889; x_wconf 77' lang='lat' dir='ltr'><strong>cognovit?</strong></span> <span class='ocrx_word' id='word_1_816' title='bbox 3111 3822 3324 3883; x_wconf 83' lang='lat' dir='ltr'><strong>I’rimus</strong></span> 
     </span>
    </p>
   </div>
   <div class='ocr_carea' id='block_1_99' title="bbox 1721 3892 3321 3979">
    <p class='ocr_par' dir='ltr' id='par_1_99' title="bbox 1721 3892 3321 3979">
     <span class='ocr_line' id='line_1_99' title="bbox 1721 3892 3321 3979; baseline 0.019 -32"><span class='ocrx_word' id='word_1_817' title='bbox 1721 3892 1932 3966; x_wconf 81' lang='lat' dir='ltr'><strong>Moyses</strong></span> <span class='ocrx_word' id='word_1_818' title='bbox 1960 3897 2092 3953; x_wconf 92' lang='lat' dir='ltr'><strong>dicit</strong></span> <span class='ocrx_word' id='word_1_819' title='bbox 2125 3916 2137 3952; x_wconf 89' lang='lat'><strong>:</strong></span> <span class='ocrx_word' id='word_1_820' title='bbox 2201 3900 2344 3973; x_wconf 84' lang='lat' dir='ltr'><strong>Ergo</strong></span> <span class='ocrx_word' id='word_1_821' title='bbox 2373 3903 2439 3959; x_wconf 87' lang='lat' dir='ltr'><strong>ad</strong></span> <span class='ocrx_word' id='word_1_822' title='bbox 2470 3907 2871 3966; x_wconf 65' lang='lat' dir='ltr'><strong>aemulationem</strong></span> <span class='ocrx_word' id='word_1_823' title='bbox 2927 3928 3025 3970; x_wconf 84' lang='lat' dir='ltr'><strong>vos</strong></span> <span class='ocrx_word' id='word_1_824' title='bbox 3056 3916 3321 3979; x_wconf 90' lang='lat' dir='ltr'><strong>adducam</strong></span> 
     </span>
    </p>
   </div>
   <div class='ocr_carea' id='block_1_100' title="bbox 1722 3988 3323 4074">
    <p class='ocr_par' dir='ltr' id='par_1_100' title="bbox 1722 3988 3323 4074">
     <span class='ocr_line' id='line_1_100' title="bbox 1722 3988 3323 4074; baseline 0.019 -33"><span class='ocrx_word' id='word_1_825' title='bbox 1722 3988 1774 4042; x_wconf 91' lang='lat' dir='ltr'><strong>in</strong></span> <span class='ocrx_word' id='word_1_826' title='bbox 1808 4004 1915 4044; x_wconf 91' lang='lat' dir='ltr'><strong>non</strong></span> <span class='ocrx_word' id='word_1_827' title='bbox 1940 4000 2155 4061; x_wconf 86' lang='lat' dir='ltr'><strong>gentem</strong></span> <span class='ocrx_word' id='word_1_828' title='bbox 2192 4005 2449 4065; x_wconf 84' lang='lat' dir='ltr'><strong>:gcutem</strong></span> <span class='ocrx_word' id='word_1_829' title='bbox 2501 3999 2889 4074; x_wconf 89' lang='lat' dir='ltr'><strong>insipientem,</strong></span> <span class='ocrx_word' id='word_1_830' title='bbox 2939 4006 2991 4062; x_wconf 91' lang='lat' dir='ltr'><strong>in</strong></span> <span class='ocrx_word' id='word_1_831' title='bbox 3042 4009 3176 4067; x_wconf 88' lang='lat' dir='ltr'><strong>iram</strong></span> <span class='ocrx_word' id='word_1_832' title='bbox 3225 4028 3323 4072; x_wconf 91' lang='lat' dir='ltr'><strong>vos</strong></span> 
     </span>
    </p>
   </div>
   <div class='ocr_carea' id='block_1_101' title="bbox 1722 4082 3320 4169">
    <p class='ocr_par' dir='ltr' id='par_1_101' title="bbox 1722 4082 3320 4169">
     <span class='ocr_line' id='line_1_101' title="bbox 1722 4082 3320 4169; baseline 0.02 -34"><span class='ocrx_word' id='word_1_833' title='bbox 1722 4082 1953 4137; x_wconf 89' lang='lat' dir='ltr'><strong>mittam.</strong></span> <span class='ocrx_word' id='word_1_834' title='bbox 1991 4082 2154 4140; x_wconf 90' lang='lat' dir='ltr'><strong>Isaias</strong></span> <span class='ocrx_word' id='word_1_835' title='bbox 2184 4097 2361 4143; x_wconf 89' lang='lat' dir='ltr'><strong>autem</strong></span> <span class='ocrx_word' id='word_1_836' title='bbox 2391 4091 2579 4159; x_wconf 90' lang='lat' dir='ltr'><strong>audet,</strong></span> <span class='ocrx_word' id='word_1_837' title='bbox 2607 4102 2663 4150; x_wconf 86' lang='lat' dir='ltr'><strong>et</strong></span> <span class='ocrx_word' id='word_1_838' title='bbox 2692 4095 2824 4153; x_wconf 91' lang='lat' dir='ltr'><strong>dicit</strong></span> <span class='ocrx_word' id='word_1_839' title='bbox 2850 4117 2863 4154; x_wconf 90' lang='lat'><strong>:</strong></span> <span class='ocrx_word' id='word_1_840' title='bbox 2906 4100 3158 4162; x_wconf 90' lang='lat' dir='ltr'><strong>Inventus</strong></span> <span class='ocrx_word' id='word_1_841' title='bbox 3198 4125 3320 4169; x_wconf 83' lang='lat' dir='ltr'><strong>sunt</strong></span> 
     </span>
    </p>
   </div>
   <div class='ocr_carea' id='block_1_102' title="bbox 1720 4177 3324 4271">
    <p class='ocr_par' dir='ltr' id='par_1_102' title="bbox 1720 4177 3324 4271">
     <span class='ocr_line' id='line_1_102' title="bbox 1720 4177 3324 4271; baseline 0.019 -42"><span class='ocrx_word' id='word_1_842' title='bbox 1720 4188 1751 4229; x_wconf 90' lang='lat' dir='ltr'><strong>a</strong></span> <span class='ocrx_word' id='word_1_843' title='bbox 1775 4190 1878 4230; x_wconf 92' lang='lat' dir='ltr'><strong>non</strong></span> <span class='ocrx_word' id='word_1_844' title='bbox 1909 4177 2281 4246; x_wconf 73' lang='lat' dir='ltr'><strong>qumrentibus</strong></span> <span class='ocrx_word' id='word_1_845' title='bbox 2308 4197 2395 4237; x_wconf 91' lang='lat' dir='ltr'><strong>me</strong></span> <span class='ocrx_word' id='word_1_846' title='bbox 2431 4201 2440 4235; x_wconf 89' lang='lat'>:</span> <span class='ocrx_word' id='word_1_847' title='bbox 2472 4185 2646 4254; x_wconf 84' lang='lat' dir='ltr'><strong>palam</strong></span> <span class='ocrx_word' id='word_1_848' title='bbox 2676 4194 2903 4261; x_wconf 90' lang='lat' dir='ltr'><strong>apparui</strong></span> <span class='ocrx_word' id='word_1_849' title='bbox 2952 4195 3046 4264; x_wconf 89' lang='lat' dir='ltr'><strong>iis,</strong></span> <span class='ocrx_word' id='word_1_850' title='bbox 3105 4200 3194 4271; x_wconf 87' lang='lat' dir='ltr'><strong>qui</strong></span> <span class='ocrx_word' id='word_1_851' title='bbox 3233 4219 3324 4260; x_wconf 91' lang='lat' dir='ltr'><strong>me</strong></span> 
     </span>
    </p>
   </div>
   <div class='ocr_carea' id='block_1_103' title="bbox 1723 4269 3319 4352">
    <p class='ocr_par' dir='ltr' id='par_1_103' title="bbox 1723 4269 3319 4352">
     <span class='ocr_line' id='line_1_103' title="bbox 1723 4269 3319 4352; baseline 0.018 -29"><span class='ocrx_word' id='word_1_852' title='bbox 1723 4285 1828 4324; x_wconf 87' lang='lat' dir='ltr'><strong>non</strong></span> <span class='ocrx_word' id='word_1_853' title='bbox 1861 4269 2284 4342; x_wconf 78' lang='lat' dir='ltr'><strong>interrogabant.</strong></span> <span class='ocrx_word' id='word_1_854' title='bbox 2319 4274 2401 4330; x_wconf 86' lang='lat' dir='ltr'><strong>Ad</strong></span> <span class='ocrx_word' id='word_1_855' title='bbox 2430 4275 2593 4335; x_wconf 86' lang='lat' dir='ltr'><strong>Israel</strong></span> <span class='ocrx_word' id='word_1_856' title='bbox 2622 4290 2801 4338; x_wconf 88' lang='lat' dir='ltr'><strong>autem</strong></span> <span class='ocrx_word' id='word_1_857' title='bbox 2842 4286 2973 4344; x_wconf 89' lang='lat' dir='ltr'><strong>dicit</strong></span> <span class='ocrx_word' id='word_1_858' title='bbox 3002 4307 3014 4344; x_wconf 96' lang='lat'>:</span> <span class='ocrx_word' id='word_1_859' title='bbox 3068 4269 3201 4347; x_wconf 84' lang='lat' dir='ltr'><strong>Tota</strong></span> <span class='ocrx_word' id='word_1_860' title='bbox 3230 4295 3319 4352; x_wconf 89' lang='lat' dir='ltr'><strong>dic</strong></span> 
     </span>
    </p>
   </div>
   <div class='ocr_carea' id='block_1_104' title="bbox 1720 4362 3314 4456">
    <p class='ocr_par' dir='ltr' id='par_1_104' title="bbox 1720 4362 3314 4456">
     <span class='ocr_line' id='line_1_104' title="bbox 1720 4362 3314 4456; baseline 0.016 -41"><span class='ocrx_word' id='word_1_861' title='bbox 1720 4362 1951 4433; x_wconf 78' lang='lat' dir='ltr'><strong>expandi</strong></span> <span class='ocrx_word' id='word_1_862' title='bbox 2001 4378 2193 4420; x_wconf 89' lang='lat' dir='ltr'><strong>manus</strong></span> <span class='ocrx_word' id='word_1_863' title='bbox 2225 4382 2374 4423; x_wconf 91' lang='lat' dir='ltr'><strong>meas</strong></span> <span class='ocrx_word' id='word_1_864' title='bbox 2421 4370 2487 4425; x_wconf 90' lang='lat' dir='ltr'><strong>ad</strong></span> <span class='ocrx_word' id='word_1_865' title='bbox 2529 4375 2787 4445; x_wconf 82' lang='lat' dir='ltr'><strong>populum</strong></span> <span class='ocrx_word' id='word_1_866' title='bbox 2820 4394 2925 4434; x_wconf 92' lang='lat' dir='ltr'><strong>non</strong></span> <span class='ocrx_word' id='word_1_867' title='bbox 2954 4382 3265 4442; x_wconf 89' lang='lat' dir='ltr'><strong>credentem</strong></span> <span class='ocrx_word' id='word_1_868' title='bbox 3298 4428 3314 4456; x_wconf 89' lang='lat'><strong>,</strong></span> 
     </span>
    </p>
   </div>
   <div class='ocr_carea' id='block_1_105' title="bbox 1720 4456 2385 4533">
    <p class='ocr_par' dir='ltr' id='par_1_105' title="bbox 1720 4456 2385 4533">
     <span class='ocr_line' id='line_1_105' title="bbox 1720 4456 2385 4533; baseline 0.012 -21"><span class='ocrx_word' id='word_1_869' title='bbox 1720 4466 1774 4513; x_wconf 89' lang='lat' dir='ltr'><strong>et</strong></span> <span class='ocrx_word' id='word_1_870' title='bbox 1796 4456 1823 4496; x_wconf 70' lang='grc' dir='ltr'>ι)</span> <span class='ocrx_word' id='word_1_871' title='bbox 1853 4459 2343 4520; x_wconf 86' lang='lat' dir='ltr'><strong>contradicentem.</strong></span> <span class='ocrx_word' id='word_1_872' title='bbox 2368 4512 2385 4533; x_wconf 92' lang='lat'><strong>,</strong></span> 
     </span>
    </p>
   </div>
   <div class='ocr_carea' id='block_1_106' title="bbox 1792 4550 3313 4642">
    <p class='ocr_par' dir='ltr' id='par_1_106' title="bbox 1792 4550 3313 4642">
     <span class='ocr_line' id='line_1_106' title="bbox 1792 4550 3313 4642; baseline 0.018 -38"><span class='ocrx_word' id='word_1_873' title='bbox 1792 4551 1800 4623; x_wconf 92' lang='lat'><em>|</em></span> <span class='ocrx_word' id='word_1_874' title='bbox 1836 4550 1960 4623; x_wconf 78' lang='lat' dir='ltr'><strong>Cap.</strong></span> <span class='ocrx_word' id='word_1_875' title='bbox 1998 4552 2087 4607; x_wconf 81' lang='lat' dir='ltr'><strong>XI.</strong></span> <span class='ocrx_word' id='word_1_876' title='bbox 2109 4552 2128 4624; x_wconf 11' lang='lat' dir='ltr'><strong>Vl</strong></span> <span class='ocrx_word' id='word_1_877' title='bbox 2160 4554 2289 4613; x_wconf 85' lang='lat' dir='ltr'><strong>Dico</strong></span> <span class='ocrx_word' id='word_1_878' title='bbox 2318 4572 2447 4631; x_wconf 84' lang='lat' dir='ltr'><strong>ergo</strong></span> <span class='ocrx_word' id='word_1_879' title='bbox 2482 4578 2495 4615; x_wconf 88' lang='lat'><strong>:</strong></span> <span class='ocrx_word' id='word_1_880' title='bbox 2529 4560 2800 4635; x_wconf 86' lang='lat' dir='ltr'><strong>Numquid</strong></span> <span class='ocrx_word' id='word_1_881' title='bbox 2832 4565 2971 4622; x_wconf 90' lang='lat' dir='ltr'><strong>Deus</strong></span> <span class='ocrx_word' id='word_1_882' title='bbox 2993 4569 3193 4639; x_wconf 87' lang='lat' dir='ltr'><strong>repulit</strong></span> <span class='ocrx_word' id='word_1_883' title='bbox 3214 4587 3313 4642; x_wconf 77' lang='lat' dir='ltr'><strong>po-</strong></span> 
     </span>
    </p>
   </div>
   <div class='ocr_carea' id='block_1_107' title="bbox 1719 4642 3313 4727">
    <p class='ocr_par' dir='ltr' id='par_1_107' title="bbox 1719 4642 3313 4727">
     <span class='ocr_line' id='line_1_107' title="bbox 1719 4642 3313 4727; baseline 0.016 -33"><span class='ocrx_word' id='word_1_884' title='bbox 1719 4642 1900 4710; x_wconf 90' lang='lat' dir='ltr'><strong>pulum</strong></span> <span class='ocrx_word' id='word_1_885' title='bbox 1924 4647 2124 4701; x_wconf 88' lang='lat' dir='ltr'><strong>suum?</strong></span> <span class='ocrx_word' id='word_1_886' title='bbox 2154 4648 2328 4706; x_wconf 78' lang='lat' dir='ltr'><strong>Absit.</strong></span> <span class='ocrx_word' id='word_1_887' title='bbox 2379 4652 2510 4708; x_wconf 87' lang='lat' dir='ltr'><strong>Nam</strong></span> <span class='ocrx_word' id='word_1_888' title='bbox 2540 4663 2593 4710; x_wconf 92' lang='lat' dir='ltr'><strong>et</strong></span> <span class='ocrx_word' id='word_1_889' title='bbox 2651 4671 2749 4727; x_wconf 87' lang='lat' dir='ltr'><strong>ego</strong></span> <span class='ocrx_word' id='word_1_890' title='bbox 2799 4657 3041 4715; x_wconf 89' lang='lat' dir='ltr'><strong>Israelita</strong></span> <span class='ocrx_word' id='word_1_891' title='bbox 3097 4678 3216 4719; x_wconf 90' lang='lat' dir='ltr'><strong>sum</strong></span> <span class='ocrx_word' id='word_1_892' title='bbox 3247 4680 3313 4722; x_wconf 76' lang='lat' dir='ltr'><strong>ex</strong></span> 
     </span>
    </p>
   </div>
   <div class='ocr_carea' id='block_1_108' title="bbox 1716 4736 3318 4827">
    <p class='ocr_par' dir='ltr' id='par_1_108' title="bbox 1716 4736 3318 4827">
     <span class='ocr_line' id='line_1_108' title="bbox 1716 4736 3318 4827; baseline 0.016 -39"><span class='ocrx_word' id='word_1_893' title='bbox 1716 4736 1924 4791; x_wconf 90' lang='lat' dir='ltr'><strong>semine</strong></span> <span class='ocrx_word' id='word_1_894' title='bbox 1947 4737 2254 4809; x_wconf 79' lang='lat' dir='ltr'><strong>Abraham,</strong></span> <span class='ocrx_word' id='word_1_895' title='bbox 2302 4744 2369 4801; x_wconf 90' lang='lat' dir='ltr'><strong>dc</strong></span> <span class='ocrx_word' id='word_1_896' title='bbox 2418 4745 2561 4802; x_wconf 76' lang='lat' dir='ltr'><strong>tribu</strong></span> <span class='ocrx_word' id='word_1_897' title='bbox 2605 4749 2909 4819; x_wconf 88' lang='lat' dir='ltr'><strong>Benjamin.</strong></span> <span class='ocrx_word' id='word_1_898' title='bbox 2959 4752 3075 4808; x_wconf 90' lang='lat' dir='ltr'><strong>Non</strong></span> <span class='ocrx_word' id='word_1_899' title='bbox 3120 4757 3318 4827; x_wconf 89' lang='lat' dir='ltr'><strong>repulit</strong></span> 
     </span>
    </p>
   </div>
   <div class='ocr_carea' id='block_1_109' title="bbox 1716 4828 3313 4911">
    <p class='ocr_par' dir='ltr' id='par_1_109' title="bbox 1716 4828 3313 4911">
     <span class='ocr_line' id='line_1_109' title="bbox 1716 4828 3313 4911; baseline 0.015 -28"><span class='ocrx_word' id='word_1_900' title='bbox 1716 4828 1857 4885; x_wconf 86' lang='lat' dir='ltr'><strong>Deus</strong></span> <span class='ocrx_word' id='word_1_901' title='bbox 1904 4830 2115 4901; x_wconf 88' lang='lat' dir='ltr'><strong>plebem</strong></span> <span class='ocrx_word' id='word_1_902' title='bbox 2164 4852 2351 4905; x_wconf 88' lang='lat' dir='ltr'><strong>suam,</strong></span> <span class='ocrx_word' id='word_1_903' title='bbox 2379 4853 2536 4909; x_wconf 89' lang='lat' dir='ltr'><strong>quam</strong></span> <span class='ocrx_word' id='word_1_904' title='bbox 2570 4844 2859 4911; x_wconf 75' lang='lat' dir='ltr'><strong>prtescivit.</strong></span> <span class='ocrx_word' id='word_1_905' title='bbox 2892 4845 2977 4901; x_wconf 85' lang='lat' dir='ltr'><strong>An</strong></span> <span class='ocrx_word' id='word_1_906' title='bbox 3008 4848 3232 4905; x_wconf 87' lang='lat' dir='ltr'><strong>nescitis</strong></span> <span class='ocrx_word' id='word_1_907' title='bbox 3259 4850 3313 4907; x_wconf 92' lang='lat' dir='ltr'><strong>in</strong></span> 
     </span>
    </p>
   </div>
   <div class='ocr_carea' id='block_1_110' title="bbox 1716 4924 3316 5017">
    <p class='ocr_par' dir='ltr' id='par_1_110' title="bbox 1716 4924 3316 5017">
     <span class='ocr_line' id='line_1_110' title="bbox 1716 4924 3316 5017; baseline 0.015 -38"><span class='ocrx_word' id='word_1_908' title='bbox 1716 4924 1834 4981; x_wconf 87' lang='lat' dir='ltr'><strong>Elia</strong></span> <span class='ocrx_word' id='word_1_909' title='bbox 1857 4927 1984 4998; x_wconf 88' lang='lat' dir='ltr'><strong>quid</strong></span> <span class='ocrx_word' id='word_1_910' title='bbox 2014 4929 2140 4985; x_wconf 90' lang='lat' dir='ltr'><strong>dicit</strong></span> <span class='ocrx_word' id='word_1_911' title='bbox 2176 4931 2493 5002; x_wconf 90' lang='lat' dir='ltr'><strong>Scriptura:</strong></span> <span class='ocrx_word' id='word_1_912' title='bbox 2517 4938 2974 5007; x_wconf 89' lang='lat' dir='ltr'><strong>quemadmodum</strong></span> <span class='ocrx_word' id='word_1_913' title='bbox 3005 4943 3316 5017; x_wconf 83' lang='lat' dir='ltr'><strong>interpellat</strong></span> 
     </span>
    </p>
   </div>
   <div class='ocr_carea' id='block_1_111' title="bbox 1715 5018 3316 5107">
    <p class='ocr_par' dir='ltr' id='par_1_111' title="bbox 1715 5018 3316 5107">
     <span class='ocr_line' id='line_1_111' title="bbox 1715 5018 3316 5107; baseline 0.016 -35"><span class='ocrx_word' id='word_1_914' title='bbox 1715 5018 1886 5074; x_wconf 91' lang='lat' dir='ltr'><strong>Deum</strong></span> <span class='ocrx_word' id='word_1_915' title='bbox 1934 5020 2221 5079; x_wconf 86' lang='lat' dir='ltr'><strong>adversum</strong></span> <span class='ocrx_word' id='word_1_916' title='bbox 2278 5024 2483 5083; x_wconf 85' lang='lat' dir='ltr'><strong>Israel?</strong></span> <span class='ocrx_word' id='word_1_917' title='bbox 2533 5028 2791 5101; x_wconf 86' lang='lat' dir='ltr'><strong>Demine,</strong></span> <span class='ocrx_word' id='word_1_918' title='bbox 2844 5035 3136 5107; x_wconf 83' lang='lat' dir='ltr'><strong>pmphctas</strong></span> <span class='ocrx_word' id='word_1_919' title='bbox 3194 5050 3316 5097; x_wconf 91' lang='lat' dir='ltr'><strong>tuos</strong></span> 
     </span>
    </p>
   </div>
   <div class='ocr_carea' id='block_1_112' title="bbox 1713 5108 3313 5200">
    <p class='ocr_par' dir='ltr' id='par_1_112' title="bbox 1713 5108 3313 5200">
     <span class='ocr_line' id='line_1_112' title="bbox 1713 5108 3313 5200; baseline 0.017 -37"><span class='ocrx_word' id='word_1_920' title='bbox 1713 5108 2064 5180; x_wconf 89' lang='lat' dir='ltr'><strong>occiderunt,</strong></span> <span class='ocrx_word' id='word_1_921' title='bbox 2088 5114 2276 5170; x_wconf 87' lang='lat' dir='ltr'><strong>altaria</strong></span> <span class='ocrx_word' id='word_1_922' title='bbox 2320 5124 2409 5172; x_wconf 88' lang='lat' dir='ltr'><strong>tua</strong></span> <span class='ocrx_word' id='word_1_923' title='bbox 2437 5119 2775 5179; x_wconf 80' lang='lat' dir='ltr'><strong>suﬂ‘oderunt</strong></span> <span class='ocrx_word' id='word_1_924' title='bbox 2814 5141 2827 5179; x_wconf 89' lang='lat'><strong>:</strong></span> <span class='ocrx_word' id='word_1_925' title='bbox 2868 5135 2921 5181; x_wconf 92' lang='lat' dir='ltr'><strong>et</strong></span> <span class='ocrx_word' id='word_1_926' title='bbox 2949 5143 3049 5200; x_wconf 83' lang='lat' dir='ltr'><strong>ego</strong></span> <span class='ocrx_word' id='word_1_927' title='bbox 3093 5132 3313 5190; x_wconf 90' lang='lat' dir='ltr'><strong>relictus</strong></span> 
     </span>
    </p>
   </div>
   <div class='ocr_carea' id='block_1_113' title="bbox 1712 5205 3309 5299">
    <p class='ocr_par' dir='ltr' id='par_1_113' title="bbox 1712 5205 3309 5299">
     <span class='ocr_line' id='line_1_113' title="bbox 1712 5205 3309 5299; baseline 0.018 -42"><span class='ocrx_word' id='word_1_928' title='bbox 1712 5216 1830 5258; x_wconf 88' lang='lat' dir='ltr'><strong>sum</strong></span> <span class='ocrx_word' id='word_1_929' title='bbox 1862 5205 2041 5274; x_wconf 83' lang='lat' dir='ltr'><strong>solus,</strong></span> <span class='ocrx_word' id='word_1_930' title='bbox 2085 5216 2139 5263; x_wconf 91' lang='lat' dir='ltr'><strong>et</strong></span> <span class='ocrx_word' id='word_1_931' title='bbox 2178 5222 2432 5279; x_wconf 85' lang='lat' dir='ltr'><strong>quaerunt</strong></span> <span class='ocrx_word' id='word_1_932' title='bbox 2476 5215 2712 5271; x_wconf 90' lang='lat' dir='ltr'><strong>animam</strong></span> <span class='ocrx_word' id='word_1_933' title='bbox 2767 5234 2965 5277; x_wconf 91' lang='lat' dir='ltr'><strong>meam.</strong></span> <span class='ocrx_word' id='word_1_934' title='bbox 3022 5223 3129 5281; x_wconf 91' lang='lat' dir='ltr'><strong>Sed</strong></span> <span class='ocrx_word' id='word_1_935' title='bbox 3180 5229 3309 5299; x_wconf 90' lang='lat' dir='ltr'><strong>quid</strong></span> 
     </span>
    </p>
   </div>
   <div class='ocr_carea' id='block_1_114' title="bbox 1712 5294 3312 5391">
    <p class='ocr_par' dir='ltr' id='par_1_114' title="bbox 1712 5294 3312 5391">
     <span class='ocr_line' id='line_1_114' title="bbox 1712 5294 3312 5391; baseline 0.018 -42"><span class='ocrx_word' id='word_1_936' title='bbox 1712 5294 1843 5350; x_wconf 90' lang='lat' dir='ltr'><strong>dicit</strong></span> <span class='ocrx_word' id='word_1_937' title='bbox 1873 5296 1952 5351; x_wconf 92' lang='lat' dir='ltr'><strong>illi</strong></span> <span class='ocrx_word' id='word_1_938' title='bbox 1983 5297 2222 5355; x_wconf 90' lang='lat' dir='ltr'><strong>divinum</strong></span> <span class='ocrx_word' id='word_1_939' title='bbox 2263 5308 2633 5373; x_wconf 82' lang='lat' dir='ltr'><strong>responsum?</strong></span> <span class='ocrx_word' id='word_1_940' title='bbox 2675 5308 2891 5383; x_wconf 85' lang='lat' dir='ltr'><strong>Reliqui</strong></span> <span class='ocrx_word' id='word_1_941' title='bbox 2928 5314 3063 5371; x_wconf 89' lang='lat' dir='ltr'><strong>mihi</strong></span> <span class='ocrx_word' id='word_1_942' title='bbox 3103 5294 3312 5391; x_wconf 76' lang='lat' dir='ltr'><strong>septem</strong></span> 
     </span>
    </p>
   </div>
   <div class='ocr_carea' id='block_1_115' title="bbox 1714 5385 3314 5477">
    <p class='ocr_par' dir='ltr' id='par_1_115' title="bbox 1714 5385 3314 5477">
     <span class='ocr_line' id='line_1_115' title="bbox 1714 5385 3314 5477; baseline 0.019 -40"><span class='ocrx_word' id='word_1_943' title='bbox 1714 5385 1880 5441; x_wconf 90' lang='lat' dir='ltr'><strong>millia</strong></span> <span class='ocrx_word' id='word_1_944' title='bbox 1931 5387 2206 5458; x_wconf 89' lang='lat' dir='ltr'><strong>virorum,</strong></span> <span class='ocrx_word' id='word_1_945' title='bbox 2261 5392 2355 5462; x_wconf 88' lang='lat' dir='ltr'><strong>qui</strong></span> <span class='ocrx_word' id='word_1_946' title='bbox 2401 5409 2508 5452; x_wconf 93' lang='lat' dir='ltr'><strong>non</strong></span> <span class='ocrx_word' id='word_1_947' title='bbox 2562 5411 2925 5459; x_wconf 88' lang='lat' dir='ltr'><strong>curvaverunt</strong></span> <span class='ocrx_word' id='word_1_948' title='bbox 2961 5420 3136 5477; x_wconf 89' lang='lat' dir='ltr'><strong>genua</strong></span> <span class='ocrx_word' id='word_1_949' title='bbox 3184 5422 3314 5470; x_wconf 88' lang='lat' dir='ltr'><strong>ante</strong></span> 
     </span>
    </p>
   </div>
   <div class='ocr_carea' id='block_1_116' title="bbox 1715 5478 3312 5571">
    <p class='ocr_par' dir='ltr' id='par_1_116' title="bbox 1715 5478 3312 5571">
     <span class='ocr_line' id='line_1_116' title="bbox 1715 5478 3312 5571; baseline 0.021 -38"><span class='ocrx_word' id='word_1_950' title='bbox 1715 5478 1864 5537; x_wconf 88' lang='lat' dir='ltr'><strong>Baal.</strong></span> <span class='ocrx_word' id='word_1_951' title='bbox 1896 5482 1986 5538; x_wconf 89' lang='lat' dir='ltr'><strong>Sic</strong></span> <span class='ocrx_word' id='word_1_952' title='bbox 2008 5496 2136 5556; x_wconf 85' lang='lat' dir='ltr'><strong>ergo</strong></span> <span class='ocrx_word' id='word_1_953' title='bbox 2158 5495 2212 5542; x_wconf 92' lang='lat' dir='ltr'><strong>et</strong></span> <span class='ocrx_word' id='word_1_954' title='bbox 2239 5486 2294 5543; x_wconf 91' lang='lat' dir='ltr'><strong>in</strong></span> <span class='ocrx_word' id='word_1_955' title='bbox 2316 5486 2420 5546; x_wconf 89' lang='lat' dir='ltr'><strong>hoc</strong></span> <span class='ocrx_word' id='word_1_956' title='bbox 2447 5498 2712 5567; x_wconf 88' lang='lat' dir='ltr'><strong>tempore,</strong></span> <span class='ocrx_word' id='word_1_957' title='bbox 2745 5498 2986 5571; x_wconf 64' lang='lat' dir='ltr'><strong>reliquiae</strong></span> <span class='ocrx_word' id='word_1_958' title='bbox 3007 5506 3312 5568; x_wconf 87' lang='lat' dir='ltr'><strong>secundum</strong></span> 
     </span>
    </p>
   </div>
   <div class='ocr_carea' id='block_1_117' title="bbox 1792 5638 3316 5743">
    <p class='ocr_par' dir='ltr' id='par_1_117' title="bbox 1792 5638 3316 5743">
     <span class='ocr_line' id='line_1_117' title="bbox 1792 5638 3316 5743; baseline 0.018 -41"><span class='ocrx_word' id='word_1_959' title='bbox 1792 5638 2544 5743; x_wconf 33' lang='grc' dir='ltr'>ζξιέὺξιιηξξι-ξιιιιιίιιηιηβη</span> <span class='ocrx_word' id='word_1_960' title='bbox 2575 5656 2722 5743; x_wconf 53' lang='grc' dir='ltr'><strong>φνεῖ,</strong></span> <span class='ocrx_word' id='word_1_961' title='bbox 2736 5660 2899 5743; x_wconf 27' lang='lat' dir='ltr'><strong>“quod</strong></span> <span class='ocrx_word' id='word_1_962' title='bbox 2914 5663 3141 5743; x_wconf 76' lang='lat' dir='ltr'><strong>quidem</strong></span> <span class='ocrx_word' id='word_1_963' title='bbox 3168 5686 3316 5743; x_wconf 86' lang='lat' dir='ltr'><strong>pro-</strong></span> 
     </span>
    </p>
   </div>
   <div class='ocr_carea' id='block_1_118' title="bbox 1717 5722 3319 5846">
    <p class='ocr_par' dir='ltr' id='par_1_118' title="bbox 1717 5722 3319 5846">
     <span class='ocr_line' id='line_1_118' title="bbox 1717 5722 3319 5846; baseline 0.024 -79"><span class='ocrx_word' id='word_1_964' title='bbox 1717 5722 2001 5846; x_wconf 49' lang='lat' dir='ltr'><strong>:arztégtin</strong></span> <span class='ocrx_word' id='word_1_965' title='bbox 2050 5722 2236 5793; x_wconf 86' lang='lat' dir='ltr'><strong>paucis</strong></span> <span class='ocrx_word' id='word_1_966' title='bbox 2271 5739 2489 5800; x_wconf 88' lang='lat' dir='ltr'><strong>quoque</strong></span> <span class='ocrx_word' id='word_1_967' title='bbox 2511 5722 2543 5788; x_wconf 82' lang='grc' dir='ltr'><strong>ε</strong></span> <span class='ocrx_word' id='word_1_968' title='bbox 2578 5722 2789 5791; x_wconf 64' lang='lat' dir='ltr'><strong>Graecis</strong></span> <span class='ocrx_word' id='word_1_969' title='bbox 2826 5722 3140 5801; x_wconf 47' lang='lat' dir='ltr'><strong>codicibus</strong></span> <span class='ocrx_word' id='word_1_970' title='bbox 3162 5722 3319 5805; x_wconf 68' lang='lat' dir='ltr'><strong>inve-</strong></span> 
     </span>
    </p>
   </div>
  </div>
