3920 6200
725 222 828 280 τῦὐ

1733 223 1791 275 8.
1835 217 2208 274 lllERONYMl
2253 212 2316 267 Dl

2423 209 2485 268 ΙΑ
2529 208 3001 267 ΒιΒιιιυτιιειλΑ.
3859 218 3900 273 iit

723 340 794 392 cl,
817 342 1049 392 pugnem
1077 337 1261 408 gratia:
1291 336 1450 390 ,ηιγω
1481 335 1636 389 [θείω
1662 346 1805 390 sum,
1917 344 2098 387 ςιιιιιιηι
2130 333 2324 403 ἕκητι,
2357 327 2404 386 Α
2433 332 2490 377 et
2517 323 2758 375 scienti-.0
2791 324 2880 374 L‘ci
2914 339 2926 372 ε
2957 335 3116 390 quam
3147 318 3703 390 incomprehensibilia
3723 327 3899 392 διιιιῖξιιιὶξ

720 429 828 499 jam
867 447 972 483 non
1002 445 1068 484 ex
1116 429 1377 496 Operibus
1408 446 1419 480 :
1453 427 1690 498 alioquin
1732 428 1903 498 gratia
1931 426 2041 496 jam
2083 441 2192 479 non
2243 432 2327 479 est

723 522 918 590 gratia.
947 521 1084 588 Quid
1112 522 1288 591 ergo?
1329 520 1470 590 quod
1511 520 1787 590 quierebat
1819 519 1980 574 Israel
2009 562 2023 583 ,
2073 517 2177 572 hoc
2219 531 2323 571 non

723 621 805 666 est
826 622 1150 666 consecutus
1179 629 1193 665 :
1231 612 1425 667 electio
1452 624 1631 667 autem
1658 620 1948 666 consecuta
1977 620 2060 665 cst
2095 627 2107 662 :
2143 605 2326 664 ea-teri

725 721 852 759 vero
880 705 1136 760 exczccati
1161 714 1289 759 sunt
1317 721 1333 758 :
1392 706 1526 758 sicut
1559 706 1818 775 scriptum
1847 714 1933 758 est
1963 721 1975 756 :
2012 703 2171 760 Dedit
2223 701 2328 757 illis

721 796 867 851 Dens
904 797 1154 867 spiritum
1198 799 1636 867 cotnpnnctionis
1665 815 1679 850 :
1711 797 1900 852 oculos
1926 837 1940 859 ,
1985 805 2041 849 ιιι
2093 810 2202 850 non
2247 796 2327 849 vi-

720 890 916 954 deant,
946 901 1002 946 et
1027 905 1217 959 aures,
1252 902 1306 944 ttt
1333 907 1437 946 non
1462 890 1705 957 audiam,
1736 905 1906 960 usque
1926 890 1976 944 in
2006 889 2326 945 hodiernum

720 984 886 1040 diem.
920 985 988 1039 Et
1020 985 1188 1040 David
1218 984 1352 1040 dicit
1380 1001 1394 1042 :
1429 984 1546 1038 Fiat
1569 1001 1753 1038 mensa
1782 999 1970 1040 eurum
1998 984 2049 1038 iu
2071 982 2324 1054 laqueum

717 1086 774 1131 ct
803 1078 857 1132 in
887 1077 1194 1147 captionem
1219 1118 1234 1143 ,
1290 1087 1343 1132 et
1387 1077 1440 1131 in
1479 1077 1829 1145 scandalum,
1870 1085 1926 1130 et
1981 1075 2032 1129 in
2088 1073 2324 1128 retribu-

718 1168 927 1224 tionem
957 1169 1091 1224 illis.
1122 1169 1500 1224 Obscureutur
1521 1168 1667 1224 oeuli
1713 1181 1901 1222 eorum
1921 1207 1934 1231 ,
1970 1181 2039 1221 ue
2065 1165 2324 1219 videant:

718 1273 772 1317 ct
805 1262 1029 1318 dorsum
1054 1278 1243 1318 eorum
1267 1279 1485 1333 semper
1519 1264 1761 1318 incurva.
1799 1261 1932 1316 Dico
1963 1274 2128 1328 ergo:
2154 1257 2325 1312 Num-

721 1356 848 1426 quid
880 1356 956 1410 sic
981 1356 1326 1414 offenderunt
1351 1367 1406 1411 ut
1430 1355 1730 1412 caderent?
1759 1354 1936 1410 Absit.
1969 1352 2077 1409 Sed
2110 1351 2323 1407 illorum

723 1447 923 1504 delicto
951 1450 1098 1502 salus
1120 1458 1205 1505 est
1236 1449 1520 1520 gentibus,
1549 1458 1607 1503 ut
1641 1448 1767 1503 illos
1789 1446 2137 1501 aemulentur.
2171 1442 2325 1510 Quod

722 1542 769 1599 si
793 1542 1050 1598 delictum
1086 1543 1302 1599 illorum
1327 1543 1528 1598 divitia:
1560 1550 1687 1596 sunt
1712 1540 1935 1606 mundi,
1960 1547 2016 1593 et
2039 1537 2326 1594 diminutio

723 1651 912 1692 eorum
967 1636 1176 1691 divitiae
1221 1636 1510 1707 gentium:
1562 1644 1764 1704 quanto
1821 1632 1991 1702 magis
2045 1629 2324 1700 plenitudo

2432 416 2514 472 cia
2572 420 2720 485 ejus,
2781 427 2834 469 ‹·ι
2885 415 3297 484 investigabiles
3342 413 3446 468 vise
3495 415 3656 483 ejus!
3693 416 3798 484 Quis
3829 423 3899 472 enin

2431 512 2687 578 cognovit
2713 522 2933 563 sensum
2967 507 3176 561 Domini
3206 507 3228 558 2
3257 506 3365 560 Aut
3393 507 3512 576 quis
3541 510 3832 562 ronsilistius
3851 514 3899 578 riu

2432 601 2577 656 fuit?
2613 603 2722 657 Aut
2761 602 2884 673 quis
2927 602 3078 673 prior
3117 600 3268 656 dedit
3317 599 3434 666 illi,
3463 610 3518 656 et
3549 601 3829 656 rettibuetttt
3865 608 3893 656 ri

2430 696 2696 765 Quoniam
2724 711 2791 752 es
2819 696 2970 766 ipso,
3000 705 3054 750 et
3078 709 3174 764 per
3213 694 3389 764 ipsum
3408 739 3423 760 ,
3455 706 3513 749 et
3533 695 3586 748 in
3614 695 3718 764 ipso
3741 707 3835 749 sunt
3854 713 3899 748 on

2434 789 2521 842 nia
2553 805 2566 840 :
2599 788 2700 857 ipsi
2730 787 2899 857 gloria
2929 788 2982 838 in
3010 787 3207 841 smcula
3239 784 3384 856 [ιιι.
3419 786 3672 840 ειςιιιιιιιι
3701 789 3728 855 1.
3755 791 3890 841 Amen.

2504 879 2656 950 [ϐαρ.
2686 877 2828 947 Xll.]
2860 878 3101 933 Obsecro
3134 877 3314 947 itaque
3338 892 3457 942 vos,
3492 879 3698 943 fratres,
3727 895 3800 947 per
3824 882 3899 932 mist

2431 971 2721 1026 ricordiatn
2763 970 2881 1033 Dei,
2911 981 2968 1024 ut
3000 970 3304 1025 exbibeatis
3326 984 3554 1038 corpora
3579 981 3742 1025 vestra
3767 970 3900 1026 bibllll

2431 1064 2736 1128 viventem,
2783 1071 3049 1126 sanctam,
3088 1063 3196 1116 Deo
3230 1061 3551 1129 placentem,
3580 1063 3848 1117 rationabile
3867 1065 3899 1116 vl

2429 1157 2677 1227 sequium
2708 1164 2974 1211 vestrum.
3009 1153 3078 1209 Et
3109 1155 3277 1209 nolite
3302 1153 3626 1209 omniurn-ari
3653 1154 3762 1210 bnie
3775 1155 3899 1210 secuit

2429 1249 2526 1304 sed
2548 1248 2917 1306 reformamini
2952 1248 3003 1302 in
3031 1247 3272 1302 novitate
3301 1260 3494 1302 sensus
3518 1246 3708 1301 vestri:
3734 1257 3780 1300 ut
3799 1249 3900 1316 prob

2431 1341 2499 1395 tis
2522 1357 2644 1410 qua:
2665 1341 2735 1395 sit
2758 1340 3011 1395 voluntas
3038 1338 3134 1394 Dei
3155 1338 3318 1400 bona,
3342 1347 3400 1394 et
3420 1338 3775 1408 beneplacens,
3791 1349 3834 1393 et
3852 1355 3898 1408 pe

2429 1433 2586 1489 fecta.
2625 1433 2752 1489 Dico
2795 1434 2941 1488 enim
2995 1448 3088 1502 per
3128 1433 3357 1502 gratiam
3406 1447 3528 1502 qua:
3558 1431 3673 1487 data
3712 1443 3780 1488 est
3821 1433 3899 1486 llllll

2427 1524 2680 1579 omnibus
2707 1527 2801 1596 qui
2838 1533 2966 1580 sunt
2995 1525 3138 1580 inter
3183 1538 3318 1579 vos:
3349 1523 3468 1580 Non
3500 1524 3612 1593 plus
3641 1539 3809 1591 sapere
3826 1539 3899 1593 qua

2430 1631 2645 1688 oportet
2691 1634 2883 1688 sapere
2907 1660 2922 1683 ,
2954 1620 3050 1674 sed
3079 1633 3272 1688 sapere
3300 1619 3368 1673 ad
3417 1619 3762 1682 sobrietatem,
3791 1628 3838 1672 et
3859 1635 3900 1671 ιιι

722 1729 953 1784 eorum?
986 1730 1147 1786 \‘obis
1173 1730 1320 1784 enim
1346 1729 1468 1785 dico
1489 1729 1739 1798 gentibus
1770 1746 1782 1780 :
1807 1724 2076 1794 Quamdiu
2105 1723 2323 1795 quidem
2357 1708 2401 1769 Β
2430 1714 2624 1784 cuique
2655 1715 2794 1768 sicut
2819 1713 2961 1768 Deus
2988 1711 3171 1767 divisit
3204 1727 3515 1768 mensuram
3533 1711 3664 1766 fidei.
3686 1711 3821 1766 Slcut
3841 1715 3899 1765 cat

723 1835 826 1890 ego
850 1836 968 1875 sum
997 1823 1236 1890 gentium
1271 1823 1551 1891 apostolus
1571 1863 1585 1886 ,
1616 1821 1972 1876 ministerium
2019 1834 2196 1873 meum
2229 1817 2326 1874 hoc

725 1911 1058 1978 norilicabo,
1088 1913 1132 1966 si
1179 1912 1456 1982 quomodo
1511 1913 1575 1967 ad
1630 1911 1994 1967 aemulandum
2039 1923 2324 1979 provocem

724 2018 943 2058 Carnem
978 2019 1154 2057 meam
1175 2044 1188 2066 ,
1219 2016 1272 2058 et
1300 2004 1481 2058 salvos
1522 2003 1713 2058 faciam
1743 2006 1957 2073 aliquos
1984 2019 2053 2057 ex
2091 2003 2218 2057 illis.
2269 2000 2325 2058 Si

723 2097 868 2151 enim
897 2097 1120 2152 amissio
1147 2112 1368 2162 eorum,
1399 2098 1774 2153 reconciliatio
1803 2107 1885 2152 est
1913 2097 2099 2152 mundi
2143 2112 2157 2149 :
2207 2111 2327 2165 qua:

727 2189 1059 2258 assumptio,
1103 2188 1204 2244 nisi
1238 2190 1341 2244 vita
1385 2205 1450 2244 ex
1482 2190 1748 2244 mortuis?
1775 2189 1930 2257 Quod
1975 2191 2022 2245 si
2068 2187 2327 2244 delibatio

725 2292 914 2335 sancta
943 2292 1064 2345 est,
1097 2293 1150 2337 et
1175 2297 1351 2337 massa
1377 2301 1391 2336 :
1416 2292 1471 2338 et
1510 2283 1553 2337 si
1600 2281 1753 2337 radix
1799 2292 1984 2338 sancta
2010 2325 2026 2349 ,
2059 2293 2115 2338 et
2167 2282 2324 2338 rami.

722 2373 876 2438 Quod
907 2374 952 2429 si
1004 2374 1166 2445 aliqui
1214 2390 1279 2430 ex
1310 2375 1476 2430 ramis
1500 2374 1659 2430 fracti
1683 2383 1842 2440 sunt,
1889 2384 1946 2430 tu
1976 2384 2158 2429 autem
2203 2390 2325 2429 eutn

722 2467 960 2521 oleaster
987 2482 1168 2534 esses,
1205 2469 1438 2524 insertus
1465 2483 1524 2523 es
1547 2468 1600 2522 in
1627 2467 1766 2534 illis,
1797 2477 1851 2523 et
1873 2467 2056 2523 socius
2100 2465 2327 2531 radicis,

723 2569 776 2615 et
807 2561 1151 2632 pinguedinis
1179 2563 1338 2616 olivze
1360 2561 1533 2618 factus
1559 2577 1618 2617 es
1638 2604 1653 2628 ,
1683 2561 1793 2617 noli
1817 2562 2042 2633 gloriari
2069 2562 2330 2616 adversus

723 2667 927 2707 ramos.
953 2653 1108 2719 Quod
1132 2653 1177 2708 si
1206 2653 1498 2724 gloriaris:
1552 2669 1659 2708 non
1707 2665 1763 2708 tu
1815 2652 2052 2709 radicem
2104 2662 2287 2722 portas
2311 2691 2327 2717 ,

722 2745 818 2801 sed
843 2746 994 2800 radix
1045 2755 1118 2802 te.
1144 2746 1302 2803 Dices
1341 2761 1474 2818 ergo
1503 2763 1517 2800 :
1555 2745 1732 2802 Fracti
1764 2755 1889 2801 sunt
1915 2746 2053 2801 rami
2081 2786 2097 2810 ,
2130 2755 2185 2800 ut
2229 2759 2330 2816 ego

725 2841 954 2898 inserar.
1001 2842 1187 2899 Bene:
1221 2851 1440 2913 propter
1488 2841 1925 2898 incredulitatem
1976 2838 2129 2895 fracti
2179 2849 2325 2896 sunt.

721 2933 803 2989 Tu
833 2944 1013 2989 autem
1062 2935 1166 2990 tide
1197 2946 1350 2991 stas:
1403 2935 1514 2990 noli
1555 2936 1720 2989 altum
1755 2949 1982 3003 sapere,
2027 2933 2124 2990 sed
2176 2931 2327 2994 time,

670 3035 675 3040 '
723 3024 782 3082 Si
813 3028 960 3080 enim
1010 3026 1153 3082 Deus
1212 3028 1550 3083 naturalibus
1582 3029 1746 3082 ramis
1777 3041 1886 3082 non
1919 3027 2162 3096 pepercit
2193 3043 2207 3078 :
2263 3039 2332 3080 tte

2433 1808 2484 1861 in
2519 1823 2628 1862 uno
2658 1821 2890 1876 corpore
2918 1806 3084 1860 multa
3123 1805 3370 1861 membra
3402 1804 3676 1872 habemus,
3698 1804 3845 1858 omnia
3871 1819 3900 1856 at

2431 1907 2543 1954 tem
2582 1899 2821 1953 membra
2855 1914 2962 1953 non
2999 1897 3250 1954 eumdem
3290 1907 3471 1953 actum
3502 1896 3720 1952 habent:
3754 1895 3813 1948 ita
3833 1911 3895 1948 mu

2433 2008 2597 2047 unum
2626 2007 2824 2063 corptts
2854 2006 3041 2047 sumus
3077 1993 3131 2046 in
3160 1990 3408 2056 ChriSto,
3440 1990 3637 2060 singuli
3665 1998 3815 2044 autem
3844 1987 3899 2040 alt

2431 2087 2660 2142 alterius
2690 2086 2956 2141 membra.
2985 2084 3259 2139 Habentes
3289 2091 3472 2138 autem
3493 2083 3784 2138 denationes
3805 2093 3899 2134 scut

2434 2182 2563 2234 dum
2610 2181 2873 2248 gratiam,
2904 2193 3027 2248 qua:
3051 2177 3175 2232 da'a
3207 2188 3292 2233 est
3317 2176 3501 2244 nobis,
3531 2174 3808 2231 differentes
3831 2191 3843 2236 ι
3863 2173 3899 2224 si

2433 2273 2772 2343 prophetiam
2801 2272 3101 2328 secundum
3140 2271 3403 2326 rationem
3437 2269 3594 2334 ﬁdei,
3623 2269 3728 2324 sive
3765 2270 3899 2322 misisti

2432 2365 2574 2420 rium
2604 2365 2656 2419 itt
2689 2363 3067 2431 ministrando,
3100 2364 3214 2419 sive
3245 2364 3335 2434 qui
3362 2364 3526 2418 docet
3568 2362 3620 2417 in
3648 2361 3900 2428 doctrina,q

2430 2458 2753 2516 exhortatur
2769 2465 2793 2493 ι
2811 2458 2862 2512 in
2891 2455 3350 2526 eshortando,qui
3373 2456 3570 2510 tribuit
3589 2454 3640 2510 in
3667 2453 3899 2522 sintplicitat

2431 2553 2521 2621 qui
2561 2558 2759 2621 prsccst
2790 2550 2842 2604 in
2864 2548 3230 2605 sollicitudine
3259 2588 3276 2616 ,
3317 2549 3405 2618 qui
3442 2548 3721 2603 miseretur
3744 2547 3787 2599 in
3811 2543 3900 2598 ltilat

2435 2653 2566 2698 tate.
2596 2643 2824 2698 Dilectio
2852 2644 2971 2699 sine
3000 2641 3364 2698 simulatione.
3396 2640 3654 2696 Odienles
3683 2639 3858 2698 malum,
3878 2653 3899 2686 ω

2440 2733 2715 2790 ιιιιπειιιεε
2746 2735 2888 2790 ιιοιιο
2917 2753 2929 2788 :
2954 2733 3234 2790 Cltaritate
3264 2733 3626 2789 fraternitatis
3654 2732 3840 2788 invicem
3859 2729 3899 2782 (ιιι

2432 2839 2656 2898 gentes:
2689 2829 2906 2885 llonore
2938 2829 3168 2884 invicem
3201 2828 3633 2896 praevenientes:
3659 2821 3900 2883 Sollicitntlit

2434 2937 2540 2976 non
2589 2923 2764 2992 pigri:
2819 2921 3024 2992 Spit-i-u
3067 2925 3374 2978 ferventes:
3432 2921 3659 2977 Domino
3687 2919 3900 2980 semente:

2433 3015 2541 3083 Spe
2561 3015 2889 3084 gaudentes:
2913 3015 2968 3069 ιιι
2994 3015 3345 3071 tribulatione
3369 3015 3667 3084 patientes:
3683 3003 3900 3075 Orationii

722 3117 865 3174 forte
892 3135 988 3175 nec
1009 3119 1105 3174 tibi
1139 3129 1341 3190 parcat,
1379 3119 1514 3176 Vide
1553 3136 1683 3189 ergo
1716 3121 2042 3186 bonitatem,
2092 3127 2146 3173 et
2175 3130 2329 3172 seve-
2354 3098 2399 3161 (Σ
2433 3118 2678 3164 stantes:
2715 3107 3142 3164 Necessitatibus
3187 3120 3506 3165 sanctorum
3537 3108 3898 3165 communicauit

722 3208 936 3263 ritatem
964 3209 1058 3264 Dei
1091 3227 1103 3262 :
1129 3212 1181 3264 ιιι
1208 3225 1305 3266 eos
1335 3211 1553 3281 quidem
1577 3251 1594 3276 ,
1618 3211 1708 3281 qtti
1739 3210 2088 3276 ceciderunt,
2124 3210 2329 3264 severi-

723 3309 928 3357 tatem:
974 3304 1024 3357 in
1069 3313 1121 3358 te
1146 3313 1329 3359 autem
1366 3304 1661 3360 bonitatem
1691 3304 1782 3358 Dei
1810 3344 1825 3370 ,
1875 3304 1919 3357 si
1963 3300 2328 3370 permanseris

721 3393 775 3448 in
808 3393 1084 3462 bonitate,
1114 3395 1351 3465 alioquin
1374 3406 1428 3451 et
1460 3405 1514 3449 tu
1553 3395 1846 3451 excideris.
1878 3395 1986 3450 Sed
2018 3405 2072 3450 et
2122 3394 2232 3457 illi,
2280 3395 2326 3448 si

721 3503 830 3542 non
863 3490 1262 3558 permanserint
1309 3490 1362 3544 in
1394 3489 1801 3556 incredulitate,
1832 3492 2138 3546 inserentur
2168 3508 2182 3544 :
2233 3505 2327 3558 po-

721 3589 842 3634 tcns
869 3589 951 3634 est
981 3578 1125 3635 enim
1157 3579 1299 3636 Deus
1330 3581 1526 3636 iterum
1560 3581 1797 3636 inserere
1829 3581 1969 3637 illos.
2018 3581 2151 3636 Nam
2193 3582 2241 3636 si
2272 3592 2324 3637 tu

721 3689 787 3728 ex
831 3673 1061 3728 naturali
1092 3674 1309 3729 excisus
1331 3687 1392 3729 es
1419 3673 1658 3728 oleastro
1679 3714 1694 3742 ,
1751 3685 1804 3730 ei
1835 3682 2026 3729 contra
2076 3686 2322 3729 naturam

719 3765 954 3821 insertus
977 3781 1038 3822 es
1085 3768 1138 3822 in
1164 3769 1358 3821 bonam
1415 3766 1651 3820 olivam:
1694 3775 1895 3837 quanto
1925 3766 2182 3837 magisii,
2232 3768 2322 3839 qui

720 3858 1020 3913 secundum
1051 3873 1297 3916 naturam
1321 3860 1632 3916 inserentur
1659 3875 1774 3915 sua:
1801 3860 1998 3915 olivae?
2022 3860 2156 3916 Nolo
2175 3863 2322 3918 enim

721 3966 818 4006 vos
853 3954 1128 4021 ignorare,
1172 3954 1366 4010 fratres
1387 3997 1402 4021 ,
1434 3955 1751 4026 mysterium
1782 3955 1883 4010 ltoc
1941 3955 2035 4016 (ut
2066 3970 2172 4010 non
2203 3955 2324 4011 sitis

724 4043 882 4096 Vobis
912 4042 1045 4113 ipsis
1071 4049 1344 4114 sapientes
1372 4045 1392 4116 )
1417 4086 1433 4112 ,
1468 4047 1590 4116 quia
1633 4047 1850 4102 cmcitas
1897 4062 1962 4102 ex
1995 4055 2144 4117 parte
2194 4062 2324 4103 eon-

722 4131 839 4203 tigit
861 4133 914 4188 in
945 4133 1142 4200 Israel,
1175 4135 1351 4193 donec
1377 4137 1660 4209 plenitudo
1684 4141 1926 4210 gentium
1977 4141 2244 4206 intraret,
2269 4150 2323 4196 et

719 4226 801 4281 sic
821 4228 1000 4282 omnis
1045 4225 1210 4282 Israel
1239 4231 1423 4284 salvus
1479 4229 1670 4297 fieret,
1722 4233 1863 4288 sicut
1905 4234 2169 4304 scriptum
2199 4245 2320 4290 est:

725 4322 918 4402 Veniet
946 4337 1012 4378 ex
1035 4320 1164 4378 Sion
1183 4367 1196 4392 ,
1222 4323 1316 4392 qui
1353 4323 1573 4394 eripiat,
1602 4333 1658 4379 et
1681 4335 1896 4382 avertat
1925 4327 2256 4398 impietatem
2289 4343 2318 4380 a

716 4417 906 4474 Jacob.
939 4416 1008 4472 Et
1037 4416 1142 4472 hoc
1175 4417 1280 4472 illis
1325 4433 1353 4471 a
1404 4432 1491 4473 me
1521 4426 1939 4475 testamentum:
1971 4437 2092 4476 cum
2135 4423 2345 4489 abstu-,

2434 3203 2874 3275 Hospitalitatem
2913 3213 3203 3260 sectantes.
3237 3204 3555 3260 Benedicite
3588 3197 3898 3273 persequentilt

2434 3314 2562 3354 vos:
2593 3299 2930 3366 benedicite,
2962 3309 3016 3356 et
3045 3300 3213 3356 nolite
3243 3299 3596 3355 maledicere.
3629 3294 3840 3354 Gaudere
3857 3303 3898 3344 ctt

2430 3394 2818 3463 gaudentibus,
2852 3393 2988 3450 ﬂere
3029 3409 3154 3449 cum
3193 3393 3490 3448 ﬂentibus:
3537 3391 3758 3459 ldipsutn
3782 3389 3898 3441 invita

2429 3487 2727 3543 sentientes
2757 3505 2768 3540 :
2800 3485 2918 3542 Non
2963 3487 3072 3542 alta
3101 3487 3396 3557 sapientes,
3433 3485 3534 3541 sed
3562 3483 3817 3539 humilibus
3850 3483 3898 3530 rat

2429 3582 2746 3637 sentientes.
2779 3580 2957 3637 Nolite
2979 3595 3099 3638 esse
3125 3580 3424 3651 prudentes
3452 3580 3597 3652 apud
3631 3577 3898 3650 vosmetipsn

2428 3671 2572 3729 Nulli
2607 3674 2804 3729 malum
2841 3690 2937 3743 pro
2963 3674 3106 3728 malo
3153 3671 3478 3729 reddentes:
3525 3669 3827 3743 providentes
3848 3663 3898 3716 ιω

2429 3783 2538 3822 non
2566 3776 2774 3822 tantum
2820 3782 3002 3822 coram
3036 3765 3169 3832 Deo,
3201 3765 3294 3820 sed
3333 3766 3506 3820 etiam
3542 3779 3716 3820 coram
3761 3754 3895 3812 οιιιιιιὶι

2428 3861 2757 3920 hominibus.
2813 3864 2870 3917 Si
2903 3861 3015 3916 ﬁeri
3042 3870 3250 3932 potest,
3303 3859 3454 3930 quod
3500 3875 3567 3915 ex
3595 3856 3736 3914 vobis
3753 3859 3895 3916 estet!

2425 3956 2678 4011 omnibus
2723 3955 3270 4024 ltominibuspacem
3313 3952 3611 4009 habentes:
3650 3949 3896 4006 Nonvosmt

2428 4046 2574 4116 ipsos
2616 4046 2994 4112 defendentes,
3035 4045 3364 4110 charissimi,
3413 4045 3516 4100 sed
3546 4044 3666 4099 date
3692 4035 3896 4096 locumirt

2425 4138 2700 4209 Scriptum
2731 4149 2814 4194 est
2842 4139 2988 4194 enim
3022 4154 3036 4192 :
3067 4137 3198 4193 Mihi
3231 4137 3468 4192 vindicta
3505 4155 3519 4204 ;
3563 4152 3660 4207 ego
3687 4129 3896 4189 retribuam

2424 4231 2555 4286 dicit
2599 4230 2878 4286 Dominus.
2919 4229 3025 4286 Sed
3074 4230 3119 4284 si
3165 4229 3426 4286 esurierit
3457 4228 3830 4285 inimicustuus,
3849 4215 3896 4274 cil

2425 4323 2604 4378 illum:
2637 4324 2682 4378 si
2709 4325 2846 4389 sitit,
2880 4333 3065 4392 potum
3096 4322 3162 4378 da
3195 4321 3293 4377 illi.
3322 4319 3440 4377 Hoc
3468 4323 3612 4378 enim
3643 4318 3827 4378 faciens,
3851 4323 3893 4363 α

2425 4419 2593 4473 bones
2624 4416 2760 4486 ignis
2791 4430 3057 4488 congeres
3096 4430 3259 4485 super
3291 4425 3457 4486 caput
3483 4415 3621 4487 ejus.
3665 4411 3769 4468 Noli
3790 4400 3893 4460 vinci

718 4510 836 4567 lero
854 4519 1070 4581 peccata
1103 4526 1314 4566 eorum.
1341 4511 1654 4567 Secundum
1683 4512 2034 4584 Evangelium
2064 4514 2310 4585 quidem,
2345 4493 2398 4556 Ι)
2423 4510 2584 4574 malo,
2615 4509 2712 4566 sed
2742 4508 2898 4564 vince
2925 4508 2978 4562 in
3013 4509 3156 4564 bono
3184 4507 3408 4563 malum.

719 4604 922 4660 inimici
951 4615 1174 4674 propter
1206 4619 1343 4660 vos:
1384 4605 1682 4660 secundum
1736 4607 2057 4661 electionem
2099 4617 2312 4676 autem,

718 4695 1023 4750 charissimi
1086 4704 1307 4766 propter
1351 4704 1554 4766 patres.
1611 4695 1740 4752 Siue
1791 4696 2108 4766 ptenitcntia
2171 4701 2314 4755 enim

717 4799 842 4842 sunt
871 4788 1009 4843 dona
1037 4796 1094 4844 et
1121 4789 1332 4843 vocatio
1366 4788 1479 4844 Dei.
1535 4789 1688 4845 Sicut
1735 4789 1878 4844 enim
1927 4790 2221 4862 aliquando
2263 4801 2318 4848 et

717 4894 815 4936 vos
840 4897 945 4936 non
978 4881 1287 4938 credidistis
1321 4882 1431 4938 Deo
1459 4925 1473 4950 ,
1508 4897 1651 4937 nunc
1670 4891 1849 4938 autem
1882 4883 2313 4941 misericordiam

717 4975 994 5030 consecuti
1050 4975 1183 5030 estis
1225 4985 1448 5046 propter
1477 4973 1910 5031 incredulitatem
1940 4974 2200 5032 illorum:
2247 4979 2315 5032 ita

715 5076 770 5124 et
797 5068 881 5123 isti
913 5083 1058 5124 nunc
1086 5083 1191 5123 non
1233 5067 1585 5124 crediderunt
1626 5067 1680 5124 in
1716 5078 1951 5124 vestram
2005 5070 2318 5126 misericor-

715 5165 894 5233 diam,
929 5174 1059 5219 utet
1097 5165 1195 5236 ipsi
1240 5165 2123 5242 misericordiamIconsequantur.
2175 5163 2318 5220 Cou-

717 5259 876 5316 clusit
920 5259 1065 5315 cnim
1121 5260 1264 5318 Deus
1291 5259 1473 5316 omnia
1517 5261 1569 5314 iu
1627 5258 2010 5316 incredulitate
2045 5280 2059 5316 :
2092 5269 2151 5315 ut
2199 5273 2316 5315 om-

717 5355 866 5411 nium
915 5355 1260 5412 misereatur.
1317 5355 1362 5412 0
1415 5353 1644 5411 altitudo
1696 5353 2005 5412 divitiarum
2034 5356 2316 5426 sapientia:

789 5528 813 5555 η
864 5516 1108 5573 Pressius
1155 5513 1220 5568 ad
1267 5513 1513 5587 Graecum
1551 5510 1880 5587 exemplar,
1931 5518 1978 5566 Iv
2027 5519 2090 5587 τῇ
2135 5533 2309 5587 napa-

717 5597 914 5656 κλήσει,
948 5588 1175 5643 Palazin.
1224 5601 1353 5651 ms.,
1391 5585 1443 5638 in
1472 5585 1862 5650 exhortatione,
1896 5597 1992 5654 pro
2029 5583 2083 5638 in
2110 5583 2300 5638 exhor-

713 5669 1038 5794 mngoiluxta
1089 5732 1293 5801 aliquot
1347 5727 1570 5784 Graecos
1623 5724 1793 5781 libros
1824 5766 1840 5793 ,
1902 5726 2097 5789 ιῙᾶσαις
2163 5725 2303 5793 ἐξον-

2495 4601 2646 4677 [Cap.
2679 4602 2839 4674 Xlll.|
2867 4600 3058 4657 Omnis
3080 4601 3106 4640 ι’
3135 4603 3314 4656 anima
3347 4598 3691 4670 potestatibus
3723 4587 3894 4649 sublinit

2419 4694 2571 4750 ribus
2593 4695 2808 4752 subdita
2839 4695 2947 4750 sit:
2982 4694 3100 4750 Non
3129 4704 3214 4750 est
3239 4693 3381 4750 enim
3417 4703 3657 4763 potestas
3681 4687 3808 4744 nisi:
3829 4683 3894 4734 Det

2419 4802 2544 4857 (tum
2566 4796 2746 4843 autem
2773 4796 2919 4853 sunt,
2946 4801 2974 4841 a
2999 4786 3114 4842 Deo
3141 4784 3404 4841 ordinata:
3429 4792 3580 4840 sunt.
3606 4783 3768 4850 Itaque
3783 4774 3848 4843 qui
3865 4779 3894 4824 rt

2419 4880 2563 4936 sistit
2607 4881 2880 4952 potestati,
2914 4880 3008 4936 Dei
3039 4879 3366 4936 ordinationi
3414 4877 3638 4934 resistit.
3673 4874 3758 4941 Qui
3801 4873 3894 4920 auw

2418 4973 2683 5029 resistunt
2708 5012 2723 5037 ,
2759 4973 2861 5043 ipsi
2902 4972 3004 5028 sibi
3049 4971 3450 5027 damnationem
3503 4968 3801 5040 acquirunt:
3843 4963 3892 5043 Il

2421 5067 2696 5138 principes
2721 5041 2828 5122 non
2860 5077 2986 5122 sunt
3009 5065 3189 5121 timori
3221 5065 3350 5122 boni
3382 5064 3582 5134 operis,
3610 5061 3699 5118 sed
3724 5041 3891 5112 malim

2418 5171 2600 5217 autem
2650 5177 2757 5217 non
2791 5161 2984 5217 timere
3010 5159 3384 5231 potestatem?
3429 5157 3635 5213 Bonum
3662 5154 3764 5213 lac;
3800 5138 3892 5240 ei“!

2419 5259 2575 5316 bebis
2606 5256 2821 5313 laudem
2851 5270 2917 5310 ex
2947 5254 3070 5309 illa:
3104 5253 3200 5307 Dei
3231 5252 3376 5306 enim
3411 5251 3657 5305 minister
3680 5255 3754 5300 est
3779 5234 3847 5292 tibi
3879 5234 3892 5288 ἰ

2417 5355 2642 5412 bonum.
2660 5351 2716 5406 Si
2739 5360 2919 5406 autem
2945 5347 3142 5403 malum
3166 5344 3385 5412 feceris,
3411 5344 3571 5406 time;
3597 5355 3696 5397 non
3714 5335 3821 5392 enim

2419 5512 2554 5570 σίαις
2607 5507 2999 5580 ὑπερεχούσαις
3051 5500 3414 5580 ύποτθὲῗσεσθί
3443 5499 3582 5580 Li".
3614 5481 3892 5580 PBN”:

2411 5567 2638 5651 legit—ur,
2689 5567 2935 5632 Οηῖἧιὸιιι
2984 5572 3320 5645 potestatibus
3371 5567 3793 5625 sublimioribus:

2409 5660 2588 5709 estote.
