3920 6200
534 184 643 245 ’113

1536 186 1595 245 S.
1638 183 2019 244 IIIERONYIII
2057 183 2291 244 DIVINA
2334 183 2805 242 BIBLIOTHECA.
3714 183 3800 237 7H

539 305 682 358 ritus
709 301 879 358 saneti
900 302 1002 357 :ita
1031 308 1091 357 ut
1115 302 1182 357 ab
1208 302 1513 357 Jerusalem
1540 318 1636 373 per
1660 303 1946 358 circuitum
1972 319 2140 373 usque
2169 307 2215 365 Α
2246 303 2456 357 beravit
2489 303 2542 356 in
2594 302 2767 354 vobis.
2811 299 3057 355 Salutate
3103 296 3477 352 Andronicum
3530 305 3581 351 et
3620 295 3801 353 iniriam

537 397 605 448 ad
634 395 901 466 Illyricum
934 395 1258 463 repltverim
1293 395 1642 465 Evangeliuni
1672 395 1899 450 Christi.
1928 396 2019 451 Sic
2043 411 2139 448 att-

540 494 650 543 tetn
685 485 968 556 praedicari
998 485 1350 556 Evangelium
1374 496 1399 522 ι
1425 486 1549 554 hoc,
1585 503 1690 542 non
1715 487 1801 542 ubi
1833 488 2143 540 nominatus

538 588 625 635 est
648 579 915 645 Christus,
950 593 1018 634 ne
1039 593 1205 650 super
1242 580 1481 634 alienum
1530 578 1943 634 fundamentum
1971 577 2142 632 :editi-

541 689 724 730 carem
752 691 766 726 ε
792 673 888 729 sed
918 673 1063 729 sicut
1088 673 1353 743 scriptum
1377 683 1462 729 est
1493 690 1506 726 :
1537 674 1748 740 Quibus
1780 687 1887 728 non
1919 683 2003 727 est
2045 688 2144 726 au-

541 766 848 822 nuntiatum
893 765 964 822 de
992 780 1082 833 eo,
1114 765 1376 822 videbunt
1403 784 1415 818 :
1446 775 1501 820 et
1530 765 1623 836 qui
1671 781 1777 820 non
1827 764 2142 830 audierunt,

539 860 867 932 intelligent.
911 858 1148 929 Propter
1195 858 1339 930 quod
1384 868 1439 913 et
1482 857 1820 928 impediebar
1850 858 2141 927 plurimum

541 953 732 1009 venire
753 951 819 1006 ad
846 967 945 1007 vos
967 949 996 990 δ
1024 961 1080 1006 et
1103 952 1408 1022 prohibitus
1434 966 1551 1006 sum
1575 966 1749 1022 usque
1771 951 1966 1005 adhuc.
1996 951 2144 1004 Nune

543 1061 674 1102 vero
705 1045 938 1101 ulterius
983 1044 1162 1101 locum
1211 1061 1317 1102 non
1350 1046 1558 1100 habens
1591 1046 1644 1100 in
1679 1045 1765 1099 his
1793 1045 2141 1116 regionibus,

541 1139 895 1210 cupiditatem
929 1149 1109 1195 autem
1144 1139 1350 1195 habens
1374 1139 1635 1194 veniendi
1659 1139 1724 1192 ad
1753 1155 1849 1194 vos
1872 1154 1936 1192 ex
1960 1140 2146 1192 multis

539 1232 652 1303 jam
688 1231 1123 1303 przecedeutibus
1164 1232 1323 1287 annis
1354 1248 1369 1286 :
1399 1246 1521 1286 cum
1569 1231 1624 1285 in
1672 1230 1986 1299 Histianiam
2025 1246 2146 1299 pro-

544 1330 714 1386 ﬁcisci
741 1345 983 1400 empero,
1010 1345 1173 1400 spero
1195 1329 1336 1400 quod
1359 1330 1679 1399 przeteriens
1702 1328 1915 1383 videam
1945 1344 2062 1390 ves,
2093 1336 2148 1383 et

545 1435 574 1474 a
602 1423 755 1477 vobis
781 1422 1022 1478 deducar
1053 1422 1199 1487 illuc,
1227 1423 1270 1476 si
1301 1423 1454 1477 vobis
1484 1423 1716 1492 primum
1742 1438 1806 1476 ex
1833 1432 1982 1492 parte
2010 1420 2110 1475 {rui
2129 1452 2142 1460 -

543 1523 630 1571 tus
660 1515 832 1570 fuero.
858 1515 1014 1570 Nunc
1037 1515 1202 1584 igitur
1230 1513 1546 1586 proficiscar
1575 1517 1627 1569 in
1655 1515 1959 1569 Jerusalem
1986 1512 2145 1567 mini-

544 1619 721 1665 strare
748 1609 976 1664 sanctis.
1022 1609 1399 1664 Probat-erunt
1443 1609 1586 1662 enim
1620 1606 1956 1671 Macedonia,
1987 1615 2042 1659 et
2071 1605 2146 1659 Λ-

2247 398 2260 469 [
2291 395 2420 449 Mss.
2455 395 2726 465 Iulium],
2763 406 3023 462 cognatos
3061 402 3117 446 et
3145 390 3501 459 concaptivos
3536 406 3676 446 meos
3700 409 3712 443 :
3736 395 3802 461 qui

2243 497 2372 542 sunt
2405 487 2619 542 nobiles
2651 489 2704 540 in
2734 485 3034 556 Apostolis,
3068 483 3156 553 qui
3182 493 3236 538 et
3265 493 3398 538 ante
3434 483 3737 538 metuerant
3765 485 3803 538 in

2243 577 2486 634 Christo.
2532 577 2776 633 Salutate
2804 575 3134 646 Ampliatum
3182 574 3597 629 dileetissintum
3625 576 3740 628 mihi
3766 575 3805 629 in

2247 669 2501 725 Domino.
2544 670 2787 725 Salutate
2831 667 3104 724 Urbanum
3149 667 3454 736 adjutorem
3501 677 3733 721 nostrum
3769 669 3808 721 in

2245 766 2467 820 Christo
2495 775 2519 803 ε
2541 764 2692 831 Jesu,
2724 773 2779 819 et
2811 762 3046 834 Stacltyn
3076 763 3328 817 di’ectum
3367 776 3566 817 meum.
3598 761 3810 818 Salutate

2244 861 2509 932 Appellen
2543 859 2772 930 probum
2814 858 2866 912 in
2910 857 3149 912 Christo.
3186 855 3430 912 Salutate
3458 871 3571 922 eos,
3597 856 3682 926 qui
3707 867 3809 910 sunt

2244 967 2311 1007 ex
2335 951 2630 1007 Aristoboli
2660 950 2849 1004 domo.
2880 949 3127 1004 Salutate
3158 947 3523 1002 llerudionem
3553 962 3806 1019 cognatum

2250 1061 2453 1100 meum.
2496 1045 2742 1100 Salutate
2785 1058 2897 1108 eos,
2933 1042 3021 1111 qui
3071 1051 3193 1096 sunt
3225 1057 3287 1096 ex
3328 1040 3567 1097 Narcissi
3595 1041 3612 1079 τ
3643 1043 3807 1110 domo,

2247 1138 2341 1208 qui
2371 1147 2499 1192 sunt
2528 1138 2580 1191 in
2605 1137 2854 1191 Domino.
2879 1135 3123 1190 Salutate
3146 1133 3508 1205 Tryphaenam
3530 1143 3580 1189 et
3601 1132 3811 1205 Trypho-

2247 1245 2398 1296 satn,
2442 1245 2561 1299 qua:
2604 1229 2853 1284 laborant
2898 1228 2950 1282 in
2993 1227 3249 1282 Domino.
3291 1228 3534 1284 Salutate
3572 1229 3810 1284 Persidem

2249 1325 2629 1390 clarissimam,
2677 1339 2796 1394 quzr.
2826 1323 3054 1378 multum
3087 1322 3354 1377 laboravit
3383 1322 3437 1376 in
3469 1323 3700 1379 Domino.
3728 1323 3809 1379 Sa-

2251 1419 2419 1474 lutate
2447 1417 2642 1472 Rufum
2671 1419 2908 1473 electum
2943 1417 2996 1470 in
3025 1417 3272 1482 Domino,
3302 1425 3358 1471 et
3381 1426 3601 1471 matrem
3624 1417 3749 1486 ejus,
3771 1428 3813 1472 et

2249 1529 2448 1568 meam.
2481 1512 2725 1568 Salutate
2757 1511 3134 1582 Asyncritum,
3158 1509 3532 1580 Phlegontem,
3562 1509 3810 1576 fierinam,

2249 1605 2562 1670 Patrobam,
2597 1607 2856 1671 llermen,
2879 1615 2934 1659 et
2965 1604 3056 1673 qui
3083 1619 3205 1658 eum
3229 1602 3311 1659 eis
3334 1612 3480 1671 sunt,
3508 1603 3701 1659 fratres.
3723 1604 3816 1660 Sa-

547 1702 726 1771 chaia,
760 1702 1110 1757 collationem
1151 1701 1390 1769 aliquam
1423 1699 1603 1754 facere
1637 1700 1688 1752 in
1727 1713 1992 1767 pauperes
2021 1713 2145 1752 san-
2177 1690 2224 1750 B
2250 1702 2420 1757 [utare
2471 1703 2807 1772 Pliilologum
2853 1712 2906 1756 et
2949 1700 3181 1762 Juliam;
3224 1698 3463 1755 Ner-enm
3503 1708 3552 1754 et
3593 1713 3809 1753 sororem

557 1804 796 1863 ctorum,
827 1795 920 1865 qui
947 1793 1150 1848 suntin
1175 1792 1502 1848 Jerusalem.
1540 1792 1752 1846 Placuit
1783 1791 1928 1846 enim
1961 1790 2060 1855 eis,
2092 1799 2147 1845 et

547 1885 824 1941 debitores
851 1893 979 1940 sunt
1023 1899 1232 1940 eorum.
1282 1884 1413 1938 Nam
1455 1883 1502 1938 si
1542 1883 1906 1952 spiritualium
1957 1897 2145 1936 earum

546 1976 836 2048 participes
869 1976 992 2033 facti
1034 1987 1159 2030 sunt
1191 1977 1464 2044 gentiles:
1504 1975 1709 2030 debent
1749 1975 1881 2030 etin
1911 1974 2148 2029 carnali-

546 2068 650 2126 bus
680 2070 992 2126 ministrare
1017 2069 1142 2124 illis.
1179 2069 1292 2124 Hoc
1323 2069 1486 2139 igitur
1514 2084 1636 2124 eum
1669 2083 2146 2133 consummavero,

545 2175 601 2219 et
634 2163 986 2234 assignavero
1008 2163 1087 2217 eis
1121 2162 1354 2218 fructum
1391 2162 1532 2218 hunc
1557 2182 1568 2215 :
1593 2177 1688 2231 per
1716 2177 1810 2215 vos
1835 2162 2151 2231 proficiscar

546 2256 602 2313 in
633 2256 974 2325 Hispaniam.
1000 2256 1127 2313 Scio
1155 2267 1333 2311 autem
1370 2255 1632 2326 quoniam
1667 2255 1892 2310 veniens
1923 2255 1987 2308 ad
2018 2269 2110 2307 vos
2133 2293 2148 2318 ,

544 2347 599 2404 in
632 2348 960 2405 abundantia
1010 2347 1409 2404 benedictionis
1437 2361 1459 2388 '-
1493 2347 1777 2417 Evangelii
1821 2345 2021 2400 Christi
2056 2360 2151 2400 vc-

544 2441 714 2498 niam.
745 2440 992 2497 Obsecro
1022 2456 1155 2511 ergo
1186 2455 1304 2504 vos,
1337 2439 1558 2506 fratres,
1603 2455 1702 2510 per
1729 2438 2016 2494 Dominum
2047 2454 2148 2492 no-

545 2546 720 2591 atrum
749 2533 936 2590 Jesum
965 2531 1262 2600 Christum,
1285 2542 1339 2587 et
1361 2548 1458 2602 per
1486 2533 1804 2588 charitatein
1834 2534 2006 2586 sancti
2028 2530 2151 2600 Spi-

541 2630 698 2696 ritus,
733 2628 760 2666 ίι
794 2636 854 2683 ιιι
884 2627 1160 2699 adjuvetis
1195 2645 1282 2684 me
1333 2629 1385 2683 in
1433 2628 1778 2684 orationibus
1819 2627 2019 2683 vestris
2051 2641 2149 2697 pro

549 2739 637 2780 me
658 2723 724 2780 ad
770 2723 964 2789 Deum,
1017 2731 1077 2778 ut
1121 2723 1324 2778 liberer
1352 2723 1420 2778 ab
1456 2723 1776 2778 infidelibus
1805 2720 1899 2792 qui
1931 2729 2059 2776 sunt
2090 2722 2145 2775 in

541 2816 755 2883 Iudaea,
793 2825 850 2873 et
875 2815 1122 2887 obsequii
1155 2814 1265 2872 mei
1290 2815 1497 2870 oblatio
1525 2824 1749 2887 accepta
1781 2813 1874 2868 fiat
1905 2813 1959 2868 in
1990 2812 2151 2868 Jeru-

540 2909 711 2965 salem
745 2907 979 2978 sanctis,
1025 2917 1084 2963 ιιι
1122 2908 1336 2963 veniam
1371 2907 1436 2962 ad
1471 2923 1568 2962 vos
1599 2907 1651 2962 in
1701 2906 1898 2977 gaudio
1929 2921 2027 2976 per
2055 2921 2151 2960 vo—

543 2998 808 3054 luntatem
847 2999 967 3068 Dei,
997 3009 1052 3055 et
1096 2999 1394 3070 refrigercr
1438 2999 1746 3055 vobiscum.
1793 2999 1934 3056 Deus
1964 3009 2142 3055 autem

542 3091 696 3160 pacis
718 3090 790 3144 sit
816 3105 941 3145 cum
972 3090 1228 3146 omnibus
1253 3091 1431 3147 vobis.
1482 3094 1676 3148 Amen.

614 3181 769 3255 [Cap.
792 3181 835 3236 X
849 3182 934 3238 Vl.
957 3183 972 3255 ]
1000 3184 1336 3240 Commendo
1356 3195 1538 3241 autem
1559 3185 1713 3241 vobis
1734 3185 1972 3242 Phoeben
1996 3201 2148 3242 soro-

544 3288 660 3330 rent
701 3282 968 3342 nostram,
1003 3290 1123 3343 qua:
1145 3283 1229 3331 est
1267 3277 1320 3330 in
1364 3277 1673 3333 ministerio
1701 3277 1982 3344 Ecclesiae,
2025 3294 2146 3348 qua:

541 3379 628 3426 est
678 3370 732 3425 in
781 3368 1052 3426 Cenchris
1088 3385 1104 3425 :
1141 3380 1199 3426 ut
1242 3385 1362 3427 eam
1424 3373 1739 3443 suscipiatis
1800 3374 1853 3428 in
1909 3373 2145 3429 Domino

543 3462 708 3531 digne
734 3460 940 3518 sanctis
976 3480 988 3514 :
1022 3469 1078 3516 et
1106 3461 1376 3517 assistatis
1399 3463 1446 3517 ei
1479 3463 1530 3516 in
1555 3479 1898 3534 quocumque
1926 3466 2144 3535 negotio

543 3556 710 3613 vestri
736 3553 1062 3626 indignerit;
1091 3554 1291 3610 etenim
1324 3553 1437 3624 ipsa
1471 3569 1686 3626 quoque
1718 3555 1893 3611 astitit
1919 3557 2137 3626 multis,

541 3657 598 3706 et
635 3647 767 3704 mihi
794 3645 917 3718 ipsi.
945 3646 1189 3704 Salutate
1231 3644 1471 3702 Priscam
1502 3654 1556 3702 et
1579 3647 1826 3718 Aquilam
1865 3647 2143 3717 adjutores

540 3757 696 3798 meos
725 3741 779 3796 in
808 3739 1031 3797 Christo
1058 3739 1187 3796 Jesu
1229 3740 1350 3811 (qui
1376 3755 1473 3810 pro
1500 3742 1681 3796 anima
1715 3757 1835 3796 mea
1862 3757 1988 3798 suas
2021 3758 2144 3799 cer-

541 3832 693 3888 vices
728 3841 1180 3904 supposuerunt:
1219 3832 1419 3904 quibus
1450 3849 1556 3889 non
1603 3834 1756 3890 solus
1796 3850 1897 3907 ego
1943 3838 2146 3907 gratias

543 3939 667 3996 ago,
697 3923 792 3980 sed
822 3932 878 3980 et
904 3935 1114 3982 cuncta:
1143 3927 1399 3983 Ecclesia:
1446 3929 1763 4002 gentium);
1790 3937 1844 3987 et
1888 3929 2147 3988 domesti-

545 4028 665 4070 cam
699 4014 998 4072 Eeclesiam
1039 4017 1203 4089 ιΜεε.
1253 4018 1553 4077 domestica
1603 4021 1894 4096 Ecclesia]
1935 4039 2144 4080 eorum.

546 4107 795 4166 Salutate
814 4108 1134 4180 Eptenetum
1159 4109 1414 4168 dilectum
1439 4114 1595 4181 mihi,
1627 4116 1716 4186 qui
1740 4126 1824 4172 est
1846 4116 2153 4187 primitivus

547 4202 696 4262 Asia:
731 4202 786 4260 in
830 4201 1068 4260 Christo.
1099 4203 1342 4262 Salutate
1371 4205 1593 4263 Mariam
1621 4249 1636 4276 ,
1667 4224 1789 4280 qua:
1813 4212 2043 4268 multum
2076 4215 2155 4270 la-

2250 1794 2388 1863 ejus,
2435 1803 2490 1848 et
2516 1794 2918 1865 Olympiadem,
2950 1803 3004 1848 et
3048 1806 3261 1859 omnes,
3305 1791 3398 1863 qui
3441 1806 3559 1846 eum
3588 1793 3658 1846 eis
3678 1799 3811 1853 sunt,

2250 1896 2488 1940 sanctos.
2520 1887 2766 1941 Salutate
2793 1886 3026 1941 invicem
3057 1887 3109 1939 in
3137 1883 3328 1939 osculo
3357 1895 3569 1938 sancto.
3599 1882 3810 1938 Salutant

2252 1995 2349 2033 vos
2374 1993 2564 2034 omnes
2588 1979 2844 2034 Ecclesia:
2867 1978 3087 2034 Christi.
3114 1977 3264 2047 Rogo
3287 1986 3468 2031 autem
3491 1991 3605 2040 vos,
3628 1976 3808 2040 fratres,

2253 2080 2310 2126 ut
2339 2071 2649 2127 observetis
2686 2087 2804 2136 eos,
2849 2072 2940 2142 qui
2983 2069 3356 2126 dissensiones
3384 2078 3441 2124 et
3483 2067 3802 2132 offendicula,

2254 2177 2452 2234 prmter
2479 2165 2784 2220 doctrinam
2815 2180 2974 2234 quam
3000 2179 3096 2218 vos
3122 2162 3410 2230 didicistis,
3437 2162 3653 2226 faciunt,
3679 2172 3724 2217 et
3745 2161 3813 2214 de-

2251 2255 2450 2312 elinate
2473 2267 2495 2304 Β
2522 2257 2590 2310 ab
2613 2256 2752 2310 aliis.
2798 2254 3181 2324 llujuscemodi
3205 2254 3350 2310 enim
3386 2253 3604 2309 Christo
3622 2253 3810 2308 Domino

2250 2360 2440 2404 nostro
2469 2365 2577 2404 non
2610 2351 2876 2412 serviunt,
2922 2348 3016 2402 sed
3048 2363 3148 2403 suo
3177 2346 3383 2412 ventri,
3430 2355 3486 2402 et
3527 2362 3618 2417 per
3662 2345 3809 2401 dulces

2249 2456 2557 2506 sermones,
2585 2451 2639 2495 et
2662 2441 3088 2507 benedictiones,
3113 2440 3381 2495 seducunt
3401 2439 3565 2495 corda
3595 2440 3810 2494 innocen-

2252 2537 2406 2589 tium.
2453 2534 2644 2588 Vestra
2683 2534 2828 2588 enim
2871 2532 3182 2588 obedientia
3213 2533 3266 2587 in
3303 2547 3523 2588 omnem
3557 2533 3718 2587 locum
3740 2530 3806 2585 di-

2250 2631 2464 2701 vulgata
2497 2640 2603 2685 est.
2631 2629 2856 2684 Gaudeo
2885 2627 3047 2700 igitur
3079 2628 3131 2682 in
3154 2626 3328 2683 vobis.
3362 2626 3470 2682 Sed
3494 2627 3614 2682 volo
3635 2640 3720 2682 vos
3740 2639 3807 2678 sa-

2251 2726 2466 2795 pientes
2499 2738 2622 2779 esse
2663 2725 2714 2778 in
2762 2723 2924 2790 bono,
2975 2731 3030 2777 et
3077 2722 3352 2793 simplices
3397 2723 3451 2776 in
3499 2721 3655 2776 malo.
3694 2719 3806 2774 Deus

2249 2828 2428 2872 autem
2472 2817 2622 2886 pacis
2663 2831 2705 2872 ci
2731 2825 2910 2871 nterat
2953 2815 3205 2870 Satanam
3247 2815 3346 2869 sub
3396 2813 3620 2885 pedibus
3656 2812 3812 2868 vestris

2249 2909 2532 2991 velociter.
2577 2910 2763 2966 Gratia
2794 2909 3009 2964 Domini
3042 2908 3215 2963 nostri
3255 2909 3386 2963 Jesu
3421 2907 3620 2962 Christi
3666 2904 3812 2959 vobis-

2249 3019 2391 3058 cum.
2423 3002 2635 3059 Salutat
2654 3016 2753 3056 vos
2779 3000 3100 3056 Timotheus
3121 2999 3336 3071 adjutor
3357 3015 3531 3066 meus,
3555 3007 3609 3055 et
3629 2996 3807 3060 Lucius,

2173 3069 2218 3132 ο
2256 3106 2309 3152 et
2339 3096 2532 3164 Jason,
2570 3105 2626 3152 et
2651 3095 2955 3165 Sosipater,
2986 3069 3201 3164 cognati
3233 3092 3361 3150 mei.
3397 3093 3587 3150 Saluto
3625 3106 3710 3147 vos
3732 3105 3808 3158 ego

2257 3187 2497 3252 Tertius,
2537 3187 2628 3258 qui
2670 3185 2864 3257 scripsi
2896 3186 3215 3257 epistolam,
3255 3184 3310 3238 in
3355 3185 3600 3240 Domino.
3644 3182 3810 3237 Salutat

2257 3296 2352 3335 vos
2381 3279 2544 3335 Caius
2575 3282 2772 3350 Ii03pes
2799 3294 2973 3345 meus,
2995 3289 3048 3334 et
3070 3279 3319 3333 universa
3352 3276 3613 3332 Ecclesia.
3641 3273 3811 3330 Salutat

2257 3391 2351 3431 vos
2376 3376 2602 3431 Erastus
2617 3373 2858 3430 arcarius
2879 3374 3138 3440 civitatis,
3157 3382 3211 3429 et
3234 3373 3492 3442 Quartus,
3517 3371 3685 3426 frater.
3705 3368 3810 3424 Gra-

2257 3470 2330 3525 tia
2372 3469 2583 3523 Domini
2619 3468 2788 3522 nostri
2827 3468 2957 3522 Jesu
2993 3466 3195 3522 Christi
3226 3481 3351 3522 cum
3388 3464 3636 3522 omnibus
3669 3460 3806 3517 vobis.

2247 3566 2441 3619 Amen.
2478 3561 2541 3616 Ei
2561 3570 2765 3626 autem,
2789 3560 2878 3631 qui
2905 3569 3098 3631 potens
3122 3569 3207 3616 est
3231 3573 3327 3616 vos
3357 3556 3805 3626 conﬁrmarejuxta

2248 3654 2607 3727 Evangelium
2640 3669 2843 3720 meum,
2875 3663 2931 3709 et
2969 3653 3420 3724 praedicationem
3456 3654 3583 3710 Jesu
3609 3647 3801 3711 Christi,

2249 3747 2549 3805 secundum
2573 3746 2957 3803 revelationem
2984 3746 3229 3818 mysterii
3257 3746 3590 3817 temporibus
3610 3742 3801 3802 alternis,

2252 3843 2399 3897 taciti
2430 3841 2615 3914 (quod
2647 3856 2754 3896 non
2781 3839 3110 3911 patefactum
3138 3849 3221 3895 est
3252 3855 3351 3910 per
3380 3835 3800 3909 Scripturasl‘ro-

2253 3935 2538 4007 phetarum
2563 3933 2860 3990 secundum
2894 3941 3224 4006 praeceptum
3254 3934 3445 3989 aeterni
3481 3932 3594 3999 Dei,
3622 3928 3681 3986 ad
3705 3925 3802 3981 obe-

2253 4029 2512 4086 ditionem
2537 4028 2663 4084 fidei
2687 4027 2730 4100 ),
2758 4027 2810 4082 in
2839 4029 3052 4083 cunctis
3073 4025 3328 4097 gentibus
3347 4025 3570 4096 cogniti,
3593 4022 3676 4078 soli
3701 4015 3796 4090 [Δις.

2254 4122 2473 4194 cognito
2499 4121 2648 4192 solo]
2673 4118 2908 4192 sapienti
2942 4119 3050 4175 Deo
3081 4133 3177 4188 per
3207 4117 3392 4173 Jesum
3420 4115 3710 4176 Christum;
3736 4102 3798 4162 cui

2261 4217 2436 4273 honor
2457 4223 2512 4272 et
2540 4213 2713 4286 gloria
2741 4214 2796 4268 in
2819 4213 3017 4269 saecula
3041 4211 3394 4268 saeculorum.
3429 4209 3617 4266 Amen.

1481 4359 1709 4434 Explicit
1744 4360 1980 4439 Epistola‘
2006 4370 2069 4427 Β.
2106 4370 2266 4429 Pauli
2291 4373 2513 4446 apostoli
2538 4374 2606 4428 ad
2639 4371 2920 4430 Romanos.

621 4533 670 4603 ζ
686 4520 876 4603 Neque
904 4520 956 4578 in
991 4519 1184 4579 Graeco
1225 4537 1526 4593 pronomen
1559 4523 1655 4580 hoc
1681 4537 1926 4595 resonat,
1975 4545 2149 4603 neque
2176 4533 2231 4598 D

549 4594 604 4652 in
633 4593 878 4651 Palatino
910 4608 1014 4649 IIIS.

621 4664 649 4704 δ
788 4664 1001 4747 .Valesii
1031 4664 1358 4747 lectionibus
1376 4708 1391 4735 ,
1423 4669 1509 4726 καὶ
1543 4669 1794 4730 ἐκωλύθην
1839 4675 2002 4747 μέχρι
2026 4681 2111 4729 νῦν
2133 4715 2146 4740 ,

550 4737 751 4810 prodiit
788 4737 1004 4813 Latine,
1041 4749 1091 4813 et
1124 4737 1423 4813 prohibitus
1458 4756 1572 4795 sum
1604 4758 1762 4809 usque
1789 4737 1984 4810 adhuc,
2029 4737 2151 4813 quae

552 4822 734 4865 tamen
763 4809 927 4864 verba
960 4809 1015 4864 in
1046 4810 1292 4865 Palatino
1323 4827 1425 4866 ms.
1456 4813 1680 4866 omnino
1711 4830 1821 4868 non
1857 4809 2150 4872 habentur.

626 4891 649 4918 ε
695 4878 1048 4957 Desideratur
1071 4881 1124 4936 in
1151 4881 1398 4937 Palatino
1416 4897 1528 4957 tus.
1553 4881 1848 4954 Evangelii,
1879 4887 2023 4957 quod
2054 4904 2151 4942 no-

549 4965 676 5022 men
694 4965 736 5022 e
761 4951 967 5022 Graecis
987 4966 1202 5022 quoque
1225 4953 1500 5009 nonnullis
1525 4969 1657 5010 mss.
1690 4951 1863 5012 abest.

619 5019 647 5096 (ξ
689 5021 793 5078 l’ro
822 5021 905 5076 his
937 5019 1138 5096 verbis,
1161 5025 1498 5096 utadjuvetis
1527 5041 1607 5080 me
1632 5028 1684 5079 in
1711 5029 2032 5084 orationibus
2065 5045 2152 5086 ve-

553 5093 672 5168 stris
695 5110 788 5163 pro
811 5109 916 5168 itte,
949 5100 1082 5168 etc.,
1108 5095 1173 5168 in
1201 5093 1448 5168 Palatino
1477 5113 1577 5150 ms.
1611 5096 1831 5168 legitur,
1873 5111 1927 5154 ut
1957 5101 2152 5156 sollici-

547 5164 779 5240 tudinem
805 5164 1176 5240 impertiamiui
1205 5165 1330 5240 mihi
1355 5167 1409 5240 in
1429 5164 1747 5240 orationibus
1765 5164 1860 5238 pro
1889 5188 1990 5239 me,
2015 5182 2149 5240 cte.;

551 5234 698 5305 quod
728 5244 817 5290 est
834 5234 1055 5309 quidem
1094 5239 1317 5306 propius
1342 5238 1413 5292 ad
1443 5239 1692 5295 Graacum
1731 5234 2155 5309 textunt,'auva;

547 5308 975 5435 Ξωγίσασθαῖλμοι
1014 5308 1068 5363 ἕν
1093 5315 1210 5371 ταῖς
1238 5319 1569 5386 προσευχαῖς
1599 5312 1733 5388 ὑπὲρ
1757 5315 1879 5386 ἐμοῦ
1908 5308 2039 5391 πρὸς
2068 5317 2154 5373 τὸν

593 5395 677 5434 ιον
704 5400 755 5434 κ.
788 5401 840 5435 τ.
905 5415 920 5433 .

593 5395 677 5434 ιον
704 5400 755 5434 κ.
788 5401 840 5436 το
874 5395 920 5433 Λ.

2332 4543 2355 4570 θ
2395 4529 2601 4589 Nomen
2625 4533 2779 4598 Jesu,
2809 4533 2898 4589 hic
2921 4533 3025 4590 loci
3055 4549 3179 4589 euut
3209 4532 3417 4590 Crteeis
3458 4526 3605 4600 libris
3637 4519 3793 4582 Palati-

2254 4618 2356 4660 nus
2383 4620 2596 4674 quoque
2622 4621 2723 4660 ms.
2758 4615 2921 4660 tacet.

2330 4674 2349 4714 ί
2393 4676 2509 4730 Non
2553 4675 2704 4751 addit
2732 4675 3012 4731 Palatinus
3039 4691 3144 4731 tus.
3193 4676 3556 4751 _d_0m0_,ujtt.\l:l
3584 4672 3792 4751 gl’lCt‘l'lll—i

2254 4755 2484 4813 textum,
2519 4747 2662 4816 quod
2689 4758 2865 4802 tamen
2894 4763 3093 4803 nomen
3123 4737 3561 4811 subintelliizitur.
3582 4743 3686 4797 Mox
3705 4737 3792 4816 pIU§

2253 4800 2668 4874 ίιῑέδᾱεῑηηίίέι
2712 4800 3653 4890 iure:satagimus;t..t..-.....,
3676 4800 3789 4890 alii

2255 4899 2434 4945 tamen
2465 4889 2779 4944 adverbium
2826 4881 3078 4946 secundis
3108 4890 3182 4946 ibi
3213 4889 3452 4943 additum
3483 4898 3562 4942 est
3587 4882 3725 4942 euris.
3750 4881 3790 4926 ει

2253 4961 2475 5017 Graecus
2517 4961 2635 5030 ipse
2682 4970 2860 5016 textus
2911 4961 3101 5016 nescit.
3150 4961 3388 5029 Denique
3427 4955 3789 5030 Persidam'pto

2258 5031 2526 5086 Persidem
2541 5017 2773 5103 'legitur,
2806 5041 2865 5088 ut
2885 5043 2941 5090 et
2973 5033 3132 5103 paulo
3164 5017 3567 5103 post'llerman,
3587 5039 3671 5096 pro
3687 5017 3789 5073 Iler-

2256 5119 2391 5157 men.

2333 5186 2356 5245 ε
2398 5173 2623 5231 Rectius
2648 5174 2711 5229 ub
2736 5175 2866 5243 illis,
2891 5189 2992 5245 pro
3012 5174 3076 5229 ab
3101 5173 3240 5242 aliis,
3274 5189 3396 5230 eum
3423 5173 3472 5227 in
3494 5172 3683 5228 Crteeo,
3704 5169 3783 5245 tutu

2261 5245 2313 5300 in
2347 5244 2591 5301 Palatino
2613 5264 2715 5302 ms.
2753 5241 2966 5311 legitur.
2995 5246 3164 5302 Paulo
3195 5241 3318 5316 post
3353 5244 3602 5300 retieetur
3628 5241 3781 5290 nostra.

2261 5317 2351 5372 ubi
2376 5317 2594 5389 dicitur,
2618 5317 2746 5374 Jesu
2776 5316 2984 5373 Christo
3011 5317 3235 5373 Domino
3265 5325 3463 5370 nostro.
