3920 6200
124 240 216 297 745

878 246 1212 310 EPISTULA
1255 253 1316 308 Β.
1361 255 1564 312 PAULI
1602 258 1936 318 APOSTOLI
1975 264 2067 321 AD
2106 267 2513 329 CORINTHIOS
2542 275 2581 329 l.

129 352 3330 418 MM

818 466 988 576 Β.
1066 434 1630 584 PAULI
1706 462 2615 606 APOSTOLI

1560 666 1854 732 INCIPIT

1304 1228 2149 1253 *Ἣ

157 1319 296 1393 [ϐαρ.
323 1320 399 1393 1.]
424 1323 641 1391 Paulus,
676 1336 901 1382 vocatus
933 1330 1211 1397 apostolus
1250 1330 1380 1386 Jesu
1413 1332 1645 1399 Christi,
1679 1336 1729 1393 A
1757 1335 1857 1392 bus
1898 1352 2077 1399 autem
2116 1349 2399 1405 stultitiam
2428 1393 2441 1416 ,
2478 1354 2609 1422 ipsis
2635 1365 2813 1413 autem
2870 1363 3078 1418 vocatis
3106 1363 3307 1423 Judzeis
3334 1412 3349 1436 ,

99 1428 179 1483 per
216 1414 536 1471 voluntatem
576 1417 693 1482 Dei,
734 1428 789 1475 et
820 1420 1119 1477 Sosthenes
1163 1422 1351 1491 frater,
1388 1426 1647 1481 Ecclesia:

97 1506 193 1574 Itei,
221 1524 333 1579 qua:
358 1521 437 1565 εει
464 1510 733 1579 Corinthi,
766 1516 1119 1571 sanctificatis
1152 1518 1207 1572 in
1233 1517 1454 1575 Christo
1476 1521 1605 1576 Jesu
1631 1564 1645 1588 ,

95 1602 271 1655 vocatis
298 1604 520 1671 sanctis,
566 1620 685 1660 cum
724 1609 996 1671 omnibus,
1026 1611 1116 1680 qui
1151 1612 1406 1667 invocant
1449 1630 1644 1670 nomen

95 1692 272 1749 Domini
308 1697 477 1750 nostri
511 1696 636 1752 Jesu
672 1696 901 1767 Christi,
937 1702 988 1754 in
1020 1703 1169 1756 omni
1203 1705 1323 1758 loco
1370 1705 1609 1773 ipsorum
1630 1749 1644 1771 ,

93 1797 135 1839 et
153 1796 336 1842 nostro.
364 1789 546 1844 Gratia
573 1790 727 1845 vobis
764 1801 818 1847 et
842 1808 941 1861 pax
972 1809 999 1848 a
1028 1795 1142 1850 Deo
1171 1796 1329 1851 Patre
1356 1810 1565 1863 ttostro,
1592 1807 1648 1854 et

93 1876 287 1933 Domino
314 1880 439 1935 Jesu
466 1879 706 1937 Christo.
748 1883 965 1940 Gratias
1002 1903 1101 1957 ago
1134 1890 1241 1943 Deo
1272 1905 1396 1944 meo
1427 1906 1647 1961 semper

90 1985 169 2039 pro
192 1972 333 2026 vobis
353 1973 404 2026 in
427 1978 599 2043 gratia
630 1976 748 2037 Dei,
773 1993 894 2047 qua:
920 1979 1042 2033 data
1072 1989 1155 2035 est
1180 1981 1333 2035 vobis
1352 1981 1403 2035 in
1428 1983 1646 2038 Christo

90 2062 195 2117 Jesu
226 2083 237 2117 :
264 2066 400 2134 quod
431 2067 482 2119 in
517 2068 772 2122 omnibus
799 2069 997 2125 divites
1029 2073 1150 2126 facti
1182 2075 1315 2127 estis
1347 2075 1397 2127 in
1440 2075 1553 2140 illo,
1587 2075 1641 2129 in

88 2154 210 2209 omni
233 2157 408 2224 verbo,
444 2168 498 2211 et
537 2159 590 2212 in
618 2159 762 2213 omni
794 2161 1021 2215 scientia
1050 2180 1064 2215 :
1097 2164 1235 2217 sicut
1266 2167 1640 2219 teStimonium

88 2244 253 2303 Christi
280 2252 655 2306 conﬁrmatum
687 2263 771 2308 est
796 2255 848 2307 in
890 2255 1049 2310 vobis
1076 2272 1087 2308 :
1114 2256 1187 2310 ita
1219 2266 1273 2311 ut
1308 2256 1441 2311 nihil
1476 2259 1641 2312 vobis

88 2338 201 2395 desit
234 2343 281 2397 in
328 2345 435 2399 ulla
480 2347 695 2415 gratia,
746 2350 1195 2417 exspectantibus
1246 2351 1639 2405 revelationem

90 2429 263 2488 Domini
288 2436 453 2491 nostri
485 2436 617 2493 Jesu
648 2437 873 2495 Christi.
914 2440 1115 2495 Fidelis
1144 2441 1286 2496 Deus
1318 2460 1328 2493 :
1359 2458 1452 2510 per
1478 2458 1639 2511 quem

93 2524 235 2579 vocati
263 2529 389 2583 estis
420 2527 475 2583 in
508 2531 825 2587 societatem
859 2531 979 2588 Filii
1011 2535 1129 2603 ejus
1157 2534 1285 2589 Jesu
1312 2534 1510 2591 Christi
1536 2537 1638 2590 Do-

88 2615 193 2669 mini
217 2622 396 2675 nostri.
426 2622 672 2678 Obsecro
698 2634 878 2680 autem
916 2640 1033 2695 vos,
1071 2627 1287 2693 fratres,
1321 2643 1418 2698 per
1442 2644 1637 2684 nomen

1750 1441 1911 1504 atque
1942 1436 2169 1505 Graecis,
2197 1441 2473 1497 Christum
2504 1446 2594 1501 Dei
2626 1450 2902 1519 virtutem,
2927 1464 2982 1509 et
3014 1456 3106 1512 Dei
3135 1460 3349 1528 sapien-

1752 1525 1877 1581 tiam
1906 1546 1917 1578 :
1950 1531 2074 1597 quia
2106 1532 2246 1602 quod
2275 1536 2495 1589 stultum
2527 1547 2611 1593 est
2641 1541 2767 1605 Dei,
2802 1548 3105 1613 sapientius
3136 1525 3217 1605 est
3246 1551 3343 1607 ho-

1749 1618 2019 1673 minibus:
2054 1633 2109 1677 et
2135 1626 2278 1689 quod
2314 1627 2587 1683 inﬁrmum
2623 1643 2708 1687 est
2732 1634 2826 1689 Dei
2850 1679 2864 1702 ,
2891 1637 3081 1693 fortius
3124 1652 3207 1696 est
3248 1644 3347 1699 ho-

1751 1714 2016 1771 minibus.
2053 1718 2245 1775 Videte
2267 1724 2411 1777 enim
2445 1728 2784 1783 vocationem
2812 1741 3084 1797 vestram,
3116 1734 3345 1801 fratres,

1748 1808 1875 1876 quia
1924 1824 2029 1863 non
2083 1811 2232 1866 multi
2275 1818 2552 1883 sapientes
2591 1820 2887 1875 secundum
2928 1838 3147 1878 carnem
3176 1866 3190 1890 ,
3239 1842 3345 1881 non

1749 1900 1901 1953 multi
1927 1910 2215 1970 potentes,
2254 1921 2362 1960 non
2405 1909 2557 1962 multi
2600 1911 2811 1967 nobiles
2846 1929 2862 1970 :
2896 1915 2991 1969 sed
3025 1932 3145 1986 quae
3186 1919 3345 1973 stulta

1749 2001 1875 2045 sunt
1907 1994 2112 2061 mundi,
2142 1996 2305 2065 elegit
2332 1997 2497 2065 Deus,
2531 2009 2589 2055 ut
2618 2005 2915 2059 confundat
2938 2007 3213 2076 sapientes
3235 2050 3249 2076 ,
3294 2022 3348 2065 et

1747 2082 1965 2136 inﬁrma
1994 2086 2182 2140 mundi
2210 2089 2373 2159 elegit
2408 2090 2581 2159 Deus,
2626 2103 2680 2147 ut
2703 2095 3002 2151 confundat
3050 2098 3210 2154 fortia
3245 2118 3259 2156 :
3292 2110 3347 2155 et

1749 2177 2007 2246 ignobilia
2034 2182 2244 2245 mundi,
2270 2192 2323 2238 et
2347 2187 2776 2255 contemptibilia
2808 2189 2973 2260 elegit
3000 2192 3165 2261 Deus,
3199 2204 3251 2249 et
3281 2210 3341 2249 ea

1746 2283 1866 2338 quas
1896 2286 2002 2323 non
2029 2282 2190 2338 sunt,
2222 2284 2279 2327 ut
2306 2290 2365 2330 ea
2409 2292 2531 2345 qua:
2562 2287 2715 2343 sunt,
2755 2279 3062 2337 destrueret
3093 2300 3105 2334 :
3142 2292 3201 2337 ut
3234 2300 3341 2340 non

1744 2360 2011 2428 glorietur
2042 2364 2217 2417 omnis
2242 2380 2369 2419 caro
2391 2368 2444 2419 in
2472 2380 2766 2438 conspectu
2796 2371 2935 2440 ejus.
2990 2373 3069 2427 Ex
3093 2374 3210 2443 ipso
3241 2392 3335 2431 au-

1746 2458 1853 2504 tem
1887 2467 1985 2505 vos
2020 2456 2225 2509 estisin
2249 2454 2473 2511 Christo
2499 2456 2663 2523 Jesu,
2718 2460 2805 2529 qui
2844 2460 3021 2518 factus
3064 2475 3145 2518 est
3184 2466 3343 2521 nobis

1745 2542 2001 2611 sapientia
2033 2560 2059 2596 a
2089 2545 2222 2611 Deo,
2249 2547 2553 2615 etjustitia,
2585 2558 2639 2603 et
2663 2554 3039 2620 sanctificatio,
3058 2564 3111 2609 et
3130 2557 3341 2613 redem-

1748 2636 1857 2700 ptio
1891 2654 1903 2687 :
1940 2644 1995 2688 ut
2025 2638 2481 2705 quemadmodum
2514 2640 2773 2711 scriptum
2800 2652 2885 2700 est
2932 2658 2946 2700 :
2998 2646 3101 2714 Qui
3131 2649 3335 2719 gloria-

89 2703 265 2765 Domiui
292 2715 457 2769 nostri
499 2713 631 2769 .lesu
659 2714 859 2771 Christi
893 2728 988 2772 :ut
1017 2718 1253 2789 idipsum
1292 2721 1486 2777 dicatis
1514 2738 1633 2777 om-
1672 2709 1719 2769 B
1749 2735 1855 2789 tur,
1887 2726 1939 2781 in
1975 2703 2202 2786 Domino
2230 2732 2515 2802 glorietur.

88 2811 191 2869 nes,
220 2811 269 2857 et
302 2820 410 2860 non
453 2808 566 2861 sint
609 2807 663 2861 in
701 2809 860 2863 vobis
899 2809 1191 2865 schismata
1239 2829 1252 2864 :
1301 2812 1419 2868 sitis
1458 2822 1637 2868 autem

86 2892 271 2959 perfecti
310 2896 362 2953 in
400 2898 595 2955 eodem
639 2914 835 2967 sensu,
879 2911 933 2956 et
973 2903 1028 2956 in
1067 2902 1256 2958 eadem
1290 2912 1316 2940 ³
1347 2906 1635 2958 sententia.

87 2981 411 3053 Signiﬁcatum
452 3000 538 3047 est
577 2992 725 3047 enim
769 2992 899 3046 mihi
942 2993 1010 3048 de
1049 2994 1223 3061 vobis,
1280 2994 1475 3051 fratres
1505 2996 1634 3061 mei,

86 3074 138 3128 ab
181 3078 239 3133 iis
287 3084 369 3153 qui
422 3094 550 3139 sunt
610 3085 843 3151 Chloes,
900 3087 1023 3156 quia
1072 3088 1447 3143 contentiones
1512 3098 1639 3143 sunt

86 3168 200 3228 inter
222 3191 326 3232 vos.
355 3179 465 3236 Hoc
513 3188 704 3235 autem
740 3180 893 3250 dico,
937 3182 1079 3252 quod
1133 3183 1507 3252 unusquisque
1548 3198 1638 3237 ve-

86 3274 223 3323 strum
248 3270 408 3327 dicit:
443 3274 561 3343 Ego
591 3273 813 3343 quidem
859 3290 978 3330 sum
1030 3276 1183 3331 Pauli
1235 3295 1247 3329 :
1300 3291 1401 3347 ego
1455 3287 1636 3331 autem

85 3356 272 3427 Apollo:
304 3380 401 3435 ego
424 3380 559 3422 vero
590 3364 794 3435 Cephae
815 3384 829 3420 :
852 3381 953 3437 ego
983 3378 1162 3423 autem
1187 3366 1638 3424 Christi.Divisus

87 3462 148 3508 est
170 3456 435 3515 Christus?
455 3459 732 3529 Numquid
766 3462 961 3517 Paulus
987 3463 1279 3519 cruciﬁxus
1307 3474 1389 3519 est
1411 3481 1509 3535 pro
1544 3481 1637 3520 vo-

85 3545 173 3602 bis?
195 3562 276 3607 aut
301 3552 353 3608 in
377 3558 607 3610 nomine
630 3555 783 3611 Pauli
816 3557 1073 3625 baptizati
1096 3559 1263 3613 estis?
1294 3559 1506 3615 Gratias
1537 3576 1637 3631 ago

83 3634 184 3709 Deo,
206 3647 335 3714 quod
366 3649 649 3704 neminem
676 3658 911 3704 vestrum
945 3649 1207 3719 baptizavi
1248 3653 1349 3706 nisi
1386 3652 1635 3724 Crispum

81 3740 123 3784 et
138 3734 297 3793 Caium
324 3756 337 3793 :
372 3757 439 3797 ne
468 3743 595 3812 quis
621 3740 765 3796 dicat
790 3742 938 3812 quod
966 3744 1017 3797 in
1044 3746 1263 3801 nomine
1300 3762 1421 3801 meo
1463 3747 1637 3817 bapti-

79 3826 163 3881 zati
188 3832 303 3888 estis
326 3833 453 3907 [Μδ.
485 3833 658 3907 sitis].
687 3834 956 3905 Baptizavi
1005 3848 1183 3892 autem
1238 3846 1293 3893 et
1348 3839 1636 3909 Stephanae

80 3916 263 3977 domum
290 3940 304 3978 :
337 3936 607 3984 caeterum
635 3928 820 3982 nescio
845 3929 889 3983 si
921 3944 1082 3998 quem
1122 3930 1286 3983 alium
1332 3930 1637 3999 baptizave-

76 4008 175 4065 rim.
198 4012 302 4070 Non
350 4019 493 4074 enim
542 4018 700 4074 misit
753 4033 839 4074 me
888 4017 1141 4073 Christus
1186 4020 1498 4089 baptizare,
1539 4022 1632 4076 sed

78 4106 408 4176 evangelizare
439 4127 455 4164 :
482 4128 602 4168 non
644 4110 696 4164 in
723 4111 987 4181 Sapientia
1012 4112 1205 4181 verbi,
1239 4119 1299 4167 ut
1345 4129 1454 4169 non
1504 4130 1633 4169 eva-
1663 4086 1709 4149 C

78 4204 234 4253 tuetur
256 4217 384 4257 crux
415 4201 651 4259 Christi.
682 4202 914 4259 Verbum
946 4206 1091 4262 enim
1121 4208 1323 4276 crucis,
1356 4210 1628 4276 pereunti-

76 4282 155 4341 bus
178 4292 380 4361 quidem
402 4294 644 4350 stultitia
676 4304 798 4350 est:
830 4295 897 4351 iis
925 4306 1127 4365 autem,
1162 4297 1253 4366 qui
1285 4299 1420 4354 salvi
1462 4300 1632 4365 ﬁunt,

76 4374 117 4431 id
137 4392 209 4438 est
228 4386 395 4457 nobis,
426 4388 520 4444 Dei
549 4387 738 4443 virtus
764 4397 869 4444 est.
898 4388 1168 4461 Scriptum
1193 4400 1279 4446 est
1300 4394 1441 4448 enim
1464 4410 1476 4446 :
1504 4393 1635 4447 Pcr-

78 4472 175 4531 dam
196 4482 504 4552 sapientiam
532 4484 890 4553 sapientium,
923 4494 977 4540 et
1016 4485 1357 4554 prudentiam
1405 4486 1637 4555 pruden-

80 4564 186 4623 tium
205 4575 521 4641 reprobabo.
559 4575 666 4631 Ubi
697 4576 951 4643 sapiens?
979 4576 1067 4631 ubi
1111 4578 1332 4632 scriba?
1368 4577 1458 4631 ubi
1500 4594 1631 4634 con-

80 4662 274 4724 quisitor
295 4666 449 4737 hujus
480 4667 710 4723 saeculi?
731 4666 923 4725 Nonne
946 4670 1161 4725 stultam
1191 4669 1315 4726 fecit
1362 4672 1505 4727 Deus
1550 4689 1637 4728 sa-

79 4750 303 4818 pientiam
340 4759 498 4829 hujus
534 4760 759 4816 mundi?
800 4760 935 4816 Nam
981 4763 1104 4833 quia
1144 4765 1195 4818 in
1242 4765 1333 4821 Dei
1372 4767 1633 4836 sapientia

81 4857 173 4900 non
194 4856 435 4921 cognovit
464 4854 704 4909 mundus
728 4870 823 4925 per
847 4856 1164 4926 sapientiam
1192 4858 1354 4914 Deum
1384 4877 1397 4912 :
1435 4862 1638 4929 placuit

82 4932 175 4992 Deo
194 4956 282 5010 per
314 4948 600 5002 stultitiam
651 4946 1275 5017 prmdicationis'salvos
1308 4950 1483 5009 facere
1519 4968 1638 5009 cre-

80 5025 283 5093 dentes:
312 5037 574 5106 Quoniam
596 5049 651 5094 et
685 5039 859 5094 Judaei
890 5040 1041 5110 signa
1096 5052 1325 5111 petunt,
1363 5054 1419 5099 et
1462 5045 1638 5101 Grmci

80 5123 368 5191 sapientiam
400 5140 657 5202 quaerunt
691 5149 704 5185 :
738 5148 840 5187 nos
871 5144 1049 5189 autem
1087 5136 1444 5203 praedicamus
1483 5138 1641 5195 Chri—

81 5221 202 5272 stum
226 5223 535 5281 cruciﬁxum
561 5240 575 5277 :
602 5223 807 5282 Judzeis
828 5227 1044 5296 quidem
1078 5229 1387 5284 scandalum
1410 5273 1425 5299 ,
1459 5232 1638 5301 genti-

144 5390 166 5418 ⁸
199 5383 648 5465 Quemadmodum
680 5391 736 5465 in_
765 5389 957 5465 Graeco
984 5388 1210 5465 quidam
1236 5404 1391 5465 mss_._
1421 5395 1603 5465 γνώσει
1623 5436 1637 5460 ,

87 5462 357 5543 ξξιόιηὼμῃ
385 5460 696 5543 praeferunt,
724 5461 796 5543 ita
821 5469 883 5543 et_
904 5459 1137 5543 Palatin.
1185 5476 1289 5515 ms.
1341 5459 1439 5515 ltic'
1469 5464 1640 5543 scien-

90 5521 152 5572 tia
174 5521 435 5602 b'abét'pro
458 5521 729 5586 sententia.
760 5532 1039 5587 Paululum
1060 5547 1271 5602 quoque
1298 5546 1419 5587 mox
1445 5533 1639 5598 variat,

90 5596 558 5670 qu9d_conténtiones
594 5605 693 5658 sint
724 5605 855 5660 inter
886 5620 995 5670 vos,
1036 5596 1143 5658 etc.

91 5729 101 5739 ,
148 5660 447 5744 {Secundis
473 5674 645 5739 curis,
681 5689 854 5744 neque
887 5660 1065 5731 tanien
1116 5675 1170 5729 id
1203 5684 1385 5740 recte,
1425 5672 1645 5728 additur

91 5731 139 5786 in
156 5731 381 5798 Palatino
410 5758 509 5799 ms.
537 5731 769 5800 hic'Dei.

340 5833 613 5897 PATBOL.
660 5836 907 5900 XXIX.

1818 2818 1967 2892 [ϐαρ.
2002 2821 2092 2893 ΙΙ.]
2126 2820 2193 2878 Et
2220 2841 2339 2894 ego,
2368 2840 2491 2881 cum
2523 2830 2794 2886 venissem
2831 2831 2896 2885 ad
2928 2847 3054 2901 vos,
3100 2832 3295 2890 fratres
3319 2878 3333 2901 ,

1741 2914 1865 2967 veni
1897 2931 2000 2968 non
2026 2916 2079 2969 in
2107 2918 2440 2974 sublimitate
2470 2923 2759 2989 sermonis,
2794 2935 2887 2978 aut
2917 2926 3216 2994 sapientiae,
3236 2943 3334 2981 an-

1742 3006 2001 3061 nuntians
2030 3009 2181 3063 vobis
2216 3010 2581 3066 testimonium
2614 3012 2837 3070 Christi.
2871 3017 2985 3070 Non
3028 3019 3335 3087 enimjudi-

1742 3099 1859 3153 cavi
1890 3114 1975 3155 me
1996 3102 2135 3156 scire
2161 3103 2363 3173 aliquid
2387 3106 2527 3159 inter
2551 3108 2783 3171 vos,nisi
2811 3108 2995 3165 Jesum
3026 3110 3328 3178 Christum,

1741 3202 1793 3244 et
1824 3190 1968 3248 hunc
1996 3195 2332 3250 crucifixum.
2358 3198 2425 3252 Et
2449 3213 2549 3268 ego
2576 3199 2626 3253 in
2658 3200 2996 3268 infirmitate,
3031 3212 3086 3259 et
3115 3204 3332 3271 timore,

1740 3298 1794 3340 et
1819 3294 2053 3343 tremore
2080 3289 2249 3344 multo
2279 3290 2350 3343 fui
2380 3292 2520 3361 apud
2556 3307 2650 3347 vos
2682 3310 2695 3344 :
2740 3303 2796 3349 et
2835 3309 3018 3350 sermo
3064 3310 3247 3361 meus,
3282 3307 3336 3351 et

1741 3378 2055 3448 praadicatio
2080 3396 2223 3447 mea,
2250 3398 2356 3436 non
2381 3383 2432 3437 in
2462 3386 2911 3454 persuasibilibus
2956 3389 3205 3442 humana:
3249 3403 3335 3443 sa-

1740 3470 1958 3539 pientia:
1978 3474 2156 3528 verbis
2170 3519 2183 3543 ,
2208 3475 2301 3529 sed
2319 3474 2372 3529 in
2388 3478 2698 3534 ostensione
2721 3479 2947 3549 spiritus
2964 3490 3018 3534 et
3033 3481 3247 3537 virtutis
3263 3479 3290 3519 δ
3319 3500 3330 3533 :

1742 3571 1797 3615 ut
1829 3564 1959 3618 ﬁdes
1986 3576 2163 3620 vestra
2188 3582 2293 3621 non
2323 3566 2394 3621 sit
2418 3568 2471 3623 in
2503 3570 2764 3637 sapientia
2794 3570 3070 3625 hominum
3095 3612 3111 3639 ,
3151 3571 3245 3626 sed
3275 3572 3327 3626 in

1741 3654 1946 3712 virtute
1978 3657 2093 3712 Dei.
2145 3658 2473 3728 Sapientiam
2515 3671 2695 3716 autem
2735 3661 3008 3731 loquimur
3039 3664 3180 3717 inter
3211 3677 3334 3731 per-

1738 3746 1911 3806 fectos
1945 3767 1958 3804 :
1996 3752 2316 3821 sapientiam
2360 3768 2488 3808 vero
2522 3770 2627 3807 non
2668 3753 2830 3823 hujus
2874 3754 3102 3821 saeculi,
3157 3770 3332 3822 neque
3374 3828 3391 3841 χ

1738 3845 2043 3913 principum
2077 3846 2235 3913 hujus
2257 3845 2464 3909 saaculi,
2489 3846 2577 3915 qui
2610 3846 2963 3901 destruuntur
3003 3864 3013 3898 :
3041 3846 3137 3901 sed
3158 3848 3335 3918 loqui—

1738 3952 1858 3991 mur
1883 3938 1974 3990 Dei
2002 3936 2319 4005 sapientiam
2344 3938 2396 3991 in
2430 3938 2710 4008 mysterio,
2734 3954 2852 4007 quae
2873 3939 3189 3995 abscondita
3220 3950 3328 4008 est,

1739 4044 1897 4098 quam
1950 4029 2353 4097 praedestinavit
2410 4030 2548 4083 Deus
2603 4039 2728 4084 ante
2778 4035 2976 4087 smcula
3017 4035 3070 4088 in
3103 4034 3331 4105 gloriam

1742 4128 2004 4184 nostram,
2031 4135 2191 4190 quam
2219 4135 2378 4175 nemo
2412 4121 2713 4190 principum
2740 4122 2900 4193 hujus
2924 4125 3110 4179 seaculi
3141 4140 3335 4196 cogno-

1741 4214 1854 4265 vit:
1885 4212 1927 4266 si
1956 4213 2103 4266 enim
2134 4214 2553 4282 cognovissent,
2590 4230 2863 4285 nunquam
2901 4216 3186 4271 Dominum
3215 4218 3332 4288 glo-

1743 4305 1834 4358 ria:
1865 4304 2283 4359 cruciﬁxisscnt.
2323 4305 2431 4361 Sed
2472 4306 2613 4360 sicut
2642 4309 2903 4375 scriptum
2948 4318 3072 4363 est:
3120 4322 3139 4346 υ
3174 4308 3330 4374 Quod

1742 4398 1931 4451 oculus
1961 4414 2065 4451 non
2103 4398 2255 4464 vidit,
2291 4414 2394 4453 nec
2423 4400 2571 4455 auris
2610 4401 2848 4465 audivit,
2896 4417 2994 4453 nec
3027 4401 3079 4453 in
3107 4416 3201 4454 cor
3232 4402 3332 4455 ho-

1742 4490 1902 4543 minis
1935 4490 2197 4555 ascendit,
2227 4506 2346 4561 qua:
2396 4493 2720 4560 praeparavit
2762 4492 2903 4545 Deus
2955 4491 3022 4545 iis
3073 4491 3167 4560 qui
3212 4492 3334 4548 dili—

1742 4589 1874 4649 gunt
1897 4580 2046 4635 illum
2084 4599 2096 4633 :
2131 4581 2285 4635 nobis
2309 4590 2488 4635 autem
2505 4580 2761 4635 revelavit
2789 4580 2927 4634 Deus
2959 4596 3055 4649 per
3081 4581 3329 4649 spiritum

1744 4688 1897 4727 suum
1929 4689 1942 4725 :
1977 4672 2211 4741 Spiritus
2230 4671 2373 4726 enim
2396 4672 2577 4727 omnia
2602 4682 2893 4739 scrutatur,
2921 4672 3081 4726 etiam
3110 4674 3332 4739 profun-

1743 4763 1808 4819 da
1842 4764 1959 4819 Dei.
1994 4764 2124 4832 Quis
2144 4764 2289 4819 enim
2321 4763 2599 4818 hominum
2624 4763 2729 4817 scit
2755 4778 2872 4831 qua:
2902 4770 3026 4816 sunt
3058 4762 3331 4835 hominis,

1746 4858 1849 4912 nisi
1877 4858 2101 4927 spiritus
2125 4856 2382 4924 hominis,
2411 4857 2499 4924 qui
2526 4856 2578 4909 in
2616 4856 2731 4925 ipso
2756 4868 2837 4911 est
2866 4857 2889 4911 ?
2914 4859 2987 4911 ita
3016 4869 3071 4914 et
3096 4876 3216 4929 quae
3243 4863 3336 4919 Dei

1744 4961 1887 5016 sunt,
1918 4967 2078 5005 nemo
2108 4951 2393 5021 cognovit,
2428 4951 2530 5003 nisi
2568 4950 2802 5020 Spiritus
2837 4951 2954 5006 Dei.
3001 4952 3109 5007 Nos
3152 4965 3331 5012 autem

1741 5061 1850 5099 non
1877 5045 2127 5112 Spiritum
2150 5042 2311 5113 hujus
2344 5042 2530 5096 mundi
2560 5026 2869 5113 accepimus
2892 5086 2908 5111 ,
2934 5046 3029 5101 sed
3070 5047 3333 5116 Spiritum

1743 5139 1833 5208 qui
1864 5154 1931 5193 ex
1964 5137 2072 5191 Deo
2102 5144 2207 5202 est,
2234 5143 2291 5188 ut
2317 5134 2555 5189 sciamus
2581 5150 2702 5204 qua:
2734 5151 2763 5188 a
2808 5136 2919 5190 Deo
2958 5137 3156 5193 donata
3208 5152 3335 5195 sunt

1743 5232 1900 5287 nobis
1926 5247 1937 5281 :
1965 5244 2085 5298 qua:
2112 5235 2167 5282 et
2190 5226 2461 5297 loquimur
2492 5243 2598 5281 non
2647 5227 2702 5281 in
2740 5228 2914 5284 doctis
2954 5229 3203 5287 humana:
3251 5248 3339 5287 sa-

1820 5402 1841 5429 ε
1878 5387 2095 5460 Duobus
2129 5388 2277 5443 hisce
2306 5387 2590 5460 versiculis
2612 5404 2678 5443 ex
2709 5389 2842 5444 lsaia
2868 5406 2986 5460 cap.
3011 5408 3132 5446 thv
3153 5394 3340 5449 lauda-

1745 5462 1815 5517 tis
1846 5459 2179 5532 in_P_alatino
2209 5459 2474 5532 ms.gobeli
2501 5460 2737 5532 Mprarfixi
2787 5459 2946 5517 sunt
2990 5466 3339 5532 Antiquarius

1746 5546 1845 5585 cur
1876 5529 1929 5583 id
1961 5527 2176 5606 fecerit,
2203 5530 2361 5606 facile
2384 5529 2656 5606 intelliges
2675 5547 2742 5584 ex
2774 5534 2889 5599 ipso
2921 5527 3257 5606 Hieronymo
3285 5537 3339 5591 in

1746 5601 2171 5675 Commentariis
2197 5600 2265 5675 ad
2292 5600 2445 5654 illum
2470 5602 2618 5654 Isaiae
2644 5601 2821 5656 locum
2852 5644 2865 5665 ,
2924 5606 2979 5657 in
3032 5600 3194 5675 quem
3227 5648 3244 5673 ,
3299 5611 3342 5663 si

1747 5671 1881 5727 tanti
1908 5679 2053 5735 sunt,
2084 5672 2287 5728 videsis
2314 5679 2369 5725 et
2390 5685 2511 5741 quae
2536 5685 2632 5727 nos
2658 5676 2987 5729 n0tavimus.

2828 5835 2908 5897 21s
