3920 6200
519 234 624 293 ΊΗ

1532 228 1595 287 Β.
1632 221 2016 289 HIERONYMI
2050 219 2285 287 DWINA
2322 224 2793 289 BlBLlOTBECA.

3721 223 3810 287 748

527 346 752 421 pientiae
771 346 982 413 verbis,
1014 345 1108 402 sed
1135 345 1188 401 in
1219 345 1469 401 doctrina
1515 344 1788 414 Spiritus,
1831 341 2126 414 spirituali—
2153 344 2201 403 A
2231 353 2325 399 aut
2352 345 2421 399 ab
2468 345 2703 400 humano
2726 344 2816 400 die
2851 360 2865 399 :
2920 342 3017 400 sed
3073 354 3251 415 neque
3280 331 3565 412 ‘meipsum
3600 340 3807 411 judico.

527 442 632 497 bus
652 443 955 511 spiritualia
981 446 1388 510 comparantes.
1436 438 1703 494 Animalis
1736 447 1918 493 autem
1959 435 2129 493 homo

525 549 632 590 non
662 534 892 605 percipit
916 547 978 588 ea
1008 544 1129 602 quae
1150 541 1280 586 sunt
1308 530 1542 602 Spiritus
1570 530 1665 587 Dei
1690 547 1703 583 :
1733 528 1961 585 stultitia
1976 528 2124 583 enim

529 638 613 683 est
655 627 753 691 illi,
781 636 833 681 et
875 640 979 680 non
1029 631 1209 694 potest
1234 623 1538 694 intelligere
1565 640 1579 676 ε
1610 623 1734 691 quia
1762 618 2124 692 spiritualiter

526 718 885 773 examinator.
905 715 1213 785 Spiritualis
1232 724 1411 771 autem
1430 714 1638 785 judicat
1658 714 1839 768 omnia
1856 726 1871 766 :
1887 720 1942 766 et
1959 712 2075 781 ipse
2091 724 2123 765 a

529 807 743 864 nemine
758 806 1050 877 judicatur.
1076 806 1207 874 Quis
1220 806 1368 864 enim
1381 805 1630 876 cognovit
1648 818 1867 861 sensum
1883 800 2121 873 Domini,

526 900 616 970 qui
631 900 862 954 instruat
877 899 1037 953 eum?
1060 897 1169 954 Nos
1184 912 1365 955 autem
1378 912 1597 955 sensum
1615 896 1816 954 Christi
1837 893 2028 950 habe'm
2037 907 2120 948 us.

597 988 749 1064 [ϐαρ.
767 990 881 1062 111.]
900 990 964 1044 Et
977 1006 1099 1061 ego,
1115 990 1333 1055 fratres,
1353 1006 1457 1045 non
1475 991 1621 1062 potui
1637 989 1790 1046 vobis
1807 987 1951 1057 loqui
1970 985 2123 1057 quasi

525 1083 917 1153 spiritualibus,
934 1084 1027 1138 sed
1044 1083 1196 1152 quasi
1219 1082 1545 1138 carnalibus.
1562 1082 1857 1152 Tamquam
1881 1076 2126 1148 parvulis

521 1177 575 1231 in
595 1176 837 1244 Christo,
862 1176 943 1232 lac
969 1177 1124 1231 vobis
1146 1186 1329 1246 potum
1353 1176 1499 1241 dedi,
1518 1190 1624 1230 non
1647 1188 1858 1231 escam:
1880 1169 2122 1230 nondum

526 1272 670 1327 enim
700 1271 967 1341 poteratis
1001 1288 1015 1327 :
1049 1270 1147 1325 sed
1176 1286 1276 1326 nec
1302 1286 1447 1325 nunc
1477 1269 1695 1340 quidem
1721 1269 1951 1338 potestis
1980 1283 1995 1320 :
2028 1266 2123 1321 ad-

528 1364 635 1419 huc
663 1363 809 1419 enim
833 1362 1084 1419 carnales
1111 1363 1264 1419 estis.
1297 1361 1435 1420 Cum
1456 1363 1600 1419 enim
1632 1362 1703 1418 sit
1726 1361 1868 1417 inter
1896 1373 1994 1416 vos
2035 1373 2125 1414 ze-

525 1457 632 1524 lus,
665 1466 720 1513 et
743 1457 1041 1523 contentio,
1074 1471 1257 1512 nonne
1280 1457 1526 1512 carnales
1556 1455 1712 1522 estis,
1743 1464 1799 1511 et
1825 1451 2123 1509 secundum

524 1550 801 1608 hominem
826 1547 1157 1606 ambulatis?
1180 1548 1312 1605 Cum
1342 1549 1486 1605 enim
1511 1549 1630 1618 quis
1657 1546 1803 1603 dicat
1829 1563 1842 1601 :
1864 1545 1976 1618 Ego
2002 1544 2123 1615 qui-

521 1644 645 1699 dem
677 1659 797 1699 sum
822 1643 975 1699 Pauli
1004 1662 1015 1696 ε
1046 1643 1184 1699 alius
1215 1653 1397 1699 autem
1429 1663 1441 1697 :
1489 1643 1604 1715 Ego
1642 1641 1841 1713 Apollo
1887 1659 1901 1696 :
1944 1653 2125 1697 nonne

530 1831 773 1888 Paulus?
804 1830 1043 1886 Ministri
1072 1829 1213 1900 ejus,
1250 1830 1336 1884 cui
1360 1827 1668 1885 credidistis
1689 1869 1704 1893 ,
1745 1834 1799 1882 et
1828 1825 2124 1894 unicuique

525 1923 668 1979 sicut
700 1922 957 1977 Dominus
985 1922 1155 1977 dedit.
1192 1922 1305 1993 Ego
1334 1920 1575 1992 plantavi
1605 1963 1623 1988 ,
1652 1918 1849 1992 Apollo
1875 1917 2074 1988 rigavit
2109 1934 2119 1968 :

522 2015 621 2071 sed
652 2016 797 2071 Deus
820 2016 1219 2071 incrementum
1244 2013 1413 2070 dedit.
1439 2013 1627 2083 Itaque
1653 2026 1829 2083 neque
1851 2012 1940 2082 qui
1975 2010 2126 2080 plan-

527 2116 624 2175 tat,
654 2116 737 2162 est
766 2105 988 2179 aliquid,
1016 2121 1192 2178 neque
1221 2107 1311 2177 qui
1339 2104 1482 2177 rigat
1508 2122 1521 2171 ;
1556 2105 1673 2174 sed,
1703 2105 1793 2175 qui
1820 2106 2127 2158 incremen-

528 2207 641 2254 tum
665 2198 781 2265 dat,
816 2198 981 2255 Deus.
1002 2198 1103 2266 Qui
1128 2205 1311 2253 autem
1335 2197 1569 2268 plantat,
1589 2207 1643 2252 et
1670 2195 1759 2266 qui
1783 2195 1944 2265 rigat,
1961 2208 2124 2248 unum

528 2298 675 2347 sunt.
702 2289 1092 2362 Unusquisque
1126 2300 1309 2345 autem
1334 2289 1609 2360 propriam
1640 2284 1949 2343 mercedem
1984 2286 2127 2340 acci-

529 2385 640 2454 piet
667 2382 968 2438 secundum
999 2396 1156 2438 suum
1182 2381 1445 2437 laborem.
1475 2381 1569 2437 Dei
1599 2381 1744 2437 enim
1769 2394 1955 2435 sumus
1975 2376 2128 2446 adju-

526 2483 693 2544 tores,
732 2474 823 2529 Dei
851 2475 1184 2546 agricultura
1215 2472 1368 2542 estis,
1415 2473 1507 2528 Dei
1533 2471 1819 2528 mdiﬁcatio
1845 2470 1997 2526 estis.
2031 2469 2129 2525 Se-

532 2569 767 2625 cundum
797 2569 1027 2640 gratiam
1056 2566 1176 2633 Dei,
1208 2583 1332 2637 quae
1359 2567 1482 2621 data
1516 2576 1597 2620 est
1630 2565 1761 2621 mihi
1788 2606 1802 2631 ,
1828 2575 1884 2618 ut
1911 2562 2129 2634 sapiens

527 2662 860 2718 architectus
883 2660 1297 2714 fundamentum
1322 2659 1650 2729 posuizalius
1673 2666 1854 2713 autem
1885 2671 2127 2727 supera:-

522 2755 729 2811 diﬁcat.
757 2754 1146 2822 Unusquisque
1172 2760 1354 2806 autem
1386 2751 1568 2806 videat
1587 2750 1859 2821 quomodo
1893 2764 2129 2821 superae-

527 2847 730 2902 diﬁcet.
755 2844 1193 2899 Fundamentum
1224 2843 1368 2897 enim
1393 2842 1542 2897 aliud
1568 2855 1732 2898 nemo
1754 2852 1933 2913 potest
1956 2856 2125 2912 pone-

525 2955 606 3009 re,
642 2949 841 3009 przeter
867 2937 920 2992 id
948 2937 1093 3008 quod
1125 2937 1358 3007 positum
1386 2945 1507 3005 est,
1548 2937 1693 3008 quod
1736 2944 1823 2994 est
1865 2934 2114 2991 Christus

521 3032 701 3088 Jesus.
735 3031 794 3086 Si
819 3032 940 3102 quis
963 3042 1145 3087 autem
1177 3030 1582 3102 supermdiﬁcat
1611 3046 1779 3103 super
1805 3029 2131 3087 fundamen-

2226 437 2369 494 Nihil
2396 440 2543 495 enim
2572 437 2705 495 mihi
2725 437 2981 495 conscius
2998 452 3118 495 sum
3154 455 3166 492 :
3196 435 3292 493 sed
3325 451 3430 492 non
3454 436 3508 491 in
3531 435 3638 491 hoc
3661 434 3829 505 jusﬁz

2226 533 2415 588 ﬁcatus
2446 546 2607 586 sum:
2648 533 2741 602 qui
2769 540 2952 586 autem
2984 530 3195 601 Iudicat
3233 544 3357 596 me,
3405 529 3670 583 Dominus
3716 536 3805 581 est.

2228 624 2413 694 Itaque
2443 623 2611 678 nolite
2635 634 2764 678 ante
2790 631 3002 692 tempus
3026 621 3271 691 judicare
3297 661 3313 688 ,
3340 618 3705 691 quoadusque
3730 634 3807 674 ve-

2228 716 2340 769 niat
2366 714 2627 770 Dominus
2661 732 2674 767 :
2715 715 2808 784 qui
2848 721 2905 769 et
2933 712 3262 768 illuminabit
3308 709 3631 767 abscondita
3664 717 3809 765 tene—

2226 808 2466 877 brarum,
2504 817 2559 863 et
2602 804 2971 863 manifestabit
3014 804 3245 864 consilia
3281 802 3564 869 cordium,
3596 811 3655 857 et
3702 811 3812 856 tunc

2231 898 2347 954 laus
2366 899 2471 954 erit
2504 899 2800 969 unicuique
2823 914 2852 953 a
2874 898 3001 954 Deo.
3032 897 3157 953 litae
3182 904 3387 965 autem,
3404 894 3618 962 fratres,
3651 906 3813 950 trans-

2226 992 2450 1063 ﬁguravi
2504 993 2558 1046 in
2588 1008 2672 1047 me
2701 1002 2755 1048 et
2782 991 2997 1063 Apollo,
3026 998 3249 1062 propter
3278 1004 3376 1046 vos
3407 1030 3423 1057 ,
3452 998 3513 1045 ut
3568 989 3620 1045 in
3666 989 3812 1046 nobis

2225 1086 2474 1152 discatis,
2499 1102 2567 1142 ne
2592 1101 2754 1155 supra
2782 1100 2944 1156 quam
2968 1084 3228 1156 scriptum
3257 1091 3365 1149 est,
3392 1097 3538 1139 unus
3562 1082 3811 1139 adversus

2226 1178 2459 1234 alterum
2489 1179 2707 1233 inﬂetur
2736 1193 2837 1249 pro
2881 1177 3008 1233 alio.
3039 1177 3175 1247 Quis
3218 1177 3365 1232 enim
3423 1184 3478 1232 te
3526 1175 3811 1232 discernit!

2225 1271 2364 1340 Quid
2385 1281 2566 1328 autem
2598 1270 2790 1340 habes,
2815 1269 2962 1343 quod
2994 1286 3101 1325 non
3132 1268 3429 1340 accepisti?
3450 1267 3512 1326 Si
3529 1277 3712 1325 autem
3736 1283 3814 1324 ac-

2227 1363 2440 1435 cepisti,
2466 1362 2597 1436 quid
2626 1363 2887 1435 gloriaris
2908 1362 3064 1435 quasi
3104 1378 3211 1419 non
3237 1359 3552 1433 acceperis?
3593 1359 3710 1419 lam
3737 1375 3815 1417 sa-

2231 1459 2396 1515 turati
2421 1457 2575 1527 estis,
2602 1456 2715 1529 jam
2732 1455 2939 1512 divites
2961 1454 3085 1511 facti
3116 1454 3277 1510 estis:
3309 1453 3430 1513 sine
3456 1452 3608 1509 nobis
3634 1466 3813 1522 regna-

2240 1550 2309 1605 tis
2342 1565 2355 1604 :
2386 1560 2438 1604 et
2468 1547 2675 1604 utinam
2700 1546 2944 1619 regnetis
2975 1544 3103 1618 [Με.
3143 1540 3489 1617 regnaretis],
3534 1549 3590 1597 ut
3623 1550 3678 1598 et
3719 1556 3815 1599 nos

2229 1641 2514 1697 vobiscum
2541 1653 2852 1712 regnemus.
2888 1638 3024 1694 Puto
3054 1638 3200 1695 enim
3230 1635 3380 1711 quod
3404 1636 3538 1692 Deus
3559 1650 3657 1691 nos
3683 1649 3816 1707 apo-

420 1806 431 1813 .
526 1739 774 1794 homines
792 1737 922 1792 estis
942 1737 967 1789 i
994 1736 1134 1806 Quid
1188 1737 1349 1808 igitur
1404 1744 1489 1792 est
1541 1734 1788 1806 Apollo?
1819 1732 1949 1804 quid
1991 1745 2122 1788 vero
2152 1725 2199 1784 Β
2228 1736 2399 1793 stolos
2431 1736 2757 1793 novissimos
2778 1732 3037 1800 ostendit,
3066 1740 3343 1803 tamquam
3383 1730 3540 1789 morti
3578 1728 3815 1786 destina-

2228 1842 2313 1888 tos
2345 1849 2357 1887 :
2386 1831 2512 1904 quia
2534 1830 2902 1905 spectaculum
2929 1828 3061 1886 facti
3093 1842 3284 1887 sumus
3308 1827 3514 1885 mundo
3541 1866 3558 1894 ,
3585 1836 3640 1883 et
3661 1842 3816 1899 ange-

2228 1925 2327 2005 lis,
2347 1933 2402 1980 et
2430 1923 2763 1980 hominibus.
2794 1922 2906 1980 Nos
2933 1922 3085 1980 stulti
3121 1931 3343 1995 propter
3372 1919 3676 1989 Christum,
3709 1934 3799 1979 vos

2226 2026 2409 2072 autem
2436 2016 2730 2087 prudentes
2757 2018 2808 2073 in
2839 2014 3101 2097 Christo:
3138 2029 3239 2071 nos
3266 2014 3494 2081 inﬁrmi,
3522 2028 3621 2073 vos
3644 2021 3815 2070 autem

2227 2109 2400 2166 fortes
2433 2125 2447 2162 :
2481 2124 2581 2165 vos
2603 2109 2833 2177 nobiles,
2871 2124 2970 2166 nos
2994 2116 3177 2166 autem
3215 2107 3505 2180 ignobiles.
3562 2107 3738 2180 Usque
3761 2107 3816 2165 in

2229 2204 2371 2261 hanc
2396 2203 2580 2259 horam
2611 2211 2666 2259 et
2696 2202 2992 2271 esurimus,
3022 2209 3081 2259 et
3098 2201 3338 2270 sitimus,
3370 2211 3425 2259 et
3453 2201 3583 2259 nudi
3616 2214 3813 2266 sumus.

2227 2303 2284 2351 et
2305 2292 2549 2366 colaphis
2574 2294 2859 2365 cmdimur,
2883 2302 2939 2352 et
2968 2294 3256 2351 instabiles
3283 2309 3501 2362 sumus,
3530 2301 3587 2353 et
3615 2293 3815 2351 labora-

2229 2402 2350 2443 mus
2377 2396 2666 2458 operantes
2698 2386 2945 2444 manibus
2961 2385 3160 2447 nostris
3184 2403 3198 2441 :
3227 2384 3627 2452 maledicimur,
3653 2397 3705 2445 et
3730 2386 3817 2443 be-

2228 2480 2532 2537 nedicimus
2564 2497 2576 2534 :
2609 2480 3043 2551 persecutionem
3073 2479 3328 2551 patimur,
3348 2488 3404 2535 et
3434 2478 3804 2535 sustinemus:

2229 2572 2695 2644 blasphemamur,
2740 2582 2797 2630 et
2834 2571 3186 2628 obsecramus
3233 2588 3248 2628 :
3301 2579 3576 2642 tamquam
3627 2584 3809 2647 purga—

2232 2672 2412 2721 menta
2436 2663 2594 2736 hujus
2625 2664 2813 2719 mundi
2848 2663 2975 2720 faeti
2998 2677 3215 2733 sumus,
3246 2663 3492 2723 omnium
3527 2663 3819 2737 peripsema

2231 2774 2403 2833 usque
2441 2757 2637 2814 adhuc.
2692 2756 2808 2813 Non
2837 2768 2895 2813 ut
2922 2756 3258 2815 confundam
3301 2770 3424 2822 vos,
3462 2756 3580 2811 lucc
3614 2754 3816 2821 scribo,

2229 2851 2324 2908 sed
2350 2861 2408 2907 ut
2433 2850 2573 2907 ﬁlios
2596 2864 2748 2907 meos
2771 2848 3125 2907 charissimos
3151 2862 3372 2907 moneo.
3393 2846 3531 2905 Nam
3557 2845 3606 2913 si
3633 2845 3816 2907 decem

2232 2942 2403 3000 millia
2445 2942 2860 3015 paedagogorum
2890 2941 3137 3001 habeatis
3177 2942 3231 2999 in
3262 2940 3529 3015 Christo;
3572 2941 3667 3002 sed
3716 2954 3819 2998 non

2233 3038 2431 3094 multos
2455 3047 2658 3108 patres.
2689 3035 2824 3093 Nam
2855 3035 2910 3094 in
2933 3034 3153 3093 Christo
3178 3036 3307 3095 Jesu
3333 3052 3434 3109 per
3473 3036 3820 3106 Evangelium

527 3139 641 3184 tum
665 3128 793 3195 hoc,
817 3144 1035 3196 aurum,
1063 3141 1375 3200 argentum,
1409 3127 1615 3197 lapides
1639 3127 1929 3198 pretiosos,
1958 3125 2125 3196 ligna,
2156 3102 2203 3167 ο
2232 3145 2334 3203 ego
2369 3102 2472 3186 vos
2494 3130 2676 3203 genui.
2704 3129 2859 3202 Rogo
2885 3146 3014 3201 ergo
3037 3129 3166 3203 [Με.
3192 3102 3364 3205 enini]
3381 3146 3500 3200 vos,
3526 3102 3820 3187 imitatores

526 3219 732 3282 fenum.
791 3219 1068 3289 stipulam,
1123 3219 1553 3290 uniuscujusque
1603 3234 1740 3291 opus
1783 3218 2129 3274 manifestum

525 3310 632 3364 erit
662 3327 676 3362 :
703 3307 830 3364 Dies
858 3310 1001 3364 enim
1037 3310 1251 3363 Domini
1279 3309 1613 3376 declarabit,
1647 3311 1768 3379 quia
1799 3311 1851 3364 in
1887 3309 2011 3381 igne
2038 3324 2128 3364 re-

529 3400 840 3455 velabitur:
885 3408 940 3454 et
990 3401 1425 3470 uniuscujusque
1476 3415 1614 3470 opus
1648 3402 1808 3473 quale
1853 3403 1951 3468 sit,
1995 3402 2134 3474 ignis

530 3490 804 3562 probabit.
837 3490 894 3546 Si
924 3489 1080 3562 cujus
1111 3504 1249 3561 Opus
1277 3492 1541 3547 manserit
1562 3493 1705 3563 quod
1735 3493 2136 3563 supersediﬁca-

532 3582 629 3650 vit,
660 3581 967 3639 mercedem
989 3582 1265 3653 accipiet:
1309 3582 1370 3640 Si
1395 3582 1548 3654 cujus
1580 3598 1716 3653 opus
1758 3585 1996 3656 arserit,
2036 3585 2132 3641 de-

534 3676 850 3732 trimentum
880 3676 1115 3747 patietur
1146 3694 1160 3731 :
1194 3676 1313 3746 ipse
1337 3683 1517 3732 autem
1549 3677 1730 3733 salvus
1758 3676 1862 3732 erit
1897 3695 1909 3729 :
1950 3678 2029 3733 sic
2057 3688 2137 3732 ta-

539 3784 662 3823 men
715 3769 870 3838 quasi
913 3782 1010 3836 per
1057 3769 1259 3839 ignem.
1309 3767 1543 3825 Nescitis
1587 3771 1714 3841 quia
1747 3770 2006 3841 templum
2041 3769 2135 3826 Dei

538 3858 692 3925 estis,
726 3870 781 3915 et
802 3861 1041 3931 Spiritus
1074 3861 1167 3917 Dei
1194 3860 1402 3918 habitat
1424 3864 1476 3918 in
1502 3863 1691 3919 vobis?
1719 3862 1777 3920 Si
1810 3864 1932 3935 quis
1954 3872 2132 3921 autem

542 3951 800 4021 templum
835 3952 927 4006 Dei
951 3951 1255 4020 violaverit,
1298 3954 1580 4026 disperdet
1609 3955 1762 4012 illum
1789 3956 1951 4013 Deus.
1977 3957 2136 4013 Tent-

544 4040 688 4111 plum
710 4042 855 4096 enim
883 4041 981 4096 Dei
1012 4052 1259 4099 sanctum
1290 4054 1411 4113 est,
1455 4046 1599 4116 quod
1644 4048 1778 4104 estis
1807 4062 1924 4103 vos.
1964 4046 2137 4106 Nemo

542 4146 601 4185 se
631 4130 760 4204 [κδ.
792 4129 917 4203 vos]
947 4131 1211 4187 seducat:
1242 4134 1287 4189 si
1328 4136 1449 4204 quis
1483 4136 1703 4193 videtur
1734 4140 1877 4195 inter
1906 4155 2002 4195 vos
2031 4155 2136 4195 sa-

543 4229 700 4297 piens
725 4239 852 4281 esse
875 4225 931 4279 in
964 4224 1069 4281 hoc
1098 4226 1324 4294 saeculo,
1357 4228 1554 4283 stultus
1578 4231 1691 4295 ﬁat,
1718 4240 1777 4285 ut
1800 4231 1872 4286 sit
1892 4233 2133 4302 sapiens.

541 4316 820 4389 Sapientia
844 4310 990 4373 enim
1016 4315 1176 4388 hujus
1198 4317 1403 4386 mundi,
1420 4318 1652 4374 stultitia
1676 4329 1762 4375 est
1785 4322 1926 4392 apud
1945 4322 2132 4379 Deum.

542 4412 817 4485 Scriptum
849 4421 933 4466 est
975 4411 1119 4467 enim
1169 4428 1183 4465 :
1234 4406 1705 4483 Comprehendam
1755 4416 2029 4486 sapientes
2079 4419 2135 4473 in

539 4508 737 4565 astutia
759 4522 968 4563 eorum.
995 4506 1061 4561 Et
1083 4507 1311 4563 iterum:
1338 4507 1596 4564 Dominus
1620 4509 2136 4582 novitcogitatioues

544 4598 896 4670 sapientium,
926 4597 1183 4667 quoniam
1213 4613 1368 4654 vanae
1398 4610 1543 4654 sunt.
1585 4599 1758 4657 Nemo
1796 4602 1981 4673 itaque
2018 4605 2135 4676 glo-

543 4690 786 4745 rieturin
817 4687 1151 4745 hominibus.
1181 4688 1375 4745 Omnia
1404 4691 1549 4746 enim
1595 4703 1775 4748 ve5tra
1826 4702 1988 4760 sunt,
2021 4696 2137 4752 sive

547 4782 769 4849 Paulus,
795 4782 913 4838 sive
938 4780 1158 4854 Apollo,
1190 4782 1305 4837 sive
1325 4780 1563 4852 Cephas,
1589 4783 1705 4838 sive
1726 4784 1957 4837 mundus
1976 4826 1991 4851 ,
2021 4785 2139 4843 sive

544 4873 675 4940 vita,
707 4874 823 4929 sive
853 4888 1022 4941 mors,
1051 4873 1169 4930 sive
1198 4874 1483 4944 praesentia
1502 4915 1517 4938 ,
1547 4871 1662 4930 sive
1693 4873 1871 4930 futura
1905 4891 1920 4931 :
1953 4880 2134 4933 omnia

544 4967 688 5023 enim
715 4974 899 5022 vestra
926 4974 1096 5027 sunt;
1120 4980 1221 5022 vos
1268 4975 1451 5024 autem
1485 4965 1688 5023 Christi
1721 4983 1735 5022 :
1767 4966 2014 5027 Christus
2041 4987 2136 5028 au-

547 5066 652 5115 tem
678 5056 800 5114 Dei.

615 5151 770 5225 [ϐαρ.
792 5151 911 5226 η]
941 5152 1036 5210 Sic
1057 5167 1173 5222 ,uos
1205 5153 1482 5211 existimet
1524 5154 1688 5211 homo
1710 5197 1726 5223 ,
1774 5165 1835 5212 ut
1861 5156 2142 5215 ministros

544 5242 773 5311 Christi,
795 5256 852 5302 et
880 5245 1287 5316 dispensatores
1318 5247 1702 5318 mysteriorum
1744 5248 1860 5304 Dei.
1904 5249 2003 5307 Hic
2026 5250 2139 5321 jam

542 5339 808 5410 qumritur
835 5338 980 5395 inter
1002 5338 1433 5411 dispensatores,
1464 5349 1525 5396 ut
1545 5340 1721 5398 ﬁdelis
1742 5342 1865 5412 quis
1898 5343 2140 5402 invenia-

547 5439 652 5487 tur.
685 5431 817 5489 Mihi
840 5441 1024 5488 autem
1054 5443 1153 5502 pro
1180 5432 1404 5488 minimo
1426 5443 1547 5503 est,
1578 5444 1637 5491 ut
1662 5451 1691 5492 a
1714 5435 1869 5494 vobis
1890 5435 2139 5511 judicer,

2236 3223 2343 3280 mei
2375 3232 2572 3293 estote,
2605 3233 2630 3261 ⁸
2658 3223 2800 3282 sicut
2832 3233 2887 3282 et
2913 3239 3014 3297 ego
3043 3224 3268 3283 Christi.
3319 3226 3447 3283 ideo
3486 3224 3613 3283 misi
3632 3225 3698 3281 ad
3732 3238 3821 3281 vos

2235 3314 2600 3383 Timotheum,
2629 3317 2719 3388 qui
2748 3323 2833 3373 est
2850 3316 2989 3374 ﬁlius
3010 3331 3162 3375 meus
3179 3316 3556 3387 charissimus,
3577 3327 3629 3375 et
3648 3317 3822 3377 ﬁdelis

2235 3407 2290 3462 in
2322 3407 2575 3473 Domino,
2605 3409 2695 3481 qui
2728 3423 2825 3467 vos
2848 3409 3307 3469 commonefaciet
3333 3412 3453 3469 vias
3480 3426 3626 3473 meas
3645 3455 3659 3480 ,
3697 3424 3816 3482 qua

2235 3511 2363 3557 sunt
2389 3503 2441 3557 in
2472 3501 2691 3560 Christo
2719 3503 2869 3576 Jesu,
2904 3505 3041 3563 sicut
3072 3506 3275 3579 ubique
3302 3506 3357 3562 in
3386 3508 3536 3565 omni
3580 3506 3818 3567 Ecclesia

2238 3595 2430 3653 doceo.
2463 3595 2765 3670 Tamquam
2792 3615 2902 3663 non
2922 3610 3184 3661 venturus
3208 3603 3314 3663 sim
3344 3602 3411 3661 ad
3457 3617 3591 3671 vos,
3627 3604 3703 3659 sic
3741 3601 3821 3659 in-

2237 3687 2348 3744 ﬁati
2371 3697 2500 3746 sunt
2521 3689 2765 3763 quidam.
2800 3691 3031 3753 Veniam
3062 3705 3248 3753 autem
3275 3693 3342 3751 ad
3364 3709 3461 3753 vos
3492 3694 3619 3765 cito,
3644 3692 3690 3751 si
3720 3692 3818 3748 Do-

2237 3780 2416 3837 minus
2439 3782 2673 3839 voluerit
2698 3799 2713 3839 :
2738 3792 2791 3840 et
2818 3799 3139 3856 cognoscam
3168 3801 3276 3846 non
3298 3802 3603 3848 sermonem
3629 3800 3813 3845 eorum

2237 3870 2328 3942 qui
2361 3870 2530 3928 inﬂati
2559 3884 2707 3942 sunt,
2736 3874 2831 3931 sed
2863 3878 3140 3933 virtutem.
3171 3875 3293 3935 Non
3315 3878 3460 3937 enim
3490 3879 3545 3938 in
3575 3890 3814 3937 sermone

2237 3974 2322 4021 est
2346 3982 2571 4038 regnum
2592 3967 2712 4041 Dei,
2743 3971 2839 4027 sed
2870 3971 2923 4029 in
2946 3972 3170 4030 virtute.
3203 3972 3340 4044 Quid
3365 3974 3534 4035 vultis
3556 3974 3578 4027 1
3611 3972 3814 4041 invirga

2238 4058 2452 4117 veniam
2474 4060 2541 4116 ad
2570 4075 2685 4130 vos,
2718 4075 2784 4118 an
2814 4063 2868 4120 in
2899 4064 3185 4133 charitate,
3217 4073 3273 4122 et
3300 4063 3500 4137 spiritu
3522 4072 3814 4125 mansuetu-

2240 4149 2432 4209 diuis?

2312 4241 2457 4319 [ϐαρ.
2492 4244 2582 4318 V.]
2608 4248 2841 4307 Omnino
2880 4249 3095 4310 auditur
3136 4251 3277 4311 inter
3305 4266 3401 4315 vos
3434 4250 3727 4315 fornicatio,
3756 4255 3813 4307 et

2241 4334 2361 4394 talis
2387 4335 2691 4409 fornicatio,
2714 4341 2891 4412 qualis
2915 4358 3015 4401 nec
3039 4344 3182 4401 inter
3200 4355 3414 4417 gentes,
3437 4346 3510 4405 ita
3531 4352 3589 4405 ut
3606 4355 3809 4403 uxorem

2243 4430 2410 4497 patris
2436 4432 2520 4487 sui
2548 4431 2746 4504 aliquis
2776 4433 2989 4493 habeat.
3024 4436 3091 4493 Et
3119 4452 3216 4495 vos
3247 4436 3421 4497 inﬂati
3442 4438 3572 4497 estis
3599 4454 3613 4491 :
3642 4447 3813 4493 etnOl

2245 4521 2414 4594 magis
2442 4522 2644 4579 luctum
2668 4524 2956 4596 habuistis,
2978 4538 3037 4585 ut
3059 4527 3279 4585 tollatur
3299 4528 3370 4589 de
3392 4528 3571 4591 medio
3592 4534 3811 4585 vestrum

2243 4614 2333 4684 qui
2366 4615 2466 4670 hoc
2495 4630 2631 4687 opus
2657 4616 2804 4676 fecit.
2832 4619 2945 4693 Ego
2965 4621 3184 4695 quidem
3206 4621 3406 4679 absens
3426 4635 3658 4695 corporo.
3674 4631 3809 4691 pm-

2244 4717 2369 4758 sens
2389 4714 2571 4760 autem
2589 4707 2804 4777 spiritu,
2822 4709 2933 4781 jam
2950 4710 3210 4783 iudicavi,
3235 4721 3293 4769 ut
3314 4726 3568 4783 μεθείη,
3591 4723 3704 4769 eum
3719 4704 3807 4776 (ιυὶ

2244 4794 2321 4850 sic
2344 4806 2598 4868 operatus
2628 4810 2713 4856 est
2743 4817 2755 4853 :
2785 4802 2839 4857 in
2862 4806 3078 4860 nomine
3103 4803 3314 4862 Domini
3336 4804 3508 4865 nostri
3529 4803 3650 4861 Jesu
3665 4798 3807 4857 Chri-

2243 4887 2335 4958 sti,
2363 4892 2703 4963 congregatis
2732 4894 2887 4952 vobis
2908 4903 2964 4952 et
2983 4910 3105 4955 meo
3123 4897 3339 4969 spiritu.
3366 4913 3489 4959 cum
3512 4898 3691 4957 virtute
3707 4892 3807 4949 Do-

2241 4977 2372 5035 mini
2402 4982 2572 5039 nostri
2602 4982 2752 5056 Jesu,
2787 4987 3001 5047 tradere
3029 4988 3340 5061 huiusmodi
3363 4990 3575 5051 Satanae
3602 4992 3652 5046 in
3673 4987 3803 5045 inte-

2246 5070 2410 5129 ritum
2441 5076 2643 5146 carnis,
2680 5087 2739 5134 ut
2767 5080 2991 5150 spiritus
3017 5082 3198 5141 salvus
3217 5085 3291 5140 sit
3310 5085 3367 5143 in
3394 5084 3484 5143 die
3506 5082 3697 5141 Domini
3714 5092 3804 5135 no-

2242 5163 2342 5220 stri
2385 5162 2517 5223 Jesu
2537 5165 2761 5228 Christi.
2794 5171 2908 5231 Non
2940 5184 3026 5232 est
3049 5176 3188 5235 hoaa
3216 5178 3469 5251 gloriatio
3499 5186 3682 5237 vestra.
3705 5169 3803 5231 Νο-

2241 5259 2392 5316 scitis
2438 5262 2563 5331 quia
2593 5264 2863 5322 modicum
2895 5267 3219 5326 fermentum
3254 5279 3421 5327 totam
3449 5284 3669 5328 massam
3692 5277 3799 5321 cor-

2240 5353 2479 5426 rumpit?
2514 5356 2825 5432 Expurgate
2865 5374 3019 5421 vetus
3060 5365 3415 5433 tunicatum,
3445 5375 3508 5424 ut
3542 5363 3656 5422 silis
3676 5368 3795 5417 non

2242 5449 2594 5517 conspersio,
2632 5450 2773 5509 sicut
2815 5456 2948 5511 estis
2993 5455 3190 5528 azymi.
3236 5459 3448 5516 Etenim
3492 5454 3683 5516 Pascha
3709 5460 3798 5506 Μ’

644 5626 1130 5733 Isaiam).
1172 5641 1276 5683 ms.
1310 5628 1499 5697 verba,
1530 5633 1663 5689 sicut
1711 5641 1759 5689 et
1791 5650 1885 5705 ego
1924 5636 2153 5709 Christi,
2189 5655 2313 5713 qua:
2358 5662 2533 5719 neque
2578 5650 2631 5707 ia
2670 5650 2864 5711 Greca
2890 5664 3040 5712 textu
3110 5657 3304 5730 paleis
3339 5659 3583 5733 excepi.
3608 5645 3790 5714 codici.

548 5693 671 5763 bus,
699 5694 990 5751 habentur.
