3920 6200
174 235 270 296 τω

921 244 1251 306 EPISTOLA
1291 247 1353 306 Β.
1394 242 1603 306 PAULI
1639 240 1969 307 Aposrou
2009 246 2103 309 AD
2138 249 2547 316 CORINTHIOS
2586 257 2628 318 Ι.

3307 270 3413 327 750

172 358 331 404 atrum
359 348 656 409 immolatus
676 360 761 412 est
779 355 1049 415 Christus.
1074 362 1259 430 Itaque
1280 363 1583 433 epulemur,
1610 380 1717 419 non
1742 359 1800 422 Α
1824 363 1955 417 estis
1986 367 2191 421 vestri?
2222 367 2400 439 Empti
2441 372 2586 426 enim
2617 373 2751 430 estis
2778 376 2954 445 pretio
2985 390 3200 451 magno.
3232 382 3416 439 Glori-

168 440 217 493 in
253 440 501 498 fermento
534 448 717 513 veteri,
760 462 935 519 neque
970 451 1025 506 in
1066 452 1335 509 fermento
1372 455 1621 521 malitiae,
1664 465 1720 511 t-t

160 535 398 604 nequitiae
445 554 460 591 :
504 538 595 593 sed
640 540 692 593 in
738 542 940 612 azymis
984 545 1319 601 sinceritatis
1351 558 1408 602 et
1446 548 1713 603 veritatis.

158 627 344 695 Scripsi
376 629 522 684 vobis
556 632 608 684 in
646 632 874 701 epistola
904 652 918 688 :
949 636 1027 691 Ne
1050 639 1509 694 commisceamiui
1542 640 1711 695 forni-

155 718 320 774 coriis.
351 720 465 776 Non
505 725 685 795 utique
714 726 1014 784 fornicariis
1040 730 1199 800 hujus
1228 733 1438 803 mundi,
1471 744 1565 789 aut
1587 749 1716 791 ava-

158 812 243 877 ris,
270 823 361 866 aut
396 816 694 883 rapacibus,
727 829 818 873 aut
845 821 1003 877 idolis
1034 825 1394 880 servientibus
1425 842 1439 880 :
1473 827 1711 898 alioquin

159 902 450 960 debueratis
474 908 545 963 de
566 910 663 967 hoc
682 914 882 969 mundo
902 916 1120 971 exiisse.
1146 917 1299 973 Nunc
1320 930 1496 974 autem
1518 920 1711 991 scripsi

159 1011 199 1047 Vt
219 996 293 1049 bis
318 1013 420 1052 non
449 1009 473 1036 ³
504 1004 878 1065 commisceri:
912 1007 958 1061 si
987 1008 1033 1063 is
1060 1010 1149 1079 qui
1183 1011 1346 1066 frater
1377 1014 1707 1081 nominatur,

152 1101 219 1139 es:
256 1087 561 1161 fornicator,
600 1104 692 1151 aut
729 1111 950 1165 avarus,
989 1112 1083 1155 aut
1123 1102 1286 1158 idolis
1322 1105 1591 1170 serviens,
1619 1119 1710 1163 aut

148 1179 437 1247 maledicus,
477 1194 570 1239 aut
606 1187 879 1255 ebriosus,
919 1201 1012 1247 aut
1050 1208 1245 1263 rapax;
1291 1213 1413 1252 cum
1439 1199 1708 1268 ejusmodi

145 1286 233 1327 nec
257 1274 429 1329 cibum
470 1292 706 1337 sumere.
742 1282 880 1351 Quid
904 1286 1049 1341 enim
1078 1287 1211 1342 mihi
1240 1288 1310 1344 de
1336 1290 1422 1359 iis,
1456 1293 1545 1360 qui
1577 1292 1708 1349 foris

142 1379 270 1427 sunt.
298 1367 575 1437 judicare?
598 1373 789 1432 Nonne
817 1377 888 1433 de
912 1378 1000 1445 iis,
1031 1380 1122 1449 qui
1149 1382 1296 1437 intus
1322 1393 1471 1451 sunt,
1497 1400 1595 1441 vos
1613 1386 1703 1456 ju-

142 1459 348 1515 dicatis?
377 1479 497 1518 nam
528 1482 643 1532 eos,
672 1470 762 1536 qui
787 1470 918 1525 foris
943 1480 1091 1541 sunt,
1120 1474 1266 1531 Deus
1282 1475 1566 1546 iudicabit.
1594 1477 1707 1534 Au—

142 1554 257 1609 ferte
286 1557 479 1612 malum
511 1575 576 1615 ex
607 1562 761 1617 vobis
792 1562 942 1633 ipsis.

203 1649 341 1720 [ϐαρ.
372 1650 481 1724 VL]
510 1654 685 1711 Audet
713 1656 908 1729 aliquis
934 1670 1171 1715 vestrum
1197 1662 1405 1719 habens
1426 1666 1700 1736 negotium

1822 457 1977 513 ficate
2005 469 2058 514 et
2090 471 2301 528 portate
2327 464 2494 520 Deum
2528 468 2579 521 in
2608 482 2839 539 corpore
2872 483 3073 527 vestro.

1891 549 2045 620 [Ca/1.
2077 552 2212 625 Vll.|
2244 556 2317 612 De
2342 560 2535 629 quibus
2565 571 2745 618 autem
2776 566 3072 636 scripsistis
3098 570 3229 624 mihi
3262 587 3275 624 :
3304 573 3413 628 Bo-

1818 658 1947 698 num
1976 656 2059 700 est
2092 650 2295 704 homini
2322 653 2609 710 mulierem
2638 672 2745 712 non
2772 668 3028 731 tangere:
3061 673 3279 733 propter
3303 666 3414 723 for—

1816 736 2143 795 nicationem
2173 754 2351 799 autem
2377 751 2745 822 unusquisque
2766 769 2918 809 suam
2942 772 3167 812 uxorem
3192 760 3411 828 habeat,

1815 839 1868 883 et
1901 845 2235 904 unaquaque
2257 850 2413 893 suum
2439 839 2615 896 virum
2639 845 2852 900 haheat.
2881 847 3045 902 Uxori
3067 850 3149 904 vir
3169 850 3407 909 debitum

1816 921 2009 978 reddat
2040 939 2054 981 :
2083 927 2338 985 similiter
2362 944 2543 988 autem
2566 943 2621 990 et
2643 924 2781 991 uxor
2806 940 2943 994 viro.
2974 940 3168 997 Mulier
3186 944 3265 997 sui
3290 960 3411 1001 cor-

1813 1014 1960 1081 poris
1987 1026 2311 1086 potestatem
2342 1038 2447 1078 non
2474 1025 2656 1091 habet,
2687 1030 2785 1083 sed
2810 1030 2911 1084 vir.
2936 1032 3203 1090 Similiter
3228 1045 3410 1093 autem

1813 1118 1864 1161 et
1895 1110 1975 1162 vir
2004 1111 2084 1165 sui
2111 1118 2354 1182 corporis
2378 1127 2699 1187 potestatem
2733 1136 2839 1178 non
2864 1124 3045 1193 habet,
3072 1129 3167 1183 sed
3193 1130 3404 1187 mulier.

1812 1197 1989 1255 Nolite
2019 1202 2272 1263 fraudare
2314 1210 2543 1266 invicem
2589 1229 2602 1268 :
2648 1213 2752 1269 nisi
2780 1214 2918 1272 forte
2946 1233 3011 1272 ex
3041 1235 3309 1277 consensu
3341 1224 3410 1278 ad

1813 1299 2041 1361 tempus,
2078 1305 2136 1349 ttt
2166 1301 2370 1353 vacetis
2400 1304 2632 1359 orationi
2658 1321 2672 1361 :
2696 1314 2748 1360 et
2778 1307 2973 1362 iterum
2997 1314 3327 1367 revertimini
3352 1314 3408 1368 in

1810 1383 1879 1437 idi
1889 1400 2062 1455 psum,
2080 1404 2147 1444 ne
2168 1400 2339 1448 tentet
2360 1409 2460 1449 vos
2476 1396 2707 1463 Satanas
2728 1411 2948 1470 propter
2964 1402 3409 1463 incontinentiam

1810 1486 2066 1535 vestram.
2112 1482 2225 1537 Hoc
2259 1493 2439 1540 autem
2485 1488 2612 1543 dico
2651 1493 2947 1547 secundum
2994 1496 3404 1568 indulgentiam,

1808 1584 1912 1623 non
1942 1574 2237 1629 secundum
2266 1577 2575 1646 imperium.
2613 1581 2749 1639 Volo
2770 1585 2912 1640 enim
2942 1601 3130 1643 omnes
3156 1605 3255 1644 vos
3284 1606 3410 1649 esse

1808 1663 1949 1717 sicut
1984 1666 2246 1735 meipsum
2282 1685 2296 1722 ε
2331 1671 2424 1724 sed
2470 1676 2843 1745 unusquisque
2889 1682 3159 1749 proprium
3199 1683 3405 1740 donum

144 1742 380 1799 adversus
397 1746 901 1817 alterum,judicari
922 1754 1064 1822 apud
1090 1753 1328 1825 iniquos,
1354 1764 1536 1813 etnon
1561 1760 1703 1827 apud
1734 1743 1786 1807 Β
1810 1751 1973 1810 habet
1994 1772 2058 1811 ex
2095 1758 2209 1812 Deo
2241 1776 2255 1811 :
2287 1760 2427 1816 alius
2451 1742 2667 1832 quidem
2697 1742 2797 1833 sic,
2828 1770 2967 1825 alius
2998 1786 3127 1827 vero
3146 1774 3243 1828 sic.
3276 1776 3408 1831 Dico

141 1835 368 1889 sanctos?
407 1838 488 1893 An
527 1841 750 1896 nescitis
776 1843 1030 1913 quoniam
1062 1847 1239 1902 sancti
1267 1848 1337 1903 de
1366 1847 1471 1903 hoc
1500 1853 1703 1907 mundo

134 1926 461 1993 judicabant?
502 1939 558 1987 ct
591 1934 636 1987 si
683 1934 741 1987 in
776 1936 930 1991 vobis
968 1938 1298 2006 judicabitur
1327 1942 1581 2009 mundus,
1621 1944 1705 1999 in-

137 2015 260 2086 digni
283 2022 409 2075 estis
428 2021 519 2089 qui
540 2022 609 2077 de
631 2026 1171 2095 minimisjudieetis?
1191 2030 1422 2088 Nescitis
1443 2036 1700 2105 quoniam

137 2114 331 2183 angelos
351 2115 754 2185 iudicabimus?
782 2130 989 2191 quanto
1029 2126 1201 2196 magis
1232 2128 1553 2184 szecularia!
1586 2128 1703 2186 Sm—

137 2206 310 2260 cularia
340 2210 499 2279 igitur
523 2212 724 2281 judicia
766 2215 812 2269 si
858 2215 1155 2275 habueritis
1201 2237 1214 2275 :
1261 2225 1700 2293 contemptibiles

136 2299 210 2366 qui
235 2310 351 2355 slmt
375 2302 427 2357 in
458 2304 726 2373 Ecclesia,
759 2306 879 2363 illos
901 2312 1212 2367 constituite
1233 2313 1301 2368 ad
1318 2313 1695 2384 judicandum.

137 2396 203 2448 Ad
231 2401 597 2456 verecundiam
629 2412 861 2458 vestram
890 2404 1031 2461 dico.
1063 2408 1151 2463 Sic
1181 2424 1286 2464 non
1314 2420 1397 2466 est
1430 2411 1571 2467 inter
1599 2428 1701 2469 vos

136 2488 326 2554 sapiens
349 2491 653 2563 quisquam,
685 2496 774 2563 qtti
808 2498 979 2565 possit
1012 2497 1259 2566 judicare
1297 2501 1444 2557 inter
1473 2502 1696 2560 fratrem

134 2581 304 2634 suum?
345 2582 450 2638 Sed
491 2585 669 2641 frater
705 2602 824 2642 cum
860 2588 1025 2643 fratre
1054 2590 1257 2659 judi.io
1285 2596 1566 2649 contendit
1600 2613 1614 2649 :
1647 2605 1702 2652 et

132 2668 219 2727 hoc
241 2675 371 2743 apud
400 2675 652 2733 infideles
670 2679 693 2731 ?
714 2678 833 2734 Jam
857 2680 1071 2750 quidem
1096 2684 1315 2740 omnino
1337 2686 1591 2742 delictum
1615 2699 1702 2745 est

132 2765 177 2819 in
202 2770 363 2834 vobis,
395 2773 549 2841 quod
587 2774 787 2843 judicia
820 2777 1031 2834 habetis
1056 2780 1199 2834 inter
1230 2796 1343 2836 vos.
1379 2784 1560 2849 Quare
1589 2798 1699 2839 non

132 2864 279 2931 magis
310 2866 567 2935 injuria-rt
599 2872 879 2941 accipitis?
907 2890 1077 2939 quare
1114 2891 1218 2930 non
1251 2876 1420 2945 magis
1453 2876 1695 2933 fraudem

134 2955 379 3019 patimini?
414 2959 537 3016 Sed
579 2977 676 3017 vos
715 2963 971 3033 injuriam
1004 2966 1201 3033 facitis,
1229 2977 1283 3023 et
1311 2967 1569 3024 fraudatis
1602 2988 1614 3021 :
1644 2979 1697 3024 et

132 3042 217 3102 hoc
254 3052 528 3109 fratribus-
575 3054 658 3109 An
700 3058 925 3111 nescitis
960 3061 1087 3130 quia
1131 3061 1296 3130 iniqui
1338 3076 1566 3131 regnum
1598 3060 1694 3117 Dei

132 3156 221 3196 non
255 3149 645 3215 possidebunt?
687 3149 863 3205 Nolite
902 3168 1086 3208 errare
1121 3171 1134 3207 :
1167 3153 1351 3225 Neque
1394 3154 1692 3223 fornicarii,

132 3248 281 3306 neque
307 3239 458 3297 idolis
487 3240 828 3309 servientes,
862 3259 1035 3314 neque
1066 3245 1315 3313 adulteri,
1351 3262 1526 3316 neque
1556 3247 1693 3301 mol-

134 3328 223 3398 les,
257 3348 422 3403 neque
458 3335 842 3391 masculorum
872 3338 1276 3406 concubitores,
1317 3356 1494 3410 neque
1526 3341 1691 3409 fures,

131 3435 279 3494 neque
308 3430 469 3497 avari,
526 3444 709 3500 neque
746 3429 966 3504 ebriosi,
1014 3448 1191 3502 neque
1222 3433 1492 3500 maledici,
1522 3448 1696 3505 neque

132 3529 341 3589 rapaces,
384 3537 621 3593 regnum
667 3522 760 3578 Dei
804 3523 1180 3592 possidebunt.
1224 3527 1290 3583 Et
1334 3528 1448 3582 haec
1474 3526 1693 3599 quidam

129 3607 279 3668 fuistis
322 3632 337 3668 :
375 3617 464 3671 sed
522 3616 694 3671 abluti
732 3617 887 3683 estis,
930 3619 1026 3674 sed
1065 3620 1386 3676 sanctificati
1414 3622 1565 3686 estis,
1600 3621 1694 3677 sed

128 3699 372 3768 iustificati
413 3719 493 3764 est
514 3710 578 3774 is,
612 3710 664 3763 in
693 3711 909 3765 nomine
935 3710 1148 3767 Domini
1178 3715 1347 3769 nostri
1380 3715 1507 3770 Jesu
1538 3714 1696 3770 Chri-

130 3794 202 3854 sti.
236 3806 282 3851 et
318 3800 369 3854 in
407 3799 620 3869 Spiritu
653 3801 743 3856 Dei
776 3803 965 3858 nostri.
1000 3803 1192 3859 Omnia
1221 3806 1353 3860 mihi
1382 3806 1565 3871 licent,
1598 3807 1695 3862 sed

128 3899 217 3940 non
250 3892 417 3945 omnia
460 3892 785 3961 expediunt.
827 3892 1019 3949 Omnia
1062 3895 1193 3949 mihi
1227 3896 1414 3961 licent,
1459 3898 1553 3952 sed
1594 3913 1696 3969 ego

128 3977 211 4031 sub
238 3981 425 4038 nullius
448 3984 675 4054 redigar
704 3995 993 4054 potestate.
1025 3987 1159 4042 Esca
1192 3989 1387 4051 ventri,
1419 4000 1473 4043 et
1502 3998 1697 4046 venter

127 4072 246 4127 escis
279 4091 295 4131 :
335 4076 474 4132 Deus
523 4086 704 4134 autem
740 4088 792 4134 et
842 4079 984 4135 hunc
1038 4089 1094 4136 et
1124 4080 1220 4134 has
1253 4080 1379 4152 [Ms.
1415 4082 1576 4154 hanc]
1605 4082 1698 4138 de-

132 4172 316 4222 struet:
342 4184 539 4241 corpus
567 4182 745 4227 autem
768 4186 876 4227 non
898 4173 1263 4242 fornicationi,
1300 4174 1393 4229 sed
1417 4174 1649 4229 Domino
1678 4191 1693 4231 :

130 4266 175 4311 et
199 4259 443 4318 Dominus
471 4264 714 4334 corpori.
740 4264 884 4323 Deus
909 4281 1040 4321 vero
1070 4274 1126 4321 et
1150 4265 1439 4322 Dominum
1468 4268 1694 4323 suscita-

128 4350 195 4403 vit
228 4369 241 4403 :
274 4362 325 4408 et
365 4370 463 4411 nos
494 4356 781 4411 suscitabit
822 4372 921 4427 per
957 4358 1212 4414 virtutem
1246 4374 1421 4414 suam.
1466 4360 1697 4416 Nescitis

127 4445 354 4508 Quoniam
390 4463 626 4517 corpora
665 4455 844 4503 vestra
883 4452 1129 4506 membra
1156 4463 1280 4506 sunt
1304 4451 1545 4506 Christi?
1568 4451 1695 4506 Tol-

130 4532 230 4591 lens
265 4554 389 4611 ergo
418 4542 667 4598 membra
700 4539 922 4609 Christi,
955 4545 1145 4601 faciam
1176 4547 1417 4602 membra
1449 4546 1695 4601 meretri-

128 4627 231 4683 cis‘l
263 4632 433 4689 Absit.
472 4636 557 4689 An
586 4635 808 4691 nescitis
835 4638 1093 4706 quoniam
1124 4639 1215 4709 qui
1246 4639 1487 4695 adhaeret
1515 4654 1692 4697 mere-

130 4718 254 4786 trici,
282 4737 447 4779 unum
472 4740 671 4794 corpus
693 4726 966 4784 efﬁcitur?
986 4728 1159 4785 Erunt
1178 4731 1320 4787 enim
1343 4732 1563 4804 (inquit)
1588 4734 1695 4790 duo

129 4806 177 4863 in
200 4825 355 4870 carne
381 4830 508 4872 una.
538 4816 641 4886 Qui
670 4828 850 4875 autem
879 4819 1121 4876 adhaeret
1151 4822 1399 4888 Domino,
1428 4840 1567 4881 unus
1586 4827 1697 4896 spi-

131 4900 253 4958 ritus
294 4916 395 4963 est.
443 4909 635 4981 Fugite
678 4911 1113 4969 fornicationem.
1161 4915 1333 4972 Omne
1378 4927 1693 4987 peccatum,

132 4996 489 5071 quodcumque
512 5003 702 5061 fecerit
722 5005 907 5074 homo,
938 5017 1088 5064 extra
1121 5024 1315 5078 corpus
1340 5021 1422 5067 est
1446 5030 1459 5067 :
1484 5014 1576 5083 qui
1604 5028 1698 5068 au-

133 5090 229 5141 tem
267 5090 577 5161 fornicatur,
604 5098 657 5153 in
693 5113 891 5169 corpus
929 5114 1083 5157 suum
1120 5115 1324 5173 peccat.
1360 5105 1437 5159 An
1481 5106 1701 5161 nescitis

132 5182 372 5245 quoniam
393 5190 633 5245 membra
653 5201 853 5261 vestra,
881 5193 1135 5264 templum
1168 5207 1293 5251 sunt
1314 5195 1549 5265 Spiritus
1572 5211 1699 5252 san-

133 5269 218 5339 cti,
259 5278 345 5345 qui
390 5278 445 5334 in
491 5282 645 5339 vobis
683 5296 787 5351 est,
829 5301 991 5356 quem
1032 5286 1247 5344 habetis
1279 5303 1307 5342 a
1345 5289 1475 5353 Deo,
1508 5296 1565 5344 et
1595 5304 1697 5343 non

202 5524 431 5598 °_Aliter
465 5532 631 5586 multo
673 5534 726 5589 in
762 5533 1005 5589 Palatino
1041 5549 1196 5598 mss.,
1239 5553 1340 5589 non
1375 5536 1704 5589 commiscea-

138 5593 273 5659 ηιὶπί,
302 5597 457 5687 siqui
486 5603 643 5687 [fater
669 5608 965 5687 nominatur:
984 5607 1117 5687 inter
1140 5593 1556 5687 cdsfprnr’caton,
1589 5613 1695 5659 etc.

143 5616 273 5659 ηιτηι,
302 5616 347 5651 ετ
408 5616 457 5651 ut
486 5616 643 5669 pater
669 5616 965 5659 nominatur
984 5616 1117 5661 inter
1140 5624 1223 5660 vos
1253 5616 1556 5732 perimatur,
1589 5616 1695 5659 etc.

276 5616 494 5758 (attigero
517 5673 683 5758 lectio
698 5684 853 5758 vetus
878 5676 1045 5758 videri
1074 5679 1252 5758 antel
1278 5681 1705 5758 i_ertittymtanam

146 5736 555 5799 emendationem
601 5756 774 5814 potest
803 5763 815 5800 :
849 5749 940 5802 sed
979 5757 1033 5802 et
1062 5750 1253 5804 alit-ubi
1284 5749 1335 5803 in
1368 5736 1609 5817 epistolis
1636 5746 1703 5799 ab

1808 1852 1988 1899 autem
2013 1861 2119 1901 non
2151 1851 2354 1918 nuptis,
2380 1861 2434 1906 et
2457 1852 2631 1909 viduis
2654 1871 2667 1911 :
2691 1855 2895 1913 Bonum
2919 1868 3000 1915 est
3018 1861 3093 1916 illi
3113 1866 3155 1917 si
3183 1865 3261 1919 sic
3284 1880 3407 1935 per-

1810 1948 2061 1993 maneant
2091 1940 2218 2011 [Μδ.
2262 1946 2709 2019 permanserint],
2752 1949 2887 2005 sicut
2930 1962 2985 2007 et
3018 1967 3135 2023 ego.
3175 1956 3328 2024 Quod
3358 1958 3407 2012 si

1805 2045 1914 2086 non
1954 2047 2014 2088 se
2040 2036 2344 2102 continent,
2378 2039 2599 2094 nubant.
2634 2042 2826 2097 Melius
2860 2056 2944 2101 est
2983 2049 3129 2103 enim
3170 2052 3398 2121 nubere,

1805 2139 1967 2192 quam
2006 2127 2109 2180 uri.
2155 2126 2225 2180 lis
2266 2140 2467 2197 autem,
2517 2134 2607 2201 qui
2650 2136 2994 2192 matrimonio
3034 2141 3207 2208 juncti
3251 2157 3399 2213 sunt,

1808 2218 2065 2286 prmcipio
2094 2234 2200 2273 non
2233 2235 2353 2290 ego,
2389 2222 2487 2277 sed
2521 2224 2801 2295 Dominus,
2836 2244 3059 2286 uxorem
3089 2248 3121 2287 a
3149 2234 3267 2288 viro
3293 2251 3401 2291 non

1804 2307 2089 2365 discedere
2126 2327 2139 2363 :
2178 2313 2322 2381 qttod
2363 2315 2407 2367 si
2452 2313 2787 2385 discesserit,
2830 2336 3051 2377 manere
3087 2324 3393 2395 innuptam,

1803 2411 1892 2453 aut
1920 2400 2037 2453 viro
2064 2417 2165 2456 suo
2194 2400 2557 2460 reconciliari.
2590 2407 2656 2461 Et
2697 2408 2778 2463 vir
2813 2427 3038 2468 uxorem
3078 2430 3185 2468 non
3213 2416 3399 2471 dimit-

1802 2492 2044 2547 tat.Nam
2064 2494 2278 2549 caeteris
2303 2510 2407 2565 ego
2427 2496 2569 2564 dico,
2602 2515 2710 2554 non
2740 2501 3015 2557 Dominus.
3049 2503 3105 2559 Si
3138 2507 3257 2574 quis
3287 2508 3399 2563 fra-

1804 2595 1883 2641 ter
1924 2603 2144 2642 uxorem
2182 2589 2343 2644 habet
2372 2591 2670 2661 infidelem,
2705 2602 2759 2648 et
2788 2594 2901 2651 haec
2941 2600 3208 2654 consentit
3240 2599 3397 2655 babi-

1803 2686 1917 2731 tare
1956 2695 2077 2733 cum
2122 2680 2235 2744 illo,
2275 2696 2379 2736 non
2423 2683 2659 2739 dimittat
2686 2686 2855 2740 illam.
2894 2688 2963 2742 Et
2998 2689 3043 2743 si
3074 2706 3175 2760 qua
3206 2693 3403 2750 mulier

1800 2768 1976 2823 fidelis
2007 2770 2168 2826 habet
2195 2771 2369 2828 virum
2403 2774 2704 2841 infidelem,
2731 2789 2783 2831 et
2827 2778 2913 2834 hic
2942 2784 3220 2837 consentit
3245 2785 3394 2840 habi-

1803 2872 1915 2917 tare
1957 2879 2079 2918 eum
2108 2866 2221 2931 illa,
2261 2882 2367 2920 non
2398 2868 2637 2923 dimittat
2664 2869 2833 2925 virum
2869 2887 2884 2925 :
2912 2876 3282 2933 sanctificatns
3313 2888 3398 2933 est

1798 2957 1943 3010 enim
1981 2957 2062 3010 vir
2101 2958 2332 3013 infidelis
2379 2958 2406 2997 ιι
2447 2976 2544 3029 per
2594 2963 2875 3019 mulierem
2918 2967 3152 3035 fidelem,
3182 2980 3235 3025 et
3265 2984 3397 3027 san-

1800 3054 2034 3108 ctificata
2066 3064 2149 3109 est
2177 3056 2375 3110 mulier
2400 3056 2635 3112 inﬁdelis
2664 3075 2761 3129 per
2789 3061 2956 3117 virum
2983 3062 3197 3119 fidelem
3222 3080 3236 3118 :
3263 3066 3396 3122 alio-

1800 3147 1929 3216 quin
1965 3147 2060 3201 filii
2092 3148 2259 3203 vestri
2291 3147 2553 3205 immundi
2595 3160 2801 3219 essent,
2831 3169 2973 3207 nuttc
3009 3164 3189 3211 autem
3222 3159 3395 3214 sancti

1799 3246 1942 3293 sunt.
1976 3239 2127 3306 Quod
2157 3242 2201 3293 si
2246 3240 2478 3311 infidelis
2505 3242 2763 3311 discedit,
2792 3244 3035 3302 discedat
3064 3265 3077 3303 :
3109 3266 3216 3304 non
3250 3252 3395 3308 enim

1798 3333 2038 3387 servituti
2070 3333 2343 3404 subjectus
2366 3346 2447 3390 est
2478 3336 2642 3393 frater
2672 3347 2763 3392 aut
2790 3354 2948 3395 soror
2969 3342 3021 3395 in
3046 3342 3393 3413 hujusmodi;

1798 3426 1851 3481 in
1895 3442 2024 3497 pace
2071 3438 2247 3483 autem
2294 3432 2510 3485 vocavit
2554 3447 2654 3485 nos
2699 3433 2860 3489 Deus.
2896 3434 3048 3492 Unde
3086 3440 3227 3494 enim
3262 3443 3389 3511 scis,

1800 3519 2015 3584 mulier,
2060 3522 2102 3574 si
2148 3523 2321 3576 virum
2367 3522 2579 3577 salvum
2606 3523 2811 3579 facies?
2830 3534 2922 3579 aut
2953 3528 3095 3584 unde
3123 3533 3251 3597 scis,
3285 3534 3387 3599 vir,

1799 3613 1842 3667 si
1892 3613 2174 3669 mulierem
2206 3615 2409 3669 salvam
2437 3614 2644 3671 facies?
2671 3617 2771 3671 nisi
2806 3618 3114 3689 unicuique,
3146 3624 3283 3677 sicut
3313 3625 3395 3680 di-

1801 3703 1919 3757 visit
1947 3703 2232 3768 Dominus.
2263 3721 2699 3776 unumquemque
2719 3710 2856 3762 sicut
2892 3710 3102 3765 vocavit
3125 3712 3291 3781 Deus,
3320 3716 3390 3770 ita

1798 3794 2057 3863 ambulet,
2082 3806 2134 3850 et
2158 3796 2296 3850 sicut
2320 3798 2370 3849 in
2395 3798 2647 3851 omnibus
2670 3799 2914 3854 ecclesiis
2933 3800 3123 3858 doceo.
3148 3801 3361 3860 Circum
3384 3843 3392 3848 -

1798 3888 1942 3940 cisus
1964 3886 2155 3956 aliquis
2182 3897 2408 3939 vocatus
2434 3889 2555 3942 est?
2578 3903 2687 3944 non
2710 3889 2941 3945 adducat
2964 3896 3307 3964 prmputium.
3333 3898 3389 3953 In

1799 3980 2062 4047 praeputio
2083 3978 2276 4047 aliquis
2297 3988 2516 4033 vocatus
2538 3980 2655 4036 est?
2675 3995 2782 4036 non
2804 3983 3245 4042 circumcidatur.
3268 3987 3391 4044 Cir-

1798 4070 2060 4124 cumcisio
2099 4069 2230 4124 nihil
2262 4081 2364 4136 est,
2400 4080 2453 4126 et
2485 4075 2802 4142 praeputium
2845 4076 2975 4131 nihil
3007 4086 3090 4133 est
3121 4095 3135 4135 :
3171 4081 3266 4136 sed
3296 4082 3375 4138 ol-

1796 4162 2033 4217 servatio
2058 4163 2433 4218 mandatorum
2462 4165 2576 4220 Dei.
2612 4164 2992 4239 Unusquisque
3022 4170 3077 4225 in
3100 4187 3203 4243 qua
3233 4189 3393 4229 voca-

1798 4257 1943 4311 tione
1973 4269 2193 4313 vocatns
2223 4266 2325 4323 est,
2361 4258 2413 4311 in
2445 4273 2507 4313 ea
2544 4271 2878 4325 permaneat.
2914 4261 3112 4318 Servus
3154 4274 3385 4321 vocatus

1797 4349 1901 4405 es?
1928 4363 2037 4404 non
2070 4351 2139 4403 sit
2172 4350 2269 4403 tibi
2293 4363 2438 4404 cura:
2470 4367 2483 4401 :
2513 4349 2611 4403 sed
2639 4350 2683 4403 si
2713 4360 2865 4416 potes
2888 4351 3007 4405 fieri
3036 4350 3193 4418 liber,
3223 4356 3391 4425 magis

1797 4452 1968 4498 utere.
1995 4442 2096 4510 Qui
2126 4444 2269 4498 enim
2302 4443 2354 4497 in
2389 4443 2615 4497 Domino
2636 4454 2858 4498 vocatus
2878 4452 2962 4498 est
2983 4458 3193 4510 servus,
3224 4447 3390 4503 liber-

1802 4546 1888 4592 tus
1908 4546 1991 4592 est
2012 4536 2230 4591 Domini
2253 4552 2267 4586 :
2292 4535 2539 4589 similiter
2562 4534 2653 4604 qui
2678 4536 2817 4589 liber
2835 4544 3054 4591 vocatus
3076 4546 3176 4603 est,
3201 4552 3389 4597 servus

1801 4641 1883 4687 est
1923 4629 2143 4684 Christi.
2176 4628 2353 4683 Pretio
2392 4626 2556 4696 empti
2594 4627 2743 4692 estis,
2778 4627 2949 4682 nolite
2978 4629 3097 4682 fieri
3126 4631 3266 4686 servi
3294 4632 3392 4689 ho-

1801 4726 2027 4780 minum.
2056 4704 2439 4791 Unusttuisque
2468 4719 2525 4774 in
2563 4735 2673 4790 quo
2703 4728 2923 4775 vocatus
2948 4730 3049 4787 est,
3085 4721 3299 4791 fratres,
3334 4727 3387 4781 in

1802 4819 1905 4873 hoc
1926 4827 2236 4888 permaneat
2259 4815 2399 4884 apud
2421 4814 2610 4869 Deum.
2641 4814 2716 4868 De
2737 4812 3029 4884 virginibus
3052 4824 3230 4871 autem
3252 4832 3389 4887 pra:-

1800 4921 2017 4981 ccptum
2040 4908 2249 4964 Domini
2274 4922 2380 4961 non
2406 4906 2577 4960 habeo
2601 4920 2615 4960 :
2642 4905 2926 4959 consilium
2949 4915 3124 4961 autem
3143 4908 3232 4975 do,
3252 4918 3361 4965 tam
3378 4937 3392 4950 -

1800 5022 1961 5077 quam
2002 5000 2429 5058 misericordiam
2468 5009 2791 5053 consecutus
2834 5013 2863 5053 a
2902 4997 3152 5066 Domino,
3198 5012 3255 5056 ut
3284 5005 3384 5059 sim

1803 5098 1996 5153 ﬁdelis.
2048 5095 2309 5148 Existimo
2355 5105 2487 5160 ergo
2533 5090 2634 5144 hoc
2679 5089 2879 5144 bonum
2908 5104 3029 5146 esse
3059 5103 3280 5163 propter
3310 5095 3392 5149 in-

1802 5199 2032 5247 stantem
2057 5184 2454 5246 necessitatem,
2481 5183 2737 5251 quoniam
2757 5181 2957 5238 bonum
2983 5194 3065 5239 est
3089 5185 3291 5241 homini
3316 5191 3393 5245 sic

1803 5300 1945 5341 esse.
1987 5279 2248 5349 Alligatus
2285 5291 2345 5333 es
2371 5275 2566 5330 uxori?
2609 5275 2721 5331 noli
2758 5291 3003 5346 quatere
3038 5278 3389 5337 solutionem.

1815 5519 2573 5607 [rrerottymoiﬁylaud‘lfﬁf-
2688 5590 2724 5607 κ
2764 5591 2867 5607 ,1,
3128 5592 3138 5607 .
3194 5594 3211 5607 ι
3270 5603 3281 5607 -
3345 5597 3357 5607 -

1878 5601 1911 5639 δ
1936 5590 2182 5654 Pressius
2218 5592 2420 5647 Cra-cae
2461 5592 2653 5644 litterae
2688 5590 2962 5645 Palatinus
2991 5604 3091 5646 ms.
3127 5592 3308 5663 habet,
3338 5597 3393 5651 in

1808 5671 2020 5727 muliere
2043 5663 2205 5738 ﬁdeli,
2238 5664 2289 5717 ἐν
2311 5670 2377 5735 τῇ
2397 5666 2615 5735 γυναικὶ,
2644 5668 2746 5716 etc.
