3920 6200
500 241 605 297 751

1506 229 1566 285 S.
1608 221 1985 283 HIEBONYMI
2025 217 2254 277 DIVINA
2294 218 2775 279 BIBLIUI'HECA.

3698 217 3787 274 752

500 352 725 409 Solutus
753 363 813 405 es
838 349 906 403 ab
932 345 1138 402 uxore?
1160 344 1270 399 noli
1293 356 1541 413 querere
1563 355 1812 395 uxorem.
1840 338 1898 393 Si
1919 347 2097 391 autem
2125 336 2176 394 A
2204 335 2453 390 inﬁrmis.
2487 335 2547 391 Si
2576 335 2720 390 enim
2754 334 2873 402 quis
2912 330 3118 388 viderit
3141 344 3292 396 eum,
3319 329 3412 403 qni
3438 328 3604 386 habet
3629 331 3793 386 scien-

502 443 783 514 acceperis
805 455 1026 496 uxorem
1051 455 1066 490 :
1092 449 1197 491 non
1221 437 1473 506 peccasti.
1500 434 1567 488 Et
1589 433 1635 487 si
1660 430 1901 503 nupserit
1927 431 2099 498 virgo,

499 554 613 594 non
641 534 902 608 peccavit.
935 530 1359 586 Tribulationem
1406 539 1583 582 tamen
1615 527 1796 582 carnis
1828 523 2103 577 habebunt

503 627 840 701 hujusmodi.
867 627 977 692 Ego
1009 635 1190 679 autem
1219 625 1371 677 vobis
1401 636 1586 691 parco.
1614 619 1730 673 Hoc
1752 619 1932 688 itaque
1954 615 2100 676 dici),

502 723 701 778 fratres
730 737 745 780 ;
786 718 1026 787 Tempus
1067 717 1230 771 breve
1261 725 1374 780 est;
1411 713 1677 781 reliquum
1708 720 1815 776 est,
1846 719 1904 764 ut
1930 717 1987 764 et
2009 705 2100 776 qui

500 815 708 870 habent
733 826 951 873 uxores,
988 818 1263 880 tamquam
1307 824 1411 860 non
1446 805 1710 858 habentes
1741 803 1849 856 sint
1880 817 1894 855 :
1925 809 1981 854 et
2009 798 2098 868 qui

498 907 656 970 ﬂent,
681 916 951 974 tamquam
977 918 1081 955 non
1104 900 1295 954 ﬁentes
1320 915 1332 950 :
1358 909 1412 952 et
1433 896 1522 965 qui
1547 894 1804 965 gaudent,
1828 901 2098 960 tamquam

499 1015 612 1055 non
639 998 935 1070 gaudentes
974 1011 989 1049 :
1028 1003 1085 1050 et
1119 993 1209 1063 qui
1245 1000 1451 1053 emunt,
1481 999 1756 1058 tamquam
1795 1001 1900 1040 non
1930 985 2103 1054 possi-

501 1093 695 1149 dentes
734 1107 749 1144 ε
790 1099 844 1145 ει
885 1087 976 1158 qui
1018 1094 1244 1140 utuntur
1284 1083 1386 1137 hoc
1426 1081 1648 1148 mundo,
1684 1089 1954 1146 tamquam
1994 1091 2100 1129 non

503 1193 726 1239 utantur
757 1199 771 1237 :
804 1184 1046 1251 praterit
1065 1179 1209 1233 enim
1235 1177 1405 1245 ﬁguta
1430 1174 1589 1242 hujus
1611 1171 1818 1226 mundi.
1848 1169 1987 1223 Volo
2007 1182 2104 1222 au-

504 1288 616 1334 tem
660 1291 759 1330 vos
790 1276 907 1329 sine
934 1271 1298 1327 sollicitudine
1328 1283 1475 1324 esse.
1508 1265 1609 1334 Qui
1638 1266 1757 1319 sine
1799 1278 1967 1319 uxore
1995 1272 2098 1324 est,

507 1371 775 1427 sollicitus
794 1376 878 1423 est
897 1382 1016 1438 qua-
1039 1362 1254 1419 Domini
1274 1371 1419 1424 sunt,
1444 1358 1717 1429 quomodo
1738 1357 1946 1427 placeat
1969 1356 2099 1411 Deo.

424 1487 431 1494 ο
508 1465 612 1531 Qui
651 1472 831 1518 autem
873 1475 996 1514 cum
1038 1473 1207 1512 uxore
1246 1464 1349 1521 est,
1393 1453 1658 1507 sollicitus
1697 1459 1782 1505 est
1817 1465 1937 1520 quae
1977 1457 2104 1504 sunt

508 1555 717 1619 mundi,
754 1551 1025 1623 quomodo
1061 1549 1269 1620 placeat
1303 1545 1456 1600 uxori
1505 1562 1517 1596 :
1562 1554 1613 1598 et
1657 1543 1861 1596 divisus
1898 1551 2000 1596 est.
2039 1541 2103 1594 Et

510 1649 716 1703 mulier
758 1648 1004 1713 innupta,
1031 1650 1086 1696 et
1121 1641 1291 1708 virgo,
1324 1635 1524 1704 cogitat
1553 1650 1672 1703 qua:
1699 1633 1914 1688 Domini
1942 1640 2099 1695 sunt;

2205 435 2357 493 tiam,
2386 435 2437 484 in
2458 431 2622 485 idolio
2643 431 3049 486 recumbentem
3073 447 3086 482 :
3107 444 3286 483 nonne
3305 428 3644 483 conscientia
3670 429 3790 495 ejus,

2205 538 2325 576 cum
2358 524 2426 576 sit
2466 521 2700 588 inﬁrma,
2734 521 2762 559 δ
2791 522 3093 576 :edilicatur
3117 521 3184 575 ad
3218 521 3662 576 manducandum
3697 520 3793 574 ido-

2207 612 2449 684 lothyta?
2489 614 2554 667 Et
2590 615 2785 683 peribit
2820 614 3068 667 inﬁrmus
3100 615 3152 666 in
3194 621 3284 666 tua
3322 613 3579 678 scientia,
3611 612 3789 682 frater,

2207 715 2426 774 propter
2452 720 2611 774 quem
2645 702 2894 760 Christus
2920 715 3170 758 mortuus
3193 704 3315 760 est?
3346 703 3438 758 Sic
3468 713 3653 759 autem
3686 718 3794 773 pec-

2204 806 2390 852 cantes
2414 799 2465 852 in
2492 797 2710 872 fratres,
2734 807 2790 853 et
2813 798 3177 864 percutientes
3197 797 3595 852 conscientiam
3616 811 3791 851 eorum

2206 891 2501 954 inﬁrmam,
2540 893 2593 945 in
2620 890 2892 945 Christum
2935 890 3192 960 peCcatis.
3225 891 3574 959 Quapropter
3600 890 3648 944 si
3679 905 3790 944 esca

2204 983 2534 1037 scandalizat
2565 983 2790 1038 fratrem
2819 999 3000 1038 meum
3036 1001 3051 1037 :
3083 999 3188 1037 non
3223 983 3568 1038 manducabo
3587 998 3790 1039 carnem

2207 1075 2257 1128 in
2289 1085 2573 1140 aeternum,
2606 1091 2674 1130 ne
2704 1075 2924 1130 fratrem
2955 1091 3134 1129 meum
3176 1076 3564 1131 scaudalizem.

2278 1166 2426 1236 [Cap.
2445 1167 2562 1239 ne]
2590 1168 2704 1222 Non
2718 1183 2837 1222 sum
2863 1167 3158 1223 Iiber?Non
3174 1185 3292 1223 sum
3315 1169 3637 1237 apostolus?
3658 1171 3787 1226 Non-

2207 1274 2275 1314 ne
2297 1259 2576 1314 Christum
2617 1259 2805 1316 Jesum
2837 1260 3122 1314 Dominum
3160 1271 3405 1316 nostrum
3437 1262 3590 1317 vidi?
3615 1262 3789 1320 Nonne

2206 1367 2342 1421 opus
2374 1368 2552 1408 meum
2580 1368 2680 1407 vos
2708 1353 2838 1408 estis
2867 1353 2918 1406 in
2953 1353 3182 1407 Domino
3205 1353 3224 1406 i
3251 1353 3319 1408 Et
3340 1354 3386 1408 si
3406 1355 3532 1410 aliis
3557 1371 3663 1410 non
3681 1372 3787 1413 sum

2205 1446 2512 1514 apostolus,
2557 1445 2654 1500 sed
2697 1454 2876 1500 tamen
2915 1447 3069 1500 vobis
3112 1461 3267 1501 sum:
3301 1463 3425 1501 nam
3463 1448 3785 1519 signaculum

2206 1537 2543 1606 apostolatus
2575 1538 2680 1594 mei
2719 1553 2818 1594 vos
2853 1539 2985 1593 estis
3026 1539 3080 1592 in
3113 1539 3369 1594 Domino.
3410 1540 3525 1596 hlea
3551 1542 3787 1597 defensio

2209 1629 2349 1699 apud
2370 1645 2488 1695 eos,
2516 1632 2607 1701 qui
2632 1647 2718 1686 me
2739 1632 3096 1703 interrogant,
3123 1633 3240 1688 haec
3262 1644 3367 1689 est.
3397 1635 3653 1706 Numquid
3679 1653 3782 1691 non

511 1749 572 1795 ut
586 1741 655 1794 sit
676 1747 859 1792 sancta
881 1749 1130 1801 corpore,
1152 1739 1207 1784 et
1230 1728 1440 1796 Spiritu.
1466 1726 1596 1792 Qua:
1615 1735 1793 1779 autem
1818 1733 1979 1791 nupta
2002 1732 2105 1786 est,
2136 1713 2185 1774 Β
2215 1721 2476 1777 habemus
2504 1734 2826 1793 potestatem
2866 1727 3229 1782 manducaudi
3259 1737 3314 1782 et
3340 1727 3601 1783 bibendi?
3633 1731 3786 1786 Num-

515 1833 718 1903 cogitat
736 1844 856 1899 quas
876 1835 1002 1882 sunt
1020 1820 1226 1884 mundi,
1249 1818 1523 1890 quomodo
1547 1817 1756 1884 placeat
1777 1817 1915 1870 viro.
1937 1815 2107 1868 Porro

514 1925 620 1979 hoc
646 1922 712 1976 ad
735 1919 1018 1975 utilitatem
1043 1927 1277 1969 vestram
1305 1911 1426 1965 dico
1455 1927 1469 1964 :
1502 1925 1605 1964 non
1637 1919 1698 1964 ut
1727 1909 1975 1978 laqueum
2005 1922 2106 1960 vo-

508 2015 595 2070 bis
631 2013 890 2083 injiciam,
921 2012 1015 2065 sed
1047 2009 1113 2064 ad
1147 2008 1223 2075 id,
1254 2011 1398 2081 quod
1429 2007 1713 2059 honestum
1746 2009 1847 2067 est,
1881 2008 1937 2055 et
1961 1997 2106 2069 quod

510 2106 828 2161 facultatem
867 2103 1105 2174 pnebeat
1133 2104 1250 2158 sine
1279 2101 1668 2172 impedimento
1699 2097 1981 2152 Dominum
2009 2094 2107 2149 ob-

516 2197 766 2254 secrandi
803 2196 931 2269 [Με.
964 2195 1293 2267 obsecrare].
1336 2194 1394 2250 Si
1433 2193 1554 2263 quis
1591 2199 1770 2245 autem
1803 2197 2017 2257 turpem
2047 2201 2107 2241 se

511 2288 682 2344 videri
727 2287 1000 2343 existimat
1039 2301 1201 2356 super
1237 2285 1443 2356 virgine
1485 2298 1612 2346 sua,
1641 2280 1785 2352 quod
1814 2281 1884 2333 sit
1919 2293 2108 2347 super-

509 2379 719 2447 adulta,
737 2387 791 2433 et
813 2379 886 2432 ita
913 2385 1128 2447 Oportet
1154 2377 1304 2432 ﬁeri:
1332 2373 1476 2446 quod
1502 2374 1618 2428 vult
1637 2373 1826 2428 faciat:
1851 2386 1955 2424 non
1981 2383 2104 2438 pec-

505 2480 616 2537 cat,
650 2469 695 2524 si
731 2471 917 2525 nubat.
962 2467 1095 2523 Nam
1130 2469 1222 2539 qui
1260 2468 1452 2523 statuit
1489 2468 1542 2520 in
1571 2465 1738 2522 corde
1763 2477 1863 2518 suo
1895 2463 2100 2525 firmus,

514 2577 623 2618 nou
654 2561 861 2617 habens
889 2559 1289 2628 necessitatem,
1324 2567 1644 2629 poteStatem
1685 2567 1864 2611 autem
1897 2553 2105 2608 habens

508 2670 622 2711 sua:
659 2653 970 2719 voluntatis,
1011 2660 1064 2707 et
1102 2650 1204 2706 hoc
1244 2650 1503 2720 judicavit
1548 2650 1603 2702 in
1643 2647 1809 2703 corde
1839 2660 1961 2709 suo,
1988 2659 2104 2699 ser-

512 2759 641 2801 vare
672 2745 935 2813 virginem
963 2758 1139 2808 suam,
1169 2743 1306 2818 bene
1331 2743 1475 2798 facit.
1508 2740 1677 2811 Igitur
1701 2747 1756 2795 et
1785 2739 1874 2808 qui
1919 2738 2104 2792 matri-

504 2838 688 2894 monio
710 2838 892 2909 jungit
932 2837 1197 2906 virginem
1234 2851 1408 2899 suam,
1439 2835 1576 2889 bene
1606 2832 1760 2897 facit;
1792 2841 1846 2887 et
1873 2831 1965 2902 qui
1994 2846 2100 2886 non

499 2931 696 3001 jungit,
731 2929 930 2986 melius
961 2927 1108 2982 facit.
1142 2927 1331 2982 Mulier
1357 2926 1574 2997 alligata
1605 2934 1688 2981 est
1714 2935 1738 2964 α
1770 2925 1873 2995 legi
1896 2934 2103 2995 quanto

501 3031 751 3092 tempore
787 3022 871 3076 vir
905 3020 1021 3090 ejus
1051 3020 1183 3074 vivit
1225 3036 1240 3075 :
1284 3018 1428 3090 quod
1456 3019 1501 3073 si
1540 3017 1824 3073 dormierit
1850 3017 1931 3070 vir
1959 3015 2100 3085 ejus,

2207 1815 2336 1883 quid
2373 1830 2481 1870 non
2523 1816 2786 1872 habemus
2823 1828 3147 1887 p0testatem
3189 1820 3476 1876 mulierem
3508 1831 3532 1860 ⁸
3556 1836 3784 1878 sororem

2206 1907 2667 1974 circumducendi,
2693 1909 2837 1963 sicut
2858 1919 2912 1964 et
2932 1910 3116 1964 caeteri
3140 1910 3396 1980 apostoli,
3420 1912 3691 1968 eriratres
3705 1914 3789 1968 Do-

2206 1998 2339 2052 mini
2366 2039 2381 2062 ,
2413 2008 2466 2052 et
2494 1998 2750 2069 Cephas?
2790 2010 2885 2056 aut
2913 2017 3013 2072 ego
3041 2003 3222 2068 solus,
3268 2015 3323 2058 et
3355 2005 3664 2073 Barnabas,
3693 2023 3784 2062 non

2208 2089 2469 2144 habemus
2496 2100 2818 2159 potestatem
2851 2093 2953 2150 hoc
2976 2095 3279 2163 Ops-randi?
3305 2097 3440 2163 Quis
3469 2099 3668 2154 militat
3688 2101 3789 2157 suis

2207 2181 2491 2251 stipendiis
2508 2186 2799 2250 umquam?
2821 2183 2954 2253 Quis
2980 2187 3432 2256 plantatvineam,
3457 2200 3514 2246 et
3534 2191 3603 2247 de
3628 2192 3788 2248 fructu

2205 2273 2324 2341 ejus
2356 2289 2462 2327 non
2491 2274 2653 2328 edit?
2680 2275 2819 2342 Quis
2845 2279 3017 2346 pascit
3053 2294 3295 2350 gregem,
3325 2293 3380 2337 et
3406 2282 3477 2337 de
3513 2285 3654 2340 lacte
3679 2300 3788 2356 gre-

2204 2365 2287 2435 gis
2310 2381 2415 2419 non
2439 2366 2761 2421 manducat?
2783 2368 3051 2440 Numquid
3074 2372 3370 2428 secundum
3390 2375 3665 2430 hominem
3688 2377 3787 2433 haec

2205 2459 2365 2514 dico?
2387 2459 2472 2516 An
2503 2471 2557 2516 et
2578 2462 2665 2516 lex
2693 2461 2809 2518 haec
2837 2478 2944 2518 non
2977 2465 3147 2520 dicit?
3171 2465 3446 2536 Scriptum
3473 2479 3558 2524 est
3579 2471 3718 2526 enim
3739 2473 3781 2526 in

2205 2553 2309 2623 legi
2344 2555 2540 2625 Moysi:
2589 2555 2704 2609 Non
2745 2555 2997 2626 alligabis
3033 2571 3095 2613 os
3134 2557 3256 2614 bovi
3291 2561 3589 2618 trituranti.
3631 2563 3784 2618 Num-

2206 2646 2330 2714 quid
2362 2646 2431 2702 de
2461 2647 2634 2702 bobus
2663 2663 2800 2703 cura
2828 2659 2913 2705 est
2940 2650 3053 2706 Deo
3076 2651 3102 2703 1
3130 2651 3213 2707 An
3246 2665 3474 2723 propter
3503 2671 3604 2711 nos
3632 2654 3659 2692 ά
3693 2657 3785 2711 uti-

2204 2751 2311 2806 que
2342 2737 2446 2794 hoc
2475 2739 2643 2794 dicit?
2680 2739 2815 2794 Nam
2850 2750 3071 2811 propter
3097 2757 3199 2798 nos
3227 2745 3434 2814 scripta
3475 2756 3623 2802 sunt.
3657 2748 3788 2815 Quo-

2204 2830 2350 2885 niam
2379 2831 2540 2886 debet
2567 2833 2622 2886 in
2651 2847 2778 2903 Spe,
2821 2837 2910 2904 qui
2941 2842 3093 2898 arat,
3123 2850 3311 2892 arare:
3355 2848 3413 2894 et
3437 2838 3530 2910 qui
3561 2841 3786 2904 triturat,

2205 2924 2258 2978 in
2285 2938 2384 2994 spe
2415 2925 2621 2982 fructus
2660 2927 3014 2997 percipiendi.
3058 2927 3116 2984 Si
3158 2944 3260 2986 nos
3297 2932 3455 2988 vobis
3497 2934 3786 3003 spiritualia

2205 3019 2615 3084 seminavimus,
2653 3034 2902 3089 magnum
2925 3030 3011 3074 est
3034 3021 3078 3076 si
3102 3036 3201 3076 nos
3222 3023 3460 3078 carnalia
3482 3035 3662 3080 vestra
3683 3040 3786 3081 me-

504 3080 738 3172 liberata
770 3125 852 3169 est
878 3132 893 3168 :
917 3080 1000 3169 cui
1023 3114 1135 3168 vult
1156 3080 1320 3168 nubal
1346 3131 1360 3168 :
1387 3122 1591 3170 tantum
1617 3115 1671 3168 in
1692 3112 1940 3167 Domino.
1971 3110 2103 3164 Bea-
2127 3080 2174 3142 θ
2207 3110 2419 3163 tamus?
2439 3111 2495 3165 Si
2514 3109 2604 3165 alii
2628 3111 2912 3179 potestatis
2933 3122 3130 3168 vestra:
3153 3115 3445 3185 participes
3464 3125 3610 3183 sunt,
3633 3132 3787 3188 quare

504 3209 610 3262 tior
632 3215 811 3261 autem
834 3205 939 3259 erit
974 3205 1020 3259 si
1048 3205 1125 3259 sic
1157 3206 1547 3275 permanserit,
1587 3203 1882 3260 secundum
1920 3217 2104 3258 meum

503 3299 790 3356 consilium
843 3315 857 3350 :
903 3306 1034 3366 puto
1073 3306 1250 3352 autem
1289 3298 1432 3368 quod
1471 3311 1526 3354 et
1566 3312 1668 3368 ego
1705 3297 1966 3368 Spiritum
2006 3295 2103 3350 Dei

504 3390 755 3446 habeam.

578 3481 734 3556 [Cap.
769 3480 931 3552 Vlll.]
960 3481 1036 3537 De
1061 3481 1128 3536 iis
1151 3491 1356 3547 autem,
1381 3496 1500 3551 quae
1526 3481 1686 3536 idolis
1707 3484 2098 3550 sacriﬁcantur,

502 3576 709 3632 scimus
749 3575 872 3646 quia
913 3588 1102 3629 omnes
1129 3575 1411 3628 scientiam
1441 3572 1724 3635 habemus.
1755 3575 1993 3630 Scientia
2022 3576 2104 3630 in-

501 3668 622 3736 ﬂat,
669 3666 908 3722 charitas
942 3681 1073 3722 vero
1113 3665 1361 3721 mdilicat.
1391 3665 1449 3721 Si
1478 3668 1598 3736 quis
1625 3677 1802 3722 autem
1831 3682 1892 3722 se
1917 3667 2104 3723 existi-

495 3768 610 3812 mat
635 3759 777 3814 scire
815 3756 1038 3828 aliquid,
1084 3757 1325 3811 nondum
1365 3756 1621 3828 cognovit
1646 3758 2099 3828 quemadmodum

502 3855 751 3916 oporteat
789 3861 911 3902 eum
942 3862 1100 3902 scire.
1133 3847 1188 3902 Si
1217 3847 1338 3917 quis
1367 3857 1550 3903 autem
1578 3847 1755 3919 diligit
1790 3849 1980 3917 Deum,
2016 3852 2102 3907 hic

503 3937 754 4007 cognitus
777 3947 860 3993 est
887 3939 954 3994 ab
973 3953 1059 3994 eo.
1086 3939 1160 3994 De
1185 3941 1328 3994 escis
1352 3949 1557 4006 autem,
1582 3955 1701 4010 qua:
1725 3939 1884 3996 idolis
1905 3939 2101 3997 immo-

500 4027 702 4094 lantur,
729 4030 930 4084 scimus
969 4032 1094 4100 quia
1127 4032 1262 4086 nihil
1306 4041 1390 4088 est
1424 4032 1629 4088 idolum
1671 4034 1724 4088 in
1769 4036 1972 4092 mundo
1996 4078 2010 4104 ,
2045 4047 2102 4092 et

501 4119 650 4190 quod
676 4119 856 4175 nullus
883 4131 968 4176 est
995 4121 1158 4192 Deus,
1190 4125 1291 4178 nisi
1332 4140 1488 4179 unus.
1517 4123 1649 4179 Nam
1693 4127 1797 4181 etsi
1838 4137 1968 4182 sunt
2011 4127 2102 4198 qui

499 4211 748 4268 dicantur
788 4211 884 4278 dii,
928 4212 1046 4267 sive
1086 4213 1139 4268 in
1180 4214 1343 4281 calo,
1385 4215 1498 4270 sive
1536 4215 1589 4269 in
1632 4223 1776 4270 terra
1806 4217 2099 4288 (siquidem

497 4313 626 4360 sunt
655 4303 732 4359 dii
771 4303 948 4372 multi,
980 4311 1037 4359 et
1064 4302 1266 4358 domini
1300 4303 1482 4374 multi)
1517 4320 1532 4367 ;
1567 4305 1722 4360 nobis
1753 4315 1931 4362 tamen
1963 4325 2098 4364 unus

2207 3215 2314 3256 non
2359 3201 2538 3270 potius
2576 3201 2715 3257 nos?
2745 3203 2839 3258 sed
2870 3219 2976 3258 non
3008 3205 3094 3260 usi
3125 3219 3314 3261 sumus
3342 3207 3444 3262 hac
3489 3217 3784 3278 potestate:

2203 3291 2298 3346 sed
2331 3292 2511 3346 omnia
2538 3291 2888 3360 sustinemus,
2924 3309 2991 3349 ne
3015 3295 3161 3362 quod
3189 3295 3574 3354 oifendiculum
3603 3299 3787 3356 demus

2204 3382 2500 3454 Evangelio
2523 3383 2751 3439 Christi.
2792 3384 3026 3442 Nescitis
3055 3388 3315 3458 quoniam
3342 3389 3436 3460 qui
3474 3391 3528 3444 in
3557 3391 3788 3447 sacrario

2205 3487 2522 3544 operantur,
2555 3492 2679 3548 qua:
2700 3477 2768 3532 de
2791 3480 3030 3533 sacrario
3052 3487 3200 3547 sunt,
3225 3480 3427 3538 edunt:
3454 3492 3510 3538 et
3529 3484 3619 3554 qui
3644 3482 3787 3539 altari

2203 3569 2549 3638 deserviunt,
2596 3584 2719 3625 cum
2745 3570 2907 3625 altari
2938 3571 3307 3642 participant?
3339 3575 3411 3630 Ita
3453 3585 3510 3631 et
3539 3575 3786 3632 Dominus

2203 3663 2478 3718 ordinavit
2504 3664 2591 3732 iis,
2623 3664 2713 3733 qui
2739 3665 3093 3734 Evangelium
3121 3669 3476 3734 annuntiant,
3521 3671 3588 3724 de
3619 3669 3785 3724 Evan-

2203 3755 2345 3826 gelio
2371 3756 2572 3812 vivere.
2605 3756 2721 3826 Ego
2747 3767 2927 3812 autem
2957 3757 3108 3813 nullo
3138 3757 3329 3813 horum
3350 3774 3482 3814 usus
3509 3775 3649 3817 sum.
3676 3760 3781 3817 Non

2201 3855 2384 3902 autem
2412 3846 2608 3918 scripsi
2637 3849 2776 3916 haec,
2797 3848 2939 3902 utita
2963 3848 3097 3902 ﬁant
3115 3849 3166 3902 in
3184 3864 3300 3904 me:
3327 3849 3528 3906 bonum
3541 3863 3624 3908 est
3651 3853 3780 3908 enim

2204 3939 2340 3994 mihi
2369 3941 2538 4010 magis
2568 3941 2737 4008 mori,
2776 3955 2938 4011 quam
2967 3949 3026 3996 ut
3048 3941 3282 4012 gloriam
3315 3958 3492 3998 meam
3518 3947 3638 4016 quis
3663 3960 3781 4001 eva-

2201 4045 2345 4092 cuet.
2388 4037 2521 4092 Nam
2555 4039 2600 4092 si
2632 4039 3077 4109 evangelizavero
3100 4084 3114 4108 ,
3157 4057 3263 4096 non
3300 4049 3386 4097 est
3423 4042 3552 4097 mihi
3588 4043 3776 4114 gloria:

2201 4132 2501 4185 necessitas
2530 4131 2674 4186 enim
2699 4131 2829 4186 mihi
2855 4132 3154 4188 incumbit:
3186 4149 3266 4188 va:
3289 4135 3437 4189 enim
3461 4135 3588 4190 mihi
3610 4144 3706 4202 est,
3737 4133 3776 4188 si

2205 4235 2310 4274 non
2339 4222 2802 4292 evangelizavero.
2837 4222 2895 4279 Si
2922 4223 3064 4280 enim
3097 4224 3285 4280 volens
3313 4226 3416 4282 hoc
3447 4243 3564 4297 ago,
3590 4240 3776 4281 merce-

2199 4313 2322 4370 dem
2347 4315 2550 4372 habeo:
2574 4319 2618 4372 si
2645 4327 2822 4373 autem
2847 4317 3064 4388 invitus,
3087 4319 3419 4390 dispensatio
3442 4321 3569 4375 mihi
3591 4320 3775 4376 credita

498 4397 669 4468 Deus,
703 4397 886 4462 Pater,
913 4411 979 4452 ex
1007 4411 1117 4468 quo
1142 4398 1344 4464 omnia,
1374 4406 1429 4453 et
1455 4411 1555 4452 nos
1586 4398 1638 4451 in
1669 4397 1820 4453 illum
1846 4415 1861 4454 :
1885 4409 1938 4456 et
1961 4415 2100 4456 unus
2123 4461 2176 4485 ἢ
2202 4417 2305 4462 est.
2347 4407 2478 4476 Qua:
2495 4418 2580 4464 est
2598 4426 2731 4481 ergo
2757 4426 2968 4467 merces
2993 4413 3147 4468 mea?
3181 4410 3246 4468 Ut
3269 4413 3616 4485 Evangelium
3642 4428 3772 4483 pra:—

655 4461 667 4468 .
874 4461 877 4462 γ
1024 4461 1040 4468 -
1331 4461 1340 4464 -
2216 4461 2255 4462 η
2357 4461 2469 4476 ,νη
2604 4461 2725 4481 --ον
2757 4461 2964 4467 ----_---
3186 4461 3245 4468 __
3269 4461 3616 4485 _-_--o--___--
3642 4461 3740 4483 Γπ

502 4492 765 4548 Dominus
785 4489 943 4546 Jesus
961 4490 1236 4552 Christus.
1266 4505 1362 4560 per
1391 4506 1551 4562 quem
1573 4491 1778 4562 omnia,
1805 4502 1861 4547 et
1881 4509 1979 4548 nos
2000 4509 2097 4564 per
2123 4461 2177 4522 D
2203 4497 2413 4567 dicans,
2437 4500 2554 4556 sine
2575 4510 2793 4572 sumptu
2822 4517 3018 4573 ponam
3044 4504 3413 4574 Evangelium,
3448 4519 3505 4560 ut
3529 4521 3626 4560 nou
3644 4503 3772 4557 abu-

500 4585 701 4655 ipsum.
732 4583 839 4640 Sed
865 4598 972 4639 non
1007 4585 1058 4638 in
1089 4584 1341 4640 omnibus
1369 4592 1455 4640 est
1479 4586 1724 4642 scientia.
1749 4587 1978 4655 Quidam
2001 4603 2098 4644 au-

500 4686 608 4734 tem
639 4691 762 4733 cum
805 4677 1136 4734 conscientia
1171 4692 1342 4749 usque
1382 4693 1524 4733 nunc
1550 4678 1702 4744 idoli,
1729 4681 1883 4747 quasi
1915 4681 2090 4736 idolo-

498 4769 710 4840 thytum
750 4769 1078 4826 manducant
1107 4785 1123 4826 :
1155 4779 1210 4824 et
1245 4768 1571 4825 conscientia
1602 4771 1843 4840 ipsorum
1870 4787 1994 4827 cum
2025 4773 2096 4828 sit

497 4859 735 4927 inﬁrma,
765 4862 1038 4931 polluitur.
1087 4860 1225 4918 Esca
1263 4872 1443 4916 autem
1485 4877 1584 4918 nos
1613 4876 1718 4916 non
1747 4865 2095 4920 commendat

497 4949 632 5007 Deo.
665 4952 849 5022 Neque
869 4954 1016 5008 enim
1036 4953 1082 5008 si
1105 4954 1633 5020 manducaverimus,
1657 4954 2050 5011 abundavimus
2075 4973 2089 5010 :

493 5057 670 5114 neque
707 5043 754 5099 si
797 5060 908 5100 non
944 5044 1481 5112 manducaverimus,
1525 5046 1856 5102 deliciemus.
1907 5047 2093 5104 Videte

494 5144 671 5193 autem
706 5152 776 5194 ne
802 5135 944 5194 forte
971 5136 1089 5194 haec
1118 5139 1336 5196 licentia
1377 5148 1555 5196 vestra
1584 5124 2093 5199 olfendiculum‘ﬁat

564 5284 592 5353 ξ
621 5275 735 5330 Non
757 5274 1213 5353 addit_Pa_l_at_inus
1245 5290 1350 5353 ms.
1371 5277 1492 5350 legi,
1521 5278 1889 5353 quod_nomen
1915 5297 2088 5353 neque

493 5345 589 5402 alii
617 5363 718 5401 ms.
753 5346 936 5420 latini
973 5347 1118 5412 libri,
1160 5345 1549 5418 Corbeieu'ses,
1571 5363 1623 5403 et
1650 5345 2085 5420 Sangermanén-

489 5431 600 5489 ses,
644 5428 808 5484 atque
848 5418 955 5489 alii!
981 5431 1173 5489 magno
1205 5434 1450 5486 numero,
1479 5435 1616 5489 quos
1648 5418 1789 5474 docti
1822 5423 1920 5476 viri
1947 5441 2083 5480 con-

487 5488 809 5564 suluerunt,
827 5488 915 5564 h_i_c
943 5487 1050 5564 loci
1079 5487 1276 5564 habent
1302 5505 1317 5542 :
1344 5493 1438 5544 sed
1465 5487 1720 5564 anuein
1747 5491 1952 5549 Graecis
1975 5496 2083 5564 ple-

484 5559 668 5630 risque
691 5533 976 5630 codicibus
1002 5559 1247 5614 invenire
1274 5569 1377 5625 est,
1408 5572 1468 5616 ut
1492 5533 1663 5617 videri
1689 5533 1954 5630 Βοέδῆἳὶ
1975 5533 2079 5621 ξδ’-

485 5629 702 5750 ρὲξὲῗῖο
745 5629 813 5684 ad
851 5627 1128 5686 Romanos
1163 5630 1391 5698 epistola
1427 5645 1547 5702 cap.
1582 5627 1857 5703 vn,'vers.
1889 5634 1944 5703 2,
1977 5637 2080 5694 huc

485 5711 514 5750 ι
661 5712 774 5750 um.

483 5705 749 5752 adscitum
759 5735 774 5751 .

2203 4601 2287 4647 tar
2309 4602 2577 4662 potestate
2598 4609 2718 4651 mea
2743 4596 2796 4650 in
2819 4595 3132 4668 Evangelia.
3152 4595 3285 4652 Nam
3308 4613 3434 4654 cum
3460 4598 3590 4654 liber
3605 4609 3765 4652 essem

2201 4699 2267 4740 ex
2298 4687 2573 4754 omnibus,
2606 4690 2847 4744 omnium
2879 4705 2966 4746 me
3001 4705 3218 4746 servum
3247 4690 3376 4760 feci,
3412 4700 3473 4748 ut
3503 4693 3666 4762 plures
3695 4688 3773 4743 lu-

2199 4779 2540 4837 crifacerem.
2575 4781 2643 4836 Et
2670 4781 2843 4838 factus
2873 4797 2991 4838 sum
3015 4783 3218 4839 Judmis
3242 4793 3516 4856 tamquam
3545 4782 3766 4843 Judzus,

2201 4878 2254 4924 ut
2284 4869 2500 4927 Judazos
2534 4873 2793 4929 lucrarer.
2837 4873 2909 4930 lis
2939 4874 3028 4944 qui
3055 4875 3156 4932 sub
3188 4875 3308 4947 lege
3337 4886 3484 4944 sunt,
3516 4873 3657 4948 quasi
3673 4870 3768 4927 sub

2201 4963 2319 5035 lege
2351 4979 2526 5020 essem
2569 4965 2713 5037 (cum
2743 4963 2862 5036 ipse
2890 4980 2996 5020 non
3027 4981 3204 5022 essem
3241 4968 3344 5024 sub
3373 4967 3538 5039 lege),
3579 4977 3630 5021 ut
3653 4977 3764 5029 eos,

2199 5058 2294 5129 qui
2323 5058 2426 5112 sub
2462 5057 2578 5128 lege
2619 5068 2808 5125 erant,
2850 5057 3236 5116 lucrifacerem.
3298 5061 3370 5116 lis
3403 5063 3495 5132 qui
3522 5063 3629 5116 sine
3655 5057 3765 5127 lege

2199 5159 2387 5216 erant,
2419 5158 2675 5220 tanquam
2706 5149 2825 5205 sine
2865 5150 2982 5220 lege
3009 5165 3186 5207 essem
3216 5153 3362 5224 (cum
3391 5153 3509 5209 sine
3542 5152 3645 5221 lege
3676 5146 3762 5202 Dei

2268 5292 2296 5332 δ
2336 5287 2497 5342 Juxta
2526 5285 2622 5342 Gr.
2651 5286 3120 5359 οἰκοδομηθήσεται,
3161 5287 3290 5358 legit
3309 5297 3367 5344 et
3390 5288 3558 5345 Palat.
3584 5300 3677 5341 ms.
3708 5283 3755 5337 in

2191 5356 2396 5424 futuro,
2423 5358 2784 5425 wdiﬁcabitur.

2269 5440 2290 5468 ο
2322 5429 2486 5484 Tacet
2508 5428 2678 5483 Palat.
2715 5445 2818 5485 ms.
2847 5445 3098 5498 sororem,
3129 5428 3272 5501 quod
3294 5444 3490 5487 nomen
3513 5429 3562 5483 in
3583 5425 3754 5483 Graeco

2190 5507 2370 5555 tamen
2398 5508 2548 5557 textu
2579 5511 2817 5555 resonat.

2258 5568 2282 5608 ἀ
2313 5572 2370 5627 In
2406 5571 2576 5626 Palat.
2608 5585 2708 5628 ms.
2732 5612 2748 5640 ,
2781 5589 2850 5627 an
2876 5581 3085 5643 propter
3111 5588 3204 5628 nos
3235 5571 3345 5627 haec
3371 5573 3534 5628 dicit!
3556 5567 3715 5637 utique
3730 5580 3749 5631 ;

2187 5657 2305 5697 nam
2329 5685 2344 5711 ,
2372 5651 2477 5700 etc.
