3920 6200
194 319 309 373 755

997 318 1329 376 EPISTOLA
1370 320 1430 375 Β.
1474 319 1678 377 PAULI
1719 321 2051 379 APOSTOLI
2093 326 2184 381 AD
2222 325 2634 385 CORINTHIOS
2674 330 2716 384 Ι.

3383 334 3486 391 754

198 448 317 490 non
345 447 560 489 essem:
590 431 687 488 sed
716 431 767 487 in
799 431 915 503 lege
943 448 1121 489 essem
1150 434 1399 505 Christi),
1433 444 1491 491 ut
1511 435 1797 491 lucriface—
1823 438 1875 498 Α
1899 440 2042 506 quod
2070 440 2314 496 alterius.
2356 442 2548 509 Omne,
2573 442 2715 510 quod
2748 444 2799 498 in
2830 445 3057 501 macello
3092 447 3253 501 vzenit
3283 489 3297 513 ,
3339 462 3493 504 man-

199 542 322 581 rem
367 526 493 594 eos,
542 524 634 595 qui
676 524 792 579 sine
831 524 951 595 lege
977 534 1152 581 erant.
1192 526 1388 583 Factus
1419 543 1537 581 sum
1571 527 1795 582 inﬁrmis

194 617 455 671 inﬁrmus
476 657 492 682 ,
525 624 586 669 ut
616 614 863 671 inﬁrmos
891 616 1290 673 lucrifacerem.
1320 618 1585 673 Omnibus
1614 619 1793 673 omnia

195 707 377 762 factus
408 720 548 773 sum,
581 716 640 761 ut
670 722 858 763 omnes
888 706 1120 764 facerem
1153 710 1357 764 salvos.
1390 712 1584 764 Omnia
1612 718 1791 764 autem

192 797 339 854 facio
371 806 602 868 propter
627 798 974 869 Evangelium
1002 818 1015 853 :
1047 812 1103 854 ut
1133 802 1402 870 particeps
1426 801 1542 871 ejus
1566 801 1788 856 efﬁciar.

192 892 434 949 Nescitis
463 892 609 963 quod
644 893 678 946 ii
702 895 791 963 qui
816 896 866 948 in
892 895 1072 949 stadio
1096 905 1336 958 currunt,
1365 910 1555 950 omnes
1574 895 1789 966 quidem

191 993 456 1049 currunt,
490 983 589 1039 sed
622 999 760 1039 unus
785 985 982 1053 accipit
1011 986 1301 1040 bravium?
1342 987 1432 1041 Sic
1459 987 1693 1049 currite,
1734 995 1793 1041 ut

190 1076 690 1146 comprehendatis.
733 1076 921 1132 Omnis
946 1088 1127 1133 autem
1151 1080 1241 1146 qui
1275 1079 1328 1131 in
1363 1093 1537 1148 agone
1564 1088 1791 1132 conten-

190 1168 294 1235 dit,
324 1169 394 1221 ab
423 1168 680 1224 omnibus
709 1184 768 1223 se
795 1168 1034 1225 abstinet
1059 1186 1073 1223 :
1115 1178 1170 1224 et
1198 1170 1274 1224 illi
1303 1170 1544 1242 quidem.
1576 1180 1635 1225 ιιι
1663 1184 1787 1224 cor-

187 1259 505 1329 ruptibilem
529 1274 787 1315 coronam
818 1262 1089 1329 accipiant
1113 1277 1127 1326 ;
1170 1277 1271 1316 nos
1298 1271 1478 1316 autem
1507 1263 1788 1331 incorrup-

188 1360 325 1406 tam.
368 1352 481 1422 Ego
512 1351 677 1423 igitur
706 1353 785 1407 sic
815 1368 1011 1421 curro,
1062 1370 1167 1409 non
1198 1356 1348 1421 quasi
1383 1355 1435 1408 in
1478 1356 1783 1418 incertum;

184 1446 271 1502 sic
297 1462 501 1518 pugno,
532 1463 639 1502 non
670 1448 822 1517 quasi
851 1463 1032 1503 aerem
1064 1448 1363 1503 verberans
1391 1466 1401 1500 :
1454 1449 1550 1502 sed
1581 1448 1786 1517 castigo

185 1552 398 1608 corpus
427 1554 626 1604 meum,
653 1550 708 1594 et
731 1541 783 1595 in
806 1541 1124 1595 servitutem
1147 1540 1365 1609 redigo:
1402 1555 1467 1594 ne
1495 1538 1634 1594 forte
1659 1553 1783 1593 cum

182 1630 312 1687 aliis
339 1631 773 1701 praedicaverim,
807 1632 923 1701 ipse
951 1632 1216 1701 reprobus
1247 1630 1475 1685 efﬁciar.

260 1724 415 1797 [Cap.
432 1724 529 1796 Χ]
552 1724 687 1780 Nolo
702 1726 848 1781 enim
870 1742 967 1781 vos
990 1728 1257 1795 ignorare,
1283 1725 1497 1790 fratres,
1522 1726 1780 1794 quoniam

1900 532 2127 599 ducate,
2179 534 2308 588 nihil
2360 536 2760 605 interrogantes
2803 546 3023 608 propter
3070 540 3487 595 conscientiam.

1898 621 2109 677 Domini
2133 635 2208 678 est
2241 633 2403 691 terra,
2439 637 2490 679 et
2514 627 2795 696 plenitudo
2818 629 2957 696 ejus.
2981 628 3037 684 Si
3060 630 3179 699 quis
3206 640 3363 686 vocat
3386 646 3490 688 vos

1898 713 2216 783 inﬁdelium,
2250 730 2302 771 et
2332 718 2496 772 vultis
2528 719 2607 773 ire
2641 738 2651 772 :
2686 735 2868 785 omne,
2899 721 3039 791 quod
3070 723 3224 775 vobis
3256 726 3486 790 apponi-

1898 814 2003 871 tur,
2023 808 2367 873 manducate,
2384 809 2515 863 nihil
2542 812 2940 881 interrogantes
2962 822 3186 882 propter
3207 816 3490 871 conscien-

1896 900 2044 954 tiam.
2094 898 2150 955 Si
2182 900 2303 966 quis
2340 910 2517 956 autem
2550 902 2750 956 dixerit
2783 920 2795 956 :
2843 904 2954 958 lloc
2990 905 3323 959 immolatum
3354 904 3486 977 [Με.

1896 988 2318 1061 ἰπηηιιιιειῑὶιὶυηι]
2351 1000 2437 1047 est
2464 992 2642 1059 idolis,
2677 994 2849 1049 nolite
2877 996 3227 1060 manducare,
3260 1008 3484 1067 propter

1894 1084 2044 1138 illum
2084 1084 2173 1153 qui
2205 1084 2493 1153 indicavit,
2538 1098 2591 1141 et
2624 1099 2847 1157 propter
2873 1091 3304 1144 conscientiam:
3355 1105 3489 1146 con-

1892 1175 2174 1230 scientiam
2198 1186 2378 1229 autem
2403 1177 2524 1231 dico
2548 1193 2653 1232 non
2680 1188 2846 1245 tuam,
2876 1180 2973 1235 sed
2996 1180 3237 1235 alterius.
3272 1181 3337 1236 Ut
3357 1182 3488 1251 quid

1892 1266 2033 1321 enim
2064 1268 2289 1322 libertas
2321 1284 2439 1323 mea
2463 1268 2742 1338 iudicatur
2777 1272 2845 1327 ah
2886 1272 3061 1326 aliena
3105 1273 3440 1329 conscientia
3463 1275 3488 1327 ?

1890 1358 1947 1414 Si
1977 1375 2077 1430 ego
2105 1375 2226 1415 cum
2250 1363 2425 1431 gratia
2454 1364 2738 1434 participo,
2772 1364 2898 1433 quid
2928 1365 3277 1433 blasphemor
3300 1382 3397 1435 pro
3418 1381 3485 1422 eo

1888 1452 2033 1521 quod
2056 1454 2257 1521 gratias
2278 1468 2379 1522 ago
2404 1453 2427 1505 ?
2448 1453 2572 1508 Sive
2595 1470 2722 1525 ergo
2746 1456 3105 1521 manducatis,
3137 1457 3250 1511 sive
3272 1456 3478 1524 bibitis,

1888 1543 2003 1597 sive
2034 1544 2178 1597 aliud
2210 1544 2337 1612 quid
2373 1544 2579 1599 facitis:
2620 1547 2806 1600 omnia
2837 1547 2889 1600 in
2920 1548 3144 1617 gloriam
3173 1548 3268 1603 Dei
3299 1549 3477 1603 facite.

1886 1634 2015 1689 Sine
2045 1634 2345 1690 offensione
2373 1647 2548 1691 estote
2570 1637 2796 1703 Judazis,
2826 1649 2883 1694 et
2910 1641 3184 1708 gentibus,
3214 1652 3269 1695 et
3296 1642 3484 1697 Eccle-

1885 1726 1981 1780 sia:
2010 1726 2130 1781 Dei.
2158 1726 2314 1781 Sicut
2334 1737 2385 1782 et
2409 1744 2512 1798 ego
2535 1744 2632 1798 per
2654 1732 2831 1783 omnia
2858 1733 3109 1786 omnibus
3134 1736 3343 1801 placeo,
3370 1751 3481 1790 non

180 1829 369 1890 patres
393 1818 562 1873 nostri
587 1833 777 1872 omnes
798 1818 901 1872 sub
923 1818 1066 1873 nube
1091 1817 1330 1881 fuerunt,
1347 1824 1401 1871 et
1421 1832 1610 1870 omnes
1634 1831 1783 1871 mare
1811 1818 1859 1877 B
1887 1833 2134 1888 quaerens
2150 1817 2293 1888 quod
2308 1819 2441 1873 mihi
2462 1820 2591 1875 utile
2617 1830 2720 1888 est,
2745 1822 2838 1875 sed
2863 1824 3004 1891 quod
3030 1824 3233 1889 multis,
3259 1834 3314 1879 ut
3342 1827 3477 1881 salvi

186 1911 551 1976 transierunt;
571 1918 626 1966 et
645 1925 833 1965 omnes
851 1911 902 1965 in
916 1911 1097 1982 Moyse
1110 1911 1173 1965 ba
1180 1910 1363 1980 ptizati
1376 1919 1519 1975 sunt,
1541 1908 1593 1963 in
1614 1910 1779 1976 nube,

182 2012 240 2058 et
263 2004 316 2058 in
345 2004 482 2058 mari
511 2014 595 2059 :et
620 2004 1067 2059 omneseamdem
1094 2018 1275 2059 escam
1298 2003 1593 2072 spiritalem
1623 2018 1778 2057 man-

181 2095 553 2163 ducaverunt',
582 2105 637 2151 et
662 2111 853 2152 omnes
875 2096 1123 2151 eumdem
1154 2106 1335 2164 potum
1366 2094 1667 2163 spiritalem
1700 2093 1779 2146 bi-

182 2190 385 2245 berunt
407 2190 689 2260 (bibebant
708 2201 887 2245 autem
910 2191 979 2245 de
1000 2189 1250 2259 spiritali,
1284 2201 1651 2258 consequente
1682 2200 1778 2242 eos

180 2297 332 2358 petra
359 2303 374 2339 :
410 2294 561 2356 petra
589 2295 767 2340 autem
794 2295 914 2341 erat
940 2286 1211 2353 Christus)
1238 2302 1253 2349 ;
1302 2285 1396 2339 sed
1437 2298 1544 2338 non
1577 2285 1628 2337 in
1662 2284 1778 2353 plu-

179 2383 335 2437 ribus
382 2398 571 2438 eorum
616 2381 1008 2451 beneplaciturn
1054 2390 1139 2436 est
1174 2382 1326 2438 Deo:
1359 2395 1480 2435 nam
1520 2380 1776 2449 prostrati

177 2484 299 2529 sunt
333 2475 388 2529 in
418 2474 654 2529 deserto.
702 2474 827 2529 Hcce
858 2481 1036 2528 autem
1068 2475 1120 2527 in
1152 2473 1320 2542 ﬁgura
1353 2472 1493 2527 facta
1523 2482 1651 2527 sunt
1680 2486 1777 2527 no-

176 2567 276 2621 stri
308 2566 438 2637 (Ms.
478 2564 683 2636 nobis],
715 2575 772 2619 ut
804 2581 909 2620 non
941 2565 1109 2620 simus
1133 2564 1579 2634 concupiscentes
1606 2564 1779 2618 malo-

175 2673 318 2725 rum,
348 2656 492 2712 sicut
518 2666 572 2712 et
602 2658 677 2712 illi
699 2658 1106 2727 concupierunt.
1130 2656 1315 2727 Neque
1338 2655 1635 2711 idololatra:
1660 2654 1777 2710 efﬁ-

172 2749 422 2817 ciamini,
447 2749 586 2804 sicut
606 2749 821 2818 quidam
846 2764 906 2803 ex
938 2750 1097 2818 ipsis:
1128 2748 1581 2819 quemadmodum
1606 2746 1776 2817 scrip-

173 2852 289 2895 tum
314 2849 436 2895 est:
474 2840 627 2897 Sedit
658 2842 889 2911 populus
913 2841 1236 2897 manducare
1261 2851 1315 2896 et
1339 2841 1547 2907 bibere,
1580 2850 1633 2895 et
1655 2857 1775 2894 sur-

168 2919 445 2989 rcxerunt
473 2934 680 2989 ludere.
706 2934 892 3003 Neque
917 2933 1269 2999 fornicemur,
1294 2935 1432 2988 sicut
1454 2935 1675 3003 quidam
1706 2950 1771 2990 ex

168 3027 306 3097 ipsis
338 3025 589 3080 fornicati
622 3036 771 3091 sunt,
799 3035 853 3081 et
883 3028 1197 3081 ceciderunt
1220 3041 1324 3079 una
1346 3025 1435 3080 die
1457 3026 1641 3094 viginti
1668 3026 1770 3079 tria

1886 1911 2038 1965 ﬁant.

1956 2004 2103 2076 [Cap.
2157 2003 2274 2074 XL]
2327 2004 2631 2060 lmitatores
2672 2006 2775 2061 mei
2817 2015 2991 2061 estote
3022 2047 3037 2073 ,
3095 2007 3236 2061 sicut
3280 2017 3335 2061 et
3372 2024 3474 2077 ego

1882 2096 2105 2152 Christi.
2151 2097 2335 2151 Laudo
2367 2108 2547 2152 autem
2584 2112 2700 2163 vos,
2736 2098 2960 2165 fratres,
2994 2099 3135 2168 quod
3166 2115 3263 2169 per
3295 2100 3477 2155 omnia

1882 2192 1986 2246 mei
2015 2205 2285 2247 memores
2314 2192 2445 2247 estis
2470 2210 2483 2244 :
2516 2201 2565 2245 et
2594 2191 2732 2245 sicut
2766 2192 2957 2246 tradidi
2984 2194 3165 2257 vobis,
3211 2202 3476 2262 prtecepta

1882 2298 2001 2338 mea
2026 2284 2247 2338 tenetis.
2293 2283 2428 2338 Volo
2452 2293 2630 2337 autem
2660 2299 2757 2338 vos
2783 2286 2924 2338 scire
2950 2326 2962 2347 ,
2993 2286 3137 2353 quod
3168 2285 3345 2339 omnis
3376 2285 3480 2339 viri

1879 2386 2044 2446 caput
2063 2374 2312 2431 Christus
2340 2384 2451 2429 est:
2483 2383 2645 2442 caput
2666 2384 2845 2429 autem
2874 2376 3139 2441 mulieris,
3164 2377 3246 2427 vir
3275 2392 3288 2427 :
3320 2390 3466 2445 capu

1879 2484 2009 2523 vero
2037 2466 2255 2533 Christi,
2289 2466 2449 2522 Deus.
2492 2466 2683 2521 Omnis
2714 2467 2793 2519 vir
2822 2482 2986 2520 orans
3013 2476 3104 2520 aut
3132 2468 3472 2535 prophetans

1878 2562 2055 2616 velato
2085 2562 2300 2630 capite,
2350 2559 2605 2628 deturpat
2646 2568 2810 2629 caput
2846 2574 3023 2613 suum.
3067 2559 3255 2614 Omnis
3292 2569 3476 2615 autem

1877 2657 2071 2712 mulier
2092 2671 2257 2711 orans
2279 2663 2371 2710 aut
2393 2655 2723 2723 prophetans
2749 2668 2855 2707 non
2882 2654 3059 2709 velato
3076 2653 3273 2722 capite,
3294 2652 3481 2707 detur-

1879 2757 1968 2815 pat
1994 2756 2154 2817 caput
2182 2763 2382 2802 suum:
2432 2762 2598 2801 unum
2643 2746 2788 2800 enim
2829 2754 2911 2799 est
2954 2760 3015 2799 ac
3058 2745 3103 2798 si
3135 2744 3467 2801 decalvetur.

1875 2842 2009 2897 Nam
2034 2844 2079 2897 si
2108 2857 2213 2896 non
2243 2842 2452 2896 velatur
2472 2840 2691 2903 mulier,
2726 2840 3032 2893 tondeatur.
3066 2838 3119 2893 Si
3150 2852 3279 2892 vero
3308 2846 3468 2905 turpe

1875 2944 1958 2988 est
1980 2934 2192 2988 mulieri
2218 2934 2447 2996 tonderi,
2486 2932 2896 2995 autdecalvari,
2928 2931 3070 2985 velet
3092 2938 3254 2998 caput
3276 2945 3470 2984 suum:

1874 3028 2127 3095 quoniam
2161 3028 2337 3095 imago
2372 3034 2427 3079 et
2465 3025 2637 3095 gloria
2665 3024 2765 3077 viri
2795 3033 2895 3078 est.
2938 3022 3055 3077 Non
3085 3026 3229 3076 enim
3275 3022 3359 3075 vir
3396 3035 3468 3075 ex

169 3119 1563 3190 millia.NequetentemusChristum:sicutquidam
1582 3133 1771 3173 eorum
1829 3188 1838 3190 Α
1878 3124 2105 3178 muliere
2145 3133 2268 3190 est,
2320 3123 2414 3177 sed
2458 3122 2655 3177 mulier
2684 3137 2747 3177 ex
2783 3124 2921 3175 viro.
2981 3121 3198 3175 Etenim
3242 3135 3349 3174 non
3384 3129 3471 3175 est

168 3188 541 3282 tentaverunt,
570 3223 624 3268 et
652 3229 684 3267 a
715 3213 1057 3283 serpentibus
1086 3188 1380 3282 perierunt.
1410 3211 1595 3281 Neque
1622 3227 1770 3266 mur-
1796 3188 1841 3251 (ἶ
1874 3225 2089 3271 creatus
2130 3217 2214 3270 vir
2254 3188 2478 3285 propter
2520 3214 2825 3279 mulierem,
2876 3213 2974 3269 sed
3020 3213 3217 3269 mulier
3247 3220 3469 3282 prepter

166 3305 545 3373 muraveritis,
570 3305 710 3359 sicut
735 3305 952 3376 quidam
980 3320 1168 3360 eorum
1198 3314 1690 3371 murmuraverunt,
1714 3314 1770 3360 et

164 3398 456 3468 perierunt
486 3398 555 3453 ab
600 3400 1053 3453 exlermiuatore.
1094 3398 1224 3453 Haec
1266 3408 1445 3453 autem
1490 3398 1669 3452 omnia
1712 3399 1766 3453 in

166 3492 343 3559 ﬁgura
373 3488 762 3561 contingebant
789 3490 931 3545 illis:
965 3490 1164 3559 scripta
1192 3500 1318 3544 sunt
1343 3499 1523 3545 autem
1547 3492 1611 3544 ad
1640 3505 1765 3546 eor-

165 3583 478 3651 reptioncm
509 3592 781 3647 nostram,
820 3582 872 3637 in
900 3597 1036 3653 quos
1066 3581 1198 3638 ﬁnes
1239 3585 1565 3639 saeculorum
1602 3585 1769 3640 deve-

168 3685 389 3730 nerunt.
412 3674 597 3745 Itaque
619 3675 709 3744 qui
732 3690 790 3729 se
811 3677 1085 3730 existimat
1104 3686 1268 3742 stare,
1292 3676 1475 3733 videat
1496 3692 1565 3732 ne
1586 3678 1763 3733 cadat.

169 3766 425 3822 Tentatio
452 3782 550 3822 vos
576 3783 681 3821 non
713 3768 1085 3837 apprehendat
1115 3770 1217 3823 nisi
1250 3769 1483 3826 humana
1524 3788 1538 3827 :
1588 3769 1767 3827 ﬁdelis

170 3870 356 3915 autem
392 3860 535 3915 Deus
561 3867 681 3925 est,
726 3860 815 3929 qui
848 3876 955 3915 non
990 3862 1225 3931 patietur
1252 3877 1349 3917 vos
1378 3865 1571 3918 tentari
1602 3879 1766 3933 supra

181 3951 265 4018 id,
312 3950 456 4021 quod
498 3951 721 4020 potestis
750 3992 765 4015 ,
803 3952 898 4007 sed
939 3952 1098 4008 faciet
1125 3953 1286 4007 etiam
1320 3968 1439 4007 cum
1471 3958 1768 4011 tentatione

177 4052 531 4111 proventum,
550 4050 609 4095 ut
627 4043 845 4112 possitis
866 4044 1157 4098 sustinere.
1184 4043 1411 4109 Proriter
1440 4047 1605 4115 quod,
1640 4046 1768 4100 cha-

174 4135 380 4191 rissimi
403 4136 562 4201 mihi,
587 4136 752 4206 fugite
774 4138 842 4191 ab
868 4137 1140 4191 idolorum
1169 4138 1401 4192 cultura.
1435 4138 1506 4193 Ut
1534 4140 1768 4208 pruden-

171 4232 315 4287 tibus
350 4232 569 4302 loquor,
603 4247 699 4287 vos
738 4234 838 4302 ipsi
866 4232 1109 4302 judicate
1138 4234 1281 4303 quod
1314 4234 1456 4287 dico.
1487 4233 1639 4287 Calix
1672 4234 1767 4289 be-

165 4325 526 4407 nedictionis,
561 4325 645 4378 cui
683 4325 1085 4392 benedicimus,
1138 4340 1317 4380 nonne
1346 4327 1767 4381 communicatio

162 4420 457 4490 sanguinis
494 4417 699 4473 Christi
738 4420 862 4474 est?
902 4428 957 4475 et
997 4418 1189 4485 panis,
1242 4435 1401 4483 quem
1440 4419 1766 4491 frangimus,

162 4528 352 4569 nonne
379 4520 408 4550 ι
442 4510 783 4582 participatio
812 4512 1059 4582 corporis
1088 4512 1305 4567 Domini
1329 4514 1453 4568 est?
1497 4513 1764 4579 Quoniam

162 4620 308 4661 unus
337 4602 521 4674 panis,
548 4618 711 4657 unum
735 4617 931 4673 corpus
959 4603 1110 4656 multi
1133 4619 1341 4667 sumus,
1367 4619 1555 4659 omnes
1582 4606 1671 4675 qui
1699 4607 1767 4661 de

162 4712 271 4752 uno
300 4709 449 4767 pane
480 4695 889 4764 participamus.
924 4692 1117 4749 Videte
1140 4693 1305 4750 Israel
1333 4696 1628 4750 secundum
1650 4712 1769 4754 car-

162 4804 328 4846 nem:
366 4803 549 4843 nonne
575 4788 668 4858 qui
697 4787 865 4844 edunt
894 4787 1119 4854 h05tias,
1154 4789 1444 4858 participes
1474 4800 1602 4845 sunt
1628 4792 1771 4847 alta-

160 4883 280 4938 ris?
311 4879 459 4947 Quid
487 4894 616 4948 ergo
643 4882 667 4933 γ
697 4879 821 4936 dico
848 4882 989 4951 quod
1024 4880 1181 4935 idolis
1212 4882 1543 4938 immolatum
1575 4885 1645 4938 sit
1672 4887 1772 4938 ali-

159 4976 294 5045 quid
321 4975 345 5027 ‘l
381 4982 480 5027 aut
510 4973 648 5043 quod
681 4973 880 5027 idolum
910 4974 982 5027 sit
1012 4974 1213 5043 aliquid
1238 4976 1261 5029 ?
1298 4976 1409 5031 Sed
1428 4993 1550 5047 quae
1578 4978 1772 5032 immo-

157 5067 275 5125 lant
305 5076 506 5138 gentes
527 5107 544 5133 ,
574 5066 861 5122 dmmoniis
894 5068 1207 5133 immolant,
1238 5080 1291 5123 et
1322 5085 1429 5125 non
1457 5069 1589 5126 Deo.
1640 5071 1773 5127 Nolo

158 5173 357 5217 autem
402 5174 499 5212 vos
540 5159 717 5214 socios
758 5160 879 5213 ﬁeri
912 5160 1344 5216 dwmoniorum:
1399 5178 1509 5217 non
1551 5164 1776 5232 potestis

157 5255 407 5309 calicem
457 5249 670 5305 Domini
714 5250 930 5317 bibere,
973 5259 1029 5306 et
1067 5254 1295 5307 calicem
1335 5252 1773 5311 daemoniorum:

158 5359 279 5401 non
311 5341 544 5413 potestis
565 5357 767 5397 mensa:
785 5343 999 5397 Domini
1023 5345 1316 5415 participes
1338 5359 1482 5413 esse,
1499 5356 1552 5400 et
1575 5360 1777 5401 mensae

157 5436 595 5491 daemoniorum.
645 5433 728 5488 An
770 5435 1094 5489 mmulantur
1133 5434 1464 5490 Dominum?
1506 5436 1777 5506 Numquid

157 5528 435 5584 fortiores
479 5526 571 5580 illo
610 5526 844 5580 sumus?
889 5525 1085 5581 Omnia
1130 5527 1260 5581 mihi
1293 5528 1489 5593 licent,
1538 5527 1634 5583 sed
1669 5543 1777 5583 non

164 5623 363 5679 omnia
397 5620 689 5675 aediﬁcant.
733 5620 903 5675 Nemo
926 5621 1070 5692 quod
1097 5638 1254 5677 suum
1282 5630 1388 5687 est,
1419 5632 1645 5693 quaerat,
1681 5624 1777 5678 sed

1872 3310 2069 3364 virum.
2112 3310 2239 3363 Ideo
2266 3308 2430 3363 debet
2468 3308 2661 3362 mulier
2700 3316 3022 3376 potestatem
3063 3306 3262 3361 habere
3303 3319 3468 3375 supra

1869 3411 2034 3471 caput
2078 3412 2297 3470 propter
2328 3400 2571 3470 angelos.
2612 3400 2998 3454 Verumtamen
3031 3414 3205 3468 neque
3236 3398 3318 3452 vir
3348 3398 3468 3453 sine

1870 3496 2098 3551 muliere
2122 3536 2137 3559 ,
2183 3510 2357 3563 neque
2387 3495 2582 3549 mulier
2611 3494 2728 3548 sine
2754 3492 2903 3558 viro,
2953 3494 3004 3546 in
3034 3492 3287 3547 Domino.
3330 3492 3466 3545 Nam

1868 3589 2009 3643 sicut
2035 3589 2230 3642 mulier
2255 3588 2321 3641 de
2347 3588 2485 3653 viro,
2518 3587 2589 3641 ita
2623 3594 2675 3640 et
2703 3586 2785 3641 vir
2804 3601 2899 3656 per
2928 3586 3207 3639 mulierem
3240 3602 3254 3639 :
3283 3585 3467 3638 omnia

1869 3687 2049 3733 autem
2074 3694 2137 3733 ex
2158 3678 2291 3733 Deo.
2314 3677 2421 3731 Vos
2445 3678 2545 3743 ipsi
2564 3677 2805 3745 judicate
2828 3694 2840 3729 :
2866 3677 3020 3731 decet
3045 3675 3324 3729 mulierem
3354 3688 3464 3729 nou

1869 3772 2099 3826 velatam
2122 3785 2281 3824 orare
2300 3769 2505 3823 Deum?
2526 3768 2635 3823 Nec
2656 3768 2769 3837 ipsa
2788 3777 2979 3821 natura
3002 3766 3162 3820 docet
3181 3780 3299 3831 vos,
3320 3764 3465 3834 quod

1870 3864 1954 3915 vir
1977 3861 2195 3931 quidem
2219 3860 2264 3915 si
2286 3874 2495 3913 comam
2520 3860 2746 3923 nutriat,
2773 3857 3069 3926 ignominia
3095 3864 3178 3910 est
3204 3854 3314 3909 illi:
3348 3870 3467 3908 mu-

1871 3954 1971 4009 lier
2000 3969 2127 4008 vero
2167 3954 2210 4007 si
2240 3967 2453 4007 comam
2482 3950 2703 4018 nutriat,
2738 3950 2908 4019 gloria
2938 3960 3021 4003 est
3059 3946 3164 4002 illi:
3204 3948 3461 4017 quoniam

1870 4046 2050 4115 capilli
2104 4060 2203 4115 pro
2251 4046 2523 4100 velamine
2570 4044 2623 4099 ei
2679 4045 2785 4098 dati
2841 4053 2990 4098 sunt.
3073 4043 3130 4099 Si
3190 4044 3311 4113 quis
3370 4057 3464 4095 au-

1871 4148 1979 4194 tem
2020 4138 2235 4194 videtur
2273 4138 2644 4193 contentiosus
2682 4152 2841 4192 esse:
2888 4152 2987 4192 nos
3030 4138 3189 4191 talem
3236 4150 3467 4191 consue-

1871 4232 2111 4287 tudinem
2160 4248 2265 4286 non
2309 4231 2609 4294 habemus.
2660 4246 2833 4300 neque
2877 4231 3120 4287 Ecclesia
3164 4230 3279 4285 Dei.
3353 4230 3465 4284 lloc

1870 4334 2049 4379 autem
2094 4322 2384 4394 praecipio:
2446 4338 2550 4377 non
2601 4323 2857 4387 laudans,
2911 4322 3053 4392 quod
3103 4337 3211 4375 non
3256 4322 3307 4372 in
3354 4335 3471 4373 me-

1872 4420 1995 4487 lius,
2022 4421 2183 4475 sedin
2207 4420 2448 4475 deterius
2479 4421 2799 4475 convenitis.
2828 4420 3065 4473 Primum
3096 4419 3311 4483 quidem
3336 4432 3472 4471 con-

1872 4518 2223 4574 venientibus
2245 4518 2399 4572 vobis
2430 4517 2482 4571 in
2510 4517 2830 4581 Ecclesiam,
2864 4514 3026 4568 audio
3050 4514 3317 4567 scissuras
3340 4527 3465 4568 esse

1874 4612 2016 4666 inter
2070 4627 2164 4664 vos
2215 4610 2341 4683 [Ms.
2394 4619 2495 4662 tac.
2544 4610 2683 4662 inter
2710 4606 2852 4676 vos],
2890 4616 2947 4659 et
2984 4620 3049 4659 ex
3082 4613 3235 4673 parte
3275 4607 3466 4660 credo.

1875 4702 2008 4757 Nam
2036 4709 2254 4772 oportet
2280 4709 2335 4755 et
2366 4700 2603 4754 haereses
2625 4713 2768 4761 esse,
2797 4706 2854 4751 ut
2881 4706 2935 4753 et
2960 4697 3049 4766 qui
3079 4696 3287 4765 probati
3318 4708 3466 4762 sunt,

1878 4797 2148 4852 manifesti
2179 4796 2310 4850 ﬁant
2338 4798 2389 4849 in
2433 4796 2608 4850 vobis.
2656 4792 3122 4849 Couvenientibus
3153 4806 3281 4861 ergo
3314 4793 3471 4847 vobis

1876 4893 1930 4948 in
1964 4906 2154 4958 unum,
2180 4890 2291 4959 jam
2319 4897 2534 4943 nonest
2568 4887 2900 4943 Dominicam
2928 4900 3141 4940 coenam
3176 4885 3470 4939 manduca-

1877 4998 1957 5039 re.
2008 4982 2391 5051 Unusquisque
2441 4980 2587 5034 enim
2630 4992 2781 5033 suam
2832 4992 3043 5032 caenam
3097 4978 3377 5045 praesumit
3406 4977 3475 5031 ad

1879 5075 2339 5129 manducandum.
2374 5072 2439 5126 Et
2473 5072 2614 5126 alius
2646 5070 2863 5141 quidem
2895 5069 3083 5133 esurit,
3119 5068 3258 5123 alius
3289 5079 3474 5122 autem

1879 5170 2063 5225 ebrius
2087 5178 2189 5221 est.
2226 5165 2494 5234 Numquid
2527 5165 2720 5218 domos
2762 5178 2866 5217 non
2898 5163 3115 5217 habetis
3144 5162 3211 5217 ad
3241 5161 3477 5216 mandu-

1880 5262 2109 5317 candum
2134 5272 2188 5313 et
2224 5258 2567 5313 bibendum?
2603 5266 2696 5313 aut
2735 5256 3028 5312 Ecclesiam
3059 5255 3155 5310 Dei
3178 5253 3485 5309 contemni-

1884 5352 1979 5415 tis,
2010 5361 2066 5407 et
2088 5350 2421 5406 confunditis
2445 5365 2570 5414 eos,
2606 5349 2693 5415 qui
2720 5365 2828 5403 non
2856 5348 3100 5404 habent“!
3128 5347 3268 5413 Quid
3300 5346 3484 5402 dicam

1886 5445 2082 5499 vobis?
2121 5442 2304 5497 Laudo
2334 5443 2476 5497 vos?
2508 5443 2559 5495 in
2594 5441 2695 5496 hoc
2728 5456 2835 5496 non
2870 5440 3054 5494 laudo.
3089 5440 3201 5510 Ego
3223 5439 3366 5493 enim
3394 5453 3485 5494 ac-

1883 5539 2004 5605 cepi
2046 5552 2072 5589 a
2106 5536 2337 5589 Domino
2367 5535 2509 5604 quod
2538 5544 2593 5589 et
2626 5533 2825 5587 tradidi
2867 5532 3019 5585 vobis
3041 5573 3053 5595 ,
3086 5531 3341 5601 quoniam
3375 5529 3483 5584 Do-

1886 5631 2065 5685 minus
2107 5628 2267 5683 Jesus
2312 5628 2367 5681 in
2409 5641 2514 5697 qua
2563 5638 2725 5681 nocte
2778 5624 3115 5689 tradebatur,
3146 5622 3355 5690 accepit
3399 5637 3485 5690 pa-

250 5788 558 5845 sCurcelzei
588 5788 805 5847 codices
832 5789 1040 5849 addunt
1066 5790 1118 5847 in
1140 5788 1330 5849 Graco
1348 5792 1430 5851 καὶ
1460 5797 1552 5848 τοῦ
1583 5795 1851 5868 ποτηρίου,
1876 5794 2019 5869 quod
2044 5803 2098 5851 et
2120 5793 2171 5851 in
2197 5792 2390 5850 Latino
2414 5789 2642 5847 Palatin.
2670 5804 2775 5847 ms.
2801 5788 3016 5853 retinet,
3038 5796 3084 5841 et
3102 5788 3164 5842 de
3185 5802 3284 5842 uno
3304 5789 3483 5843 calice.
