3946 6198
490 270 597 326 755
1501 256 1564 312 ὃ.
1607 247 1990 310 HIERONYII
2029 250 2048 303 Ι

2208 246 2263 304 ῖΔ
2298 200 2775 301 uentorum.
3674 239 3766 294 'tti

489 394 644 446 nem,
677 387 731 432 et
751 375 955 446 gratias
983 386 1149 441 agens
1198 367 1396 438 fregit,
1427 375 1484 420 et
1509 365 1646 420 dixit
1677 380 1693 419 :
1719 361 1992 431 Accipite,
2029 370 2085 417 et
2109 360 2164 422 Δ
2190 357 2318 413 nui:
2351 356 2531 426 Opera
2559 363 2650 408 tua
2681 367 2791 407 non
3079 365 3098 406 :
3125 358 3223 446 aut
3270 349 3472 446 iterum
3501 357 3666 446 caput

495 439 823 529 manducate
863 485 875 520 :
912 439 1122 519 hoc—est
1147 472 1347 528 corpus
1385 471 1590 522 meum,
1621 454 1764 525 quod
1796 468 1895 523 pro
1934 451 2090 506 vobis
2194 449 2394 502 dibus:
2425 447 2542 501 Non
2576 446 2710 502 estis
2749 443 2883 498 mihi
2913 441 3238 497 necessarii.
3269 439 3380 496 Sed
3424 439 3597 494 multo
3622 441 3772 509 mage

501 561 747 619 tradetur
790 576 802 610 :
836 556 938 611 hoc
985 552 1150 607 facite
1199 551 1251 604 in
1283 563 1461 604 meam
1490 544 2088 602 commemorationem.
2191 555 2313 609 qua:
2339 538 2589 594 videntur
2621 536 2862 591 membra
2892 535 3144 604 corporis
3175 532 3479 588 inﬁrmiora
3517 547 3662 596 esse.
3684 547 3774 589 ae-

500 654 770 712 Similiter
814 658 871 704 et
922 646 1171 712 calicem,
1221 655 1509 714 postquam
1550 641 1809 705 ctenavit,
1855 638 2089 693 dicens:
2191 633 2498 686 cessariora
2540 638 2700 685 sunt:
2733 636 2791 683 et
2817 642 2939 697 qua
2969 635 3225 696 putamus
3251 624 3578 694 ignobiliora
3615 640 3777 679 mem-

505 747 605 802 Iiic
634 743 778 800 calix
810 755 1006 795 novum
1031 746 1417 794 testamentum
1445 743 1529 789 est
1556 735 1611 789 in
1641 747 1766 788 meo
1791 730 2052 802 sanguine
2076 747 2089 783 :
2195 724 2291 778 bra
2318 738 2442 778 esse
2468 721 2737 791 corporis,
2776 718 2860 772 his
2899 719 3166 773 honorem
3201 715 3659 772 abundantiorem
3685 716 3780 770 eir-

500 838 605 894 hoc
651 835 811 890 facite
840 834 1295 905 quotiescumque
1327 828 1528 883 bibetis
1559 827 1611 879 in
1657 839 1830 880 meam
1855 837 2058 879 comma

2225 816 2560 869 utndamus:
2605 821 2662 867 et
2691 825 2813 882 qua
2856 810 3145 866 inhonesta
3192 818 3320 863 sunt
3370 817 3597 868 nostra.
3623 808 3783 861 abun-

497 903 880 986 morationemi.
912 924 1374 994 Quotiescumque
1395 919 1541 974 enim
1573 914 1969 972 manducabitis
1996 928 2094 983 pa-
2195 909 2503 964 dantiorem
2541 907 2884 961 honestatem
2924 904 3146 960 habent.
3181 903 3420 958 Honesta
3455 913 3642 959 ante.
3671 917 3786 960 nos-

497 1035 626 1076 nem
658 1019 826 1088 hunc,
869 1025 926 1072 et
970 1015 1197 1071 calicem
1240 1013 1460 1073 bibetis,
1493 1018 1721 1065 mortem
1763 1007 1974 1062 Domini
2003 1021 2090 1059 an-
2201 1009 2281 1054 tra
2332 1000 2536 1055 nullius
2577 1007 2777 1069 egent:
2813 997 2907 1054 sed
2938 998 3080 1052 Deus
3119 995 3447 1066 temperavit
3481 1011 3686 1067 corpus
3718 998 3779 1066 ei,

498 1087 847 1176 nuntiabitis,
879 1109 1053 1164 donec
1079 1106 1280 1161 veniat.
1309 1105 1492 1174 Itaque
1511 1104 1843 1174 quicumque
1869 1098 2100 1154 mandu-
2201 1094 2289 1148 cui
2319 1093 2530 1159 deerat,
2561 1091 3012 1146 abundantiorem
3053 1089 3344 1144 tribuendo
3382 1087 3686 1144 honorem:
3733 1100 3781 1145 ut

497 1205 707 1261 caverit
729 1216 922 1273 panem
954 1201 1121 1266 hunc,
1153 1199 1240 1254 vel
1274 1197 1472 1252 biberit
1518 1195 1745 1249 calicem
1775 1191 1989 1246 Domini
2021 1190 2104 1244 in-
2206 1203 2315 1242 non
2349 1188 2418 1241 sit
2441 1187 2676 1241 scliisma
2702 1187 2753 1239 in
2782 1199 3037 1254 corpore,
3059 1183 3158 1238 sed
3184 1183 3417 1252 idipsum
3444 1197 3546 1251 pro
3571 1182 3780 1237 invicem

503 1298 689 1368 digne,
726 1311 850 1351 reus
875 1296 981 1352 erit
1013 1292 1262 1362 corporis
1303 1301 1359 1347 et
1389 1289 1666 1358 sanguinis
1696 1286 1934 1342 Domini.
1965 1284 2101 1339 Pro-
2205 1279 2438 1334 sollicita
2461 1279 2573 1332 sint
2600 1279 2866 1333 membra.
2890 1276 2960 1331 Et
2982 1277 3027 1331 si
3054 1274 3186 1346 quid
3213 1275 3416 1344 patitur
3439 1289 3603 1329 unum
3627 1290 3781 1329 mem-

500 1366 596 1447 bet
630 1399 809 1444 autem
839 1387 1083 1457 seipsum
1135 1385 1303 1440 homo
1332 1402 1342 1436 :
1372 1392 1428 1438 et
1471 1382 1551 1436 sic
1570 1380 1641 1435 de
1673 1394 1808 1449 pane
1837 1377 1931 1433 illo
1953 1376 2101 1440 edat,
2207 1373 2388 1435 brum,
2419 1371 2824 1438 compatiuntur
2860 1367 3042 1423 omnia
3075 1366 3319 1423 membra
3348 1385 3361 1420 :
3395 1367 3516 1422 sive
3540 1367 3781 1437 gloriatur

503 1490 560 1539 et
590 1481 656 1537 de
685 1480 857 1534 calice
887 1479 1058 1535 bibat.
1092 1477 1196 1545 Qui
1239 1476 1383 1530 enim
1438 1473 1730 1528 manducat
1761 1479 1816 1526 ct
1846 1469 1980 1524 bibit
2025 1469 2106 1524 in-
2210 1482 2375 1519 unum
2423 1465 2725 1520 membrum
2752 1508 2768 1531 ,
2804 1463 3145 1534 congaudent
3183 1462 3368 1517 omnia
3394 1462 3651 1518 metnhra.
3688 1461 3782 1516 Vos

499 1573 687 1644 digne,
712 1571 979 1641 judicium
1004 1570 1105 1624 sibi
1132 1567 1426 1623 manducat
1453 1576 1507 1620 et
1532 1564 1693 1630 bibit,
1718 1577 1825 1616 non
1852 1560 2106 1630 judicans
2211 1571 2394 1614 autem
2426 1562 2558 1615 estis
2583 1575 2781 1628 corpus
2806 1559 3033 1622 Christi,
3070 1567 3128 1613 et
3154 1557 3403 1612 membra
3435 1555 3502 1612 de
3526 1555 3775 1612 membro.

505 1683 708 1737 corpus
737 1665 974 1720 Domini.
1009 1663 1138 1718 Ideo
1169 1663 1313 1718 inter
1359 1675 1456 1716 vos
1485 1659 1640 1714 multi
1689 1655 1890 1712 infirmi
1920 1664 1976 1710 et
2003 1655 2106 1708 im-
2141 1731 2174 1737 _
2215 1655 2278 1708 Et
2307 1654 2567 1724 quosdam
2587 1653 2800 1722 quidem
2825 1653 3003 1723 posuit
3033 1653 3181 1708 Deus
3207 1651 3262 1704 in
3279 1650 3544 1714 Ecclesia,
3565 1651 3780 1720 primum

500 1731 747 1819 becilles,
772 1763 827 1810 et
853 1752 1135 1810 dormiunt
1165 1751 1338 1806 multi.
1369 1749 1523 1818 Quod
1552 1749 1597 1804 si
1627 1747 1994 1815 nosmetipsos
2021 1743 2098 1797 di-
2135 1731 2181 1792 Β
2207 1748 2504 1816 apostolos,
2527 1746 2768 1802 secundo
2791 1746 3102 1815 proiihetas,
3123 1743 3288 1800 tertio
3311 1743 3589 1805 doctores,
3605 1740 3784 1796 deinde

501 1847 904 1916 iudicaremus,
939 1860 1048 1897 non
1083 1848 1266 1912 utique
1298 1841 1687 1910 judicaremur.
1727 1840 1860 1892 Dum
1900 1836 2113 1906 judica-
2215 1840 2445 1894 virtutes
2489 1856 2504 1894 :
2552 1839 2756 1895 exinde
2808 1843 3013 1908 gratias
3055 1837 3397 1893 curationum
3429 1876 3448 1901 ,
3501 1833 3786 1904 opitulatio-

509 1952 636 1992 mnr
664 1946 844 1991 autem
876 1950 904 1988 a
963 1934 1191 1989 Domino
1220 1932 1572 2003 corripimur,
1605 1940 1663 1986 ut
1699 1944 1806 1984 non
1854 1944 1978 1984 cum
2007 1928 2112 1984 hoc
2217 1947 2333 1995 nes,
2363 1931 2786 2000 gubernationes
2809 1970 2826 1997 ,
2859 1945 3059 2000 genera
3091 1929 3436 2000 linguarum,
3461 1925 3491 1964 δ
3539 1928 3786 1996 interch

507 2027 713 2084 mundo
743 2025 1084 2084 damnemur.
1126 2024 1333 2096 itaque,
1366 2021 1566 2080 fratres
1597 2023 1726 2087 mei,
1759 2036 1881 2077 cum
1913 2036 2111 2076 conve-
2219 2024 2450 2078 lationes
2479 2035 2816 2078 sermonum.
2850 2021 3122 2092 Numquid
3145 2034 3338 2077 omnes
3364 2019 3638 2089 apostoli?
3662 2033 3788 2072 num-

511 2118 642 2174 nitis
671 2118 737 2173 ad
770 2116 1233 2182 manducandum,
1268 2115 1496 2170 invicem
1528 2120 1863 2184 exSpectate.
1892 2112 1951 2168 Si
1991 2111 2114 2182 quis
2215 2113 2344 2185 quid
2374 2129 2565 2170 omnes
2606 2113 2931 2184 prophetae?
2968 2113 3229 2184 numquid
3282 2124 3477 2167 omnes
3513 2109 3788 2166 doctores?

512 2211 707 2278 esurit,
734 2210 881 2265 domi
912 2208 1247 2264 manducet:
1298 2216 1354 2260 ut
1384 2222 1490 2262 non
1514 2207 1568 2262 in
1609 2205 1875 2276 judicium
1914 2218 2116 2260 conve-
2218 2209 2479 2280 numquid
2529 2223 2720 2264 omnes
2759 2208 3029 2263 virtutes?
3060 2205 3318 2276 numquid
3347 2219 3546 2260 omnes
3583 2202 3787 2275 gratiam

506 2303 688 2357 niatis.
719 2300 930 2356 Czetera
961 2307 1141 2356 autem
1163 2341 1178 2365 ,
1225 2313 1347 2354 cum
1382 2313 1607 2365 venero,
1640 2297 1950 2367 disponam.
2219 2301 2420 2357 habent
2446 2301 2828 2356 curationum?
2859 2298 3119 2370 numquid
3144 2313 3337 2353 omnes
3365 2297 3567 2366 linguis
3589 2295 3788 2366 loquun-

584 2395 742 2468 [Cap.
773 2391 912 2464 Xll.J
941 2394 1017 2449 De
1045 2392 1425 2464 spiritualibus
1448 2401 1652 2456 autem.
1686 2391 1812 2448 nolo
1843 2404 1942 2446 vos
1963 2391 2116 2462 igno-
2219 2395 2349 2450 tur?
2402 2393 2660 2464 numquid
2709 2407 2900 2448 omnes
2944 2393 3377 2459 interpretantur
3406 2389 3430 2444 τ
3461 2387 3785 2444 Δίωυιιηιὶιύ

514 2502 663 2554 rare,
695 2486 910 2542 fratres.
943 2484 1108 2540 Scitis
1147 2484 1405 2555 quoniam
1429 2499 1552 2540 cum
1582 2491 1776 2556 gentes
1802 2482 2020 2549 essetis,
2046 2480 2116 2538 ad
2218 2496 2396 2542 autem
2451 2487 2779 2542 charismata
2835 2486 2854 2559 [
2885 2485 2990 2541 Hs.
3015 2487 3154 2540 dona
3182 2486 3203 2556 ]
3247 2484 3501 2540 meliora.
3546 2483 3615 2538 Et
3643 2481 3786 2536 adhuc

513 2581 805 2638 simulacra
837 2588 984 2636 muta
1016 2588 1177 2650 prout
1212 2578 1560 2635 ducebamini
1600 2586 1818 2632 euntes.
1857 2575 1986 2632 Ideo
2020 2590 2116 2632 no-
2221 2579 2666 2636 excellcntiorcm
2722 2579 2867 2634 viam
2921 2579 3259 2634 demonstro.
3327 2575 3486 2649 [ιιι.
3554 2575 3787 2632 demons-

517 2682 633 2729 tum
663 2673 818 2728 vobis
850 2670 1014 2740 facio,
1048 2670 1190 2740 quod
1219 2685 1376 2725 nemo
1410 2668 1466 2724 in
1495 2668 1700 2739 Spiritu
1733 2668 1829 2724 Dei
1860 2668 2114 2737 loquens,
2223 2671 2421 2744 traho].

515 2765 648 2820 dicit
675 2763 967 2821 anathema
998 2762 1148 2819 Jesu.
1182 2763 1246 2817 Et
1275 2777 1436 2816 nemo
1467 2768 1649 2830 potest
1685 2760 1907 2827 dicere,
1935 2759 2118 2814 Domi-
2294 2765 2445 2838 [ϐαρ.
2480 2764 2644 2837 Xll|.]
2690 2765 2746 2822 Si
2778 2765 2980 2837 linguis
3009 2765 3290 2822 hominum
3319 2765 3539 2838 loquar,
3569 2775 3625 2823 et
3650 2780 3791 2838 ange-

517 2873 622 2914 nus
643 2856 823 2923 Jesus,
855 2856 959 2912 nisi
1008 2857 1063 2911 in
1113 2854 1317 2924 Spiritu
1367 2863 1579 2910 sancto.
1630 2851 1932 2907 Divisiones
1985 2865 2120 2905 vero
2225 2859 2437 2924 lorum,
2465 2859 2790 2914 charitatem
2830 2867 3013 2914 autem
3061 2874 3168 2914 non
3197 2857 3466 2925 habeam,
3496 2857 3668 2915 factus
3693 2872 3790 2914 sum

515 2953 817 3018 gratiarum
851 2959 1000 3018 sunt,
1031 2947 1176 3004 idem
1207 2957 1389 3003 autem
1421 2946 1658 3016 Spiritus
1685 2964 1697 3000 :
1724 2946 1792 3002 Et
1822 2944 2119 3001 divisiones
2225 2947 2372 3004 velut
2393 2962 2470 3003 ωε
2515 2963 2739 3017 sonans,
2771 2959 2864 3003 aut
2891 2949 3202 3021 cymbalum
3232 2949 3493 3006 tinniens.
3530 2950 3597 3006 Et
3636 2952 3678 3005 si
3721 2950 3792 3004 ha-

518 3040 983 3096 ministrationum
1009 3046 1159 3106 sunt,
1186 3037 1332 3093 idem
1359 3044 1543 3094 autem
1568 3037 1826 3092 Dominus
1850 3057 1866 3093 :
1891 3036 1956 3091 Et
1985 3035 2122 3092 divi-
2228 3041 2396 3096 buero
2446 3039 2815 3110 prophetiam,
2842 3048 2902 3096 et
2947 3042 3191 3096 noverim
3231 3043 3491 3114 mysteria
3532 3041 3730 3108 omnia,
3751 3049 3792 3095 et

520 3134 704 3189 siones
737 3133 1119 3203 operationum
1147 3142 1295 3200 sunt,
1345 3131 1486 3186 idem
1515 3146 1646 3186 vero
1671 3130 1836 3197 Deus,
1864 3130 1956 3199 qui
1986 3143 2115 3199 ope-
2151 3114 2200 3178 C
2230 3148 2445 3188 omnem
2473 3132 2759 3188 scientiam
2791 3151 2803 3185 :
2837 3142 2895 3188 et
2918 3134 2964 3188 si
2988 3133 3232 3190 habuero
3269 3149 3489 3190 omnem
3534 3134 3716 3201 fidem,
3739 3135 3789 3188 ita

519 3235 672 3282 ratur
696 3224 948 3280 omniain
978 3225 1250 3279 omnibus.
1293 3221 1592 3293 Unicuique
1617 3233 1796 3278 autem
1823 3221 1984 3277 datur
2010 3237 2123 3276 tna-
2231 3237 2288 3282 ut
2339 3235 2553 3284 montes
2603 3226 2942 3294 transferam,
2973 3227 3530 3284 charitatem.autem
3571 3243 3674 3284 non
3722 3226 3789 3281 ha-

523 3317 804 3374 nifestatio
849 3316 1087 3390 Spiritus
1115 3315 1183 3370 ad
1227 3314 1541 3372 utilitatem.
1596 3314 1702 3370 Alii
1756 3315 1975 3384 quidem
2029 3329 2124 3383 per
2231 3320 2424 3385 buero,
2445 3319 2738 3375 nihilsum.
2761 3319 2832 3374 Et
2853 3320 2898 3375 si
2923 3319 3328 3377 distribueroin
3349 3320 3502 3376 cibos
3529 3332 3787 3391 pauperum

528 3411 788 3484 Spiritum
819 3410 978 3466 datur
1008 3423 1192 3466 sermo
1218 3406 1503 3478 sapientiae
1531 3423 1544 3460 :
1588 3406 1678 3459 alii
1713 3415 1898 3461 autem
1940 3419 2124 3460 sermo
2231 3426 2420 3466 omnes
2445 3410 2730 3468 facultates
2761 3425 2933 3478 meas,
2960 3422 3016 3468 et
3041 3412 3089 3468 si
3121 3413 3396 3468 tradidero
3422 3425 3627 3484 corpus
3646 3421 3787 3467 meum

525 3506 773 3558 scientia:
803 3502 1107 3558 secundum
1137 3501 1390 3555 eumdem
1438 3497 1738 3570 Spiritum:
1788 3499 1945 3552 alteri
1989 3496 2124 3554 ﬁdes
2232 3505 2304 3558 ita
2336 3511 2394 3557 ut
2424 3502 2649 3558 ardeam
2694 3502 2829 3575 μισ.
2878 3504 3110 3577 ardeat],
3147 3504 3469 3560 charitatem
3514 3513 3785 3560 autemlol

528 3603 582 3657 in
606 3601 798 3657 eodem
827 3601 1030 3672 Spiritu
1071 3615 1084 3652 :
1116 3597 1209 3654 alii
1247 3594 1418 3669 gratia
1447 3595 1741 3650 sanitatum
1772 3594 1826 3650 in
1866 3607 1972 3648 uno
2003 3592 2125 3662 Spi-
2233 3597 2503 3665 habuero,
2554 3597 2686 3651 nihil
2719 3598 2849 3653 mihi
2904 3599 3148 3669 prodest.
3189 3597 3450 3655 Charitas
3476 3599 3690 3671 patiens
3712 3604 3783 3657 ett.

523 3697 631 3751 ritu
658 3713 671 3750 :
703 3695 794 3750 alii
827 3693 1076 3765 operatio
1107 3692 1402 3758 virtutum.
1433 3688 1527 3746 alii
1551 3685 1864 3758 prophetia,
1888 3684 1984 3740 alii
2015 3685 2126 3741 dis-
2232 3691 2464 3762 benigna
2495 3701 2612 3749 est:
2642 3690 2890 3748 Charitas
2917 3707 3026 3749 non
3065 3693 3376 3760 aemulatur,
3407 3707 3518 3748 non
3561 3692 3672 3764 agit
3701 3703 3786 3760 pcr-

525 3791 700 3846 cretio
745 3788 1070 3859 spirituum,
1115 3786 1205 3843 alii
1227 3798 1428 3857 genera
1458 3782 1788 3853 linguarum,
1819 3779 1912 3835 alii
1955 3779 2125 3834 inter-
2233 3798 2444 3852 peram,
2471 3798 2579 3839 non
2629 3783 2866 3849 inﬂatur,
2899 3800 3009 3840 non
3037 3793 3124 3840 est
3160 3785 3470 3850 ambitiosa,
3501 3800 3606 3840 non
3636 3778 3785 3855 quaril

527 3881 766 3952 pretatio
793 3878 1276 3938 sermonumJiatc
1294 3886 1476 3936 autem
1500 3875 1683 3933 omnia
1705 3881 1962 3944 operatur
1988 3886 2130 3930 unus
2233 3891 2354 3946 qua:
2384 3890 2478 3929 sua
2506 3885 2653 3945 sunt,
2679 3891 2785 3930 non
2805 3875 3075 3941 irritatur,
3099 3891 3210 3932 non
3238 3876 3443 3948 cogitat
3463 3876 3684 3943 malum,
3708 3885 3783 3928 non

529 3981 693 4042 atque
711 3970 850 4026 idem
870 3969 1386 4041 Spiritus,dividens
1400 3968 1628 4038 singulis
1647 3964 2132 4038 proutvult.Sicnt
2233 3965 2434 4035 gaudet
2468 3980 2631 4035 super
2660 3964 2980 4036 iniquitate,
3011 3967 3317 4038 congaudet
3363 3977 3548 4024 autem
3577 3964 3780 4023 veritati:

532 4064 678 4120 enim
698 4075 893 4130 corpus
913 4074 1077 4115 unum
1089 4069 1193 4126 est,
1212 4069 1266 4115 et
1288 4060 1529 4115 membra
1544 4058 1708 4114 habet
1730 4057 1921 4124 multa,
1941 4055 2126 4114 omnia
2235 4060 2417 4112 omnia
2431 4055 2642 4124 suffert,
2657 4056 2836 4112 omnia
2850 4057 3050 4127 credit,
3071 4059 3253 4114 omnia
3277 4068 3486 4129 sperat,
3510 4059 3685 4115 omnia
3697 4069 3781 4111 ωςι

531 4163 713 4209 autem
741 4150 979 4206 membra
1006 4148 1251 4219 corporis
1271 4163 1392 4203 cum
1416 4149 1524 4204 sint
1553 4147 1738 4211 multa,
1757 4163 1920 4203 unum
1954 4157 2130 4204 tamen
2236 4149 2392 4205 tinet.
2416 4149 2664 4205 Charitas
2691 4163 2986 4220 numquam
3003 4149 3356 4217 excidit,sive
3378 4151 3674 4221 praphetia
3688 4160 3776 4204 m-

531 4260 725 4315 corpus
740 4251 865 4297 sunt
890 4257 903 4295 :
930 4239 1347 4296 itaetChristus.
1367 4238 1580 4295 Etenim
1600 4239 1652 4294 in
1669 4253 1777 4293 uno
1799 4237 2002 4308 Spiritu
2017 4253 2133 4295 om—
2235 4241 2554 4306 cuabuntur,
2605 4241 2720 4297 sive
2747 4240 2941 4312 linguae
2969 4241 3278 4310 cessabunt,
3310 4243 3429 4298 sive
3464 4243 3681 4299 scientia
3711 4238 3776 4315 ᾧ·

530 4311 646 4394 nes
662 4349 760 4390 nos
789 4329 852 4387 in
877 4347 1038 4386 unum
1059 4346 1255 4402 corpus
1277 4330 1533 4401 baptizati
1557 4343 1764 4396 sumus,
1791 4329 1906 4384 sive
1935 4327 2130 4398 Judaei,
2237 4341 2496 4388 struetur.
2511 4333 2590 4388 Ex
2614 4344 2767 4400 parte
2786 4311 2930 4390 enim
2942 4336 3339 4405 cognoscimus,
3370 4343 3426 4392 et
3447 4348 3516 4392 ex
3540 4345 3680 4407 parte
3697 4311 3776 4402 pit)-

529 4429 647 4484 sivc
674 4426 923 4498 gentiles,
943 4424 1055 4479 sive
1076 4423 1240 4488 servi,
1265 4424 1380 4477 sive
1399 4419 1555 4476 liberi
1585 4436 1600 4476 :
1627 4431 1679 4475 et
1696 4434 1886 4475 omnes
1905 4428 1928 4456 ⁸
1950 4421 2003 4476 in
2027 4435 2133 4475 uno
2162 4491 2203 4499 _
2240 4425 2544 4495 phetamus.
2573 4423 2708 4482 Cum
2753 4435 2934 4482 autem
2964 4427 3174 4484 venerit
3201 4428 3342 4498 quod
3375 4427 3670 4499 perfectum
3701 4431 3774 4483 est.

531 4491 735 4588 Spiriiu
766 4517 931 4586 potati
961 4529 1165 4569 sumus.
1211 4511 1345 4568 Nam
1377 4521 1433 4568 et
1470 4525 1670 4582 corpus
1715 4526 1823 4568 non
1855 4521 1938 4566 est
1962 4526 2129 4566 unum
2162 4491 2218 4554 Ῑ)
2237 4491 2592 4573 evacuabitur
2616 4518 2761 4589 quod
2781 4533 2848 4575 ex
2877 4528 3030 4590 parte
3056 4529 3156 4576 est.
3183 4491 3320 4574 Cum
3346 4491 3527 4576 essem
3554 4516 3773 4591 parvulus

534 4612 863 4679 membrum,
895 4607 990 4664 sed
1020 4609 1206 4662 multa.
1230 4606 1285 4662 Si
1317 4605 1514 4661 dixerit
1541 4619 1637 4678 pes
1675 4623 1688 4659 :
1720 4604 1988 4672 Quoniam
2020 4619 2128 4661 non
2236 4609 2568 4681 loquebarut
2585 4611 3144 4681 parvulus,sapieham
3161 4612 3515 4682 utparvulua,
3530 4608 3773 4683 cogitabam

535 4719 656 4761 sum
682 4717 897 4773 manus,
923 4715 1030 4756 non
1057 4715 1175 4755 sum
1205 4699 1274 4756 de
1303 4712 1534 4769 corpore
1561 4713 1575 4751 :
1611 4713 1739 4752 num
1770 4697 1891 4752 ideo
1915 4713 2021 4752 non
2049 4708 2132 4752 est
2238 4709 2297 4756 ut
2317 4703 2594 4772 parvulus.
2622 4702 2852 4772 Quando
2880 4713 3063 4760 autem
3089 4703 3260 4760 factus
3288 4719 3411 4760 sum
3443 4707 3549 4772 vir,
3579 4695 3774 4762 evacuai-i

537 4799 606 4855 de
633 4813 862 4868 corpore
888 4797 912 4852 ἲ
943 4797 1010 4850 Et
1048 4795 1092 4852 si
1121 4794 1323 4851 dixerit
1355 4791 1504 4848 auris
1535 4809 1548 4846 :
1577 4791 1843 4861 Quoniam
1877 4805 1984 4846 non
2011 4805 2127 4845 sum
2235 4810 2357 4867 qua»,
2383 4803 2538 4851 erant
2564 4797 2792 4868 parvuli.
2829 4796 3086 4853 Videmus
3133 4813 3278 4854 ηυηο
3304 4812 3400 4868 ρει-
3447 4799 3699 4870 specula
3736 4792 3770 4842 in

540 4890 752 4953 oculus,
782 4903 890 4944 non
914 4902 1031 4942 sum
1061 4886 1130 4942 de
1168 4900 1437 4955 corpore:
1483 4900 1609 4940 num
1661 4883 1785 4939 ideo
1815 4899 1920 4938 non
1952 4893 2037 4938 est
2063 4884 2132 4940 de
2237 4889 2694 4958 :enigmateztunc
2712 4901 2890 4947 autem
2912 4891 3048 4947 facie
3069 4892 3132 4948 ad
3156 4891 3369 4950 faciem.
3388 4894 3543 4952 Nunc
3563 4899 3772 4964 cognosco

536 4981 808 5051 corpore?
836 4979 894 5037 Si
935 4987 1104 5034 totum
1149 4992 1348 5049 corpus
1378 4975 1566 5032 oculus
1600 4994 1612 5031 :
1666 4975 1754 5031 ubi
1783 4975 2042 5031 auditus?
2070 4974 2128 5030 Si
2237 4994 2306 5036 ex
2329 4989 2478 5050 parte
2496 4999 2508 5034 :
2528 4992 2842 5038 tuncautem
2855 4998 3178 5056 cognoscam
3196 4987 3768 5059 sicutetcognitttssm-

537 5087 709 5132 totum
740 5077 956 5132 auditus
993 5092 1006 5128 :
1057 5073 1149 5129 ubi
1197 5071 1504 5128 odoratus?
1542 5069 1698 5127 Nunc
1739 5079 1917 5126 autem
1951 5069 2129 5140 posuit
2233 5071 2386 5130 Nunc
2407 5083 2590 5130 autem
2612 5084 2851 5144 manent,
2884 5078 3038 5142 ﬁdes,
3069 5091 3214 5149 spes,
3244 5079 3502 5151 Charitas,
3534 5082 3626 5137 tria
3652 5078 3766 5132 hac:

539 5169 683 5224 Dens
712 5169 974 5236 membra,
1000 5166 1422 5239 unumquodque
1439 5180 1628 5220 eorum
1653 5165 1707 5219 in
1733 5178 1966 5234 corpore
1988 5162 2130 5219 sicut
2237 5166 2410 5238 major
2446 5176 2628 5225 autem
2650 5168 2844 5228 borum
2870 5181 2952 5228 est
2965 5169 3222 5230 Charitas.

546 5261 736 5314 voluit.
768 5259 926 5328 Quod
956 5260 1001 5314 si
1033 5268 1218 5314 essent
1245 5258 1430 5312 omnia
1477 5271 1647 5311 unum
1680 5256 2006 5320 membrum,
2037 5254 2127 5310 ubi
2309 5257 2646 5333 [Cap.XlV.]
2674 5261 2976 5318 Sectamini
3004 5263 3352 5332 charitatem,
3375 5254 3765 5327 amulaminispi'

540 5351 778 5422 corpus?
806 5349 960 5405 Nunc
1001 5357 1184 5405 autem
1216 5350 1384 5404 multa
1413 5350 1632 5421 quidem
1665 5348 1933 5418 membra,
1964 5364 2131 5404 unum
2234 5350 2408 5409 ritalia
2436 5372 2449 5410 :
2485 5357 2662 5427 magis
2681 5363 2872 5413 autem
2895 5366 2952 5412 ut
2979 5358 3332 5429 prophetetis.
3359 5359 3463 5427 Qui
3487 5361 3623 5416 enim
3640 5350 3764 5423 Ιοφιίι

533 5452 717 5498 autem
745 5456 966 5512 corpus.
998 5439 1118 5496 Non
1143 5449 1320 5512 potest
1349 5449 1526 5496 autem
1575 5441 1767 5496 oculus
1795 5440 1980 5497 dicere
2013 5456 2130 5497 ma-
2233 5452 2321 5503 tur
2351 5445 2556 5519 lingua,
2579 5463 2690 5506 non
2713 5447 3026 5508 hominibus
3055 5449 3319 5522 loquitur,
3346 5453 3441 5510 sed
3474 5454 3615 5508 Deo:
3641 5453 3756 5502 nemo

612 5593 638 5624 ι
676 5583 866 5638 Active
907 5580 1128 5652 propius
1155 5579 1346 5652 Greco
1385 5581 1555 5636 textui
1583 5579 1866 5652 Palatinus
1899 5579 2132 5652 ms.ha-
2308 5579 2342 5620 δ
2362 5581 2545 5640 Nescit
2574 5583 2846 5640 Palatinus
2877 5599 2977 5640 ms.
3019 5586 3207 5650 verba,
3237 5585 3662 5652 interpretationet
3683 5590 3756 5630 ser-

540 5653 658 5775 tieté
677 5668 835 5704 unum
863 5648 1105 5715 spiritum
1143 5651 1458 5718 potarimua,
1515 5660 1645 5715 ctc.,
1683 5648 1733 5704 ἓν
1771 5657 1974 5720 πνεῦμα
2011 5651 2127 5707 ἄπο·
2238 5667 2608 5726 manumque:
2637 5666 2690 5710 et
2722 5657 2826 5711 rari
2851 5670 2882 5712 e
2911 5655 3117 5712 Gra‘cis
3150 5648 3280 5712 niss.
3308 5648 3526 5714 habent.

542 5743 630 5775 τισ
666 5739 809 5775 nun.

542 5739 809 5792 τισυημιν.

3896 1157 3897 1196 l

3896 1304 3897 1341 l

3896 1448 3897 1485 l

3896 1568 3897 1631 1

3896 1698 3897 1775 1

3894 1850 3897 1907 1

3896 2272 3897 2341 1

3896 2414 3897 2473 1

3896 2554 3897 2617 1

3896 2697 3897 2761 1

3896 2868 3897 2905 l
