3946 6198
159 267 254 323 757

932 262 1267 321 EPISTOLA
1306 263 1368 319 Β.
1415 262 1619 321 PAULI
1660 262 1999 321 APOSTOLI
2041 262 2134 319 AD
2171 260 2586 317 COBINTHIUS
2624 261 2663 317 1.

3283 300 3288 309 ι
3338 260 3444 319 758

167 382 305 438 enim
344 379 520 437 audit.
562 376 766 448 Spiritu
805 384 987 430 autem
1027 374 1265 444 loquitur
1290 373 1568 446 mysteria.
1612 373 1748 429 Nam
1774 380 1823 437 Α
1848 372 2115 442 judicent.
2130 371 2284 439 Quod
2311 371 2359 427 si
2384 371 2477 425 alii
2508 370 2812 427 revelatum
2841 369 3007 426 fuerit
3036 370 3267 435 sedenti,
3299 372 3448 439 prior

170 476 257 544 qui
284 472 589 545 prophetat,
618 467 931 523 hominibus
955 466 1193 535 loquitur
1212 466 1280 521 ad
1310 466 1748 533 :ediﬁcationcm,

170 576 221 621 et
271 564 742 627 exhortationem,
791 570 844 614 et
890 558 1341 614 consolationem.
1372 558 1473 625 Qui
1514 558 1752 626 loquitur

172 655 369 726 lingua,
400 654 749 721 semetipsum
780 648 1011 705 aedificat
1043 665 1057 702 :
1101 649 1189 719 qui
1229 656 1409 703 autem
1442 649 1749 719 praphetat,

168 746 461 804 Ecclesiam
496 754 520 781 ι
552 745 646 799 Dei
677 741 930 797 aediﬁcat.
959 740 1090 797 Volo
1126 751 1311 797 autem
1333 756 1521 797 omnes
1548 757 1645 797 vos
1674 742 1755 799 lo-

165 839 252 910 qui
296 837 525 908 linguis,
580 837 752 906 magis
792 846 971 890 autem
1019 834 1363 905 pr0phetare.
1401 834 1536 891 Nam
1580 835 1754 906 major

164 938 241 986 est
282 931 371 1001 qui
402 927 711 1000 prOphetat,
752 944 912 999 quam
946 930 1033 998 qui
1085 928 1325 997 loquitur
1364 930 1601 1000 linguis:
1649 930 1753 983 nisi

164 1021 295 1079 forte
325 1019 454 1095 [Ms.
487 1020 616 1074 add.
645 1019 725 1091 ut]
757 1020 1175 1090 interpretetur,
1211 1030 1266 1074 ut
1306 1020 1549 1077 Ecclesia
1577 1019 1749 1074 aediﬁ-

162 1116 423 1171 cationem
465 1114 719 1184 accipiat.
750 1111 902 1167 Nunc
946 1121 1159 1182 autem,
1192 1110 1397 1168 fratres
1418 1153 1433 1179 ,
1462 1114 1506 1167 si
1554 1127 1755 1168 venero

164 1210 225 1265 ad
252 1223 346 1264 vos
373 1208 573 1277 linguis
607 1208 857 1277 loquens,
886 1204 1013 1277 quid
1041 1206 1191 1261 vobis
1221 1205 1488 1276 prndero,
1532 1207 1631 1260 nisi
1663 1223 1755 1261 vo-

164 1305 239 1360 bis
266 1304 456 1373 loquar
485 1311 580 1355 aut
609 1301 661 1355 in
696 1300 1050 1368 revelatione,
1083 1308 1178 1354 aut
1206 1301 1258 1354 in
1289 1299 1538 1365 scientia,
1578 1311 1672 1355 aut
1700 1302 1752 1355 in

166 1395 466 1468 prophetia,
498 1404 591 1449 aut
621 1394 675 1448 in
710 1393 1001 1449 doctrina?
1043 1392 1247 1447 Tamen
1280 1407 1400 1463 qua:
1431 1393 1548 1447 sine
1575 1394 1754 1450 anima

169 1499 291 1545 sunt
320 1502 507 1542 vocem
540 1486 744 1553 dantia,
776 1486 891 1542 sive
917 1485 1069 1554 tibia,
1099 1486 1214 1539 sive
1256 1484 1481 1553 cithara,
1512 1486 1616 1539 nisi
1648 1486 1756 1540 dis-

161 1580 471 1636 tinctionem
520 1578 794 1631 sonituum
828 1575 1105 1645 dederint,
1150 1574 1421 1644 quomodo
1459 1577 1661 1630 scietur
1703 1575 1754 1629 id

160 1671 299 1743 quod
326 1669 559 1737 canitur,
586 1679 679 1723 aut
719 1668 861 1739 quod
905 1667 1305 1722 citharisatur?
1346 1667 1555 1722 Etenim
1589 1669 1631 1721 si
1673 1668 1756 1723 in-

1857 474 2052 519 taceat.
2099 464 2331 518 Potestis
2359 463 2506 518 enim
2536 477 2729 518 omnes
2757 476 2855 532 per
2880 462 3119 533 singulos
3150 462 3445 532 pmphetao

1854 571 1943 612 re:
1974 566 2033 611 ut
2061 570 2250 611 omnes
2281 554 2514 622 discant,
2537 564 2592 610 et
2616 570 2805 609 omnes
2833 554 3223 609 exhortentur:
3252 564 3308 609 ct
3333 553 3446 623 spi-

1854 646 1991 702 ritus
2015 646 2398 716 prephetarum
2422 647 2703 716 prophetis
2729 647 2957 716 subjecti
2985 654 3129 701 sunt.
3154 646 3270 700 Non
3296 648 3441 701 enim

1854 748 1938 794 est
1963 736 2323 793 dissensionis
2352 738 2516 803 Deus,
2538 738 2632 793 sed
2664 739 2838 808 pacis:
2868 739 3009 792 sicut
3034 746 3089 793 et
3112 738 3163 792 in
3195 739 3445 793 omnibus

1856 828 2118 885 Ecclesiis
2146 840 2460 885 sanctorum
2491 829 2682 885 doceo.
2716 831 2969 887 Mulieres
3001 832 3055 885 in
3083 831 3341 885 Ecclesiis
3375 840 3446 884 ta.

1854 932 2033 991 ceant,
2068 937 2174 976 non
2221 924 2363 976 enim
2404 922 2734 991 permittitur
2763 923 2840 977 eis
2880 922 3047 993 loqui,
3080 922 3176 977 sed
3202 922 3446 977 subditas

1855 1028 1998 1077 esse,
2028 1016 2168 1068 sicut
2194 1022 2250 1068 et
2280 1014 2362 1068 lex
2395 1013 2546 1067 dicit.
2581 1014 2636 1068 Si
2674 1015 2801 1084 quid
2832 1024 3009 1069 autem
3044 1014 3231 1068 volunt
3269 1015 3447 1070 disce.

1858 1121 1935 1171 re,
1966 1106 2111 1159 domi
2137 1105 2283 1159 viros
2316 1120 2442 1159 suos
2470 1106 3021 1176 interrogent.'furpe
3040 1117 3125 1163 est
3150 1108 3294 1161 enim
3326 1122 3444 1162 mu-

1858 1198 1975 1254 lieri
2019 1198 2164 1269 loqui
2188 1200 2240 1252 in
2272 1198 2537 1253 Ecclesia.
2579 1202 2661 1253 An
2687 1214 2716 1253 a
2746 1200 2901 1253 vobis
2932 1200 3159 1254 verbum
3190 1200 3282 1254 Dei
3320 1214 3448 1271 pro-

1856 1292 2057 1347 cessit?
2089 1301 2181 1346 aut
2222 1292 2277 1345 in
2314 1306 2409 1346 vos
2452 1292 2598 1346 solos
2630 1293 2878 1361 pervenit
2910 1293 2933 1346 ?
2972 1292 3034 1349 Si
3071 1294 3191 1362 quis
3236 1294 3450 1348 videtur

1856 1386 2117 1457 propheta
2149 1400 2293 1453 esse,
2324 1395 2417 1439 aut
2446 1385 2771 1455 spiritualis,
2800 1395 3094 1456 cognoscat
3120 1401 3239 1455 qua:
3270 1388 3448 1441 scribo

1855 1480 2045 1543 vobis,
2085 1478 2209 1549 quia
2242 1478 2453 1534 Domini
2504 1488 2630 1532 sunt
2686 1479 2958 1534 mandata.
3001 1479 3059 1535 Si
3109 1481 3229 1550 quis
3267 1491 3447 1535 autem

1854 1572 2109 1643 ignorat,
2160 1572 2517 1643 ignorabitur.
2577 1572 2783 1643 Itaque,
2831 1573 3070 1641 fratres,
3120 1573 3449 1628 amulamini

1857 1665 2183 1735 prophetare
2209 1681 2223 1721 :
2251 1674 2304 1720 et
2332 1664 2479 1735 loqui
2504 1665 2700 1734 linguis
2729 1666 2896 1720 nolite
2920 1666 3229 1736 prohibere.
3254 1668 3447 1719 Omnia

159 1772 361 1820 certam
393 1777 582 1818 vocem
619 1761 711 1816 det
742 1762 888 1827 tuba,
933 1762 1053 1832 quis
1082 1760 1295 1831 parabit
1324 1775 1383 1816 se
1410 1760 1478 1814 ad
1519 1761 1752 1816 bellum?
1781 1756 1832 1818 Β
1859 1767 2036 1812 autem
2068 1758 2317 1822 honeste,
2342 1764 2396 1812 et
2422 1758 2716 1811 secundum
2742 1757 2988 1813 ordinem
3010 1758 3163 1811 ﬁant.

155 1856 237 1913 Ita
266 1868 320 1912 et
347 1872 441 1913 vos
483 1872 579 1926 per
611 1856 854 1926 linguam
894 1855 1001 1909 nisi
1049 1854 1398 1910 manifestum
1448 1870 1755 1911 sermonem

158 1949 459 2006 dederitis:
512 1947 787 2019 quomodo
817 1946 1021 2002 scietur
1062 1945 1115 2001 id
1144 1945 1286 2015 quod
1313 1946 1509 2001 dicitur
1538 1946 1561 1999 ?
1609 1948 1758 2001 eritis

158 2042 305 2098 enim
338 2041 388 2095 in
413 2055 542 2096 aera
571 2039 877 2110 loquentes.
910 2038 1043 2093 Tam
1070 2038 1263 2106 multa,
1289 2045 1347 2091 ut
1374 2046 1524 2108 puta,
1555 2053 1756 2108 genera

156 2135 465 2206 linguarum
507 2143 634 2189 sunt
664 2132 717 2187 in
752 2133 852 2187 hoc
905 2121 1148 2187 mundo:
1201 2140 1255 2185 et
1305 2130 1436 2184 nihil
1479 2130 1597 2185 sine
1627 2146 1758 2186 voce

161 2236 269 2282 est.
292 2226 348 2281 Si
376 2241 503 2297 ergo
532 2226 783 2280 nesciero
814 2224 1067 2278 virtutem
1100 2222 1269 2289 vocis,
1302 2237 1397 2277 ero
1444 2223 1515 2291 ei,
1562 2223 1647 2276 cui
1680 2222 1760 2277 lo-

159 2334 327 2391 quor,
366 2319 660 2374 barbarus:
690 2326 743 2373 et
783 2317 872 2388 qui
903 2316 1163 2387 loquitur.
1191 2313 1324 2370 mihi
1353 2315 1637 2369 barbarus.
1670 2314 1759 2370 Sic

156 2420 219 2466 et
245 2428 361 2479 vos,
388 2412 641 2483 quoniam
671 2412 1016 2466 aemulatores
1040 2410 1171 2465 estis
1204 2410 1513 2478 spirituum,
1539 2408 1605 2463 ad
1632 2408 1760 2463 tedi-

158 2506 471 2561 ficationem
510 2505 769 2561 Ecclesiae
790 2505 1018 2575 qumrite
1044 2547 1057 2572 ,
1100 2512 1159 2559 ut
1185 2504 1491 2559 abundctis.
1528 2503 1594 2558 Et
1636 2504 1759 2559 ideo

158 2599 260 2668 qui
314 2598 544 2669 loquitur
592 2598 812 2669 lingua,
859 2607 977 2653 oret
1008 2606 1065 2652 ut
1098 2597 1505 2668 interpretetur.
1533 2596 1667 2652 Nam
1712 2599 1757 2653 si

161 2705 319 2746 orem
349 2693 546 2763 lingua,
591 2693 815 2763 spiritus
854 2708 1006 2748 meus
1054 2700 1194 2758 orat,
1240 2708 1393 2749 mens
1420 2703 1598 2748 autem
1641 2708 1758 2749 mea

163 2787 288 2843 sine
317 2787 483 2842 fructu
513 2797 616 2843 est.
642 2786 781 2855 Quid
794 2802 924 2857 ergo
941 2786 1059 2842 est?
1079 2784 1257 2841 Orabn
1279 2787 1493 2855 spiritu,
1515 2786 1684 2841 orabo
1706 2795 1762 2842 et

166 2892 389 2936 mente:
419 2881 642 2951 psallam
674 2881 890 2949 spiritu,
918 2880 1146 2951 psallam
1175 2888 1231 2934 et
1262 2888 1460 2935 mente.
1487 2878 1757 2935 Caeterum

169 2973 219 3028 si
263 2974 604 3031 bencdixeris
644 2976 875 3046 spiritu:
924 2975 1015 3044 qui
1065 2974 1279 3043 supplet
1331 2973 1506 3029 locum
1556 2972 1758 3039 idiotae,

171 3072 440 3136 quomodo
476 3069 641 3136 dicet,
671 3068 869 3133 Amen,
910 3083 1074 3139 super
1104 3077 1246 3122 tuam
1280 3068 1761 3124 benedictionem?

174 3159 419 3227 quoniam
447 3160 575 3232 quid
613 3160 793 3228 dicas,
839 3160 1029 3215 nescit.
1072 3158 1206 3214 Nam
1261 3170 1315 3213 tu
1363 3158 1578 3228 quidem
1619 3158 1760 3216 bene

176 3252 371 3320 gratias
401 3254 545 3325 agis,
579 3253 674 3309 sed
724 3253 862 3309 alter
904 3269 1009 3309 non
1053 3252 1374 3308 tediﬁcatnr.
1416 3250 1629 3307 Gratias
1659 3267 1760 3321 ago

180 3341 289 3398 Deo
319 3361 453 3413 meo,
480 3346 623 3416 quod
652 3345 895 3401 omnium
924 3354 1162 3401 vestrum
1200 3344 1386 3415 lingua
1418 3344 1634 3413 loquor.
1655 3342 1761 3399 Sed

180 3436 230 3492 in
254 3439 485 3496 Ecclesia
517 3440 646 3496 Volo
678 3440 913 3510 quinque
942 3439 1103 3495 verba
1134 3452 1297 3493 sensu
1341 3451 1466 3491 meo
1504 3436 1672 3506 loqui,
1703 3444 1763 3491 ut

180 3541 231 3586 et
259 3534 393 3590 alios
422 3535 686 3591 instruam
722 3552 734 3589 :
766 3549 927 3605 quam
968 3533 1153 3589 decem
1196 3531 1362 3586 millia
1394 3531 1681 3587 verborum
1708 3528 1760 3584 in

178 3622 375 3696 lingua.
404 3627 642 3694 Fratres,
676 3627 842 3683 nolite
872 3624 1025 3698 pueri
1055 3625 1193 3682 efﬁci
1222 3625 1495 3691 sensibus,
1527 3624 1622 3681 sed
1652 3639 1764 3678 ma-

175 3715 292 3773 litia
330 3722 530 3791 parvuli
570 3730 779 3778 estote:
811 3722 1063 3777 sensibus
1087 3729 1267 3776 autem
1300 3720 1526 3790 perfecti
1566 3729 1760 3775 estote.

166 3805 235 3863 In
268 3810 383 3881 lege
408 3813 668 3883 scriptum
693 3820 777 3868 est
803 3831 816 3867 :
858 3812 1125 3881 Quoniam
1156 3811 1210 3865 in
1241 3812 1365 3866 aliis
1390 3811 1585 3881 linguis
1607 3822 1663 3866 et
1688 3810 1763 3864 Ia-

158 3896 280 3957 biis
306 3905 422 3961 aliis
472 3907 666 3978 loquar
696 3906 895 3978 populo
926 3906 1052 3961 huic
1077 3924 1090 3959 :
1138 3914 1194 3960 et
1237 3920 1337 3960 nec
1366 3905 1444 3958 sic
1469 3903 1767 3958 exaudient

153 4005 290 4057 rue.
320 3996 449 4052 dicit
493 3999 773 4053 Dominus.
821 3998 1008 4068 Itaque
1056 3996 1254 4065 linguae
1302 3996 1355 4049 in
1399 3995 1611 4064 signum
1642 4001 1769 4048 sunt

154 4096 290 4140 Ilon
319 4088 581 4159 ﬁdelibus,
613 4090 707 4145 sed
737 4089 1088 4145 inﬁdelibus:
1124 4086 1425 4157 pr0phetite
1454 4094 1630 4140 autem
1658 4101 1765 4139 non

170 4174 504 4251 inﬁdelibus,
531 4182 627 4239 sed
658 4182 928 4237 ﬁdelibus.
954 4181 1009 4237 Si
1042 4195 1173 4251 ergo
1201 4179 1490 4236 conveniat
1518 4177 1764 4233 universa

192 4266 415 4331 Ecclesia
439 4277 492 4331 in
513 4292 702 4344 unum,
726 4286 779 4330 et
802 4275 1210 4345 omneslinguis
1234 4275 1542 4344 loquantur,
1569 4272 1769 4327 intrent

191 4373 357 4422 autem
384 4368 585 4435 idimae,
616 4377 708 4424 aut
728 4367 1003 4424 inﬁdeles:
1035 4381 1213 4422 nonne
1234 4366 1417 4421 dicent
1446 4364 1593 4436 quod
1620 4364 1767 4419 insa-

192 4455 342 4516 nitis?
368 4462 419 4519 Si
444 4472 622 4518 autem
646 4476 839 4519 omnes
872 4464 1215 4532 prophetent,
1248 4462 1411 4515 intret
1434 4470 1616 4513 autem
1646 4457 1768 4528 quis

191 4540 435 4620 inﬁdelis,
463 4554 546 4609 vel
580 4552 772 4620 idiota,
803 4553 1141 4609 convincitur
1167 4553 1235 4606 ab
1261 4552 1534 4615 omnibus,
1573 4550 1767 4619 dijudi-

188 4647 334 4702 Catur
378 4647 444 4702 ab
483 4648 782 4703 omnibus:
835 4648 1046 4702 occulta
1097 4646 1280 4701 cordis
1324 4644 1442 4713 ejus
1480 4644 1767 4700 manifesta

184 4725 405 4805 finnuat
426 4741 498 4796 ita
521 4741 725 4798 cadens
747 4742 799 4796 in
826 4740 1021 4796 faciem
1047 4739 1294 4794 adorabit
1320 4739 1508 4806 Deum,
1532 4753 1771 4807 pronun-

182 4819 325 4886 tians
354 4834 497 4904 quod
541 4848 670 4889 vere
716 4834 860 4888 Deus
913 4834 966 4887 iu
998 4832 1147 4887 vobis
1176 4832 1266 4886 sit.
1321 4831 1462 4898 Quid
1493 4848 1622 4901 ergo
1668 4842 1772 4896 est,

176 4905 415 4979 fl'atres‘?
434 4939 557 4979 cum
584 4926 886 4979 convenitis
912 4965 926 4988 ,
960 4923 1329 4993 unusquisque
1359 4932 1594 4978 vestrum
1629 4924 1773 4993 psal-

173 5013 330 5069 ntum
371 5017 558 5085 habet,
596 5016 894 5073 doctrinam
942 5016 1130 5081 habet,
1172 5017 1536 5087 apocalypsim
1581 5017 1773 5082 habet,

169 5087 423 5176 linguam
458 5109 649 5174 habet,
692 5110 1196 5179 interpretationem
1248 5108 1443 5164 habet:
1500 5109 1679 5163 omnia
1709 5109 1773 5164 ad

164 5193 597 5271 {Quiﬁcationem
626 5200 777 5257 ﬁant.
795 5202 919 5258 Sive
943 5200 1121 5271 lingua
1149 5201 1268 5271 quis
1293 5201 1551 5270 loquitur,
1584 5217 1780 5258 secun-

159 5269 315 5342 dum
358 5293 523 5362 duos,
575 5302 669 5348 aut
711 5302 770 5348 ut
806 5269 1043 5347 multum
1067 5269 1212 5358 tres,
1268 5302 1325 5347 et
1349 5269 1444 5363 per
1476 5303 1691 5363 partes,
1726 5304 1782 5349 et

154 5373 331 5437 llltus
367 5385 774 5456 interpretetur.
817 5386 873 5440 Si
911 5395 1090 5439 autem
1137 5401 1241 5441 non
1284 5387 1443 5440 luerit
1486 5387 1772 5454 interpres,

148 5458 366 5547 Ficeat
413 5480 469 5534 in
520 5480 767 5536 Ecclesia
795 5522 809 5545 ,
852 5480 951 5534 sibi
995 5489 1173 5535 autem
1212 5479 1499 5547 loquatur,
1541 5488 1597 5535 et
1642 5479 1775 5537 Deo.

138 5539 477 5639 1Arophetze
504 5581 682 5627 autem
722 5571 850 5640 duo,
885 5580 976 5625 aut
1010 5580 1119 5626 tres
1149 5570 1351 5635 dicant,
1388 5578 1443 5625 et
1481 5569 1664 5626 caeteri
1702 5571 1783 5626 di—

127 5705 857 5813 ᾣῃῖῃῐὲἓιιιιεὲιαθεῇηηιὶῖρ
892 5716 949 5762 et
982 5706 1033 5761 in
1061 5705 1253 5761 Graeco
1284 5703 1477 5762 reticet
1515 5711 1697 5772 textu,
1728 5702 1783 5757 in

254 5774 441 5834 alatino
477 5794 579 5834 ms.
614 5774 743 5833 non'
759 5788 862 5833 est.

1934 1847 2083 1919 [ϐαρ.
2127 1846 2269 1917 χιι]
2320 1848 2513 1901 Notum
2562 1857 2746 1901 autem
2788 1847 2939 1901 vobis
2988 1846 3170 1915 facio,
3223 1847 3448 1916 fratres,

1860 1939 2241 2010 Evangelium,
2272 1938 2416 2009 quod
2447 1939 2736 2009 praedicavi
2758 1939 2917 1993 vobis
2939 1980 2953 2007 ,
2983 1942 3126 2009 quod
3153 1951 3209 1995 et
3232 1942 3452 2010 accepi-

1860 2032 1981 2095 stis,
2014 2032 2067 2083 in
2101 2045 2208 2100 quo
2229 2040 2283 2085 et
2307 2031 2485 2097 statis,
2520 2047 2614 2100 per
2643 2030 2787 2099 quod
2809 2031 3163 2086 etsalvamini
3193 2050 3205 2085 :
3235 2048 3343 2101 qua
3366 2048 3451 2087 ra-

1861 2123 2005 2179 tione
2061 2123 2466 2194 pra-dicaverim
2515 2124 2708 2190 vobis,
2752 2126 2799 2179 si
2854 2124 3081 2191 tenetis,
3125 2127 3226 2181 nisi
3255 2126 3451 2181 frustm

1859 2217 2161 2273 credidisti.
2203 2217 2425 2271 Tradidi
2475 2217 2621 2271 enim
2670 2217 2822 2272 vobis
2867 2219 2920 2272 in
2972 2220 3195 2287 primis,
3227 2221 3369 2288 quod
3401 2231 3458 2275 et

1859 2310 2042 2379 accepi
2072 2328 2083 2363 :
2134 2310 2388 2379 quoniam
2429 2310 2675 2363 Christus
2714 2319 2959 2364 mortuus
2983 2318 3068 2363 est
3094 2326 3190 2379 pro
3219 2312 3455 2378 peccatis

1860 2401 2063 2456 nostris
2083 2400 2381 2457 secundum
2410 2400 2741 2469 Scripturas,
2767 2411 2822 2455 et
2845 2401 2970 2467 quia
2994 2401 3239 2469 sepultus
3266 2410 3370 2465 est,
3398 2411 3455 2456 et

1860 2495 1982 2566 quia
2036 2494 2336 2550 resurrexit
2378 2494 2534 2549 tertia
2566 2493 2659 2549 die
2698 2493 2997 2548 secundum
3028 2494 3451 2563 Scripturas:et

1861 2588 1985 2658 quia
2017 2586 2162 2641 visus
2192 2597 2275 2641 est
2297 2585 2519 2655 Cephtn,
2549 2594 2602 2641 et
2631 2595 2753 2655 post
2784 2586 2886 2639 hoc
2917 2585 3167 2640 undecim
3193 2604 3206 2638 :
3245 2586 3447 2641 Deinde

1860 2682 2008 2737 visus
2044 2690 2128 2736 est
2165 2681 2291 2751 plus
2328 2694 2487 2750 quam
2519 2678 2833 2749 quingentis
2860 2678 3117 2734 fratribus
3145 2676 3305 2733 simul
3335 2697 3347 2733 :
3381 2692 3447 2735 ex

1861 2773 2057 2844 quibus
2112 2772 2264 2826 mulli
2320 2780 2540 2826 manent
2580 2786 2751 2841 usque
2804 2771 2981 2826 adhuc
3016 2813 3030 2838 ,
3088 2772 3303 2841 quidam
3359 2787 3455 2827 ana

1861 2876 1967 2922 tem
2006 2864 2381 2920 dormierunt:
2419 2864 2621 2919 Deinde
2666 2866 2816 2918 visus
2855 2874 2938 2919 est
2969 2864 3205 2932 Jacobo,
3254 2864 3455 2921 deinde

1862 2958 2125 3029 apostolis
2161 2957 2445 3011 omnibus:
2477 2955 2781 3011 Novissime
2822 2965 3001 3010 autent
3053 2960 3291 3011 omnium
3316 2964 3453 3011 tam-

1862 3066 2019 3122 quam
2075 3050 2340 3115 abortivo,
2388 3050 2534 3104 visus
2576 3058 2660 3105 est
2706 3056 2761 3104 et
2812 3049 2964 3105 mihi.
3016 3048 3130 3119 Ego
3156 3050 3300 3103 enim
3332 3062 3450 3103 sum

1787 3125 1834 3190 θ
1864 3146 2118 3203 minimus
2166 3143 2535 3215 apostolorum
2564 3185 2579 3210 ,
2627 3144 2717 3214 qui
2768 3159 2874 3198 non
2935 3158 3054 3198 sum
3104 3142 3299 3212 dignus
3356 3156 3453 3196 vo-

1863 3238 1973 3293 cari
2000 3239 2279 3308 apostolus
2306 3280 2320 3305 ,
2375 3237 2628 3306 quoniam
2654 3244 2971 3305 persecutus
3006 3249 3126 3289 sum
3158 3234 3455 3290 Ecclesiam

1864 3328 1983 3383 Dei.
2027 3328 2210 3384 Gratia
2245 3338 2425 3381 autem
2461 3327 2553 3381 Dei
2598 3342 2715 3381 sum
2760 3327 2811 3380 id
2858 3326 2999 3396 quod
3028 3340 3175 3390 sum,
3205 3336 3259 3379 et
3285 3324 3456 3396 gratia

1863 3421 1981 3491 ejus
2032 3421 2084 3476 in
2137 3436 2222 3475 me
2270 3434 2437 3475 vacua
2486 3434 2593 3474 non
2644 3418 2784 3486 fuit,
2822 3418 2918 3473 sed
2950 3418 3315 3473 abundantius
3344 3417 3456 3471 illis

1864 3513 2116 3569 omnibus
2144 3513 2384 3568 laboravi
2418 3530 2429 3566 :
2467 3527 2570 3566 non
2606 3525 2707 3582 ego
2750 3521 2929 3567 autem
2956 3550 2972 3577 ,
3026 3510 3121 3565 sed
3167 3510 3335 3579 gratia
3358 3508 3456 3562 Del

1863 3620 2076 3662 mecum
2105 3624 2115 3658 :
2164 3604 2289 3660 Sive
2332 3605 2475 3659 enim
2508 3617 2609 3674 ego
2632 3640 2648 3668 ,
2692 3602 2808 3658 sive
2834 3601 2910 3655 illi
2940 3620 2950 3653 :
2993 3601 3072 3655 sic
3098 3599 3454 3669 praedicamus

1866 3698 1993 3770 [Μδ.
2029 3695 2494 3768 praedicavimus],
2545 3706 2599 3752 et
2645 3696 2727 3751 sic
2779 3692 3108 3751 credidistis.
3168 3691 3226 3747 Si
3272 3698 3454 3744 autem

1866 3791 2112 3848 Christus
2141 3790 2468 3861 praedicatur
2496 3787 2640 3857 quod
2664 3786 2961 3843 resurrexit
2984 3799 3013 3838 a
3045 3784 3296 3851 mortuis,
3322 3798 3457 3851 qun-

1867 3885 2027 3940 modo
2049 3882 2266 3952 quidam
2313 3882 2499 3935 dicunt
2543 3882 2595 3934 in
2639 3881 2812 3947 vobis,
2840 3880 3095 3949 quoniam
3123 3878 3460 3932 resurrectio

1867 3983 2205 4032 mortuorum
2239 3989 2344 4028 non
2373 3973 2497 4028 est?
2542 3972 2600 4027 Si
2631 3981 2812 4025 autem
2851 3970 3181 4026 resurrectio
3212 3975 3456 4023 mortuo.

1868 4084 1990 4124 rum
2022 4082 2128 4121 non
2158 4078 2241 4122 est
2263 4106 2278 4134 ,
2318 4079 2497 4135 neque
2534 4064 2786 4119 Christus
2820 4062 3135 4118 resurrexit.
3186 4060 3241 4117 Si
3276 4068 3458 4114 autem

1868 4161 2115 4217 Christus
2143 4174 2248 4215 non
2280 4158 2620 4223 resurrexit,
2656 4156 2834 4211 inanis
2874 4165 2960 4212 est
2985 4169 3117 4225 ergo
3143 4151 3461 4224 praedicatio

1870 4264 2079 4319 nostra,
2105 4251 2280 4306 inanis
2309 4259 2394 4304 est
2422 4258 2478 4305 et
2504 4249 2639 4303 ﬁdes
2667 4255 2845 4303 vestra
2873 4266 2887 4302 :
2935 4246 3243 4301 invenimur
3280 4251 3461 4297 autem

1869 4354 1924 4402 et
1949 4344 2071 4399 falsi
2113 4351 2279 4400 testes
2323 4343 2457 4398 Dei:
2504 4343 2760 4413 quoniam
2812 4338 3182 4394 testimonium
3224 4334 3462 4388 diximus

1870 4440 2137 4495 adversus
2186 4439 2352 4495 Deum
2374 4479 2389 4506 ,
2442 4437 2584 4507 quod
2620 4434 2904 4491 suscitavit
2947 4431 3223 4485 Christum
3254 4446 3264 4480 :
3296 4442 3459 4497 quem

1872 4551 1978 4592 non
2008 4536 2327 4601 suscitavit,
2370 4533 2397 4571 ι)
2445 4533 2490 4587 si
2530 4531 2726 4585 mortui
2761 4542 2868 4582 non
2906 4531 3212 4594 resurgunt.
3255 4521 3388 4576 Nam
3418 4522 3463 4577 si

1876 4635 2076 4691 mortui
2112 4648 2217 4688 non
2249 4634 2577 4696 resurgunt,
2630 4637 2804 4693 neque
2840 4618 3095 4675 Christus
3140 4615 3463 4671 resurrexit.

1876 4727 2031 4797 Quod
2059 4727 2103 4781 si
2132 4725 2379 4780 Christus
2410 4735 2519 4774 non
2552 4714 2885 4778 resurrexit,
2933 4724 3067 4765 vana
3098 4717 3179 4763 est
3213 4706 3345 4761 ﬁdes
3374 4721 3469 4761 ve-

1880 4830 1991 4875 stra
2020 4863 2034 4887 ,
2081 4818 2258 4872 adhuc
2297 4814 2442 4870 enim
2471 4811 2602 4865 estis
2630 4808 2683 4863 in
2712 4806 2948 4878 peccatis
2976 4800 3194 4858 vestris.
3238 4800 3383 4868 Ergo
3411 4807 3467 4853 et

1880 4912 1972 4983 qui
2001 4910 2343 4965 dormierunt
2367 4906 2418 4958 in
2451 4903 2691 4969 Christo,
2723 4898 3023 4969 perierunt.
3064 4892 3123 4949 Si
3151 4893 3203 4945 in
3232 4891 3335 4983 hac
3359 4891 3465 4944 vita

1883 4980 2087 5057 tantum
2128 4999 2179 5052 in
2209 4996 2427 5051 Christo
2457 4998 2739 5062 sperantes
2770 5001 2957 5041 sumus
2987 5025 2999 5047 ,
3045 4980 3470 5037 miserabiliores

1880 5107 2068 5149 sumus
2114 5088 2365 5144 omnibus
2418 5081 2750 5139 hominibus.
2798 5076 2951 5132 Nunc
2997 5083 3176 5128 autem
3217 5071 3470 5125 Christus

1882 5182 2182 5240 resurrexit
2228 5193 2257 5232 a
2300 5175 2525 5232 mortuis
2578 5169 2827 5242 primitie
2873 5167 3256 5223 dormientium
3294 5183 3305 5217 :
3337 5174 3470 5231 quo-

1883 5280 2030 5332 niam
2060 5272 2276 5342 quidem
2302 5285 2396 5339 per
2430 5266 2701 5321 hominem
2731 5278 2877 5319 mors
2902 5302 2916 5325 ,
2970 5270 3024 5315 et
3069 5273 3162 5329 per
3201 5256 3472 5309 hominem

1884 5367 2209 5427 resurrectio
2253 5374 2608 5419 mortuorum.
2671 5358 2738 5412 Et
2783 5358 2923 5411 sicut
2972 5355 3024 5407 in
3074 5350 3243 5407 Adam
3286 5359 3477 5402 omnes

1888 5465 2216 5525 moriuntur,
2269 5460 2340 5512 ita
2382 5466 2435 5511 et
2464 5454 2520 5508 in
2555 5452 2775 5507 Christo
2810 5460 3002 5505 omnes
3031 5442 3475 5501 viviﬁcabuntur.

1890 5556 2273 5625 Unusquisque
2318 5560 2498 5605 autem
2554 5548 2607 5602 in
2640 5560 2741 5602 suo
2770 5543 2984 5609 ordine,
3032 5539 3282 5611 primitito
3314 5535 3473 5592 Citri-

1966 5697 1995 5735 ι»
2036 5693 2229 5751 Isthmo
2261 5682 2536 5758 periocha,
2565 5681 2629 5758 si"
2630 5678 2822 5733 mortui
2843 5691 2954 5758 non
2978 5677 3275 5758 resurgunt,
3304 5683 3481 5758 pollue

1900 5770 1955 5826 in
2006 5743 2225 5833 aliialii;
2262 5743 2450 5829 tneque
2500 5743 2555 5811 in
2592 5753 2767 5811 Grmc.
2804 5747 3078 5821 plerisque
3104 5743 3197 5801 lib.
3232 5743 3480 5799 habetur.
