3946 6198
477 211 586 268 7.ἵὲ
1467 216 1525 270 5.
1570 211 1946 268 HIERONYHI
1990 207 2215 264 DIV'IN'A
2262 209 2737 268 BIBLIOTHECA.
3663 209 3772 263 760

485 345 604 387 stus
635 353 647 385 :
677 332 870 388 deinde
899 334 931 386 ii
965 334 1055 400 qui
1085 342 1212 386 sunt
1238 330 1463 398 Christi,
1494 331 1584 400 qui
1619 333 1672 384 in
1699 331 1937 384 adventu
1969 328 2086 398 ejus
2113 327 2167 387 Δ
2192 329 2481 383 novissima
2516 329 2640 383 tuba
2667 347 2679 383 :
2711 338 2873 384 canet
2900 330 3043 386 enim
3075 330 3201 385 tuba
3223 371 3240 396 ,
3286 338 3344 384 et
3371 326 3569 381 mortui
3598 340 3776 382 resuro

484 424 857 479 crediderunt.
901 425 1103 478 Deinde
1142 425 1263 478 finis
1299 444 1310 476 :
1354 439 1474 478 cum
1523 422 1807 478 tradiderit
1849 437 2074 491 regnum
2176 430 2306 491 gent
2335 422 2672 490 incorrupti:
2704 428 2762 476 et
2787 437 2888 477 nos
2913 422 3342 476 immutabimur.
3376 418 3601 486 Oportet
3627 418 3772 472 enim

490 515 605 570 Deo
635 525 689 570 et
719 516 896 582 Patri,
928 531 1049 570 eum
1080 516 1423 570 evacuaverit
1465 531 1680 569 onmem
1717 516 2075 584 principatum

491 616 545 660 et
573 616 932 675 petestatem,
977 617 1032 662 et
1076 609 1325 661 virtutem
1371 618 1417 661 ³.
1469 608 1697 675 Oportet
1722 619 1900 661 autem
1930 608 2077 662 illum

491 713 724 768 regnare
747 743 762 764 ,
798 699 972 754 donec
1022 713 1183 770 ponat
1213 717 1403 756 omnes
1427 701 1680 756 inimicos
1725 703 1825 757 sub
1854 701 2080 771 pedibus

491 792 630 860 ejus.
687 791 990 846 Novissima
1038 804 1225 849 autem
1273 795 1488 848 inimica
1539 794 1852 849 destruetur
1895 807 2079 848 mors:

492 884 684 939 Omnia
712 886 854 939 enim
884 887 1117 955 subjecit
1148 889 1248 942 sub
1277 889 1505 958 pedibus
1544 889 1685 954 ejus.
1728 889 1863 942 Cum
1898 897 2079 942 autem

491 975 675 1030 dicat:
709 976 899 1032 Omnia
947 979 1192 1047 subjecta
1235 990 1360 1034 sunt
1383 980 1471 1034 ei:
1520 980 1639 1034 sine
1683 980 1849 1034 dubio
1888 989 2084 1048 praeter

2180 513 2530 584 corruptibile
2556 515 2656 568 hoc
2686 515 2910 570 induere
2942 517 3438 581 incorruptionem:
3466 521 3522 568 et
3549 512 3776 569 mortale

2183 606 2284 660 hoc
2332 605 2562 661 induere
2607 607 3098 662 immortalitatem.
3158 606 3294 661 Cum
3341 616 3527 660 autem
3550 605 3780 661 mortale

2184 698 2287 754 hoc
2331 699 2571 754 induerit
2618 699 3084 754 immortalitatem
3112 741 3127 764 ,
3175 708 3303 753 tunc
3329 699 3423 752 fiet
3445 712 3658 764 sermo,
3687 697 3778 766 qui

2183 793 2418 859 scriptus
2465 801 2586 847 est:
2637 792 2907 862 Absorpta
2958 801 3044 848 est
3087 807 3234 847 mors
3281 792 3338 846 in
3381 791 3630 845 victoria.
3683 790 3780 846 L'hi

2183 891 2289 949 est,
2319 898 2486 948 mors,
2520 883 2744 937 victoria
2772 884 2898 938 tua?
2929 885 3019 938 uhi
3048 884 3599 949 est,mors,stimulus
3627 883 3782 938 tuus?

2188 975 2453 1030 Stintulus
2493 985 2675 1030 autem
2718 977 2906 1032 mortis
2944 988 3223 1046 peccatum
3273 987 3402 1032 est:
3433 977 3607 1031 virtus
3647 991 3779 1032 vero

492 1086 615 1125 eum
643 1111 657 1133 ,
704 1071 796 1140 qui
837 1071 1066 1139 subjecit
1107 1073 1157 1127 ei
1199 1074 1399 1126 omnia.
1467 1071 1601 1127 Cum
1632 1081 1811 1127 autem
1843 1071 2084 1140 subjecta
2189 1065 2396 1136 peccati
2423 1067 2531 1120 lex.
2575 1067 2686 1120 Deo
2713 1077 2892 1123 autem
2923 1069 3163 1138 gratias,
3210 1069 3301 1138 qui
3347 1067 3499 1123 dedit
3525 1068 3680 1123 nobis
3705 1069 3782 1122 vi-

497 1162 699 1219 fuerint
732 1165 805 1218 illi
834 1167 1015 1220 omnia
1041 1185 1054 1219 :
1092 1178 1216 1222 tunc
1243 1177 1297 1222 et
1328 1168 1443 1235 ipse
1487 1166 1655 1220 Filius
1686 1167 1963 1234 subjectus
1983 1167 2089 1219 erit

496 1258 586 1323 ei,
632 1261 724 1327 qui
774 1259 1004 1327 subjecit
1047 1261 1146 1314 sibi
1197 1262 1376 1314 omnia
1402 1301 1417 1326 ,
1469 1267 1525 1313 ut
1556 1260 1626 1314 sit
1651 1260 1794 1314 Deus
1824 1259 2005 1313 omnia
2035 1258 2088 1312 in

498 1349 775 1405 omnibus.
836 1353 1086 1421 Alioquin
1152 1353 1282 1420 quid
1342 1353 1546 1407 faciunt
1603 1353 1697 1422 qui
1751 1353 2092 1423 baptizantur

501 1460 598 1513 pro
644 1445 914 1510 mortuis,
981 1447 1026 1500 si
1072 1448 1295 1501 omnino
1349 1446 1545 1502 mortui
1594 1461 1700 1500 non
1762 1446 2093 1516 resurgunt?

501 1545 561 1590 ut
590 1536 718 1606 quid
756 1546 804 1590 et
844 1538 1183 1606 haptizantur
1213 1555 1310 1608 pro
1356 1538 1515 1592 illis?
1544 1547 1600 1591 ut
1636 1538 1763 1607 quid
1795 1550 1848 1593 et
1876 1553 1974 1592 nos
2001 1552 2094 1606 pe-

502 1631 802 1686 riclitamur
848 1637 995 1686 omni
1055 1634 1229 1686 hora?
1307 1631 1558 1699 Quotidie
1604 1632 1809 1686 morior
1858 1647 1955 1701 per
2005 1646 2097 1686 ve-

2189 1161 2416 1215 ctoriam
2469 1177 2565 1228 per
2613 1161 2904 1216 Dominum
2955 1171 3203 1216 nostrum
3253 1161 3440 1216 Jesum
3485 1161 3780 1216 Christum.

2193 1252 2402 1323 Itaque,
2431 1254 2629 1310 fratres
2659 1257 2764 1310 mei
2797 1256 3009 1322 dilecti,
3041 1255 3265 1310 stabiles
3291 1263 3492 1319 esmte,
3524 1265 3576 1309 et
3595 1255 3783 1309 immo-

2195 1349 2372 1403 biles:
2406 1349 2747 1405 abundantes
2793 1351 2848 1405 in
2890 1364 3061 1420 opere
3093 1349 3304 1403 Domini
3348 1363 3584 1416 semper,
3613 1348 3785 1404 scien-

2197 1449 2279 1495 tes
2308 1441 2450 1511 quod
2485 1442 2639 1496 labor
2666 1452 2851 1497 vester
2878 1457 2986 1496 non
3012 1450 3096 1496 est
3125 1441 3300 1495 inanis
3321 1442 3377 1495 in
3409 1441 3664 1496 Domino-

2272 1533 2420 1604 [ϐαρ.
2453 1533 2619 1603 XVH
2658 1534 2737 1589 De
2761 1535 3004 1589 collectis
3027 1542 3205 1589 autem
3228 1575 3245 1599 ,
3269 1549 3394 1603 quas
3422 1531 3550 1587 ﬁunt
3573 1533 3622 1588 in
3650 1547 3783 1587 san-

2201 1635 2345 1692 ctos,
2380 1629 2519 1680 sicut
2547 1625 2797 1680 ordinavi
2825 1625 3085 1682 Ecelesiis
3110 1624 3338 1681 Galatiae
3363 1665 3378 1688 ,
3422 1626 3488 1678 ita
3513 1634 3565 1680 et
3586 1639 3682 1679 vos
3709 1624 3790 1679 fa-

504 1736 670 1779 stram
722 1725 950 1795 gloriam
977 1772 991 1794 ,
1039 1726 1233 1781 fratres
1259 1768 1274 1791 ,
1340 1728 1499 1794 quam
1553 1725 1726 1779 habeo
1775 1725 1829 1779 in
1883 1723 2100 1778 Christo
2129 1711 2178 1770 Β
2204 1719 2328 1773 cite.
2375 1719 2479 1773 Per
2521 1735 2682 1773 unam
2712 1719 2924 1774 sabbati
2977 1717 3350 1787 unusquisque
3388 1727 3620 1771 vestrum
3647 1715 3788 1785 apud

511 1816 642 1870 Jesu
699 1816 930 1871 Domino
964 1826 1171 1871 nostro.
1231 1816 1287 1871 Si
1336 1815 1658 1885 (secundum
1701 1815 2002 1884 hominem)
2032 1815 2101 1869 ad

509 1905 713 1960 bestias
743 1907 981 1975 pugnavi
1005 1908 1223 1975 Ephesi,
1256 1907 1384 1978 quid
1408 1908 1538 1961 mihi
1564 1908 1805 1976 prodest,
1833 1910 1877 1962 si
1902 1909 2100 1963 mortui

519 2016 625 2054 non
656 2001 984 2070 resurgunt?
1012 2002 1425 2066 manducemus,
1445 2010 1499 2056 et
1519 2001 1783 2067 bibamus,
1811 2017 1932 2056 eras
1959 2003 2101 2056 enim

515 2095 832 2147 moriemur.
877 2093 1053 2147 Nolite
1083 2093 1294 2149 seduci.
1323 2092 1690 2163 Corrumpunt
1725 2108 1905 2149 mmes
1937 2095 2105 2148 bonos

513 2186 787 2254 colloquia
817 2187 980 2240 mala.
1045 2187 1334 2255 Evigilate,
1365 2187 1493 2256 justi
1520 2230 1533 2253 ,
1565 2199 1615 2241 et
1645 2188 1817 2242 nolite
1839 2201 2065 2257 peccare
2091 2205 2102 2240 :

516 2277 875 2346 ignorantiam
924 2277 1070 2332 enim
1102 2277 1197 2332 Dei
1225 2277 1443 2348 quidam
1472 2276 1710 2340 habent,
1757 2278 1823 2331 ad
1855 2293 2107 2333 reveren—

517 2367 648 2421 tiam
681 2367 836 2421 vobis
867 2367 1080 2437 loquor.
1125 2367 1230 2423 Sed
1263 2369 1405 2423 dicet
1433 2369 1664 2438 aliquis:
1705 2369 1989 2436 Quomodo
2019 2385 2107 2424 re-

515 2469 748 2530 surgunt
767 2460 1012 2514 mortui?
1041 2461 1257 2530 qualive
1285 2475 1513 2532 corpore
1539 2461 1798 2516 venient?
1819 2460 2109 2531 lnsipiens,

516 2559 573 2606 tu
604 2551 744 2621 quod
776 2553 1014 2607 seminas
1045 2567 1152 2607 non
1186 2552 1514 2617 viviﬁeatur,
1573 2553 1678 2606 nisi
1727 2552 1876 2621 prius
1912 2554 2111 2606 moria—

515 2651 623 2698 tur.
667 2642 734 2697 Et
781 2643 925 2712 quod
969 2644 1246 2710 seminas,
1282 2659 1385 2698 non
1413 2659 1613 2714 corpus
1638 2689 1652 2712 ,
1695 2645 1838 2714 quod
1868 2643 2110 2698 futurum

518 2743 643 2801 est,
673 2739 908 2790 seminas
934 2781 948 2806 ,
985 2736 1080 2791 sed
1122 2736 1324 2791 nudum
1369 2752 1631 2806 granum,
1689 2745 1872 2804 utputa
1924 2735 2109 2799 tritici,

519 2836 614 2880 aut
640 2828 867 2898 alicujus
894 2838 1237 2885 eaaterorum.
1291 2829 1433 2885 Deus
1472 2839 1654 2884 autem
1686 2831 1779 2883 dat
1808 2830 1882 2883 illi
1912 2843 2113 2897 corpus

519 2919 797 2975 sieutvult
823 2939 836 2974 :
862 2933 918 2975 et
959 2923 1254 2992 unicuique
1283 2923 1551 2977 seminum
1586 2922 1859 2992 proprium
1892 2936 2113 2991 corpus.

521 3011 638 3067 Non
683 3015 862 3069 omnis
909 3030 1038 3071 caro
1083 3017 1274 3072 eadem
1316 3030 1444 3071 caro
1470 3033 1486 3073 :
1515 3017 1615 3071 sed
1641 3017 1745 3071 alia
1767 3015 1987 3086 quidem
2017 3015 2114 3070 ho-

2204 1828 2265 1867 se
2311 1822 2574 1882 seponat,
2619 1813 2923 1867 recondens
2966 1811 3107 1880 quod
3155 1811 3206 1865 ei
3239 1811 3379 1864 bene
3405 1810 3662 1880 placuerit
3692 1826 3706 1861 :
3737 1817 3789 1861 ut

2207 1919 2312 1959 non
2340 1946 2353 1968 ,
2381 1920 2504 1959 eum
2536 1919 2741 1958 venero
2763 1946 2776 1966 ,
2819 1916 2946 1958 tunc
2973 1902 3217 1958 collectae
3249 1901 3401 1956 ﬁant.
3462 1899 3594 1955 Cum
3615 1910 3788 1954 autem

2209 2012 2451 2066 praesens
2480 1995 2635 2051 fuero
2660 2014 2672 2048 :
2702 2010 2841 2065 quos
2867 1995 3230 2064 prohaveritis
3257 2009 3355 2063 per
3380 1993 3668 2062 epistolas,
3701 1992 3790 2047 bos

2209 2088 2419 2141 mittam
2487 2088 2736 2155 perferre
2800 2087 3027 2155 gratiam
3091 2097 3328 2140 vestram
3382 2086 3436 2138 in
3482 2083 3787 2139 Jerusalem.

2210 2179 2364 2248 Quod
2392 2180 2434 2234 si
2460 2179 2680 2249 dignum
2708 2179 2891 2244 fuerit,
2925 2189 2987 2233 ut
3013 2189 3067 2233 et
3089 2194 3189 2247 ego
3210 2193 3352 2242 eam,
3380 2191 3596 2233 mecum
3627 2177 3788 2232 ibunt.

2215 2271 2442 2326 Veniam
2472 2281 2652 2325 autem
2683 2270 2750 2324 ad
2785 2285 2886 2324 vos
2909 2315 2923 2338 ,
2971 2286 3096 2326 eum
3127 2270 3495 2325 Macedoniam
3527 2277 3790 2338 pertrans-

2214 2365 2367 2421 iero:
2420 2381 2544 2420 nam
2576 2365 2946 2421 Macedoniam
2987 2364 3357 2436 pertransibo.
3400 2363 3558 2432 Apud
3589 2378 3682 2417 vos
3710 2378 3792 2416 au-

2215 2469 2323 2515 tem
2373 2461 2596 2515 forsitan
2643 2461 2875 2515 manebo
2897 2503 2911 2526 ,
2955 2461 3044 2516 vel
3074 2464 3236 2516 etiam
3265 2460 3536 2531 hyemabo
3560 2503 3576 2526 ,
3627 2469 3682 2512 ut
3704 2473 3788 2512 vos

2216 2567 2302 2607 me
2329 2551 2608 2607 deducatis
2636 2568 2982 2623 quocumque
3014 2555 3151 2609 iero.
3185 2551 3322 2607 Nolo
3349 2553 3494 2607 enim
3527 2568 3624 2606 vos
3648 2552 3793 2606 modo

2216 2647 2268 2701 in
2315 2647 2544 2700 transitu
2584 2645 2810 2710 videre,
2880 2661 3041 2715 spero
3090 2645 3234 2700 enim
3285 2660 3373 2699 me
3417 2645 3790 2712 aliquantulum

2216 2741 2478 2810 temporis
2531 2754 2753 2795 manere
2793 2739 2935 2809 apud
2983 2755 3112 2806 vos,
3152 2741 3197 2794 si
3232 2739 3496 2793 Dominus
3545 2739 3794 2808 permise-

2218 2832 2308 2885 rit.
2351 2830 2690 2885 Permanebo
2741 2839 2920 2886 autem
2970 2831 3169 2900 Ephesi
3217 2845 3386 2900 usque
3432 2830 3501 2884 ad
3547 2830 3791 2884 Penteco-

2218 2932 2359 2978 sten.
2401 2922 2612 2977 Ostium
2660 2923 2807 2977 enim
2857 2923 2990 2976 mihi
3039 2932 3286 2991 apertum
3331 2931 3414 2976 est
3447 2928 3794 2990 magnum,et

2219 3015 2442 3070 evidens
2465 3061 2478 3083 ,
2531 3027 2587 3071 et
2621 3015 2919 3070 adversarii
2961 3016 3142 3070 multi.
3184 3015 3242 3071 Si
3273 3024 3455 3069 autem
3485 3016 3692 3069 venerit
3714 3011 3793 3067 Ti-

522 3107 727 3161 miuum
753 3146 769 3172 ,
819 3108 922 3161 alia
955 3107 983 3146 1'
1015 3125 1143 3163 vero
1177 3123 1432 3178 pecorum
1461 3151 1475 3175 ,
1522 3109 1630 3162 alia
1656 3109 1937 3163 volucrum
1961 3150 1976 3175 ,
2012 3107 2116 3163 alia
2143 3089 2190 3153 Ο
2221 3110 2472 3164 motheus
2497 3154 2512 3177 ,
2547 3108 2728 3164 videte
2773 3118 2831 3163 ut
2875 3109 2993 3164 sine
3020 3109 3213 3164 timore
3241 3108 3311 3163 sit
3339 3106 3480 3178 apud
3509 3122 3642 3162 vos:
3674 3119 3793 3176 opus

523 3205 704 3251 autem
729 3197 982 3265 piscium.
1008 3200 1071 3252 Et
1093 3215 1319 3270 corpora
1341 3201 1607 3263 caelestia,
1628 3210 1681 3255 et
1697 3215 1925 3271 corpora
1947 3211 2116 3255 terre-

524 3291 656 3344 stria
683 3307 693 3340 :
728 3290 822 3344 sed
848 3291 952 3344 alia
981 3293 1195 3358 quidem
1225 3294 1528 3349 cmlestium
1549 3295 1717 3364 gloria
1745 3335 1760 3360 ,
1791 3295 1890 3348 alia
1931 3304 2115 3348 autem

528 3381 889 3435 terrestrium.
948 3382 1066 3437 Alia
1106 3384 1327 3437 claritas
1375 3385 1537 3448 solis,
1569 3385 1675 3438 alia
1702 3387 1920 3440 claritas
1950 3387 2114 3451 lunae,

527 3483 583 3528 et
605 3473 709 3526 alia
737 3473 960 3528 claritas
990 3474 1284 3528 stellarum.
1330 3475 1496 3530 Stella
1524 3476 1673 3530 enim
1706 3493 1735 3530 a
1761 3478 1911 3531 stella
1939 3477 2121 3531 differt

530 3567 584 3623 in
616 3567 913 3622 claritate:
970 3566 1050 3620 sic
1087 3575 1140 3621 et
1172 3568 1502 3622 resurrectio
1537 3580 1898 3623 mortuorum.
1941 3571 2117 3626 Semi-

530 3669 689 3715 natur
717 3659 770 3715 in
797 3658 1153 3729 corruptione
1180 3703 1194 3727 ,
1241 3668 1432 3730 surget
1461 3660 1516 3715 in
1545 3660 1975 3730 incorruptione.
2017 3663 2116 3720 Se.

529 3753 768 3808 minatur
789 3754 842 3807 in
869 3753 1239 3824 ignobilitate,
1272 3763 1457 3823 surget
1488 3755 1541 3809 in
1573 3756 1770 3825 gloria.
1811 3756 2121 3814 Semiuatur

532 3847 585 3902 in
616 3846 931 3903 infirmitate
952 3893 967 3917 ,
1017 3858 1197 3920 surget
1229 3848 1282 3903 in
1322 3850 1542 3904 virtute.
1584 3850 1899 3906 Semiuatur
1921 3868 2121 3922 corpus

531 3939 766 3994 animale
787 3982 802 4008 ,
827 3951 1011 4010 surget
1040 3957 1239 4012 corpus
1273 3943 1534 4012 spiritale.
1577 3944 1635 4000 Si
1667 3957 1750 4000 est
1775 3962 1976 4017 corpus
2003 3950 2122 4003 ani-

534 4031 697 4099 male,
722 4039 806 4086 est
831 4040 886 4086 et
906 4032 1176 4100 spiritale,
1211 4034 1351 4090 sicut
1376 4037 1634 4106 scriptum
1658 4048 1740 4094 est
1766 4058 1777 4092 :
1812 4039 2010 4095 Factus
2037 4052 2121 4097 est

531 4125 742 4196 primus
773 4125 935 4181 homo
968 4126 1138 4181 Adam
1191 4129 1244 4180 in
1291 4128 1523 4183 animam
1549 4131 1817 4186 viventem
1843 4175 1856 4198 ,
1887 4136 2120 4190 novissi-

533 4234 656 4276 mus
683 4220 855 4276 Adam
889 4220 942 4274 in
971 4220 1221 4289 spiritum
1249 4220 1635 4278 viviﬁcantem.
1693 4224 1798 4279 Sed
1831 4241 1936 4281 non
1973 4229 2122 4297 prius

531 4313 672 4384 quod
704 4312 953 4383 spiritale
993 4323 1077 4368 est
1104 4357 1118 4381 ,
1151 4313 1245 4369 sed
1274 4314 1416 4382 quod
1454 4315 1686 4369 animale
1713 4336 1725 4369 :
1749 4317 1946 4374 deinde
1976 4322 2120 4388 quod

530 4405 793 4476 spiritale.
823 4404 1032 4461 Primus
1061 4406 1224 4461 homo
1252 4405 1321 4461 de
1344 4415 1505 4475 terra,
1536 4416 1782 4466 terrenus
1807 4427 1820 4462 :
1851 4414 2122 4467 secundus

534 4498 701 4554 homo
723 4499 792 4555 de
805 4498 968 4563 caelo,
996 4498 1254 4555 cmlestis.
1280 4500 1468 4568 Qualis
1486 4511 1754 4571 terrenus,
1778 4503 1912 4560 tales
1931 4515 1984 4560 et
2012 4513 2122 4561 ter-

533 4593 687 4648 reni:
718 4600 773 4648 et
799 4592 974 4663 qualis
990 4593 1248 4658 etelestis,
1273 4593 1405 4648 tales
1435 4603 1487 4648 et
1507 4596 1780 4650 cmlestes.
1801 4595 1987 4667 Igitur.
2015 4599 2120 4654 sic—

528 4695 604 4741 ut-
625 4686 962 4756 portavimus
999 4687 1284 4756 imaginem
1313 4688 1536 4753 terreni,
1559 4695 1835 4756 portemus
1853 4701 1907 4744 et
1934 4691 2123 4760 imagi-

529 4794 655 4833 nem
685 4779 943 4834 emlestis.
976 4777 1092 4834 Hoc
1112 4790 1292 4833 autem
1317 4777 1438 4833 dico
1464 4822 1478 4846 ,
1503 4777 1700 4833 fratres
1729 4797 1740 4831 :
1773 4781 1894 4849 quia
1917 4796 2044 4836 caro
2066 4793 2122 4838 et

526 4871 746 4942 sanguis
788 4887 1012 4942 regnum
1055 4873 1149 4927 Dei
1190 4871 1468 4943 possidere
1507 4889 1614 4927 non
1645 4885 1912 4941 possunt:
1944 4891 2119 4947 neque

522 4965 800 5034 corruptio
831 4965 1247 5036 incorruptelam
1278 4963 1590 5034 possidebit.
1633 4965 1770 5020 Ecce
1799 4969 2116 5038 mysterium

527 5058 680 5114 vobis
725 5057 883 5113 dico:
916 5056 1118 5113 Omnes
1163 5057 1384 5129 quidem
1430 5073 1812 5129 resurgemus,
1861 5061 1956 5116 sed
2006 5077 2116 5119 non

524 5166 715 5209 omnes
746 5151 1174 5208 immutabimur.
1216 5151 1276 5208 ln
1303 5161 1601 5221 momento,
1630 5153 1683 5208 in
1715 5153 1826 5209 ictu
1856 5155 2022 5226 oculi,
2059 5156 2112 5212 in

593 5412 618 5440 α
657 5401 809 5471 Quod
829 5399 977 5456 addit
1007 5398 1092 5454 hic
1120 5399 1396 5456 Palatinus
1417 5415 1521 5458 ms.
1542 5442 1557 5468 ,
1593 5411 1641 5456 et
1670 5401 2098 5471 dominationem,

519 5486 624 5528 non
656 5473 886 5528 habetur
917 5473 968 5525 in
1000 5471 1192 5527 Graeco
1214 5473 1536 5542 archetypo.

590 5542 617 5581 δ
659 5544 715 5599 1η
748 5542 989 5596 Palatino
1018 5541 1273 5612 ms..alia
1320 5541 1584 5612 pecorum,
1635 5544 1741 5597 alia
1780 5559 1903 5597 caro
1956 5545 2099 5598 volu-

523 5627 686 5679 crum,
717 5621 850 5680 etc.,
879 5614 973 5667 sed
1003 5622 1056 5668 et
1082 5611 1423 5668 Graecus’liie
1449 5623 1632 5669 textus
1662 5615 1852 5668 variat.

593 5687 615 5713 °
655 5682 988 5741 Conciunius
1017 5683 1209 5751 multo,
1242 5693 1402 5754 atque
1428 5685 1480 5740 id
1505 5685 1742 5754 pressius
1766 5682 1956 5744 Grazco
1978 5701 2098 5742 ver-

2221 3202 2366 3257 enim
2413 3201 2629 3256 Domini
2677 3210 2954 3270 operatur,
3004 3201 3146 3255 sicut
3181 3209 3236 3256 et
3265 3215 3388 3270 ego.
3432 3200 3508 3254 Ne
3537 3199 3656 3268 quis
3681 3210 3792 3267 ergo

2221 3293 2370 3347 illum
2403 3303 2664 3361 Spernat:
2691 3292 2943 3348 deducite
2970 3300 3150 3348 autem
3182 3291 3335 3347 illum
3360 3293 3413 3346 in
3446 3305 3600 3360 pace,
3636 3299 3690 3344 ut
3714 3301 3792 3342 ve-

2223 3387 2337 3441 niat
2363 3387 2430 3442 ad
2460 3402 2585 3442 me:
2619 3397 2880 3457 exspecto
2909 3387 3054 3441 enim
3087 3387 3237 3442 illum
3264 3401 3386 3441 cum
3418 3385 3690 3440 fratribus.
3730 3383 3791 3435 De

2224 3483 2418 3552 Apollo
2461 3490 2643 3536 autem
2685 3479 2857 3535 fratre
2900 3479 3056 3534 vobis
3100 3489 3287 3533 notum
3330 3478 3476 3532 facio
3501 3517 3516 3543 ,
3558 3474 3788 3547 quoniam

2222 3575 2448 3632 multum
2475 3573 2660 3643 rogavi
2687 3588 2810 3628 eum
2838 3613 2855 3639 ,
2913 3579 2972 3625 ut
3004 3571 3217 3626 veniret
3261 3568 3329 3624 ad
3358 3584 3457 3624 vos
3485 3584 3606 3623 eum
3629 3565 3788 3622 fratri-

2223 3669 2358 3724 bus:
2411 3677 2467 3723 et
2512 3668 2696 3735 utique
2744 3680 2854 3721 non
2905 3665 3004 3720 fuit
3027 3665 3281 3720 voluntas
3309 3673 3367 3717 ut
3394 3678 3537 3717 nunc
3566 3663 3784 3718 veniret:

2222 3763 2404 3816 veniet
2423 3768 2626 3824 autem,
2651 3775 2772 3814 eum
2801 3760 2853 3814 ei
2878 3769 2899 3796 ε
2928 3773 3154 3813 vacuum
3177 3757 3360 3812 fuerit.
3391 3756 3645 3827 Vigilate,
3668 3762 3788 3807 state

2223 3854 2276 3910 iu
2309 3853 2435 3920 fide,
2465 3852 2699 3907 viriliter
2736 3851 2908 3921 agite,
2948 3860 3005 3906 et
3039 3849 3446 3906 confortantini.
3507 3848 3690 3903 Omnia
3711 3858 3785 3898 ve-

2223 3956 2333 4000 stra
2360 3947 2412 4000 in
2435 3947 2703 4001 charitate
2735 3946 2891 3999 tiant.
2941 3942 3184 3997 Obsecro
3209 3949 3391 3994 autem
3421 3953 3525 3995 vos
3545 3980 3559 4003 ,
3591 3938 3780 3999 fratres,

2224 4039 2396 4094 nostis
2440 4037 2660 4094 domum
2694 4036 2987 4105 Stcphanaa
3011 4077 3027 4103 ,
3052 4046 3107 4092 et
3133 4034 3442 4101 Fortunati,
3474 4043 3528 4090 et
3555 4030 3778 4088 Achaici:

2223 4133 2476 4202 quoniam
2511 4141 2639 4186 sunt
2683 4131 2934 4200 primitiae
2977 4129 3225 4195 Achaire,
3276 4137 3331 4183 et
3364 4129 3418 4182 in
3451 4123 3777 4182 ministerium

2222 4237 2533 4284 sanctorum
2565 4227 2954 4281 ordinaverunt
2983 4225 3231 4294 seipsos:
3283 4236 3340 4278 ut
3366 4233 3422 4278 et
3465 4238 3561 4278 vos
3605 4216 3774 4276 subditi

2225 4320 2343 4374 sitis
2371 4318 2640 4389 ejusmodi
2667 4361 2681 4383 ,
2729 4329 2786 4372 et
2813 4318 2961 4372 omni
2995 4317 3310 4386 cooperanti
3336 4357 3351 4381 ,
3381 4324 3436 4370 et
3458 4309 3711 4368 laboranti
3735 4303 3773 4358 δ.

2225 4413 2448 4470 Gaudeo
2470 4419 2648 4465 autem
2677 4411 2730 4466 iu
2761 4409 3047 4480 przesentia
3073 4407 3362 4478 Stephanze
3386 4450 3400 4474 ,
3426 4419 3481 4462 et
3509 4396 3775 4462 Fortunati,

2227 4516 2282 4562 et
2309 4506 2572 4560 Achaici:
2622 4505 2879 4575 quoniam
2935 4503 2987 4558 id
3017 4545 3032 4569 ,
3084 4502 3225 4570 quod
3262 4501 3416 4555 vobis
3467 4499 3662 4562 deerat,
3690 4489 3771 4561 ipsi

2226 4600 2656 4670 suppleverunt;
2686 4597 2996 4654 refecerunt
3035 4596 3178 4651 enim
3223 4604 3279 4651 et
3317 4609 3496 4648 meum
3538 4591 3771 4662 spiritum,

2223 4705 2281 4752 et
2306 4705 2567 4750 vestrum.
2590 4693 2910 4763 Cognoscite
2935 4707 3062 4761 ergo
3083 4692 3172 4760 qui
3198 4687 3508 4757 hujusmodi
3535 4695 3668 4740 sunt.
3696 4677 3780 4734 Sa-

2222 4787 2398 4840 lutant
2425 4799 2522 4839 vos
2567 4784 2826 4840 ECt'ieaiiB
2868 4783 3034 4836 Asiae.
3079 4781 3324 4836 Salutant
3369 4793 3469 4833 vos
3498 4779 3548 4832 iu
3582 4771 3774 4830 Domino

2224 4879 2476 4943 multum,
2510 4877 2701 4946 Aquila
2733 4884 2787 4929 et
2811 4874 3078 4936 Priscilla,
3109 4887 3230 4927 eum
3255 4869 3554 4925 domestica
3584 4879 3667 4922 sua
3694 4861 3774 4914 Ec-

2223 4971 2431 5028 clesia:
2476 4968 2616 5038 apud
2650 4983 2788 5038 quos
2815 4977 2870 5022 et
2901 4967 3164 5034 ttOSpitor.
3205 4963 3458 5019 Salutant
3483 4975 3576 5016 vos
3613 4962 3770 5012 omnes

2225 5065 2442 5119 fratres.
2505 5061 2748 5118 Salutate
2797 5058 3028 5113 invicem
3085 5057 3139 5111 in
3171 5055 3364 5111 osculo
3405 5061 3608 5110 sancto.
3643 5045 3772 5103 Salu-

2223 5158 2374 5224 tatio,
2406 5171 2526 5211 mea
2556 5170 2717 5210 manu
2747 5153 2921 5208 Pauli.
2963 5151 3019 5208 Si
3047 5150 3171 5221 quis
3200 5164 3311 5205 non
3338 5159 3487 5204 amat
3513 5143 3766 5202 Dominum

2211 5401 2302 5468 ho,
2334 5402 2648 5477 sonatpirierp,
2680 5401 2733 5455 in
2773 5397 3018 5454 Palatino
3058 5411 3159 5452 ms.
3193 5394 3412 5466 legitur,
3450 5409 3564 5448 cum
3609 5389 3652 5445 ei
3689 5401 3762 5456 0p-

2209 5473 2488 5543 portununi
2513 5473 2698 5543 fuerit:
2831 5541 2838 5543 _
3093 5539 3101 5543 Α
3229 5538 3240 5543 _
3262 5539 3272 5543 Α
3569 5535 3578 5543 _
3600 5532 3612 5543 ,
3716 5526 3724 5536 .

2280 5539 2306 5578 ἀ
2334 5532 2565 5598 Additur
2592 5542 2642 5596 in
2675 5541 2917 5595 Palatino
2947 5555 3049 5594 nts.
3085 5539 3137 5592 in
3159 5538 3321 5605 vobis,
3350 5552 3470 5608 quae
3493 5532 3691 5606 quidem
3715 5532 3755 5579 in

2207 5613 2401 5671 Graeco
2431 5621 2579 5670 textu
2608 5612 2714 5670 duo
2746 5611 2908 5668 verba
2940 5626 3045 5666 non
3075 5621 3221 5666 sunt.
