3946 6198
133 284 222 339 ’761
850 274 1185 334 EPIS’I‘OLA
1229 278 1288 333 Β.
1332 279 1536 339 PAULI
1576 283 1690 340 ΑΡ(

1776 284 1907 342 που
1945 288 2038 345 AD
2074 284 2489 343 CORIN'I‘HIOS
2528 285 2595 342 11.

3277 290 3386 346 762

128 410 364 456 nostrum
416 398 590 454 Jesum
643 396 913 456 Christum
947 440 962 463 ,
1014 400 1096 453 sit
1126 400 1411 457 anathema
1439 445 1455 469 ,
1506 405 1687 459 Maran
1717 421 1768 476 Α
1794 405 2045 463 Charitas
2091 422 2209 463 mea
2250 421 2372 461 cum
2418 403 2672 461 omnibus
2708 402 2862 461 vobis
2906 403 2959 460 in
2986 402 3209 463 Christo
3236 404 3389 463 Jesu.

127 497 277 551 Atha.
325 494 492 550 Gratia
515 492 722 549 Domini
756 495 926 549 nostri
960 494 1085 551 Jesu
1104 496 1303 552 Christi
1342 500 1618 556 vobiscum
1636 512 1682 556 ⁸.

1794 502 1993 557 Amen.

950 629 1179 700 Explicit
1208 629 1445 703 Epistola
1473 633 1539 691 Β.
1572 633 1736 689 Pauli
1774 635 2000 706 apartoli
2044 636 2112 689 ad
2143 633 2434 690 Corinthios
2463 634 2514 691 I.

187 802 209 829 ι
240 792 405 863 Atque
432 791 516 846 hic
539 807 683 846 amen
722 790 870 847 addit
897 791 1177 848 Palatinus
1206 808 1309 848 ms.
1339 812 1353 848 :
1387 794 1531 864 quod
1562 796 1785 851 verbum
1819 796 2008 851 reticet
2035 796 2255 852 Gracus
2282 803 2482 851 textus.

831 1055 1002 1165 Β.
1079 1053 1645 1167 PAULI
1724 1051 2634 1180 APOSTOLI

1565 1246 1853 1309 lNCIPlT

386 1397 1338 1547 EPISTOLA
1438 1403 1691 1531 AD
1794 1395 3050 1555 COBINTHIOS

1464 1634 2045 1722 SECUNDA.

170 1912 306 1985 [Cap.
338 1909 403 1983 1.]
454 1910 648 1965 Paulus
686 1908 961 1980 apostolus
1012 1907 1142 1964 Jesu
1184 1908 1378 1964 Christi
1433 1924 1528 1979 per
1570 1925 1665 1965 νο·
1700 1919 1746 1978 Β
1772 1920 1954 1969 vestra
2007 1928 2229 1981 sumus,
2285 1914 2425 1970 sicut
2450 1922 2504 1969 et
2530 1929 2625 1970 vos
2660 1924 2845 1970 nostra
2875 1957 2890 1982 ,
2949 1915 3003 1971 in
3033 1914 3121 1971 die
3151 1916 3365 1973 Domini

111 2006 347 2061 luntatem
380 2004 507 2069 Dei,
562 2012 617 2058 et
655 2002 972 2058 Timotheus
1002 2001 1169 2056 frater
1190 2044 1205 2069 ,
1265 2001 1519 2055 Ecclesiae
1551 2001 1667 2066 Dei,

109 2115 212 2170 qua:
236 2108 314 2156 est
336 2098 580 2154 Corinthi
603 2140 617 2165 ,
657 2113 782 2153 cum
811 2097 1062 2152 omnibus
1092 2098 1313 2162 sanctis,
1346 2097 1439 2167 qui
1466 2108 1590 2151 sunt
1616 2098 1669 2151 in

107 2192 331 2246 universa
360 2192 587 2247 Achaia.
675 2190 866 2246 Gratia
898 2189 1054 2243 vobis
1082 2198 1136 2244 et
1178 2206 1280 2257 pax
1315 2203 1345 2241 a
1376 2190 1485 2244 Deo
1515 2191 1674 2244 Patre

109 2292 307 2351 nostro,
363 2293 418 2339 et
442 2282 675 2337 Domino
701 2281 831 2337 Jesu
864 2278 1101 2335 Christo.
1181 2280 1501 2335 Benedictus
1532 2280 1672 2334 Deus

108 2384 150 2429 et
177 2375 320 2430 Pater
346 2374 557 2428 Domini
591 2374 760 2427 nostri
791 2371 919 2427 Jesu
942 2371 1170 2437 Christi,
1232 2372 1392 2427 Pater
1444 2372 1660 2426 miseri-

108 2467 379 2522 cordiarum
402 2510 416 2533 ,
474 2478 526 2522 et
560 2466 705 2521 Deus
732 2465 897 2520 totius
931 2464 1319 2518 consolationis
1342 2505 1355 2528 ,
1416 2463 1505 2532 qui
1537 2479 1671 2518 con-

107 2561 282 2616 solatur
324 2575 421 2615 nos
458 2560 509 2613 in
544 2560 691 2613 omni
749 2556 1099 2612 tribulatione
1140 2567 1354 2619 nostra;
1406 2566 1463 2609 ut
1495 2556 1671 2625 possi-

106 2670 206 2709 mus
256 2663 305 2708 et
333 2655 431 2725 ipsi
489 2652 766 2708 consolari
799 2665 926 2717 eos,
980 2651 1071 2721 qui
1120 2651 1173 2704 in
1222 2651 1366 2703 omni
1418 2664 1669 2720 pressura

104 2757 234 2812 sunt,
291 2764 384 2820 per
430 2748 903 2812 exhortationem,
957 2761 1060 2815 qua
1088 2744 1441 2799 exhortamur
1486 2754 1541 2801 et
1572 2745 1673 2815 ipsi

104 2857 127 2897 a
148 2844 258 2900 Deo.
288 2846 547 2912 Quoniam
597 2844 741 2898 sicut
774 2841 1047 2896 abundant
1081 2843 1359 2910 passiones
1385 2838 1584 2895 Christi
1619 2842 1671 2895 in

104 2936 233 2991 nobis
285 2937 413 3011 [Ms.
447 2935 663 3006 vobis];
742 2936 811 2990 ita
872 2945 925 2990 et
978 2950 1072 3004 per
1119 2933 1393 2988 Christum
1441 2934 1678 2989 abundat

103 3028 372 3084 c0nsolatio
403 3038 622 3085 nostra.
708 3027 835 3082 Sive
877 3038 1054 3081 autem
1099 3024 1421 3080 tribulamur
1454 3040 1556 3096 pro
1584 3041 1675 3080 ve-

101 3130 190 3176 stra
214 3124 583 3180 exhortatione
630 3131 685 3178 et
709 3121 915 3188 salute,
973 3128 998 3157 α
1052 3120 1166 3174 sive
1189 3119 1534 3173 consolamur
1576 3134 1673 3190 pro

101 3226 254 3269 vestra
285 3217 687 3280 consolatione,
720 3215 833 3269 sive
860 3213 1219 3268 exhortamur
1250 3227 1346 3282 pro
1370 3223 1548 3268 vestra
1579 3229 1674 3268 cx-

1776 2010 1944 2063 nostri
1970 2007 2099 2064 Jesu
2128 2007 2349 2064 Christi.
2406 2009 2474 2064 Et
2519 2009 2620 2063 hac
2661 2010 2987 2066 confidentia
3030 2010 3181 2066 volui
3221 2012 3371 2082 prius

1772 2100 1958 2155 venire
1987 2100 2054 2155 ad
2084 2117 2200 2168 vos,
2260 2110 2320 2157 ut
2344 2103 2631 2157 secundam
2681 2104 2908 2173 gratiam
2958 2102 3260 2159 haberetis:
3311 2113 3369 2163 et

1774 2207 1871 2261 per
1898 2207 1995 2247 vos
2028 2194 2257 2248 transire
2309 2194 2362 2247 in
2413 2194 2778 2249 Macedoniam
2800 2236 2816 2260 ,
2873 2207 2927 2250 et
2958 2196 3151 2251 iterum
3200 2212 3230 2251 a
3260 2196 3373 2253 Ma-

1772 2283 1995 2339 cedonia
2028 2286 2213 2340 venire
2242 2286 2306 2338 ad
2338 2300 2457 2353 vos,
2490 2295 2541 2340 et
2568 2300 2598 2340 a
2627 2287 2779 2342 vobis
2805 2287 2996 2343 deduci
3026 2290 3077 2342 in
3097 2288 3364 2346 Judazam.

1772 2376 1906 2431 Cum
1960 2390 2091 2446 ergo
2141 2376 2243 2430 h'IC
2292 2377 2578 2432 voluissem
2607 2420 2620 2441 ,
2682 2380 2942 2450 numquid
2985 2380 3201 2437 levitate
3235 2396 3366 2440 usus

1772 2469 1932 2522 sum?
1988 2468 2095 2522 Aut
2116 2483 2237 2539 qua:
2265 2469 2465 2539 cogito,
2494 2470 2787 2524 secundum
2815 2486 3035 2527 carnem
3064 2473 3267 2542 cogito,
3310 2484 3372 2531 ut

1772 2563 1846 2619 sit
1876 2563 2016 2633 apud
2045 2578 2151 2627 me,
2184 2563 2279 2617 Est
2304 2571 2357 2618 et
2387 2562 2539 2617 Non?
2593 2562 2790 2619 Fidelis
2813 2574 2995 2620 autem
3018 2565 3184 2632 Deus,
3240 2569 3365 2638 quia

1773 2671 1955 2712 sermo
1983 2666 2200 2721 noster,
2254 2656 2344 2721 qui
2374 2654 2468 2711 fuit
2500 2656 2627 2728 [Με.
2664 2656 2744 2729 ﬁt]
2788 2658 2929 2724 apud
2960 2673 3089 2729 vos,
3146 2674 3253 2717 nou
3295 2670 3379 2717 est

1773 2749 1824 2803 in
1854 2747 1980 2816 illo,
2040 2748 2138 2805 Est
2163 2757 2216 2804 et
2240 2747 2354 2803 Non
2391 2759 2438 2803 ο.
2523 2750 2611 2804 Dei
2645 2750 2788 2804 enim
2835 2749 3004 2805 Filius
3029 2753 3185 2808 Jesus
3214 2752 3372 2808 Chri-

1773 2851 1887 2896 stus
1908 2884 1923 2907 ,
1982 2842 2073 2912 qui
2102 2844 2153 2898 in
2186 2843 2337 2897 vobis
2368 2857 2462 2912 per
2491 2858 2587 2896 nos
2615 2842 2936 2913 praedicatus
2965 2853 3048 2900 est
3068 2886 3083 2912 ,
3125 2860 3221 2915 per
3253 2861 3360 2914 me,

1774 2944 1830 2990 et
1857 2935 2169 3003 Silvanum,
2230 2944 2283 2989 et
2319 2934 2693 3001 Timotheum,
2741 2935 2976 2991 nonfuit
3007 2937 3100 2991 Est
3142 2946 3195 2992 et
3226 2935 3364 3003 Non,

1773 3027 1866 3083 sed
1926 3027 2019 3081 Est
2073 3028 2125 3081 in
2190 3027 2285 3081 illo
2334 3026 2451 3081 fuit.
2525 3026 2801 3096 Quotquot
2849 3028 2992 3083 enim
3052 3029 3369 3097 promissio-

1776 3106 1872 3175 nes
1902 3120 1995 3174 Dei
2027 3128 2153 3174 sunt
2213 3121 2265 3174 in
2296 3119 2391 3174 illo
2425 3119 2553 3174 Est:
2620 3120 2740 3175 ideo
2769 3130 2823 3175 et
2852 3136 2949 3191 per
2977 3121 3153 3187 ipsum
3189 3122 3359 3177 Amen

1776 3215 1887 3268 Deo
1917 3214 1981 3268 ad
2010 3213 2235 3283 gloriam
2270 3220 2529 3266 nostram.
2602 3211 2706 3280 Qui
2732 3220 2912 3267 autem
2942 3212 3229 3267 confirmat
3270 3227 3369 3270 nos

102 3302 372 3363 hortatione
418 3318 473 3363 et
502 3308 706 3369 salute,
765 3320 886 3374 quae
913 3314 1166 3374 operatur
1192 3304 1533 3358 tolerantiam
1567 3319 1661 3358 ea-
1692 3291 1738 3353 C
1770 3306 2051 3361 vobiscum
2105 3306 2156 3359 in
2209 3304 2424 3361 Christo
2475 3302 2603 3375 [Μς.
2654 3303 2899 3358 Christus
2948 3304 3260 3376 Dominus],
3319 3317 3374 3361 et

103 3398 313 3454 rumdem
343 3400 693 3469 passionum,
744 3412 878 3466 quas
918 3406 973 3451 et
1003 3411 1100 3450 nos
1133 3395 1396 3464 patimur:
1457 3403 1517 3449 ut
1546 3409 1672 3465 spes

108 3499 261 3545 nostra
289 3491 438 3546 ﬁrma
468 3491 540 3546 sit
570 3504 674 3559 pro
705 3488 861 3543 vobis
886 3506 897 3540 :
928 3488 1166 3543 scientes
1194 3487 1334 3554 quod
1371 3487 1511 3540 sicut
1539 3485 1673 3541 socii

105 3582 376 3647 passionum
433 3582 604 3648 estis,
687 3580 765 3633 sic
791 3578 945 3633 eritis
984 3587 1038 3633 et
1066 3578 1471 3633 consiilationis.
1552 3575 1672 3631 Non

103 3674 219 3727 enim
248 3675 488 3730 volumus
529 3677 785 3744 ignorare
806 3688 925 3737 vos,
980 3673 1201 3735 fratres,
1236 3672 1304 3727 de
1330 3671 1675 3727 tribulatione

108 3775 297 3834 nostra,
338 3783 457 3837 quae
483 3766 628 3822 facta
658 3775 741 3821 est
786 3766 839 3819 in
874 3764 1029 3829 Asia,
1072 3764 1325 3833 quoniam
1355 3777 1516 3830 supra
1553 3777 1670 3817 mo-

100 3853 206 3909 dum
231 3858 427 3927 gravati
460 3871 656 3913 sumus
684 3870 847 3924 supra
882 3856 1135 3909 virtutem
1156 3895 1171 3920 ,
1227 3854 1297 3907 ita
1345 3864 1401 3906 ut
1444 3852 1672 3906 taederet

99 3960 181 4004 nos
225 3949 374 4004 etiam
429 3951 635 4006 vivere.
716 3948 818 4004 Sed
865 3947 963 4016 ipsi
1024 3948 1075 4001 in
1127 3943 1531 4011 nobismetipsis
1585 3959 1667 3998 re-

98 4056 331 4111 sponsum
362 4047 553 4101 mortis
582 4043 896 4108 habuimus,
930 4049 989 4095 ut
1017 4055 1124 4094 non
1155 4040 1323 4092 simus
1354 4036 1585 4091 ﬁdentes
1616 4038 1668 4090 in

101 4136 249 4202 nobis,
278 4140 367 4195 sed
397 4142 450 4195 in
486 4141 618 4203 Deo,
655 4137 746 4206 qui
779 4136 1008 4190 suscitat
1038 4144 1308 4188 mortuos:
1336 4132 1427 4201 qui
1457 4131 1523 4185 de
1554 4140 1672 4185 tan-

103 4224 425 4298 l'rsfpericulis
453 4246 552 4287 nos
584 4228 825 4299 eripuit,
883 4237 939 4282 et
986 4225 1158 4281 eruit:
1212 4226 1264 4280 in
1297 4239 1453 4293 quem
1486 4238 1671 4293 spera-

102 4334 201 4375 mus
248 4324 493 4394 quoniam
545 4333 602 4379 et
674 4320 851 4375 adhuc
904 4319 1131 4387 eripiet,
1191 4316 1570 4387 adjuvantibus
1617 4322 1672 4369 et

105 4413 237 4468 vobis
264 4416 311 4469 in
343 4417 587 4471 oratione
619 4428 720 4485 pro
751 4411 933 4466 nobis:
974 4421 1031 4465 ut
1057 4426 1123 4464 ex
1150 4407 1177 4445 ιι
1222 4407 1512 4463 multorum
1548 4422 1672 4476 per-

104 4506 253 4571 sonis,
291 4507 404 4577 ejus
433 4523 557 4577 quae
588 4508 647 4560 in
677 4504 834 4559 nobis
865 4512 949 4558 est
976 4501 1307 4566 donationis,
1342 4515 1437 4568 per
1466 4499 1666 4553 multos

101 4597 263 4663 gratiae
303 4609 526 4671 agantur
560 4614 665 4670 pro
707 4598 885 4652 nobis.
938 4597 1071 4651 Nam
1108 4595 1284 4664 gloria
1326 4604 1510 4647 nostra
1553 4593 1669 4647 haec

1775 3399 1865 3469 qui
1900 3401 2051 3453 unxit
2082 3414 2178 3453 nos
2210 3399 2379 3452 Dens:
2436 3398 2527 3469 qni
2579 3405 2635 3453 et
2681 3397 2910 3466 signavit
2966 3412 3086 3463 nos,
3146 3406 3199 3453 et
3218 3397 3367 3454 dedit

1775 3494 1967 3560 pignus
1997 3490 2235 3559 Spiritus
2279 3490 2407 3563 [Με.
2442 3487 2727 3561 Spiritum]
2770 3490 2818 3543 iu
2850 3488 3109 3543 cordibus
3139 3489 3364 3549 nostris.

1782 3584 1894 3655 Ego
1921 3597 2100 3639 autem
2132 3595 2323 3640 testem
2358 3586 2522 3639 Deum
2558 3586 2748 3638 invoco
2771 3585 3005 3637 animam
3031 3597 3204 3638 meam
3224 3582 3370 3651 quod

1776 3694 2006 3748 parcens
2035 3679 2212 3747 vobis,
2258 3694 2364 3731 non
2392 3678 2514 3731 veni
2541 3678 2679 3732 ultra
2713 3674 3029 3730 Corinthum
3053 3692 3066 3729 :
3113 3688 3217 3728 non
3243 3674 3368 3741 quia

1775 3774 2118 3829 dominamur
2145 3771 2266 3825 ﬁdei
2303 3782 2529 3834 vestrm,
2581 3770 2675 3826 sed
2708 3769 2984 3839 adjutores
3014 3781 3202 3822 sumus
3233 3781 3363 3838 gau-

1774 3866 1845 3920 dii
1879 3865 2077 3919 vestri:
2113 3880 2235 3918 nam
2269 3863 2373 3917 ﬁde
2404 3862 2581 3916 statis.

1847 3956 1996 4028 [Cap.
2031 3954 2118 4025 ll.]
2176 3954 2351 4009 Statui
2395 3962 2573 4007 autem
2618 3953 2717 4008 hoc
2746 3954 2920 4021 ipsum
2950 3950 3090 4021 apud
3120 3966 3241 4017 me,
3288 3966 3358 4006 ne

1773 4048 1970 4103 iterum
2022 4047 2074 4100 in
2123 4045 2340 4099 tristitia
2390 4043 2630 4099 venirem
2682 4045 2745 4099 ad
2794 4060 2911 4099 vos.
2982 4045 3037 4098 Si
3081 4044 3221 4097 enim
3263 4058 3366 4115 ego

1771 4142 2037 4196 contristo
2085 4152 2207 4193 vos:
2271 4147 2325 4189 et
2368 4137 2488 4205 quis
2537 4145 2653 4198 est,
2704 4137 2795 4206 qui
2825 4153 2907 4190 mc
2938 4136 3200 4200 lactiﬁcet,
3253 4135 3356 4189 nisi

1771 4231 1859 4300 qui
1891 4230 2241 4284 contristatur
2272 4243 2334 4282 ex
2364 4226 2488 4281 me?
2541 4227 2598 4280 Et
2631 4226 2734 4281 hoc
2765 4228 2936 4296 ipsum
2968 4227 3157 4296 scripsi
3186 4226 3365 4291 Vobis,

1770 4330 1829 4377 ut
1860 4338 1963 4375 non
1995 4335 2119 4374 cum
2153 4333 2374 4382 venero,
2428 4318 2697 4372 tristitiam
2742 4333 2906 4387 super
2951 4315 3221 4370 tristitiam
3276 4318 3372 4369 Ita-

1772 4414 1952 4480 beam,
1984 4414 2053 4467 de
2085 4411 2284 4482 quibus
2316 4417 2635 4480 oportuerat
2666 4424 2750 4464 me
2780 4408 3051 4478 gaudere:
3084 4406 3365 4461 conﬁdens

1770 4508 1822 4562 in
1846 4506 2098 4561 omnibus
2129 4506 2303 4572 vobis,
2338 4503 2457 4573 quia
2491 4518 2667 4555 meum
2699 4500 2977 4570 gaudium,
3009 4499 3246 4551 omnium
3272 4513 3366 4551 ve-

1774 4608 1943 4653 strum
2002 4607 2104 4652 est.
2188 4594 2319 4649 Nam
2354 4609 2418 4647 ex
2449 4593 2615 4646 multa
2647 4590 2992 4644 tribulatione
3035 4596 3092 4642 et
3121 4588 3370 4656 angustia

98 4699 185 4756 est,
215 4696 575 4749 testimonium
611 4692 967 4749 conscientia)
996 4697 1227 4754 nostras,
1272 4687 1413 4757 quod
1445 4687 1499 4742 in
1529 4687 1662 4742 sim-
1693 4673 1950 4746 Dcordis
1994 4688 2185 4757 scripsi
2227 4685 2379 4740 vobis
2424 4701 2521 4754 per
2567 4684 2762 4737 multas
2803 4684 3099 4752 lacrymas:
3142 4695 3251 4733 non
3304 4689 3361 4736 ut

98 4780 307 4848 plicitate
360 4786 539 4843 cordis
591 4795 647 4839 et
702 4785 1015 4840 sinceritate
1076 4783 1201 4849 Dei,
1262 4790 1315 4834 et
1348 4797 1451 4834 non
1495 4779 1547 4834 iu
1578 4795 1665 4833 sa-

100 4872 279 4940 pientia
306 4879 529 4943 carnali,
564 4876 664 4933 sed
695 4877 747 4929 in
779 4875 949 4945 gratia
983 4873 1073 4928 Dei
1094 4915 1107 4938 ,
1141 4871 1448 4927 conversati
1479 4885 1665 4926 Sumus

101 4966 143 5019 in
179 4968 273 5024 hoc
303 4971 540 5035 mundo;
597 4969 965 5024 abundantius
1014 4976 1194 5021 autem
1243 4966 1308 5020 ad
1359 4980 1474 5020 vos.
1548 4963 1665 5019 Non

99 5060 223 5115 enim
258 5062 358 5117 alia
398 5063 691 5118 scribimus
734 5061 888 5116 vobis
932 5060 1060 5132 [Μδ.
1097 5068 1201 5112 tac.
1247 5057 1456 5129 vobis],
1505 5072 1665 5125 quam

99 5163 202 5218 qua:
227 5152 453 5224 legistis,
513 5164 567 5211 et
593 5152 920 5224 cognovistis
952 5152 1077 5224 [Με.
1105 5150 1474 5223 cognoscitis].
1532 5150 1668 5221 Spe-

100 5254 153 5294 ro
174 5252 337 5299 autem
365 5247 505 5316 quod
534 5260 706 5314 usque
734 5244 789 5299 in
823 5245 982 5301 ﬁnem
1014 5244 1374 5314 cognoscetis,
1434 5242 1573 5297 sicut
1612 5252 1667 5296 et

102 5334 404 5404 coguovistis
428 5352 530 5392 nos
556 5353 625 5392 ex
658 5345 830 5407 parte,
858 5336 1000 5407 quod
1031 5334 1158 5408 [Με.
1181 5335 1307 5388 add.
1341 5332 1463 5404 nos]
1491 5333 1667 5403 gloria

166 5473 369 5547 'Solida
394 5476 581 5531 isthmc
606 5475 883 5547 periocha,
900 5476 1007 5530 sive
1027 5474 1351 5528 consolamur
1378 5486 1470 5542 pro
1492 5476 1661 5547 ecetra

104 5546 442 5624 consolatione,
487 5519 650 5624 etc:
660 5546 813 5614 juxta
844 5519 1471 5624 dragcumarchetypiim
1508 5539 1661 5594 Pala-

105 5614 231 5695 tinus
254 5632 351 5671 ms.
383 5613 603 5673 omnino
636 5613 864 5695 ignorat.
920 5618 1038 5695 Mox
1062 5616 1245 5695 eidem
1279 5613 1519 5685 pressius
1550 5619 1666 5665 tex-

105 5688 336 5760 tui_,_qua:
364 5699 605 5760 operatur
633 5688 689 5741 in
718 5690 1021 5755 tolerantia,
1051 5690 1101 5760 ςέν
1128 5688 1377 5759 ὑπομονῇ.

166 5753 191 5792 δ
217 5753 314 5814 Pro
335 5753 405 5815 esi
418 5760 696 5816 multorum
718 5762 950 5831 personis
972 5753 1025 5817 in
1048 5753 1290 5814 Palatino
1315 5753 1443 5821 ms.,
1463 5754 1669 5811 Grzecae

1766 4781 2188 4834 contristemini:
2223 4779 2315 4833 sed
2342 4786 2399 4831 ut
2425 4776 2637 4842 sciatis,
2692 4788 2851 4844 quam
2898 4772 3214 4826 charitatem
3264 4770 3363 4825 ha-

1767 4871 1926 4928 beam
1958 4872 2315 4925 abundantius
2348 4874 2398 4923 in
2430 4868 2600 4922 Vobis.
2638 4865 2698 4922 Si
2723 4864 2840 4935 quis
2867 4875 3045 4916 autem
3077 4862 3366 4917 ccutrista-

1767 4965 1867 5028 vit,
1898 4978 1999 5016 non
2025 4977 2110 5015 me
2131 4958 2498 5013 contristavit:
2524 4960 2615 5011 sed
2642 4971 2708 5011 ex
2732 4966 2904 5024 parte,
2932 4961 2989 5007 ut
3012 4969 3115 5007 non
3139 4967 3362 5008 ouerem

1769 5069 1957 5109 oumes
1986 5069 2101 5108 vos.
2133 5051 2346 5108 Sufﬁcit
2377 5051 2474 5115 illi,
2505 5051 2593 5119 qui
2625 5048 2891 5118 ejusmodi
2920 5056 3025 5112 est,
3058 5045 3365 5115 ohjurgatio

1773 5148 1910 5214 hate,
1944 5162 2063 5217 qua:
2102 5147 2164 5199 ﬁt
2193 5162 2219 5195 a
2251 5144 2521 5213 pluribus:
2556 5144 2628 5195 ita
2655 5150 2710 5193 ut
2740 5138 3046 5194 econtrario
3076 5137 3244 5207 magis
3268 5138 3367 5193 do-

1776 5242 1933 5304 nelis,
1995 5248 2047 5292 et
2076 5236 2452 5296 consolemini,
2516 5249 2583 5288 ne
2623 5233 2765 5287 forte
2797 5230 3176 5286 abundantiori
3207 5230 3369 5283 tristi-

1776 5334 1847 5388 tia
1878 5332 2235 5385 absorbeatur
2267 5327 2358 5399 qui
2384 5326 2647 5397 ejusmodi
2684 5336 2788 5381 est.
2833 5326 3063 5396 Propter
3092 5322 3234 5394 quod
3265 5322 3369 5379 ob-

1769 5466 1985 5537 quidem
2020 5465 2215 5520 litteras
2235 5463 2496 5537 pressius,
2532 5464 2580 5516 ἐν
2598 5460 2793 5516 πολλῶν
2812 5460 3127 5537 προσώπων,
3149 5455 3365 5526 legitur,

1774 5535 1822 5592 et
1847 5535 2127 5591 multarum
2157 5535 2429 5606 faciemm.

1848 5619 1869 5647 ο
1898 5599 2184 5661 Studiosus
2215 5619 2486 5659 nonnemo
2514 5618 2581 5658 ex
2608 5602 2778 5657 veteri
2809 5601 3035 5656 fortasse
3063 5599 3249 5654 Latina
3283 5599 3364 5652 in-

1776 5680 2161 5749 terpretatione
2190 5677 2276 5731 hic
2306 5675 2550 5749 addidit,
2581 5674 2671 5749 sed
2692 5683 2771 5749 es_t
2795 5675 2850 5727 in
2876 5673 2997 5749 illo,
3029 5670 3142 5725 Est.
3196 5671 3276 5749 _lta
3308 5678 3365 5725 et

1778 5741 1935 5822 paulo
1966 5760 2119 5821 post,
2173 5765 2277 5804 non
2326 5747 2423 5820 fuit
2474 5747 2530 5801 in
2576 5745 2671 5801 illo
2722 5743 2816 5801 Est
2862 5753 2912 5799 et
2941 5741 3090 5811 Non,
3118 5743 3229 5809 sed,
3258 5750 3367 5798 etc.
