3946 6198
548 261 657 320 765

1546 250 1606 307 8.
1649 246 2028 308 HIERONYMI
2066 245 2299 302 DIVINA
2340 242 2816 303 BIBUOTBECA.
3729 241 3816 298 ἸΝ

553 389 720 432 secro
745 387 864 437 vos,
908 378 968 425 ut
989 367 1320 425 conﬂrmetis
1349 367 1401 420 lu
1434 364 1583 419 illum
1613 362 1958 418 charitatem.
2017 359 2143 414 Ideo
2169 361 2222 421 Λ
2249 358 2484 412 revelata
2516 356 2653 412 facie
2679 356 2911 425 gloriam
2945 354 3156 410 Domini
3180 353 3568 424 speculantes,
3619 352 3669 407 in
3695 369 3814 408 eatu-

556 470 734 533 enim,
793 475 846 519 et
876 463 1098 532 scripsi,
1150 468 1212 514 ut
1236 473 1556 528 cognoscam
1586 455 2013 526 experimentum
2041 468 2138 509 ve.

567 569 770 625 strum,
817 573 884 610 au
915 556 965 608 in
1005 554 1259 609 omnibus
1289 552 1606 606 obedientes
1636 551 1774 604 silis.
1842 549 1941 604 Cui
1967 559 2147 603 autem

559 648 756 720 aliquid
787 646 1052 709 donastis,
1108 655 1161 699 et
1191 661 1324 715 ego:
1381 659 1504 698 nam
1561 653 1739 710 etego
1786 640 1927 710 quod
1981 641 2152 694 dona-

561 743 646 804 vi,
688 741 736 795 si
769 740 894 810 quid
922 738 1153 802 donavi,
1207 745 1428 806 propter
1460 749 1556 789 vos
1587 735 1638 789 in
1667 748 1894 804 persona
1926 733 2148 799 Chri~ti,

568 847 627 891 ut
658 849 763 889 non
797 833 1284 887 circumveniamur
1311 845 1340 885 a
1372 830 1605 886 Satana:
1638 843 1743 882 non
1775 827 1915 882 enim
1939 827 2152 896 ignora-

566 944 685 985 mus
709 936 734 963 ιι
768 927 1122 997 cogitationes
1153 924 1288 994 ejus.
1321 923 1456 979 Cum
1488 922 1754 978 venissem
1783 928 1960 975 autem
1983 919 2154 974 Troa-

563 1020 684 1076 dem
740 1029 960 1090 propter
1013 1017 1358 1086 Evangclium
1405 1014 1638 1080 Christi,
1694 1024 1745 1068 et
1777 1013 1972 1068 ostium
2022 1013 2152 1069 mihi

563 1118 808 1181 apertum
831 1118 975 1163 esset
998 1109 1049 1162 in
1068 1108 1314 1170 Domino,
1346 1123 1450 1160 non
1481 1105 1641 1160 habui
1673 1106 1908 1174 requiem
1942 1105 2154 1174 spiritui

573 1217 713 1270 meo,
743 1217 810 1256 eo
837 1200 979 1270 quod
1012 1217 1117 1254 non
1149 1199 1448 1254 invenerim
1477 1198 1654 1252 Titum
1689 1199 1906 1252 fratrem
1935 1212 2110 1250 meum
2132 1236 2148 1263 ,

560 1293 657 1348 sed
709 1291 1032 1349 valefacicns
1087 1293 1206 1356 cis,
1282 1290 1550 1359 profectus
1608 1307 1726 1344 sum
1791 1291 1842 1344 in
1900 1289 2152 1344 Macedo-

563 1389 730 1442 niam.
786 1385 897 1440 Deo
921 1393 1100 1439 autem
1124 1385 1344 1454 gratias,
1376 1385 1466 1452 qui
1492 1397 1707 1453 semper
1736 1382 2030 1452 triumphat
2056 1397 2154 1438 nos

566 1479 621 1534 in
665 1477 882 1533 Christo
931 1477 1081 1543 Jesu,
1136 1485 1190 1530 et
1219 1475 1440 1531 odorem
1471 1475 1677 1529 notitiae
1709 1489 1821 1529 sua
1853 1474 2157 1530 manifestat

569 1585 665 1641 per
691 1584 790 1623 nos
820 1569 872 1623 in
903 1570 1048 1624 omni
1083 1568 1230 1622 loco:
1275 1567 1398 1636 quia
1443 1565 1641 1620 Christi
1692 1567 1863 1620 bonus
1904 1566 2038 1620 odor
2067 1581 2159 1622 su-

569 1678 688 1718 mus
745 1664 883 1716 Deo:
945 1663 996 1716 in
1031 1662 1097 1716 iis
1124 1661 1214 1732 qui
1243 1660 1376 1714 salvi
1409 1662 1574 1724 fiunt,
1635 1670 1687 1714 et
1720 1660 1772 1713 in
1804 1661 1868 1714 iis
1908 1661 1998 1729 qui
2034 1675 2158 1730 per-

2250 449 2374 504 dem
2403 449 2691 519 imaginem
2722 446 3172 502 transformamur
3198 460 3228 500 a
3258 447 3510 502 claritate
3537 445 3594 501 in
3621 448 3808 501 clarita-

2253 553 2382 606 tem,
2418 553 2688 612 tamquam
2717 557 2746 595 a
2775 541 2981 595 Domini
3009 539 3231 610 Spiritu.

2326 635 2478 708 [Cap.
2509 632 2623 704 IV.]
2645 633 2771 689 Ideo
2803 634 3064 690 habentes
3090 634 3119 672 l'
3145 632 3815 700 adminiSIratiouemjuxla

2253 730 2397 800 quod
2442 729 2872 785 misericordiam
2902 729 3180 784 consecuti
3220 743 3409 783 sumus
3437 769 3455 792 ,
3505 742 3615 782 non
3665 728 3816 782 deﬁci-

2256 837 2409 886 mus,
2443 820 2541 876 sed
2569 820 2884 875 abdicamus
2913 821 3123 875 occulta
3172 819 3489 883 dedecoris,
3525 834 3630 873 non
3659 820 3819 872 ambu-

2256 914 2432 969 lantes
2460 915 2512 968 in
2542 912 2772 978 astutia,
2827 928 3002 983 neque
3051 910 3423 966 adulterantes
3453 914 3674 967 verbum
3713 911 3812 978 Dei,

2257 1005 2353 1060 sed
2395 1008 2447 1061 in
2491 1003 2930 1060 manifestatione
2971 1003 3211 1058 veritatis
3249 1002 3692 1058 commendantes
3713 1017 3817 1057 nos-

2259 1098 2522 1167 metipsos
2551 1096 2620 1150 ad
2659 1110 2876 1151 omnem
2907 1095 3294 1150 conscientiam
3341 1094 3621 1149 hominum
3661 1110 3816 1151 coram

2261 1192 2392 1246 Deo.
2426 1190 2578 1258 Quod
2627 1191 2670 1243 si
2700 1191 2860 1245 etiam
2893 1200 3139 1258 Opertum
3186 1199 3273 1246 est
3314 1189 3668 1261 Evangelium
3715 1206 3819 1246 nos-

2261 1294 2401 1339 trum
2427 1326 2443 1348 ,
2497 1285 2548 1338 in
2580 1285 2681 1348 iis,
2724 1285 2812 1354 qui
2859 1295 3124 1354 pereunt,
3156 1293 3242 1339 est
3288 1295 3579 1354 opertum:
3633 1286 3682 1339 iu
3723 1285 3820 1354 qui-

2261 1379 2362 1432 bus
2426 1378 2568 1433 Deus
2628 1377 2790 1447 hujus
2851 1377 3038 1432 σπαιιί
3102 1379 3397 1432 exca‘cavit
3481 1386 3680 1432 mentes
3726 1378 3822 1432 infi-

2263 1471 2463 1526 delium
2489 1512 2503 1535 ,
2536 1479 2595 1524 ut
2641 1485 2747 1524 non
2782 1468 2980 1540 fulgeat
3017 1479 3040 1509 ε
3075 1469 3181 1523 illis
3219 1468 3548 1525 illuminatio
3578 1471 3822 1541 Evangelii

2261 1563 2452 1633 gloria:
2492 1561 2742 1626 Christi,
2785 1563 2873 1631 qui
2919 1569 3001 1615 est
3043 1561 3218 1632 imago
3245 1561 3360 1616 Dei.
3392 1562 3505 1616 Non
3546 1563 3679 1618 enim
3709 1577 3826 1617 nos-

2265 1657 2525 1726 metipsos
2566 1656 2958 1726 praedicamus,
2995 1655 3090 1710 sed
3135 1656 3323 1711 Jesum
3355 1657 3613 1712 Christum
3654 1658 3826 1712 Domi-

569 1764 701 1809 eunt
725 1770 736 1807 :
771 1754 892 1807 aliis
919 1753 1134 1822 quidem
1164 1751 1298 1806 odor
1327 1753 1514 1806 mortis
1543 1752 1594 1804 in
1623 1759 1882 1815 mortem;
1912 1752 2032 1806 aliis
2061 1767 2163 1807 au-
2194 1746 2238 1805 Β
2269 1763 2395 1802 num
2420 1755 2665 1801 nostrum
2693 1763 2706 1799 :
2737 1760 2835 1800 nos
2860 1755 3038 1801 autem
3061 1761 3251 1802 servos
3272 1757 3485 1803 vestros
3514 1764 3602 1819 per
3625 1748 3792 1804 .lesum
3811 1791 3825 1814 ,

573 1854 681 1900 tem
708 1844 842 1898 odor
860 1845 982 1898 vita:
1013 1845 1062 1897 in
1097 1844 1281 1897 vitam.
1318 1843 1380 1897 Et
1399 1844 1462 1896 ad
1488 1843 1600 1898 haec
1627 1844 1746 1913 quis
1770 1854 1876 1897 tam
1903 1844 2162 1900 idoneus?

564 1936 683 1992 Non
732 1936 873 1990 enim
929 1950 1115 1990 sumus
1166 1936 1306 1990 sicut
1355 1935 1571 2005 plurimi
1611 1937 1979 1992 adulterantes
2029 1953 2158 1994 ver-

569 2027 700 2082 bum
733 2027 866 2094 Dei,
905 2026 1001 2082 sed
1034 2043 1096 2082 ex
1127 2028 1456 2093 sinceritate,
1505 2027 1600 2083 sed
1632 2029 1772 2084 sicut
1795 2044 1861 2084 ex
1892 2029 2023 2097 Deo,
2071 2045 2165 2086 co-

571 2134 686 2175 ram
723 2119 852 2185 Deo,
889 2120 940 2174 in
970 2119 1186 2173 Christo
1216 2119 1506 2190 loquimur.

645 2210 797 2282 [(.’ap.
844 2209 958 2283 lll.]
1025 2211 1316 2281 Incipimus
1367 2212 1560 2265 iterum
1613 2212 1980 2283 nosmetipsos
2018 2228 2168 2269 com-

573 2303 873 2360 mendare?
905 2314 998 2358 aut
1023 2304 1280 2374 numquid
1305 2319 1529 2374 egemus
1562 2305 1722 2375 (sicut
1745 2307 1988 2379 quidam)
2015 2323 2168 2362 com-

572 2397 908 2453 mendatitiis
933 2397 1182 2467 epistolis
1212 2397 1279 2451 ad
1309 2412 1426 2463 vos,
1457 2405 1550 2451 aut
1577 2413 1640 2452 ex
1673 2399 1866 2453 vobis?
1923 2399 2164 2470 Epistula

574 2500 757 2548 nostra
791 2507 888 2546 vos
923 2491 1081 2557 estis,
1128 2491 1324 2560 scripta
1369 2491 1422 2546 in
1461 2491 1719 2548 cordibus
1761 2492 2001 2561 noSIris,
2049 2509 2168 2563 qua:

574 2583 746 2640 scitur
797 2591 850 2639 et
888 2582 1083 2654 legitur
1119 2582 1187 2638 ab
1242 2583 1495 2639 omnibus
1549 2583 1888 2639 hominibus:
1939 2585 2166 2641 manife-

570 2675 696 2731 stati
727 2673 868 2744 quod
897 2674 1130 2744 epistola
1156 2674 1291 2729 estis
1319 2674 1520 2730 Christi
1544 2719 1558 2744 ,
1611 2677 1913 2730 ministrata
1951 2691 1981 2731 a
2009 2677 2168 2734 nobis

565 2776 622 2824 et
650 2767 849 2836 scripta
880 2781 986 2820 non
1017 2775 1342 2833 atramento,
1404 2767 1497 2822 sed
1521 2768 1714 2838 spiritu
1740 2768 1837 2825 Dei
1862 2768 2002 2836 vivi;
2061 2787 2168 2827 non

572 2860 627 2914 in
658 2859 853 2914 tabulis
888 2858 1134 2928 lapideis,
1183 2862 1277 2916 sed
1312 2861 1364 2915 in
1399 2862 1598 2918 tabulis
1623 2864 1809 2920 cordis
1838 2865 2166 2924 carnalibus.

573 2949 855 3006 Fiduciam
882 2960 1060 3006 antem
1091 2952 1250 3006 talem
1296 2951 1582 3019 habemus,
1637 2970 1734 3024 per
1778 2954 2056 3012 Christum
2103 2958 2168 3012 ad

575 3041 748 3095 Deum
777 3060 790 3095 :
825 3057 929 3096 non
961 3043 1104 3112 quod
1135 3043 1465 3100 sufficientes
1495 3046 1667 3100 simus
1695 3048 1935 3117 cogitare
1965 3048 2168 3119 aliquid

2265 1840 2522 1912 quoniam
2557 1839 2698 1893 Deus
2744 1839 2833 1907 qui
2865 1838 2999 1892 dixit
3039 1838 3109 1894 de
3149 1839 3422 1906 tenebris,
3454 1841 3628 1896 lucent
3665 1843 3825 1908 splen-

2266 1935 2519 2000 descere,
2551 1931 2669 2003 ipse
2699 1931 2876 1987 illuxit
2905 1933 2955 1987 in
3002 1932 3264 2006 cordibus
3287 1936 3524 2001 nostris,
3560 1934 3623 1989 ad
3651 1934 3822 1990 illumi-

2267 2025 2544 2081 nationem
2589 2024 2829 2078 scientia:
2873 2024 3135 2079 claritatis
3187 2024 3320 2093 Dei,
3380 2026 3436 2080 in
3481 2026 3618 2081 facie
3661 2025 3828 2082 Christi

2266 2115 2418 2171 Jesu.
2456 2113 2730 2170 llabemus
2750 2123 2933 2168 autem
2967 2116 3284 2170 thesaurum
3310 2117 3470 2171 istum
3503 2116 3558 2171 in
3605 2115 3737 2171 vasis
3756 2116 3830 2172 fic-

2269 2211 2456 2268 tilibus
2485 2230 2496 2264 :
2530 2219 2591 2265 ut
2641 2210 2945 2265 sublimitas
3001 2211 3072 2265 sit
3109 2211 3324 2266 virtutis
3358 2211 3492 2282 Dei,
3548 2221 3602 2266 et
3647 2228 3742 2268 non
3775 2227 3826 2266 ex

2269 2305 2446 2360 nobis.
2485 2302 2541 2358 In
2573 2303 2822 2359 omnibus
2861 2293 3275 2359 tribulationem
3325 2305 3578 2372 patimur,
3620 2305 3710 2360 sed
3742 2319 3828 2359 non

2269 2397 2642 2467 angnstiamur
2667 2413 2679 2448 :
2705 2394 3018 2465 aporiamur
3038 2439 3053 2462 ,
3085 2395 3180 2450 sed
3207 2410 3310 2450 non
3339 2396 3709 2452 destituimur:
3733 2412 3827 2465 per.

2270 2487 2604 2543 secutionem
2633 2489 2906 2558 patimur,
2941 2485 3036 2541 sed
3067 2501 3173 2542 non
3221 2485 3678 2559 derelinquimur:
3719 2487 3830 2557 deji-

2269 2580 2476 2647 cimur,
2528 2581 2623 2635 sed
2657 2597 2764 2634 non
2795 2580 3068 2650 perimus:
3116 2595 3331 2650 semper
3381 2581 3823 2637 mortiﬁcationem

2269 2675 2397 2732 Jesu
2426 2676 2480 2730 in
2510 2689 2740 2744 corpore
2770 2684 2956 2730 nostro
3004 2673 3449 2732 circumferentes
3474 2717 3491 2742 ,
3531 2685 3590 2730 ut
3641 2687 3692 2731 et
3734 2677 3819 2728 vita

2270 2769 2397 2824 Jesu
2453 2766 2829 2822 manifestatur
2883 2768 2937 2821 iu
2983 2766 3304 2838 corporibus
3352 2768 3576 2824 nostris.
3636 2769 3830 2836 Semper

2271 2861 2415 2916 enim
2445 2875 2545 2916 nos
2572 2857 2664 2930 qui
2703 2860 2955 2928 vivimus,
2991 2859 3040 2914 in
3075 2869 3306 2915 mortem
3349 2861 3611 2916 tradimur
3640 2872 3829 2930 propter

2270 2953 2491 3009 Iesum:
2541 2965 2596 3008 ut
2623 2963 2678 3008 et
2705 2955 2809 3009 vita
2839 2954 2967 3010 Jesu
3000 2953 3376 3010 manifesletur
3412 2955 3464 3011 in
3487 2971 3648 3011 carne
3677 2964 3828 3010 nostra

2275 3048 2514 3102 mortali.
2543 3047 2686 3119 Ergo
2713 3063 2859 3103 mors
2887 3050 2938 3103 in
2969 3048 3125 3104 nobis
3153 3057 3444 3116 operatur,
3474 3049 3582 3104 vita
3610 3059 3771 3104 autem
3790 3051 3828 3102 in

574 3147 603 3186 a
634 3133 814 3196 nobis,
863 3135 1013 3203 quasi
1056 3150 1119 3188 ex
1169 3136 1355 3190 nobis:
1407 3137 1502 3191 sed
1535 3137 1862 3194 sufficientia
1891 3149 2074 3194 nostra
2103 3156 2168 3196 ex
2199 3124 2244 3188 C
2276 3139 2449 3194 vobis.
2480 3139 2756 3194 [labentes
2786 3148 2966 3195 autem
2989 3140 3237 3196 eumdem
3267 3142 3518 3209 spiritum
3549 3141 3689 3209 fidei,
3719 3141 3829 3196 sicut

575 3223 688 3278 Deo
719 3232 831 3278 est:
877 3225 968 3293 qui
1008 3233 1062 3277 et
1100 3225 1320 3282 idoneos
1372 3243 1470 3283 nos
1521 3227 1648 3284 fecit
1703 3230 1984 3285 ministros
2045 3235 2168 3287 novi

575 3315 882 3370 testamenti
908 3333 923 3380 ;
958 3331 1063 3369 non
1092 3315 1292 3385 littera,
1325 3319 1418 3372 sed
1445 3321 1680 3389 Spiritu:
1711 3321 1888 3377 littera
1911 3322 2054 3378 enim
2080 3339 2174 3380 oc-

575 3409 741 3474 cidit,
772 3407 1007 3478 Spiritus
1034 3421 1214 3464 autetn
1238 3410 1493 3465 vivifleat.
1554 3413 1708 3481 Quod
1750 3416 1796 3470 si
1840 3418 2170 3473 ministratio

577 3502 769 3557 mortis
791 3500 988 3557 litteris
1019 3501 1316 3556 deformata
1347 3504 1397 3558 in
1426 3504 1692 3571 lapidibus
1714 3546 1729 3573 ,
1766 3507 1863 3562 fttit
1889 3508 1940 3563 in
1971 3510 2164 3582 gloria,

575 3596 648 3651 ita
677 3605 733 3649 ut
757 3611 862 3652 non
887 3604 1108 3666 possent
1131 3594 1413 3651 intendere
1434 3595 1526 3650 filii
1551 3595 1713 3652 Israel
1739 3615 1788 3652 tn
1813 3599 2002 3655 faciem
2026 3603 2171 3675 Moy-

576 3689 663 3753 si,
713 3697 932 3759 propter
969 3687 1200 3758 gloriam
1245 3687 1423 3743 vultus
1473 3688 1628 3758 ejus,
1677 3704 1797 3760 qua:
1842 3703 2168 3751 evacuatur:

578 3782 853 3851 quomodo
884 3797 990 3837 non
1023 3782 1192 3853 magis
1222 3783 1547 3838 ministratio
1578 3783 1811 3853 Spiritus
1837 3785 1942 3842 erit
1976 3787 2027 3842 in
2059 3789 2174 3859 glo-

580 3871 702 3926 ria?
758 3872 890 3926 Nam
943 3873 990 3927 si
1041 3875 1370 3928 ministratio
1422 3874 1789 3930 damnationis
1837 3877 2011 3948 gloria
2057 3889 2170 3938 est:

581 3963 752 4016 multo
792 3966 962 4034 magis
997 3966 1235 4021 abundat
1275 3966 1402 4038 [Μδ.
1437 3967 1758 4042 abundavit]
1805 3972 2165 4032 ministerium

573 4051 803 4122 justitize
841 4053 893 4106 in
935 4055 1128 4122 gloria.
1204 4055 1341 4111 Nam
1374 4073 1474 4113 nec
1499 4059 1855 4128 glorificatum
1888 4074 2000 4132 est,
2030 4065 2171 4138 quod

575 4144 773 4202 claruit
823 4145 876 4200 in
909 4145 1007 4202 hac
1038 4157 1209 4216 parte,
1262 4159 1485 4220 propter
1520 4153 1875 4210 excellentem
1914 4157 2165 4227 gloriam.

578 4237 637 4293 Si
666 4235 808 4292 enim
841 4236 982 4307 quod
1009 4245 1322 4303 evacuatur,
1355 4253 1454 4308 per
1472 4240 1701 4310 gloriam
1730 4253 1839 4300 est:
1871 4248 2039 4304 multo
2061 4266 2173 4303 ma-

575 4330 660 4400 gis
686 4329 830 4401 quod
860 4338 1065 4400 manet,
1096 4331 1146 4384 in
1177 4330 1348 4400 gloria
1376 4341 1479 4386 est.
1531 4332 1802 4392 Habentes
1824 4337 1986 4408 igitur
2009 4343 2170 4400 talem

577 4438 730 4494 spem
754 4468 768 4491 ,
828 4421 996 4476 multa
1026 4421 1216 4479 fiducia
1249 4422 1485 4479 utimur:
1543 4436 1596 4482 et
1628 4443 1732 4483 non
1765 4429 1903 4486 sicut
1947 4433 2162 4507 Moyses

580 4516 817 4584 ponebat
847 4514 1093 4569 velamen
1125 4528 1292 4584 super
1318 4514 1511 4572 faciem
1543 4533 1729 4588 suam,
1765 4532 1823 4578 ut
1852 4540 1960 4581 non
1994 4527 2174 4585 inten-
2201 4508 2249 4569 Ῐ)

577 4605 772 4661 dereut
799 4605 892 4660 filii
942 4605 1106 4661 Israel
1154 4606 1208 4661 in
1247 4605 1439 4663 faciem
1477 4611 1631 4680 ejus,
1681 4615 1822 4683 quod
1855 4630 2168 4691 evacuatur,

577 4698 673 4755 sed
698 4699 875 4755 obtusi
904 4708 1032 4754 sunt
1057 4713 1250 4756 sensus
1277 4715 1488 4756 eorum.
1558 4702 1738 4776 Usque
1767 4706 1818 4762 in
1850 4705 2168 4768 hodiernum

576 4792 720 4846 enim
748 4791 889 4846 diem
917 4791 1149 4862 idipsum
1183 4793 1424 4849 velamen
1455 4795 1506 4850 in
1531 4796 1761 4854 lectione
1787 4801 1982 4858 veteris
2005 4814 2171 4860 testa-

576 4884 745 4939 menti
796 4894 978 4938 manet
1026 4900 1133 4939 non
1192 4886 1492 4941 revelatum
1539 4888 1818 4960 (quoniam
1873 4895 1925 4947 in
1956 4893 2170 4952 Christo

576 4978 927 5050 evacuatur),
957 4979 1052 5035 sed
1076 4993 1247 5050 usque
1273 4981 1324 5035 in
1347 4979 1667 5038 hodiernum
1694 4984 1838 5041 diem
1858 5027 1872 5054 ,
1930 5003 2050 5043 cum
2087 4989 2168 5044 le-

573 5072 718 5145 gitur
741 5072 975 5146 Moyses,
1003 5075 1252 5130 velamen
1283 5077 1517 5144 positum
1543 5087 1624 5133 est
1647 5093 1810 5152 super
1834 5097 1929 5138 cor
1954 5099 2168 5142 eorum.

573 5163 707 5221 Cum
736 5175 918 5221 autem
955 5181 1247 5222 conversus
1291 5166 1454 5223 fuerit
1502 5170 1567 5224 ad
1603 5171 1922 5242 Dominum,
1962 5178 2170 5234 aufere-

574 5263 662 5312 tur
689 5258 959 5313 velamen.
1028 5257 1285 5313 Dominus
1316 5270 1497 5315 autem
1526 5263 1757 5334 Spiritus
1787 5278 1898 5323 est:
1946 5269 2036 5324 ubi
2071 5286 2164 5324 au-

573 5359 681 5405 tem
712 5349 955 5421 Spiritus
978 5349 1214 5420 Domini,
1248 5350 1321 5408 ibi
1351 5354 1595 5413 libertas.
1652 5357 1761 5414 Nos
1790 5375 1917 5418 vero
1949 5377 2162 5431 omnes,

641 5521 666 5590 εξ
698 5510 973 5590 Palatinus
1000 5525 1134 5590 tua.1
1152 5529 1254 5568 non
1284 5515 1420 5570 enim
1449 5516 1748 5587 ignoramus
1774 5519 1993 5572 astutias
2019 5521 2165 5590 cogi-

570 5583 785 5639 tationes
823 5584 971 5652 ejus:
1012 5584 1067 5639 in
1095 5587 1288 5642 Graeco
1314 5583 1495 5642 autem
1527 5595 1734 5642 tantum
1779 5599 1896 5659 est,
1938 5593 2010 5647 τὰ
2043 5583 2158 5650 scivi-

573 5674 732 5722 ματα.

647 5724 672 5763 δ
712 5724 878 5779 Addit
925 5739 1226 5795 pronomen
1279 5725 1414 5783 hunc
1452 5728 1611 5798 juxta
1645 5727 1898 5788 Graecum
1947 5742 2155 5791 textum

2275 3232 2534 3300 scriptum
2567 3239 2688 3286 est:
2717 3230 2936 3287 Credidi
2959 3242 3182 3304 propter
3210 3233 3353 3304 quod
3383 3233 3596 3289 locutus
3625 3250 3733 3288 sum
3752 3278 3764 3300 ,
3790 3243 3829 3288 et

2274 3339 2373 3380 nos
2401 3324 2694 3394 credimus,
2728 3333 2950 3394 propter
2996 3325 3136 3395 quod
3185 3337 3240 3381 et
3287 3327 3589 3396 loquimur:
3630 3327 3829 3382 scientes

2272 3416 2526 3486 quoniam
2551 3416 2645 3486 qui
2673 3415 2958 3471 suscitavit
2983 3415 3194 3484 Iesum,
3228 3426 3283 3472 et
3324 3431 3424 3472 nos
3455 3432 3578 3472 eum
3599 3417 3715 3473 Jesu
3737 3431 3828 3471 sns-

2273 3506 2478 3572 citabit,
2515 3519 2568 3562 et
2607 3508 2900 3562 constituet
2925 3507 3224 3563 vobiscum.
3259 3507 3449 3563 Omnia
3476 3510 3619 3564 enim
3641 3518 3828 3580 propter

2276 3617 2412 3660 vos:
2444 3609 2503 3656 ut
2526 3601 2696 3671 gratia
2728 3599 3010 3656 abundans
3036 3641 3051 3668 ,
3101 3616 3198 3670 per
3247 3598 3445 3656 multos
3475 3603 3527 3656 in
3573 3603 3824 3672 gratiarum

2274 3700 2489 3753 actione
2514 3736 2530 3764 ,
2561 3695 2802 3752 abundet
2841 3695 2894 3751 in
2935 3695 3160 3768 gloriam
3190 3688 3320 3750 Dei.
3334 3695 3565 3768 Propter
3593 3697 3722 3765 quod
3743 3709 3825 3749 non

2275 3790 2594 3850 deficimus:
2625 3789 2724 3846 sed
2751 3789 2880 3846 licet
2905 3790 2975 3858 is,
3022 3789 3116 3861 qui
3157 3787 3290 3845 foris
3332 3798 3451 3856 est,
3487 3798 3667 3846 uoster
3698 3789 3825 3844 homo

2275 3891 2581 3953 COl‘l‘llmP'li
2609 3901 2621 3936 :
2655 3891 2833 3937 tamen
2865 3884 2930 3947 is,
2954 3883 3042 3952 qui
3071 3882 3216 3938 intus
3237 3893 3343 3950 est,
3371 3892 3664 3938 renovatur
3682 3881 3739 3938 dc
3757 3880 3824 3935 die

2277 3976 2330 4030 in
2359 3975 2523 4030 diem.
2575 3973 2631 4029 Id
2680 3974 2848 4040 enim,
2879 3974 3021 4046 quod
3077 3975 3127 4029 in
3174 3977 3429 4045 praesenti
3459 3985 3543 4031 est
3571 3982 3823 4030 momenta-

2277 4079 2440 4120 neum
2466 4075 2518 4120 et
2549 4065 2669 4120 leve
2703 4063 3066 4122 tribulationis
3095 4078 3332 4129 nostra),
3364 4080 3532 4138 supra
3565 4067 3760 4123 modum
3783 4063 3820 4116 in

2275 4157 2607 4213 sublimitate
2636 4168 2898 4213 aeternum
2929 4158 3116 4229 gloria:
3144 4158 3356 4229 pondus
3388 4170 3645 4229 operatur
3680 4158 3726 4214 in
3752 4169 3822 4210 no-

2275 4249 2378 4307 bis.
2413 4248 2527 4306 Non
2572 4250 3066 4321 contemplantibus
3110 4250 3265 4306 nobis
3305 4266 3428 4322 quae
3457 4251 3727 4318 videntur,
3752 4245 3820 4306 sed

2274 4359 2394 4414 qua:
2425 4357 2533 4400 non
2566 4343 2836 4398 videntur.
2868 4344 2998 4410 Quae
3027 4343 3172 4399 enim
3221 4343 3507 4411 videntur,
3553 4341 3820 4415 temporale

2275 4449 2394 4496 sunt
2418 4456 2430 4492 :
2461 4453 2579 4508 qua:
2605 4446 2782 4492 autem
2807 4452 2914 4493 non
2941 4436 3215 4504 videntur,
3240 4446 3442 4494 mterna
3471 4449 3621 4494 sunt.

2348 4530 2504 4604 [ϐαρ.
2539 4529 2625 4601 V.]
2665 4528 2876 4586 Scimus
2903 4529 3046 4586 enim
3065 4571 3079 4595 ,
3109 4530 3362 4599 quoniam
3388 4531 3435 4586 si
3464 4529 3723 4588 terrestris
3743 4527 3820 4582 du-

2276 4640 2396 4678 mus
2449 4632 2630 4679 nostra
2681 4621 2840 4692 hujus
2906 4622 3258 4678 habitationis
3312 4623 3670 4690 dissolvatur,
3704 4613 3820 4691 quod

2274 4715 2687 4771 mdificationem
2715 4730 2783 4770 ex
2822 4714 2934 4770 Deo
2965 4714 3245 4783 habemus,
3277 4715 3499 4772 domum
3539 4731 3643 4772 non
3669 4726 3820 4770 manu-

2274 4805 2490 4874 factam,
2524 4814 2782 4862 aeternam
2807 4805 2861 4860 in
2893 4807 3065 4862 caelis.
3096 4806 3228 4862 Nam
3261 4818 3311 4863 et
3343 4808 3396 4863 in
3426 4808 3531 4864 hoc
3559 4804 3822 4878 ingemisci-

2275 4913 2416 4965 mus,
2458 4898 2848 4956 habitationem
2879 4907 3140 4966 nostram,
3181 4915 3303 4971 qua:
3333 4901 3400 4955 de
3429 4899 3568 4973 [Με.
3602 4901 3651 4955 in
3680 4895 3820 4969 lcazlo

2273 5002 2374 5057 est,
2406 4991 2716 5061 supcrindui
2744 4995 3046 5061 cupientes.
3073 4992 3130 5049 Si
3158 5002 3337 5048 tamen
3366 4995 3564 5060 vestiti,
3597 5008 3695 5048 non
3721 4984 3818 5044 nudi

2271 5084 2636 5141 inveniamur.
2665 5083 2796 5139 Nam
2827 5093 2882 5139 et
2908 5085 2998 5155 qui
3027 5099 3214 5140 sumus
3246 5085 3298 5140 in
3339 5086 3440 5141 hoc
3469 5082 3818 5142 tabernaculo.

2272 5176 2678 5247 ingemiscimus
2703 5179 2908 5248 gravati
2934 5195 2950 5232 :
2991 5194 3057 5234 eo
3084 5179 3224 5250 quod
3257 5179 3512 5235 nolumus
3543 5173 3816 5250 etspoliari.

2272 5270 2367 5325 sed
2399 5273 2750 5341 supervestiri
2776 5288 2790 5338 ;
2841 5282 2900 5328 ut
2929 5273 3283 5330 absorbeatur
3307 5274 3454 5346 quod
3482 5273 3698 5330 mortale
3722 5279 3810 5326 est.

2271 5382 2302 5420 a
2329 5366 2457 5421 vita.
2489 5366 2589 5434 Qui
2623 5376 2805 5423 autem
2834 5365 3004 5424 efficit
3051 5382 3148 5423 nos
3178 5369 3231 5422 in
3273 5367 3375 5423 hoc
3425 5369 3596 5440 ipsum
3623 5408 3636 5433 ,
3667 5366 3804 5422 Deus,

2273 5520 2676 5649 P'Piitlni'em
2725 5591 2834 5664 illis
2887 5606 3228 5664 pronomen,
3283 5591 3429 5662 quod
3473 5592 3527 5646 in
3573 5588 3804 5663 plerisqu

2263 5663 2471 5722 Graecis
2496 5664 2647 5721 libris
2677 5663 2924 5732 habetur,
2960 5663 3132 5721 Palat.
3162 5678 3268 5719 ms.
3300 5664 3513 5720 reticet.
