3946 6198
70 288 181 342 7⁴ι5

864 286 1198 348 EPISTOLA
1236 289 1297 345 Β.
1340 288 1547 347 PAULI
1586 287 1923 350 APOSTOLI
1966 291 2060 349 AD
2096 292 2510 355 CORINTHIUS
2550 299 2611 355 ll.

3263 305 3368 360 766

72 402 170 471 qui
200 401 355 457 dedit
385 400 540 455 nobis
570 400 755 469 pignus
782 400 1019 469 spiritus.
1049 402 1323 458 Audentes
1346 402 1505 472 igitur
1531 416 1676 458 sem-
1707 408 1755 463 Α
1783 412 1962 459 autem
1998 403 2426 475 locupletantes:
2485 414 2758 478 tamquam
2803 407 2939 464 nihil
2970 408 3233 467 habentes
3258 454 3273 479 ,
3316 424 3369 469 et

76 505 207 561 per,
244 494 483 549 scientes
509 491 760 560 quoniam
785 491 908 545 dum
939 507 1125 547 sumus
1150 495 1202 548 in
1231 508 1479 563 corpore.
1517 509 1671 564 pere-

75 584 371 656 grinantur
396 600 428 639 a
472 585 698 639 Domino
730 584 857 655 (per
897 584 1056 640 ﬁdem
1100 588 1244 641 enim
1293 588 1669 657 ambulamus,

78 686 271 731 etnon
329 691 427 748 per
454 676 746 746 speciem):
801 677 1061 734 audemus
1112 688 1319 746 autem,
1369 687 1425 734 et
1474 680 1670 734 bonam

81 767 420 823 voluntatem
468 767 728 825 habemus
759 770 928 838 magis
968 771 1304 840 peregrinari
1344 787 1371 823 a
1411 785 1671 841 corpore,

86 866 137 912 et
166 868 469 927 przesentes
501 873 625 913 esse
673 859 736 915 ad
774 859 1084 916 Dominum.
1133 863 1200 918 Et
1242 864 1366 918 ideo
1395 864 1674 918 contendi-

85 968 236 1018 mus,
280 954 396 1008 sive
423 953 713 1020 absentes,
763 956 883 1009 sive
941 966 1275 1024 prtrsentes,
1308 957 1523 1027 placere
1574 958 1670 1011 illi.

86 1044 283 1100 Omnes
307 1044 450 1101 enim
502 1060 601 1099 nos
639 1046 968 1102 manil'estari
1020 1058 1234 1117 oportet
1284 1056 1410 1104 ante
1440 1049 1671 1103 tribunal

89 1139 322 1205 Christi,
376 1150 433 1194 ut
482 1138 684 1196 referat
741 1142 1107 1211 unusquisque
1137 1144 1353 1211 propria
1383 1144 1627 1213 corporis
1656 1184 1670 1207 ,

85 1241 243 1303 prout
270 1233 460 1302 gessit,
494 1234 605 1288 sive
631 1234 853 1298 bonum,
879 1236 992 1290 sive
1019 1236 1242 1293 malum.
1273 1236 1522 1292 Scientes
1546 1252 1673 1308 ergo

92 1326 336 1381 timorem
367 1326 603 1391 Domini,
640 1327 945 1382 hominibus
986 1329 1274 1383 suademus
1295 1372 1309 1395 ,
1355 1329 1468 1385 Deo
1491 1341 1670 1386 autem

86 1418 355 1473 manifesti
406 1433 615 1473 sumus.
660 1419 836 1488 Spero
882 1429 1059 1475 autem
1119 1432 1175 1476 et
1222 1422 1274 1476 iu
1324 1424 1673 1478 conscientiis

90 1512 277 1566 vestris
309 1509 626 1567 manifestos
675 1527 773 1567 nos
815 1527 960 1568 esse.
990 1513 1109 1568 Non
1162 1516 1356 1570 iterum
1395 1532 1674 1571 commen—

88 1603 271 1658 damus
302 1617 402 1658 nos
434 1604 607 1671 vobis,
641 1602 738 1659 sed
782 1606 1123 1661 occasionem
1154 1606 1347 1662 damus
1384 1609 1536 1663 vobis
1562 1609 1673 1678 glo-

92 1696 260 1751 riandi
298 1711 396 1766 pro
441 1696 633 1752 nobis:
687 1709 746 1753 ut
789 1698 1031 1755 habeatis
1051 1701 1118 1755 ad
1154 1718 1277 1768 cos,
1319 1704 1407 1772 qui
1448 1703 1501 1757 in
1538 1704 1671 1758 tacic

1778 497 1962 552 omnia
2002 499 2363 567 possidentes.
2403 498 2475 555 0s
2524 510 2772 556 nostrum
2804 510 2951 572 patet
2970 502 3034 558 ad
3063 518 3180 573 vos,
3207 519 3239 557 ο
3260 505 3365 561 Cn-

1777 588 1985 649 rinthii.
2009 604 2105 645 cor
2134 602 2375 647 nostrum
2403 592 2683 648 dilatatum
2706 602 2809 649 est.
2828 593 2945 650 Non
2982 597 3366 666 angustiamini

1778 680 1833 734 in
1865 680 2050 744 nobis,
2080 683 2464 753 angustiamini
2504 692 2683 739 autem
2717 686 2769 740 in
2800 687 3103 742 visceribus
3128 690 3356 751 vestris:

1775 774 2027 829 eamdem
2061 785 2240 830 autem
2266 776 2524 833 habentes
2546 780 3058 847 remunerationem,
3086 787 3363 850 tamquam

1777 864 1902 920 ﬁliis
1930 866 2076 932 dico,
2104 866 2406 923 dilatamini
2450 878 2506 923 et
2551 883 2669 924 vos.
2714 870 2891 926 Nolite
2926 872 3115 941 jugum
3162 872 3360 929 ducere

1777 975 1899 1016 cum
1929 960 2254 1018 inﬁdelibus.
2289 963 2419 1030 Quae
2447 964 2591 1019 enim
2625 964 2967 1033 partieipatio
2998 964 3220 1034 justitim
3242 982 3365 1022 cum

1778 1053 2103 1124 iniquitate?
2136 1058 2238 1109 Aut
2270 1070 2390 1123 quite
2420 1055 2653 1111 societas
2681 1055 2790 1110 luci
2815 1056 2880 1111 ad
2915 1056 3211 1112 tenebras?
3236 1058 3281 1126 Q
3305 1073 3367 1113 tae

1775 1156 1954 1201 autem
1997 1150 2287 1204 conventio
2333 1147 2539 1204 Christi
2580 1149 2648 1205 ad
2700 1149 2917 1205 Belial?
2956 1154 3058 1205 Aut
3094 1165 3213 1221 quae
3244 1168 3367 1220 pars

1774 1238 1923 1294 ﬁdeli
1951 1253 2073 1294 cum
2104 1239 2308 1295 inﬁdeli
2333 1238 2479 1309 ἳρυί
2506 1250 2685 1296 autem
2717 1254 3015 1297 consensus
3046 1242 3245 1314 templo
3270 1242 3366 1298 Dei

1774 1344 1895 1385 cum
1927 1330 2128 1386 idolis?
2166 1332 2273 1387 Vos
2314 1335 2457 1387 enim
2488 1335 2618 1388 estis
2640 1334 2899 1403 templum
2932 1334 3023 1390 Dei
3058 1334 3191 1401 vivi,
3222 1339 3365 1391 sicut

1774 1424 1907 1479 dicit
1939 1425 2115 1479 Deus:
2146 1425 2412 1491 Quoniam
2436 1425 2749 1483 inhabitabo
2779 1426 2831 1482 in
2867 1428 2991 1495 illis,
3024 1435 3078 1484 et
3106 1429 3357 1484 inambu-

1776 1517 2054 1572 labointer
2080 1532 2200 1583 eos,
2232 1527 2286 1573 et
2312 1533 2407 1573 ero
2422 1519 2634 1574 illorum
2662 1520 2823 1586 Deus,
2846 1529 2900 1575 et
2932 1522 3031 1590 ipsi
3046 1532 3204 1577 erunt
3233 1521 3360 1575 mihi

1775 1612 2023 1680 populus.
2059 1612 2285 1681 Propter
2305 1612 2449 1680 quod
2478 1615 2623 1667 exite
2652 1612 2720 1668 de
2737 1613 2915 1668 medio
2936 1627 3146 1679 eorum,
3180 1626 3233 1670 et
3264 1628 3355 1669 se-

1773 1702 2203 1772 paramini,dicit
2232 1703 2507 1770 Dominus,
2527 1712 2581 1758 et
2603 1704 2940 1759 immundum
2960 1707 3319 1776 netetigeritis
3348 1726 3361 1763 :

85 1790 408 1858 gloriantur,
439 1798 496 1843 et
525 1805 632 1845 non
662 1790 713 1845 in
739 1792 926 1847 corde.
978 1794 1102 1849 Sive
1133 1795 1275 1849 enim
1308 1806 1487 1851 mente
1511 1811 1669 1852 exce-
1699 1785 1747 1845 Β
1773 1805 1829 1851 et
1854 1811 1953 1865 ego
1978 1797 2235 1865 recipiam
2258 1811 2386 1851 vos:
2430 1805 2485 1852 et
2513 1813 2611 1853 ero
2636 1798 2795 1853 vobis
2825 1799 2879 1853 in
2904 1809 3134 1869 patrem,
3177 1810 3232 1856 et
3266 1814 3364 1855 vos

86 1882 291 1947 (limus,
344 1883 495 1943 Deo:
545 1884 659 1939 sive
709 1886 877 1940 sobrii
933 1900 1153 1955 sumus,
1198 1889 1373 1943 vobis.
1420 1889 1667 1945 Charitas

85 1976 228 2030 enim
269 1975 475 2032 Christi
528 1986 683 2047 urget
712 1993 841 2034 nos:
873 1981 1206 2035 aestimantes
1244 1982 1368 2049 hoc,
1409 1984 1667 2053 quoniam

78 2066 136 2120 si
166 2084 293 2122 unus
316 2084 413 2138 pro
440 2071 698 2124 omnibus
729 2082 973 2125 mortuus
1003 2084 1081 2127 εει
1104 2115 1119 2139 ,
1153 2088 1282 2143 ergo
1310 2089 1499 2129 omnes
1522 2090 1667 2129 mor-

82 2161 165 2214 tui
194 2169 345 2216 sunt:
398 2172 453 2218 et
484 2178 580 2233 pro
617 2165 870 2220 omnibus
913 2176 1159 2221 mortuus
1207 2179 1290 2223 est
1320 2180 1341 2205 τι
1375 2170 1622 2225 Christus
1653 2189 1664 2223 :

78 2261 179 2319 lit,
204 2262 256 2308 et
283 2255 373 2322 qui
410 2257 626 2320 vivunt,
653 2257 761 2326 jam
788 2274 893 2313 non
924 2259 1028 2313 sibi
1056 2261 1269 2323 vivant,
1312 2262 1406 2316 sed
1451 2263 1531 2327 ei,
1574 2264 1664 2332 qui

70 2359 185 2413 pro
207 2346 333 2414 ipsis
360 2356 606 2401 mortuus
647 2358 731 2402 est
754 2388 770 2413 ,
815 2357 869 2403 et
910 2352 1227 2406 resurrexit.
1259 2351 1443 2422 itaque
1469 2367 1568 2408 nos
1600 2367 1667 2409 ex

74 2434 191 2490 Lhoc
218 2438 483 2493 neminem
528 2441 776 2495 novimus
805 2442 1105 2497 secundum
1133 2458 1370 2500 carnem.
1406 2445 1474 2499 Et
1500 2445 1545 2501 si
1576 2462 1669 2501 co-

62 2532 362 2598 gnovimus
401 2530 705 2586 secundum
755 2547 977 2589 carnem
1020 2535 1330 2590 Christum:
1379 2539 1475 2609 sed
1525 2553 1668 2594 nunc

69 2620 196 2691 jam
223 2636 328 2677 non
350 2625 620 2678 novimus.
650 2624 705 2681 Si
738 2640 839 2694 qua
868 2641 998 2696 ergo
1021 2627 1071 2681 in
1100 2627 1316 2683 Christo
1348 2645 1484 2684 nova
1514 2645 1668 2686 crea-

79 2722 236 2776 tura,
282 2725 467 2771 vetera
501 2718 863 2772 transierunt:
921 2734 1049 2776 ecce
1096 2722 1237 2775 facta
1283 2720 1457 2777 suntb
1486 2725 1668 2779 omnia

78 2820 243 2859 nova.
272 2805 463 2860 Omnia
518 2818 701 2862 autem
730 2823 798 2863 ex
843 2809 957 2865 Deo
981 2856 996 2881 ,
1029 2816 1117 2882 qui
1150 2828 1250 2868 nos
1297 2816 1669 2871 reconciliavit

72 2895 189 2951 sibi
217 2913 303 2966 per
325 2896 635 2952 Christum:
668 2911 720 2953 et
760 2901 908 2957 dedit
957 2906 1113 2959 nobis
1159 2908 1516 2961 ministerium
1576 2924 1664 2963 re-

78 2989 495 3045 conciliationis.
528 2992 796 3057 Quoniam
820 2995 1037 3064 quidem
1067 3000 1205 3053 Deus
1231 3012 1345 3054 erat
1368 3003 1417 3054 in
1448 3001 1667 3056 Christo

77 3084 338 3140 mundum
367 3090 728 3143 reconcilians
757 3090 886 3153 sibi,
919 3106 1023 3146 non
1058 3103 1316 3161 reputans
1342 3095 1447 3150 illis
1471 3096 1664 3150 delicta

1772 1890 1923 1943 eritis
1948 1888 2144 1942 mibiin
2171 1889 2308 1943 tilios
2322 1898 2374 1943 et
2395 1888 2554 1953 tilias,
2577 1888 2707 1944 dicit
2727 1890 2986 1945 Dominus
2999 1891 3360 1961 omnipotens.

1844 1980 1998 2053 [ϐαρ.
2037 1978 2168 2049 \‘ll.]
2208 1981 2317 2034 itas
2346 1994 2476 2048 ergo
2503 1979 2767 2035 habentes
2798 1982 3209 2049 promissiones,
3236 1980 3364 2036 cha-

1772 2074 1993 2138 rissimi,
2042 2072 2367 2128 mundemus
2396 2087 2496 2126 nos
2528 2072 2597 2127 ab
2626 2073 2771 2126 omni
2802 2073 3216 2142 inquinamento
3242 2088 3363 2128 car-

1772 2166 1855 2220 nis
1896 2176 1949 2219 et
2001 2166 2243 2235 spiritus,
2272 2164 2616 2234 perlicientes
2671 2164 3157 2220 sanctiﬁcationem
3206 2166 3259 2220 in
3299 2170 3366 2221 ti-

1773 2272 1923 2312 more
1953 2257 2072 2312 Dei.
2096 2258 2285 2326 Capite
2314 2270 2433 2311 nos.
2467 2255 2748 2310 Neminem
2779 2256 3020 2312 haesimus
3043 2298 3057 2325 ,
3087 2256 3361 2313 nemiuem

1768 2350 2161 2421 corrupimus,
2231 2351 2504 2404 neminem
2580 2350 3059 2403 circumvenimus.
3126 2349 3243 2403 Non
3295 2350 3359 2404 ad

1770 2441 2273 2497 condemnationem
2318 2448 2555 2493 vestram
2600 2440 2743 2495 dico.
2802 2439 3161 2495 Praediximus
3211 2440 3357 2495 enim

1768 2534 1913 2605 quod
1970 2534 2024 2588 in
2081 2532 2337 2588 cordibus
2399 2536 2601 2587 nostris
2658 2533 2823 2595 estis,
2869 2532 2937 2585 ad
2996 2532 3361 2587 commorien-

1775 2626 1903 2681 dum
1938 2666 1954 2693 ,
2016 2634 2075 2680 et
2147 2624 2213 2679 ad
2268 2623 2689 2678 convivendum.
2744 2622 2910 2678 Multa
2980 2622 3112 2678 mihi
3171 2622 3363 2679 ﬁducia

1769 2728 1855 2775 est
1901 2719 2040 2788 apud
2097 2732 2232 2784 vos,
2292 2718 2459 2771 multa
2518 2716 2648 2771 mihi
2701 2716 2951 2787 gloriatio
3011 2730 3108 2787 pro
3160 2716 3361 2785 vobis,

1771 2812 2013 2881 repletus
2054 2825 2173 2864 sunt
2205 2808 2579 2863 consolatione
2605 2852 2619 2874 ,
2653 2808 3040 2878 superabundo
3070 2808 3268 2877 gaudio
3306 2808 3360 2863 in

1768 2906 1918 2962 omni
1942 2904 2289 2959 tribulatione
2316 2912 2522 2957 nostra.
2552 2901 2685 2957 Nam
2709 2911 2763 2957 et
2790 2918 2910 2956 cum
2942 2903 3277 2957 venissemus
3306 2901 3364 2957 iu

1769 2998 2136 3053 Macedoniam
2163 3038 2178 3063 ,
2210 2995 2414 3050 nullam
2462 2995 2704 3065 requiem
2744 2995 2933 3049 habuit
2977 3009 3105 3050 caro
3133 3005 3322 3049 nostra
3344 3037 3359 3063 ,

1773 3092 1867 3148 sed
1892 3106 2105 3147 omnem
2133 3090 2534 3145 tribulationem
2567 3091 2711 3160 passi
2737 3105 2949 3145 sumus:
2982 3090 3113 3145 foris
3138 3104 3359 3159 pugnae;

78 3175 344 3243 ipsorum,
374 3192 429 3235 et
458 3180 636 3249 posuit
662 3182 714 3235 in
745 3182 906 3236 nobis
928 3190 1150 3239 verbum
1184 3187 1664 3243 reconciliationis.
1697 3165 1742 3228 C
1774 3188 1915 3242 intus
1950 3186 2192 3241 timores.
2223 3184 2331 3239 Sed
2356 3186 2445 3255 qui
2482 3185 2795 3255 consolatur
2825 3184 3078 3249 humiles,
3106 3184 3358 3239 consola-

84 3268 195 3321 Pro
216 3268 428 3326 Christo
459 3288 589 3343 ergo
618 3274 884 3344 legatione
936 3276 1230 3345 fungimur,
1274 3288 1528 3349 tanquam
1562 3283 1669 3335 Deo

86 3361 401 3420 exhortante
457 3382 551 3434 per
596 3381 717 3421 nos.
767 3367 1134 3423 Obsecramus
1182 3386 1277 3437 pro
1306 3370 1543 3436 Christo,
1578 3388 1666 3427 re-

80 3453 450 3511 conciliamini
477 3458 610 3513 Deo.
644 3458 801 3527 Eum,
854 3462 943 3530 qui
977 3479 1081 3515 non
1114 3474 1339 3519 noverat
1362 3477 1663 3535 peccatum,

76 3562 183 3615 pro
211 3550 361 3604 nobis
402 3560 680 3620 peccatum
708 3552 857 3619 fecit,
882 3565 939 3609 ut
963 3570 1059 3609 nos
1086 3555 1431 3613 eiliceremur
1453 3559 1663 3629 justitia

76 3640 180 3696 Dei
203 3642 252 3696 in
284 3645 420 3713 ipso.

154 3732 294 3807 [ϐαρ.
330 3735 438 3808 γι]
488 3736 823 3808 Adjuvantes
870 3749 1057 3796 autem
1106 3743 1473 3811 exhortamur,
1511 3762 1578 3800 ne
1610 3747 1664 3803 in

76 3839 299 3883 vacuum
328 3829 554 3899 gratiam
578 3830 674 3885 Dei
713 3831 1012 3899 recipiatis.
1038 3834 1129 3889 Ait
1167 3837 1310 3890 enim
1338 3854 1351 3889 :
1396 3838 1666 3907 Tempore

76 3931 297 3990 accepto
323 3923 574 3978 exaudivi
603 3931 675 3987 te,
710 3937 765 3980 et
790 3925 846 3981 in
876 3926 965 3982 die
993 3928 1182 3983 salutis
1213 3930 1393 3999 adjuvi
1420 3941 1489 3986 te.
1526 3932 1666 3987 Ecce

78 4027 220 4067 nunc
272 4024 482 4086 tempus
530 4018 887 4086 acceptabile,
938 4034 1069 4075 ecce
1109 4037 1249 4077 nunc
1280 4023 1397 4077 dies
1449 4023 1663 4081 salutis.

78 4102 288 4160 Nemini
342 4107 535 4164 dantes
585 4110 750 4164 ullam
778 4110 1157 4181 oﬁ‘ensionetn,
1212 4125 1271 4169 ut
1309 4131 1416 4173 non
1454 4118 1668 4189 vitupe-

80 4206 227 4253 retur
251 4202 613 4260 ministerium
659 4218 941 4264 nostrnm:
974 4212 1069 4266 sed
1104 4212 1157 4266 iu
1200 4214 1451 4270 omnibus
1506 4215 1664 4271 exhi-

86 4294 301 4356 beamus
346 4308 708 4377 nosmetipsos
750 4311 889 4366 sicut
920 4312 1013 4368 Dei
1042 4313 1354 4382 ministros,
1398 4317 1452 4371 in
1498 4319 1666 4374 multa

86 4391 371 4465 patientia,
414 4398 466 4451 in
499 4399 966 4470 tribulationibus,
1014 4405 1070 4460 in
1112 4408 1564 4475 necessitatibus,
1612 4411 1666 4465 in

86 4486 363 4553 angustiis,
394 4490 447 4542 in
482 4489 687 4562 plagis,
720 4493 774 4548 in
805 4496 1147 4563 carceribus,
1190 4500 1243 4552 in
1284 4500 1663 4568 seditionibus,
1689 4530 1745 4594 ι)

86 4569 134 4594 ζ..
166 4572 271 4594 μιν,
314 4579 347 4594 οι
417 4593 420 4594 ,
496 4581 506 4591 ι
630 4581 641 4593 α
685 4582 761 4594 ο...
850 4586 861 4594 .
930 4585 941 4594 .
985 4586 995 4594 .
1081 4588 1114 4594 .-
1220 4590 1230 4594 -
1426 4591 1434 4594 -

86 4569 139 4624 in
166 4572 460 4645 laboribus,
491 4581 546 4635 in
591 4581 816 4653 vigiliis,
849 4586 901 4640 in
921 4585 1176 4657 jejuuiis,
1220 4590 1273 4643 in
1302 4591 1574 4659 castitate,
1610 4594 1663 4648 in

89 4665 323 4738 scientia,
357 4673 411 4727 in
452 4674 883 4745 longanimitate,
932 4682 984 4734 in
1029 4682 1325 4749 suavitate,
1369 4686 1419 4739 in
1455 4685 1665 4757 Spiritu

86 4770 267 4818 sancto
288 4809 302 4834 ,
338 4768 393 4822 in
420 4770 685 4826 charitate
717 4787 825 4827 non
848 4772 994 4841 ﬁcta,
1026 4775 1081 4829 in
1113 4778 1279 4831 verbo
1308 4780 1576 4850 veritatis,
1610 4784 1662 4838 iu

87 4852 275 4911 virtute
314 4859 449 4928 Dei,
502 4876 597 4931 per
635 4878 785 4917 arma
834 4866 1057 4936 justitia:
1096 4883 1125 4922 a
1172 4869 1381 4926 dextris
1422 4884 1476 4928 et
1506 4890 1536 4928 a
1592 4876 1664 4928 si-

53 4946 308 5010 'nistris:
361 4968 460 5025 per
504 4958 770 5025 gloriam,
814 4970 869 5014 et
912 4962 1336 5032 ignobilitatem;
1388 4982 1483 5037 per
1526 4970 1665 5025 int‘a-

86 5038 261 5131 ntiam,
291 5057 344 5102 et
369 5048 562 5103 bonam
597 5052 824 5108 tamam:
859 5062 918 5108 ut
944 5056 1287 5125 seductores,
1327 5068 1381 5115 et
1404 5077 1663 5131 veraces;

87 5130 220 5189 sicut
239 5140 327 5207 qui
356 5142 524 5210 ignoti
558 5149 611 5196 et
640 5144 838 5213 cogniti
867 5162 879 5198 :
932 5148 1082 5216 quasi
1108 5152 1421 5219 morientes,
1457 5163 1511 5209 et
1540 5130 1668 5213 ecce

87 5224 342 5293 vivimus:
371 5244 430 5290 ut
456 5236 727 5307 castigati,
770 5248 955 5295 etnon
984 5244 1331 5303 mortiﬁcati:
1368 5250 1521 5318 quasi
1567 5254 1667 5306 tri-

79 5322 209 5391 stes,
235 5338 446 5397 semper
470 5338 652 5384 autem
673 5331 1007 5401 gaudentes:
1033 5336 1173 5393 sicut
1199 5350 1439 5415 egentes,
1468 5347 1668 5407 multos

66 5562 118 5593 πη
142 5500 943 5593 :‘NpmenCIzristusg-uodeta
967 5510 1157 5571 Graeco
1170 5517 1464 5593 archetypo
1484 5522 1659 5590 abest,

60 5562 118 5616 in
135 5562 330 5634 Palat.
364 5591 467 5629 ms.
500 5591 607 5631 non
636 5562 876 5634 additur.

132 5631 167 5725 ξ
218 5650 387 5723 Atque
418 5648 503 5725 hic
529 5631 955 5725 vocemﬁmnia,
1000 5669 1119 5725 qum
1152 5666 1329 5716 tamen
1371 5662 1423 5719 in
1468 5662 1659 5719 Graeco

49 5701 665 5797 Plakttmtiueliabetur,

119 5781 159 5815 ξ
220 5781 365 5847 ldein
388 5787 563 5850 Palat.
597 5781 725 5859 ms.,
748 5792 803 5848 in
823 5796 1010 5855 solatio
1039 5781 1321 5878 diaeta},
1349 5819 1659 5883 pro_consa~

1775 3290 1860 3335 ttts
1890 3290 1972 3335 est
2004 3294 2102 3332 nos
2138 3278 2282 3333 Deus
2308 3278 2359 3331 in
2399 3277 2633 3331 adventu
2662 3276 2791 3330 Titi.
2827 3276 2944 3330 Non
2980 3277 3152 3330 solum
3182 3285 3361 3328 autem

1768 3375 1821 3427 in
1851 3372 2087 3427 adventu
2107 3372 2242 3440 ejus,
2260 3370 2356 3424 sed
2378 3370 2542 3424 etiam
2563 3379 2583 3406 ο
2607 3368 2663 3422 in
2683 3369 3082 3432 consolatione,
3102 3383 3206 3438 qua
3226 3382 3357 3421 con-

1769 3467 1976 3522 solatus
1995 3474 2082 3520 est
2111 3464 2163 3517 in
2196 3462 2372 3527 vobis,
2402 3461 2646 3516 referens
2673 3460 2829 3515 nobis
2862 3468 3103 3515 vestrum
3142 3460 3327 3513 ﬂetum
3346 3499 3363 3525 ,

1769 3569 2004 3614 vestram
2033 3555 2435 3612 aemulationem
2482 3570 2580 3624 pro
2612 3569 2731 3618 me,
2763 3555 2834 3607 ita
2865 3563 2925 3607 ut
2957 3552 3128 3623 magis
3158 3552 3362 3621 gaude-

1769 3668 1904 3707 rem.
1936 3652 2203 3718 Quoniam
2235 3650 2336 3703 etsi
2379 3648 2697 3702 coutristavi
2731 3661 2826 3700 vos
2858 3648 2909 3700 in
2953 3644 3182 3713 epistola
3208 3683 3224 3709 ,
3256 3658 3362 3696 non

1767 3760 1856 3800 me
1887 3743 2149 3813 paenitet:
2180 3742 2281 3797 etsi
2330 3742 2653 3810 pmniteret,
2709 3739 2897 3793 videns
2938 3734 3079 3807 quod
3130 3732 3363 3803 epistola

1768 3838 1860 3893 illa
1888 3837 2026 3907 (etsi
2051 3834 2118 3888 ad
2143 3832 2357 3903 horam)
2384 3846 2481 3886 vos
2530 3828 2872 3885 contristavit
2896 3844 2911 3893 ;
2944 3839 3089 3881 nunc
3113 3823 3323 3895 gaudeo
3347 3841 3361 3878 :

1771 3942 1878 3982 non
1906 3928 2031 3997 quia
2056 3925 2363 3979 contristati
2388 3922 2522 3978 estis
2544 3963 2560 3989 ,
2610 3921 2704 3976 sed
2743 3920 2868 3990 quia
2900 3916 3205 3975 contristati
3232 3917 3365 3972 estis

1770 4018 1837 4074 ad
1885 4017 2278 4087 paenitentiam.
2327 4013 2645 4070 Contristati
2689 4011 2835 4067 enim
2886 4009 3019 4065 estis
3065 4006 3365 4064 secundum

1772 4113 1964 4178 Deum,
2000 4120 2055 4165 ut
2084 4108 2138 4164 in
2170 4108 2321 4162 nullo
2349 4107 2736 4163 detrimentum
2776 4103 3051 4175 patiamini
3080 4117 3149 4157 ex
3181 4100 3359 4155 nobis.

1776 4203 1909 4271 Quae
1930 4203 2075 4258 enim
2102 4200 2400 4257 secundum
2417 4198 2586 4254 Deum
2612 4198 2825 4253 tristitia
2853 4206 2959 4262 est,
2985 4193 3365 4265 ptenitentiam

1779 4302 1832 4355 in
1864 4298 2094 4355 salutem
2124 4297 2373 4353 stabilem
2401 4302 2696 4365 operatur:
2727 4292 2912 4347 saeculi
2936 4298 3118 4344 autem
3146 4286 3363 4341 tristitia

1779 4402 2012 4448 mortem
2042 4398 2318 4459 operatur.
2348 4388 2487 4442 Ecce
2529 4387 2673 4441 enim
2714 4385 2817 4439 hoc
2844 4383 3042 4452 ipsum,
3065 4376 3364 4433 secundum

1777 4488 1945 4543 Deum
1997 4481 2308 4541 contristari
2348 4494 2473 4546 vos,
2508 4485 2764 4548 quantam
2805 4474 2858 4528 in
2906 4471 3061 4526 vobis
3108 4475 3366 4537 operatur

1770 4579 2224 4637 sollicitudinem:
2247 4572 2343 4629 sed
2374 4571 2767 4634 delensionem,
2788 4565 2887 4621 sed
2916 4561 3361 4631 indignationem,

1770 4674 1866 4729 sed
1899 4674 2170 4736 timorem,
2195 4669 2290 4725 sed
2312 4666 2668 4727 desiderium,
2695 4661 2790 4715 sed
2814 4657 3239 4721 aemulationem,
3262 4653 3359 4709 sed

1771 4770 2083 4826 vindictam.
2117 4766 2175 4822 In
2220 4764 2474 4821 omnibus
2524 4755 2845 4816 exhibuistis
2886 4766 2983 4806 vos
3029 4749 3358 4804 incontami-

1773 4877 1929 4923 natos
1973 4878 2096 4921 esse
2127 4861 2363 4932 negotio.
2397 4859 2599 4929 Igitur,
2632 4853 2733 4909 etsi
2773 4849 2966 4919 scripsi
3007 4844 3164 4903 vobis
3190 4888 3205 4913 ,
3253 4860 3363 4901 non
3424 4926 3427 4927 ν

1774 4969 1996 5029 propter
2025 4975 2151 5014 cum
2181 4959 2267 5028 qui
2316 4956 2445 5013 fecit
2493 4956 2777 5025 injuriam,
2834 4966 2934 5007 nec
2983 4955 3207 5019 propter
3235 4960 3360 5000 eum

1772 5064 1861 5133 qui
1893 5074 2082 5131 passus
2103 5064 2217 5113 est:
2247 5054 2341 5111 sed
2371 5053 2437 5108 ad
2466 5045 2912 5105 manifestandam
2938 5039 3360 5099 sollicitudinem

1774 5151 2276 5221 nostram,dquatn
2329 5148 2592 5200 habemus
2633 5156 2732 5210 pro
2783 5139 2933 5193 vobis
2981 5149 3163 5191 coram
3212 5133 3363 5187 Deo:

1776 5250 1899 5305 idco
1922 5245 2183 5303 consolati
2208 5256 2413 5297 sumus.
2440 5238 2499 5293 In
2531 5234 2903 5291 consolatione
2932 5240 3111 5285 autem
3150 5236 3360 5290 nostra,

1777 5344 2136 5403 abundantius
2176 5337 2345 5407 magis
2370 5332 2540 5408 gavisi
2569 5345 2755 5388 sumus
2791 5342 2954 5400 super
2981 5324 3179 5397 gaudio
3206 5320 3357 5386 Titi,

1771 5522 1962 5578 latione
1991 5522 2255 5589 quaLetc.
2574 5580 2586 5589 _
2677 5577 2715 5589 ﬁ
2754 5576 2767 5589 ε
2812 5577 2846 5589 Α,
3041 5587 3055 5589 _
3170 5567 3328 5589 ΑΗΔ,

1838 5569 2341 5646 avius'taCrtecum
2373 5580 2652 5649 exemplar
2677 5576 2952 5649 Palatinus
2979 5587 3081 5627 ms.
3108 5612 3125 5649 ε
3157 5569 3354 5623 sollici-

1769 5643 1999 5718 tudinem
2021 5668 2253 5715 nostram
2276 5697 2290 5721 ,
2318 5670 2471 5730 quam
2501 5643 2593 5720 pro
2618 5648 2755 5730 vobis
2782 5646 3028 5730 habemus
3056 5643 3123 5697 ad
3145 5658 3237 5730 pos
3263 5655 3351 5727 co-

1765 5752 1877 5788 ram
1903 5732 2037 5799 Deo,
2074 5736 2165 5790 τήν
2192 5718 2425 5788 modos»
2456 5718 2592 5801 ἡμῶν
2614 5726 2703 5785 τὴν
2732 5720 2865 5794 ὑπὲρ
2890 5718 3034 5789 ὑμῶν
3062 5718 3193 5791 πρὸς
3213 5718 3350 5782 ὑμᾶς

1771 5807 1980 5865 ἐνώπιον
2006 5810 2103 5882 ’τρῦ
2128 5807 2281 5864 Θεοῦ.
