3946 6198
580 243 689 300 767

1590 239 1651 297 S.
1692 235 2083 295 HIERONYMI
2119 233 2352 292 DIVINA
2392 234 2868 295 BIBLIOTHECA.
3385 236 3405 262 "

3764 239 3860 296 768

582 357 708 428 quia
736 357 973 414 refectus
998 363 1081 412 est
1111 353 1332 425 spiritus
1370 353 1489 425 ejus
1517 353 1586 409 ab
1613 352 1864 408 omnibus
1893 350 2068 408 vobis.
2101 351 2171 407 Et
2199 355 2251 414 Α
2277 362 2460 408 autem
2493 353 2664 408 multo
2689 353 3080 422 sollicitiorem,
3113 353 3444 410 conﬁdentia
3473 353 3642 409 multa
3670 354 3731 410 in
3757 368 3857 422 vos,

583 450 631 505 si
655 450 781 520 quid
809 448 950 518 apud
973 448 1128 503 illum
1161 447 1229 504 de
1256 447 1410 503 vobis
1452 447 1716 517 gloriatus
1743 461 1863 502 sum
1881 488 1896 512 ,
1920 461 2027 502 non
2057 461 2174 501 sum

587 542 842 599 confusus
872 559 886 596 :
921 539 1016 598 sed
1062 542 1204 596 sicut
1231 541 1414 597 omnia
1457 540 1616 596 vobis
1653 542 1708 594 in
1754 539 1982 595 veritate
2013 539 2177 594 locuti

585 650 805 702 sumus,
837 634 911 689 ita
956 642 1013 690 et
1038 635 1290 706 gloriatio
1338 642 1557 704 nostra,
1597 649 1718 704 quae
1749 633 1847 688 fuit
1871 633 1938 688 ad
1963 632 2174 700 Titum,

583 728 787 784 veritas
809 727 952 782 facta
977 737 1084 797 est,
1111 728 1391 784 etviscera
1418 729 1538 798 ejus
1565 728 1926 784 abundantius
1950 729 2004 783 in
2025 727 2179 783 vobis

585 829 713 878 sunt
741 837 756 874 :
792 820 1193 876 reminiscentis
1219 821 1458 876 omnium
1505 829 1745 875 vestrum
1777 820 2176 890 obedientiam,

585 913 860 984 quomodo
889 928 1013 970 cum
1062 915 1257 970 timore
1299 924 1355 970 et
1391 923 1626 970 tremore
1665 915 1959 986 excepistis
2001 914 2175 969 illum.

593 1003 816 1060 Gaudeo
842 1008 987 1074 quod
1020 1006 1074 1060 in
1105 1006 1359 1061 omnibus
1387 1005 1602 1061 conﬁdo
1631 1007 1683 1060 in
1714 1007 1886 1061 vobis.

664 1095 816 1169 [Cap.
857 1095 1014 1166 Vlll.]
1052 1098 1242 1154 Notam
1273 1108 1454 1155 autem
1487 1099 1712 1154 facimus
1734 1098 1891 1154 vobis
1911 1138 1927 1164 ,
1957 1097 2180 1165 fratres,

587 1191 815 1260 gratiam
845 1189 941 1245 Dei
971 1230 988 1258 ,
1019 1206 1138 1261 quae
1166 1190 1289 1246 data
1320 1200 1406 1248 est
1431 1192 1485 1247 in
1513 1190 1775 1246 Ecclesiis
1805 1189 2134 1246 Macedonia;
2167 1207 2180 1243 :

589 1279 734 1352 quod
760 1280 811 1334 in
839 1282 1012 1338 multo
1037 1282 1414 1350 experimento
1443 1283 1825 1351 tribulationis,
1856 1281 2183 1338 abundantia

588 1373 771 1444 gaudii
798 1375 1040 1444 ipsorum
1074 1375 1102 1405 ⁸
1124 1375 1261 1432 fuit:
1315 1386 1372 1433 et
1399 1377 1660 1432 altissima
1684 1385 1974 1446 paupertas
1994 1391 2181 1432 eorum

586 1465 881 1522 abundavit
924 1467 979 1523 in
1013 1467 1234 1524 divitias
1283 1469 1652 1538 simplicitatis
1678 1486 1866 1526 eorum
1903 1487 1914 1521 :
1946 1470 2068 1539 quia
2100 1482 2185 1523 se—

586 1559 826 1614 cundum
871 1561 1127 1616 virtutem
1172 1561 1300 1633 [Με.
1339 1561 1467 1616 add.
1508 1561 1625 1634 Dei]
1664 1561 2036 1618 testimonium
2073 1560 2184 1615 illis

591 1650 762 1706 reddo
789 1692 805 1718 ,
846 1661 901 1707 et
926 1667 1093 1724 supra
1121 1653 1378 1710 virtutem
1407 1655 1703 1710 voluntarii
1748 1654 2009 1720 fuerunt,
2059 1667 2182 1708 cum

589 1743 760 1797 multa
788 1743 1167 1800 exhortatione
1190 1745 1542 1801 obsecrantes
1564 1760 1660 1802 nos
1682 1747 1933 1816 gratiam,
1959 1757 2014 1800 et
2033 1760 2184 1800 com-

589 1833 1014 1889 municationem
1047 1829 1356 1902 ministerii,
1386 1836 1532 1905 quod
1561 1837 1620 1892 ﬁt
1650 1838 1702 1891 in
1726 1847 1966 1893 sanctos.
1987 1839 2054 1892 Et
2075 1852 2186 1894 non

591 1925 734 1980 sicut
755 1925 1100 1994 speravimus
1125 1966 1142 1994 ,
1175 1927 1272 1984 sed
1302 1928 1629 1998 semetipsos
1653 1928 1922 1985 dederunt
1952 1930 2183 1999 primum

595 2015 826 2071 Domino
849 2057 866 2083 ,
916 2017 1113 2074 deinde
1154 2019 1308 2074 nobis
1348 2036 1450 2088 per
1485 2021 1816 2076 voluntatem
1847 2021 1982 2089 Dei;
2026 2021 2099 2077 ita
2129 2030 2189 2077 ut

595 2122 914 2179 rogaremus
940 2110 1118 2167 Titum
1147 2155 1162 2178 ,
1218 2121 1274 2167 ut
1297 2114 1752 2184 quemadmodum
1779 2117 1946 2184 ccepit
1968 2156 1983 2179 ,
2034 2114 2107 2169 ita
2133 2124 2188 2170 et

596 2201 841 2268 perﬁciat
877 2202 932 2256 in
972 2203 1130 2259 vobis
1161 2204 1322 2260 etiam
1347 2207 1578 2276 gratiam
1608 2209 1786 2262 istam.
1833 2207 1939 2264 Sed
1969 2208 2106 2263 sicut
2131 2209 2187 2262 in

595 2290 848 2347 omnibus
868 2292 1156 2350 abundatis
1182 2294 1308 2364 ﬁde,
1343 2305 1398 2352 et
1420 2311 1695 2364 sermone,
1743 2306 1798 2353 et
1840 2299 2090 2368 scientia,
2135 2311 2188 2356 et

595 2383 744 2436 omni
764 2384 1152 2455 sollicitudine,
1180 2387 1404 2459 insuper
1424 2398 1480 2445 et
1499 2388 1764 2446 charitate
1786 2402 1963 2446 vestra
1988 2392 2039 2446 in
2065 2406 2186 2459 nos,

597 2485 656 2530 ut
684 2477 818 2531 etin
847 2477 948 2532 hac
971 2481 1146 2548 gratia
1183 2481 1492 2537 abundetis.
1539 2483 1657 2538 Non
1708 2485 1862 2554 quasi
1911 2486 2190 2556 imperans

596 2569 719 2626 dico
750 2589 764 2626 :
801 2572 896 2627 sed
931 2587 1028 2644 per
1056 2576 1285 2630 aliorum
1319 2576 1769 2642 sollicitudinem,
1803 2579 1966 2634 etiam
1994 2588 2190 2635 vestrae

597 2661 882 2720 charitatis
909 2665 1182 2736 ingenium
1214 2667 1416 2722 bonum
1439 2670 1825 2738 comprobans.
1855 2669 2020 2725 Scitis
2045 2670 2191 2725 enim

596 2757 825 2827 gratiam
858 2757 1070 2813 Domini
1103 2761 1277 2815 nostri
1306 2760 1464 2816 Jesus
1486 2760 1731 2826 Christi,
1775 2762 2027 2830 quoniam
2071 2778 2193 2830 pro—

599 2857 719 2916 pter
742 2863 840 2903 vos
868 2863 1073 2918 egenus
1100 2850 1272 2906 factus
1302 2863 1408 2918 est,
1439 2868 1562 2908 cum
1588 2863 1733 2908 esset
1761 2854 1934 2918 dives,
1963 2862 2021 2908 ut
2042 2854 2190 2910 illius

600 2939 783 3011 inopia
813 2957 910 2998 vos
939 2943 1136 2998 divites
1173 2945 1395 3001 essetis.
1433 2944 1502 3000 Et
1532 2946 1819 3001 consilium
1862 2949 1915 3001 in
1948 2947 2050 3002 hoc
2079 2947 2150 3002 do
2176 2964 2189 3000 :

601 3032 704 3090 hoc
727 3036 875 3091 enim
906 3036 1061 3093 vobis
1085 3039 1224 3094 utile
1247 3049 1350 3106 est,
1385 3041 1474 3109 qui
1507 3055 1615 3094 non
1648 3040 1825 3094 solum
1855 3039 2064 3108 facere,
2096 3040 2189 3097 sed

600 3136 655 3182 et
681 3128 820 3183 velle
849 3131 1092 3200 coepistis
1121 3132 1190 3187 ab
1210 3147 1357 3188 anno
1389 3132 1569 3202 priore
1594 3151 1606 3162 ο
1635 3149 1779 3188 nunc
1807 3149 1937 3188 vero
1967 3142 2021 3188 et
2047 3131 2190 3188 facto
2215 3110 2262 3174 Ο

601 3220 882 3289 perficite:
924 3231 982 3277 ut
1024 3225 1481 3294 quemadmodum
1525 3235 1806 3297 promptus
1853 3233 1937 3281 est
1978 3227 2191 3280 animus

601 3312 924 3382 voluntatis,
961 3317 1032 3368 ita
1064 3317 1134 3369 sit
1163 3326 1215 3370 ct
1244 3316 1564 3385 perﬁciendi
1597 3333 1662 3373 ex
1691 3333 1758 3374 eo
1784 3318 1930 3388 quod
1959 3317 2188 3373 habetis.

602 3405 660 3462 Si
686 3410 834 3462 enim
861 3399 1114 3464 voluntas
1145 3421 1394 3479 prompta
1420 3421 1544 3476 est;
1594 3412 1893 3467 secundum
1944 3413 1995 3466 id
2045 3412 2192 3482 quod

601 3497 788 3565 habet,
819 3509 1042 3569 accepta
1070 3511 1175 3570 est,
1209 3517 1316 3556 non
1343 3503 1643 3557 secundum
1674 3504 1750 3570 id,
1782 3505 1926 3572 quod
1959 3518 2067 3559 non
2095 3503 2192 3558 ha-

601 3593 711 3650 bet.
756 3593 871 3650 Non
918 3595 1062 3650 enim
1110 3604 1169 3650 ut
1208 3597 1330 3651 aliis
1365 3596 1438 3652 sit
1466 3597 1718 3651 remissio
1745 3637 1759 3660 ,
1810 3597 1963 3652 vobis
2013 3605 2192 3653 autem

601 3686 882 3741 tribulatio
905 3727 922 3753 ,
952 3687 1047 3744 sed
1079 3703 1147 3743 ex
1175 3689 1506 3761 aequalitate.
1557 3689 1614 3744 In
1652 3691 1906 3758 praesenti
1951 3699 2196 3759 tempore

605 3788 785 3833 vestra
815 3780 1150 3838 abundantia
1195 3783 1412 3839 illorum
1461 3783 1699 3852 inopiam
1732 3781 1981 3852 suppleat
2010 3799 2024 3836 :
2060 3791 2117 3837 ut
2141 3792 2198 3838 et

604 3870 826 3925 illorum
849 3871 1174 3929 abundantia
1202 3883 1395 3930 vestra:
1419 3874 1614 3945 inopiae
1640 3874 1712 3929 sit
1734 3875 2195 3943 supplementum,

606 3971 666 4016 ut
696 3961 789 4015 ﬁat
812 3965 1092 4032 aequalitas
1115 4009 1130 4032 ,
1173 3969 1315 4023 sicut
1343 3970 1608 4039 scriptum
1638 3979 1723 4024 est
1752 3988 1764 4023 :
1793 3969 1898 4037 Qui
1926 3969 2152 4024 multum
2180 4011 2196 4034 ,

610 4068 720 4110 non
763 4053 1098 4111 abundavit:
1134 4069 1189 4112 et
1234 4061 1324 4127 qui
1368 4059 1683 4125 modicum,
1736 4077 1842 4115 non
1889 4061 2196 4116 minoravit.

611 4152 833 4209 Gratias
859 4158 1036 4206 autem
1059 4151 1193 4216 Deo,
1221 4153 1310 4221 qui
1341 4152 1493 4206 dedit
1523 4152 1652 4224 [Ms.
1685 4154 1812 4213 add.
1845 4153 2024 4224 nobis]
2051 4169 2200 4208 eam-

608 4246 733 4302 dem
762 4243 1187 4300 sollicitudinem
1218 4257 1314 4312 pro
1340 4243 1496 4298 vobis
1521 4247 1572 4298 in
1594 4246 1758 4299 corde
1780 4245 1906 4311 Titi,
1942 4249 2197 4316 quoniam

610 4338 1051 4397 exhortationem
1080 4336 1297 4409 quidem
1327 4337 1566 4406 suscepit
1595 4354 1608 4391 :
1641 4337 1738 4394 sed
1764 4354 1886 4393 cum
1915 4340 2199 4396 sollicitior

611 4441 798 4500 esset,
847 4445 954 4485 sua
976 4429 1253 4486 voluntate
1288 4428 1567 4500 profectus
1593 4439 1676 4485 est
1705 4429 1769 4484 ad
1799 4445 1919 4485 vos.
1952 4432 2198 4488 Misimus

612 4527 778 4580 etiam
801 4539 924 4580 cum
955 4524 1050 4580 illo
1083 4522 1339 4588 fratrem,
1373 4523 1530 4593 cujus
1562 4523 1678 4578 laus
1706 4532 1790 4578 est
1823 4524 1874 4578 in
1906 4523 2200 4595 Evangelio
2226 4499 2280 4559 D

614 4632 711 4686 per
736 4630 934 4674 omnes
965 4615 1238 4672 Ecclesias
1263 4631 1279 4674 :
1313 4631 1424 4670 non
1453 4616 1628 4669 solum
1656 4623 1835 4670 autem
1861 4655 1876 4682 ,
1924 4616 2019 4670 sed
2049 4617 2200 4671 ordi-

616 4722 775 4767 natus
805 4719 892 4767 est
911 4710 977 4765 ad
1002 4709 1276 4766 Ecclesias
1297 4723 1482 4764 comes
1505 4709 1956 4780 peregrinationis
1979 4719 2205 4778 nostras,

611 4807 666 4863 in
691 4807 830 4862 hanc
857 4806 1112 4876 gratiam,
1142 4820 1263 4875 quae
1286 4803 1624 4860 ministratur
1653 4819 1681 4856 a
1712 4803 1868 4858 nobis
1894 4803 1961 4858 ad
1991 4803 2204 4858 Domini

611 4899 838 4968 gloriam
867 4939 883 4965 ,
932 4905 988 4953 et
1012 4896 1340 4952 destinatam
1376 4895 1714 4950 voluntatem
1744 4906 2024 4950 nostram:
2053 4896 2204 4951 devi—

612 4996 791 5044 tantes
822 4988 944 5055 hoc,
980 5003 1048 5044 ne
1076 4989 1194 5060 quis
1224 5002 1324 5044 nos
1348 4989 1617 5056 vituperet
1640 4987 1691 5042 in
1718 4988 1816 5043 hac
1841 4987 2199 5059 plenitudine,

609 5095 732 5150 qua:
773 5080 1116 5136 ministratur
1152 5095 1184 5134 a
1219 5080 1374 5136 nobis
1404 5078 1454 5133 δ.
1499 5078 1857 5134 Providemus
1887 5079 2030 5134 enim
2061 5079 2201 5134 bona

611 5187 718 5228 non
747 5173 928 5228 solum
952 5189 1134 5229 coram
1163 5173 1273 5229 Deo
1299 5215 1316 5242 ,
1348 5173 1442 5229 sed
1464 5174 1628 5229 etiam
1657 5188 1840 5228 coram
1869 5173 2201 5228 hominibus.

611 5266 860 5324 Misimus
889 5277 1072 5325 autem
1105 5284 1225 5324 cum
1254 5267 1362 5323 illis
1392 5277 1446 5322 et
1472 5269 1693 5323 fratrem
1726 5277 1970 5322 nostrum
1995 5308 2010 5332 ,
2041 5281 2202 5336 quem

611 5362 965 5432 probavimus
1007 5361 1061 5416 in
1104 5362 1287 5417 multis
1329 5374 1474 5431 saepe
1517 5359 1811 5416 sollicitum
1853 5373 2020 5414 esse:
2061 5373 2205 5413 nunc

684 5535 708 5562 ι
731 5522 898 5578 Tacet
925 5521 980 5576 in
1012 5519 1256 5575 Palatino
1280 5534 1382 5573 ms.
1417 5518 1540 5584 fuit,
1575 5525 1704 5571 utet
1730 5517 1780 5570 in
1807 5513 2000 5570 Gra‘co
2033 5521 2201 5568 textu.

686 5592 712 5632 δ
754 5593 919 5648 Addit
954 5592 1226 5647 Palatinus
1254 5606 1354 5646 ms.
1389 5589 1473 5644 hic
1499 5588 1664 5642 verba
1703 5587 1756 5640 in
1795 5585 2032 5640 Gloriam
2062 5584 2156 5638 Dei
2185 5625 2201 5650 ,

614 5679 844 5733 quorum
872 5678 973 5718 nec
998 5664 1140 5730 vola,
1175 5677 1272 5733 nec.
1299 5659 1582 5733 vestigium
1606 5658 1872 5733 qurmco
1899 5666 2070 5733 texui.

695 5744 716 5771 ο
759 5735 860 5790 Ms.
890 5727 1198 5801 Palatinus,
1229 5727 1506 5786 destinauit
1533 5729 1679 5784 cordi
1707 5769 1722 5796 ,
1764 5728 1982 5800 propius
2014 5727 2204 5786 Graeco

2212 1739 2260 1801 B

2280 446 2395 501 sive
2427 459 2524 514 pro
2550 445 2696 515 Tito,
2721 448 2813 517 qui
2839 457 2924 502 est
2949 447 3130 503 socius
3169 461 3323 502 meus
3347 489 3363 513 ,
3412 455 3471 502 et
3510 447 3566 502 in
3608 461 3707 502 vos
3737 445 3858 521 [ιιι.

2279 538 2458 611 vobis]
2486 540 2702 610 adjutor
2726 586 2741 609 ,
2789 541 2904 597 sive
2940 541 3137 597 fratres
3164 543 3334 597 nostri
3365 583 3380 607 ,
3413 542 3667 612 Apostoli
3691 542 3861 599 Eccle-

2281 635 2485 690 siarum
2512 675 2529 702 ,
2561 635 2730 704 gloria
2758 634 2982 690 Christi.
3013 635 3395 690 Ostensionem
3440 650 3606 705 ergo,
3643 651 3768 706 quae
3793 645 3860 692 est

2282 726 2563 782 charitatis
2594 735 2810 792 vestrae,
2842 735 2896 783 et
2924 735 3124 782 nostrae
3145 726 3333 798 gloriae
3355 741 3455 798 pro
3476 726 3663 792 vobis,
3680 727 3740 782 in
3761 725 3863 782 illos

2282 817 2556 872 ostendite
2587 817 2640 871 in
2670 816 2862 872 faciem
2893 817 3276 874 Eeelesiarum.

2357 909 2509 982 [Cap.
2541 910 2657 982 IX.J
2701 910 2834 966 Nam
2861 911 2928 966 de
2951 913 3274 976 ministerio,
3302 911 3446 980 quod
3475 911 3538 966 ﬁt
3563 912 3615 966 in
3637 921 3857 977 sanctos,

2284 1017 2350 1058 ex
2390 1003 2690 1058 abundanti
2737 1012 2823 1058 est
2872 1003 3006 1058 mihi
3049 1005 3292 1059 scribere
3345 1003 3525 1059 vobis.
3580 1003 3707 1060 Scio
3731 1006 3857 1060 enim

2287 1104 2594 1166 promptum
2622 1095 2862 1151 animum
2889 1105 3127 1152 vestrum
3155 1114 3168 1150 :
3203 1111 3304 1167 pro
3330 1111 3440 1168 quo
3477 1095 3548 1151 de
3582 1095 3735 1152 vobis
3762 1097 3862 1167 glo-

2286 1189 2402 1244 rior
2429 1189 2570 1260 apud
2597 1187 2938 1244 Macedones.
2970 1190 3240 1258 Quoniam
3272 1199 3330 1244 et
3351 1189 3559 1245 Achaia
3581 1197 3762 1259 parata
3791 1198 3864 1244 est

2285 1281 2354 1336 ab
2381 1294 2524 1337 anno
2565 1283 2876 1352 praeterito,
2924 1290 2980 1336 et
3019 1289 3201 1337 vestra
3245 1281 3526 1337 sinulatio
3569 1283 3863 1351 provocavit

2289 1373 2569 1442 plurimos.
2599 1373 2717 1430 Misi
2745 1384 2924 1428 autem
2950 1375 3276 1440 fratreszut,
3307 1389 3376 1430 ne
3408 1373 3553 1442 quod
3581 1375 3860 1445 gloriamur

2287 1464 2355 1519 de
2376 1466 2546 1532 vobis,
2580 1475 2873 1520 evacuetur
2896 1467 2948 1520 in
2973 1465 3074 1522 hac
3102 1474 3275 1536 parte,
3308 1475 3366 1521 ut
3399 1467 3863 1538 (quemadmodum

2288 1555 2433 1626 dixi)
2477 1558 2646 1625 parati
2687 1558 2843 1614 sitis:
2878 1574 2946 1614 ne
2989 1573 3110 1614 cum
3142 1559 3393 1614 venerint
3423 1558 3730 1615 Macedones
3757 1576 3867 1616 me-

2289 1662 2438 1714 cum,
2468 1657 2523 1704 et
2549 1649 2857 1704 invenerint
2884 1665 2980 1705 vos
3010 1650 3306 1720 imparatos
3328 1692 3344 1716 ,
3371 1653 3744 1708 erubescamus
3770 1667 3867 1710 nos

2287 1741 2370 1813 (ut
2399 1755 2505 1796 non
2533 1741 2778 1796 dicamus
2804 1742 2920 1814 vos)
2953 1743 3006 1798 in
3039 1742 3140 1798 hac
3155 1743 3478 1799 substantia.
3500 1742 3863 1801 Necessarium

2286 1848 2415 1903 ergo
2442 1835 2748 1889 existimavi
2779 1849 2974 1905 rogare
2996 1835 3214 1899 fratres,
3239 1844 3298 1890 ut
3319 1838 3655 1905 praeveniant
3674 1835 3738 1890 ad
3758 1851 3862 1903 vos,

2286 1936 2344 1983 et
2374 1937 2682 1997 praeparent
2722 1928 3109 1999 repromissam
3143 1929 3590 1986 benedictionem
3626 1929 3759 1984 hanc
3784 1944 3866 2000 pa-

2286 2031 2460 2075 ratam
2492 2034 2634 2082 esse.
2664 2020 2744 2074 sic
2769 2021 2920 2090 quasi
2953 2020 3389 2076 benedictionem
3416 2063 3432 2086 ,
3479 2037 3590 2076 non
3615 2032 3863 2093 tamquam

2288 2114 2593 2168 avaritiam.
2645 2113 2758 2168 Hoc
2786 2123 2966 2169 autem
2996 2113 3117 2168 dico
3146 2133 3158 2167 :
3189 2115 3290 2181 Qui
3325 2114 3471 2187 [Με.
3507 2114 3684 2186 Quia]
3725 2129 3863 2187 parte

2288 2207 2557 2272 seminat,
2591 2219 2752 2274 parce
2781 2215 2835 2260 et
2862 2213 3031 2261 metet
3065 2223 3081 2260 :
3109 2216 3163 2260 et
3187 2208 3283 2277 qui
3313 2207 3552 2262 seminat
3581 2207 3633 2262 in
3666 2207 3862 2263 benedi-

2289 2298 2582 2364 ctionibus,
2621 2297 2688 2352 de
2712 2296 3186 2353 benedictionibus
3207 2307 3261 2352 et
3282 2306 3469 2352 metet.
3508 2297 3862 2368 Unusquisque

2291 2401 2453 2461 prout
2480 2391 2772 2447 destinavit
2807 2401 2828 2429 ε
2862 2391 2914 2445 in
2944 2390 3112 2446 corde
3135 2405 3258 2459 suo,
3290 2403 3396 2445 non
3427 2406 3498 2445 ex
3528 2391 3756 2452 tristitia.
3785 2399 3863 2442 aut

2291 2499 2363 2541 ex
2395 2485 2724 2540 necessitate
2755 2502 2766 2538 :
2805 2483 3036 2540 hilarem
3067 2484 3210 2539 enim
3238 2485 3482 2539 datorem
3515 2484 3690 2554 diligit
3719 2483 3858 2537 Deus.

2294 2577 2490 2633 Potens
2537 2587 2622 2634 est
2665 2586 2846 2633 autem
2892 2579 3037 2634 Deus
3075 2593 3288 2633 omnem
3334 2580 3568 2648 gratiam
3617 2576 3860 2631 abundare

2293 2671 2473 2726 facere
2501 2672 2553 2724 in
2586 2670 2741 2725 vobis
2773 2687 2787 2724 :
2821 2681 2880 2724 ut
2911 2671 2965 2725 in
2996 2671 3248 2725 omnibus
3276 2684 3496 2740 semper
3523 2685 3733 2724 omnem
3763 2668 3858 2722 sui-

2293 2764 2587 2820 licientiam
2621 2763 2902 2829 habentes,
2930 2762 3220 2818 abundetis
3247 2763 3298 2818 in
3323 2779 3487 2818 omne
3510 2779 3644 2831 opus
3667 2763 3857 2827 bonum,

2294 2857 2430 2911 sicut
2459 2856 2720 2926 scriptum
2746 2865 2830 2910 est
2866 2876 2879 2911 :
2912 2854 3202 2924 Dispersit,
3234 2853 3384 2910 dedit
3413 2855 3736 2924 pauperibus
3761 2872 3773 2908 :
3795 2855 3861 2921 ju-

2295 2948 2441 3002 stitia
2471 2947 2591 3018 ejus
2620 2956 2802 3002 manet
2841 2946 2896 3000 in
2932 2943 2960 2982 ἀ
2993 2945 3249 3001 sasculum
3295 2946 3505 3000 saeculi.
3558 2945 3660 3012 Qui
3705 2956 3858 2998 autem

2296 3040 2642 3095 administrat
2670 3053 2856 3094 semen
2890 3038 3181 3093 sentinanti
3212 3057 3225 3093 :
3258 3047 3314 3094 et
3340 3053 3532 3108 panem
3564 3038 3628 3092 ad
3656 3037 3857 3092 mandu-

2295 3133 2526 3188 candum
2557 3132 2857 3202 praestabit,
2885 3144 2940 3188 et
2968 3133 3352 3203 multiplicabit
3379 3149 3567 3189 semen
3600 3145 3819 3187 vestrum
3846 3148 3855 3182 :

2295 3236 2348 3282 et
2376 3225 2597 3296 augebit
2619 3225 2950 3280 incrementa
2974 3224 3185 3296 frugum
3215 3226 3443 3295 justitia:
3473 3234 3664 3281 vestrae
3695 3244 3705 3278 :
3733 3224 3856 3295 utsin

2297 3319 2550 3374 omnibus
2589 3318 2901 3388 locupletati
2941 3320 3230 3374 abundetis
3271 3321 3322 3373 in
3373 3335 3592 3375 omnem
3630 3317 3860 3390 simplici-

2299 3420 2486 3477 tatem,
2503 3426 2622 3480 quae
2642 3421 2902 3479 operatur
2925 3425 3020 3479 per
3039 3425 3136 3463 nos
3157 3410 3451 3479 gratiarum
3475 3410 3728 3465 actionem
3742 3408 3854 3462 Deo.

2296 3502 2505 3568 letlla
2517 3517 2565 3555 m
2587 3502 2945 3557 ministerium
2964 3501 3123 3570 hujus
3138 3503 3322 3570 ofﬁcii,
3359 3519 3465 3557 non
3485 3503 3656 3557 Solum
3675 3500 3857 3570 supplet

2299 3611 2358 3652 ea
2388 3610 2510 3664 qua:
2531 3593 2736 3648 desunt
2762 3593 2986 3658 sanctis,
3015 3595 3108 3648 sed
3133 3593 3297 3648 etiam
3322 3594 3560 3648 abundat
3585 3609 3677 3663 per
3695 3593 3855 3647 multas

2298 3687 2590 3756 gratiarum
2625 3685 2868 3740 actiones
2900 3687 2950 3738 iu
2987 3684 3218 3739 Domino
3242 3727 3257 3750 ,
3313 3685 3683 3753 probationem
3723 3682 3854 3737 mini-

2301 3780 2449 3835 sterii
2497 3779 2691 3849 hujus,
2737 3779 3100 3849 glorificantes
3128 3779 3295 3832 Deum
3329 3779 3381 3833 in
3430 3778 3728 3834 obedientia
3750 3791 3854 3830 crn-

2302 3873 2556 3928 fessionis
2607 3879 2839 3938 vestras,
2896 3872 2947 3925 in
2990 3869 3340 3940 Evangelium
3388 3869 3628 3935 Christi,
3667 3879 3715 3923 et
3751 3871 3854 3921 sim-

2302 3967 2541 4038 plicitate
2569 3964 3078 4020 communicationis
3104 3965 3157 4019 in
3188 3964 3330 4032 illos,
3363 3975 3417 4019 et
3443 3965 3497 4018 in
3523 3979 3720 4024 omnes.
3745 3972 3788 4015 et
3812 3959 3852 4012 in

2304 4061 2541 4129 ipsorum
2572 4059 2949 4114 obsecratione
2981 4073 3079 4129 pro
3114 4057 3271 4112 vobis
3293 4097 3308 4121 ,
3347 4057 3752 4112 desiderantium
3777 4065 3850 4105 vos

2305 4161 2526 4221 propter
2547 4150 2882 4205 eminentem
2915 4150 3143 4219 gratiam
3157 4147 3254 4203 Dei
3277 4149 3330 4202 in
3354 4149 3532 4204 vobis.
3551 4148 3748 4204 Gratias
3767 4144 3850 4197 Deo

2304 4256 2470 4312 super
2495 4240 2841 4295 inenarrabili
2871 4241 3015 4295 dono
3043 4241 3180 4311 ejus.

2375 4335 2526 4408 [Cap.
2557 4333 2653 4407 X.]
2705 4337 2822 4404 Ipse
2847 4344 3026 4390 autem
3053 4350 3154 4405 ego
3180 4335 3379 4389 Paulus
3414 4334 3641 4390 obsecro
3670 4346 3753 4386 vos
3777 4342 3850 4397 per

2305 4428 2779 4486 mansuetudinem
2813 4440 2867 4483 et
2895 4428 3217 4484 modestiam
3242 4427 3487 4492 Christi;
3530 4429 3618 4497 qui
3662 4427 3707 4479 in
3736 4421 3844 4476 facie

2304 4524 2520 4594 quidem
2548 4522 2771 4578 humilis
2792 4536 2912 4576 sum
2941 4521 3080 4574 inter
3106 4533 3228 4586 vos,
3257 4520 3459 4574 absens
3479 4528 3653 4574 autem
3673 4512 3851 4570 conﬁdo

2305 4618 2357 4673 in
2395 4615 2572 4672 vobis.
2602 4615 2753 4684 Rogo
2781 4624 2964 4668 autem
2991 4627 3089 4666 vos
3107 4657 3120 4680 ,
3154 4627 3222 4666 ne
3243 4625 3488 4681 praesens
3515 4611 3753 4668 audeant,
3778 4616 3850 4672 per

2305 4725 2426 4764 eam
2457 4706 2839 4764 conﬁdentiam
2861 4721 2963 4776 qua
2995 4705 3278 4760 existimor
3307 4703 3517 4757 audere
3537 4703 3588 4755 in
3611 4696 3847 4770 quosdam.

2306 4802 2398 4872 qui
2427 4799 2760 4854 arbitrantur
2787 4812 2887 4851 nos
2911 4805 3180 4866 tamquam
3212 4793 3513 4849 secundum
3541 4805 3741 4847 carnem
3765 4799 3849 4840 am-

2308 4893 2579 4948 bulemus.
2614 4891 2668 4946 lu
2697 4903 2865 4944 carne
2895 4888 3039 4944 enim
3066 4885 3438 4952 ambulantes,
3469 4899 3575 4938 non
3601 4878 3848 4937 secundum

2307 5001 2528 5042 carnem
2575 4983 2889 5039 militamus.
2942 4980 3072 5036 Nam
3114 4993 3264 5033 arma
3310 4977 3522 5032 militiae
3558 4979 3848 5032 nostrgeuon

2307 5077 2543 5134 carnalia
2591 5083 2765 5142 sunt,
2810 5073 2904 5129 sed
2951 5070 3184 5141 potentia
3233 5071 3342 5124 Deo
3377 5069 3444 5122 ad
3474 5064 3844 5123 destructionem

2311 5170 2694 5235 munitionum,
2724 5165 2952 5222 consilia
2984 5165 3358 5227 destruentes,
3391 5170 3448 5216 et
3472 5174 3680 5215 omnem
3708 5155 3845 5209 altitu-

2309 5263 2493 5318 dinem
2525 5260 2884 5315 extollentem
2907 5272 2967 5313 se
2991 5256 3254 5311 adversus
3285 5252 3567 5310 scientiam
3595 5251 3684 5306 Dei
3710 5293 3721 5312 ,
3744 5256 3781 5302 et
3801 5241 3840 5294 in

2309 5353 2681 5426 captivitatem
2711 5350 3021 5421 redigentcs
3048 5361 3263 5403 onmem
3294 5330 3626 5400 intellectum
3655 5345 3701 5394 in
3727 5339 3838 5393 obse-

2316 5519 2641 5588 πρραιρεῐται
2668 5517 2730 5584 τῇ
2759 5507 2966 5588 καρδίᾳ,
2997 5504 3088 5560 ubi
3132 5513 3309 5558 tamen
3339 5517 3434 5584 suo
3457 5497 3836 5588 “Ollnaddillli'LJ;

2378 5560 2728 5635 λίνῖὖέὦῦιὲ-
2751 5560 3103 5633 intrii-ternuit:
3129 5617 3143 5637 ,
3195 5591 3290 5641 pro
3332 5573 3387 5626 in
3428 5570 3663 5625 siccatum
3703 5560 3834 5641 arenti

2307 5651 2529 5723 praefert
2555 5651 2832 5706 Palatinus
2859 5665 2986 5717 ms.,
3015 5659 3068 5703 et
3096 5640 3284 5701 Gratce
3309 5645 3526 5714 quidem
3558 5647 3736 5694 tantum
3758 5640 3832 5694 est,

2309 5728 2380 5786 εἰς
2405 5724 2489 5780 τὸν
2509 5724 2686 5784 αἰῶνα.
