3946 6198
82 254 167 311 769

789 240 1123 303 EPISTOLA
1159 243 1222 297 Β.
1266 238 1469 298 PAULI
1510 234 1845 295 APOSTOLI
1885 238 1977 294 AD
2014 237 2428 299 CORINTHIOS
2464 240 2532 297 ll.

3184 242 3290 297 770

74 366 232 437 quium
252 360 450 425 Christi,
474 368 529 416 et
549 361 600 416 in
623 370 871 431 promptu
896 361 1163 421 habentes
1186 359 1373 413 ulcisci
1396 372 1609 411 omnem
1639 358 1686 415 A
1716 356 1979 425 ejusmodi
2032 358 2498 430 pseudoapostoli,
2533 366 2560 396 ι
2588 357 2730 413 sicut
2768 357 3000 428 operarii
3061 356 3298 426 subdoli,

65 455 471 519 inobedientiam,
501 468 620 509 cum
649 453 866 523 impleta
899 451 1061 507 fuerit
1081 459 1257 506 vestra
1280 449 1608 505 obedientia.

58 552 172 618 Qua.-
198 548 479 605 secundum
512 545 701 600 faciem
734 552 882 609 sunt,
913 545 1120 599 videte.
1160 543 1217 600 Si
1240 543 1361 614 quis
1387 542 1614 597 conﬁdit

64 643 152 697 sibi
168 639 353 695 ChriSti
372 655 426 694 se
456 652 596 706 esse,
629 638 729 692 hoc
758 636 960 708 cogitet
988 636 1184 691 iterum
1206 635 1348 705 apud
1372 648 1461 690 se:
1488 634 1611 703 quia

73 734 192 789 sicut
216 733 324 801 ipse
348 730 537 786 Christi
569 739 675 795 est,
704 730 776 784 ita
806 739 859 783 et
890 742 1011 784 nos.
1040 729 1198 797 Nam,
1225 739 1279 785 et
1309 728 1355 784 si
1380 727 1612 795 amplius

73 824 241 893 aliquid
272 825 515 893 gloriatus
558 822 710 878 fuero
746 822 814 877 de
860 830 1126 891 potestate
1170 830 1359 876 nostra
1387 861 1402 885 ,
1450 834 1610 889 quam

74 916 197 972 dedit
222 916 363 970 nobis
394 914 525 986 Uis.
550 923 654 968 tac.
688 913 880 984 nobis]
911 913 1175 968 Dominus
1208 914 1260 968 in
1296 910 1612 967 mdiﬁcatio-

73 1025 207 1078 nem,
233 1018 283 1065 et
306 1025 407 1063 non
438 1009 489 1063 in
520 1008 945 1063 destructionem
970 1016 1205 1063 vestram
1238 1022 1252 1059 :
1292 1022 1396 1061 non
1419 1005 1615 1060 erube-

76 1115 215 1156 scam.
244 1099 303 1156 Ut
327 1108 500 1155 autem
530 1114 638 1155 non
670 1100 945 1155 existimet
972 1108 1241 1170 tamquam
1286 1110 1490 1154 terrere
1517 1112 1614 1153 vos

72 1211 155 1266 per
179 1194 418 1265 epistolas
448 1211 463 1249 :
494 1194 751 1263 quoniam
780 1193 998 1264 quidem
1028 1192 1273 1263 epistola:
1293 1232 1309 1259 ,
1342 1191 1611 1262 inquiunt,

73 1303 232 1359 graves
276 1296 394 1343 sunt
440 1295 493 1342 et
534 1286 749 1342 fortes:
799 1287 1085 1357 prmsentia
1137 1294 1316 1340 autem
1372 1282 1615 1352 corporis

74 1378 252 1431 inﬁrma
275 1422 289 1445 ,
338 1387 389 1431 et
424 1393 604 1432 sermo
640 1376 1066 1446 contemptibilis
1099 1393 1111 1428 :
1144 1375 1245 1430 hoc
1288 1377 1489 1445 cogitet
1523 1373 1615 1443 qui

75 1468 303 1539 ejusmodi
326 1478 426 1535 est,
458 1468 579 1539 quia
605 1469 793 1540 quales
819 1485 1006 1524 sumus
1027 1468 1199 1523 verbo
1229 1482 1326 1537 per
1355 1466 1616 1535 epistolas

76 1562 313 1627 absentes,
347 1562 477 1617 tales
505 1569 563 1617 et
592 1572 886 1631 praesentes
913 1564 965 1615 in
997 1562 1161 1616 facto.
1188 1560 1303 1614 Non
1345 1561 1488 1614 enim
1531 1574 1617 1611 au-

79 1654 233 1709 demus
256 1654 512 1719 inserere,
540 1666 634 1709 aut
656 1669 977 1724 comparare
1008 1671 1105 1708 nos
1136 1653 1456 1724 quibusdam
1482 1693 1495 1714 ,
1528 1652 1614 1721 qui

1715 450 2159 522 trausﬁgurantes
2188 468 2249 509 se
2282 453 2334 508 in
2374 452 2651 523 apostolos
2679 450 2908 508 Christi.
2950 450 3019 505 Et
3048 465 3155 505 non
3194 452 3303 506 mi-

1714 560 1833 599 rum
1867 564 1882 600 :
1908 546 2022 615 ipse
2048 546 2192 601 enim
2227 547 2459 603 Satanas
2490 545 2844 617 transﬁgurat
2878 559 2938 599 se
2966 544 3019 599 in
3051 544 3301 615 angelum

1714 636 1873 693 lucis.
1902 636 2017 693 Non
2042 649 2123 694 eSt
2146 653 2279 709 ergo
2312 639 2653 710 magnum,si
2684 637 2915 693 ministri
2941 636 3061 706 ejus
3092 638 3306 692 transfi-

1713 740 1976 800 gurentur
2016 731 2167 786 velut
2200 732 2432 787 ministri
2472 732 2698 802 justitiaa
2730 749 2742 785 :
2776 745 3003 799 quorum
3046 729 3169 785 ﬁnis
3202 732 3310 786 erit

1714 822 2010 877 secundum
2039 838 2207 892 opera
2238 823 2499 893 ipsorum.
2533 823 2733 879 Iterum
2757 822 2881 878 dico
2909 822 3019 893 (ne
3058 822 3181 892 quis
3221 836 3308 877 me

1716 922 1865 981 putet
1901 913 2249 983 insipientem
2296 928 2441 981 esse,
2482 914 2722 984 alioquin
2766 913 2917 968 velut
2961 913 3307 983 insipientem

1716 1005 1941 1074 accipite
1962 1020 2071 1072 me,
2106 1014 2166 1060 ut
2195 1014 2249 1061 et
2287 1021 2387 1077 ego
2410 1006 2680 1062 modicum
2708 1006 2837 1076 quid
2867 1005 3130 1077 glorier),
3158 1005 3303 1078 quod

1717 1097 1936 1169 loquor,
1971 1115 2078 1155 non
2119 1101 2311 1171 loquor
2340 1100 2642 1156 secundum
2688 1100 2881 1170 Deum,
2913 1100 3012 1156 sed
3070 1101 3223 1169 quasi
3257 1101 3313 1155 in

1716 1191 2050 1260 insipientia,
2084 1192 2139 1246 in
2173 1192 2276 1247 hac
2300 1193 2603 1247 substantia
2626 1191 2835 1262 gloriae.
2861 1191 3128 1260 Quoniam
3153 1191 3310 1247 multi

1717 1284 2025 1354 gloriantur
2053 1286 2354 1339 secundum
2376 1298 2598 1339 carnem
2633 1302 2645 1337 :
2676 1292 2731 1340 et
2760 1299 2862 1355 ego
2893 1283 3189 1354 gloriabor.
3220 1282 3310 1337 Li-

1721 1380 1915 1434 benter
1942 1379 2088 1433 enim
2119 1378 2362 1434 suﬁ‘ertis
2390 1380 2749 1448 insipientes:
2783 1393 2907 1433 cum
2950 1377 3070 1434 sitis
3093 1377 3194 1448 ipsi
3224 1392 3315 1432 sa-

1721 1471 1954 1539 pientes.
1995 1472 2290 1527 Sustinetis
2329 1470 2471 1527 enim
2518 1471 2563 1526 si
2606 1472 2730 1542 quis
2769 1487 2867 1527 vos
2910 1472 2963 1526 in
2996 1471 3312 1528 servitutem

1720 1565 1939 1635 redigit,
1971 1566 2015 1619 si
2059 1566 2181 1635 quis
2214 1565 2464 1630 devorat,
2495 1566 2541 1620 si
2588 1566 2708 1635 quis
2739 1566 2956 1635 accipit,
2989 1566 3035 1620 si
3067 1566 3190 1635 quis
3218 1581 3316 1621 ex-

1723 1657 1950 1722 tollitur,
1980 1657 2024 1712 si
2052 1658 2173 1725 quis
2207 1658 2258 1711 in
2286 1658 2476 1712 faciem
2498 1670 2597 1712 vos
2622 1656 2803 1711 caedit.
2836 1656 3145 1714 Secundum
3169 1656 3316 1728 igno-

76 1747 248 1815 seipsos
291 1748 710 1805 commendant:
736 1749 832 1803 sed
864 1749 962 1818 ipsi
994 1749 1046 1802 in
1079 1747 1233 1801 nobis
1261 1745 1618 1814 nosmetipsos
1649 1739 1696 1801 Β
1726 1747 1987 1803 bilitatem
2012 1748 2153 1815 dico,
2180 1750 2332 1819 quasi
2357 1763 2457 1804 nos
2486 1748 2687 1803 inﬁrmi
2715 1748 2973 1804 fuerimus
2996 1748 3049 1804 in
3074 1748 3175 1804 hac
3204 1763 3319 1818 par-

77 1836 349 1903 metientes,
380 1845 433 1894 et
470 1849 849 1907 comparantes
892 1837 1252 1906 nosmetipsos
1298 1837 1471 1892 nobis.
1511 1836 1621 1890 Nos

73 1938 219 1986 autem
239 1946 337 1987 non
362 1932 412 1986 in
438 1933 763 1987 immensum
784 1932 1165 2002 gloriabimur,
1198 1930 1291 1985 sed
1323 1929 1618 1985 secundum

74 2038 338 2078 mensuram
368 2025 594 2094 regulas,
623 2040 725 2096 qua
751 2039 970 2080 mensus
999 2034 1083 2078 est
1108 2024 1266 2078 nobis
1286 2024 1441 2078 Deus.
1473 2038 1623 2077 nien-

74 2129 222 2169 suram
245 2116 578 2187 pertingendi
608 2130 774 2186 usque
801 2116 867 2170 ad
893 2131 1012 2191 vos.
1036 2114 1152 2169 Non
1176 2114 1320 2170 enim
1342 2115 1492 2184 quasi
1517 2130 1621 2167 non

76 2206 404 2276 pcrtingentes
432 2208 503 2263 ad
538 2222 635 2261 vos
659 2249 673 2271 ,
711 2206 1221 2277 superextendimus
1257 2221 1356 2261 nos
1402 2224 1415 2259 :
1458 2219 1625 2273 usque

74 2295 125 2349 ad
151 2310 236 2351 vos
259 2298 396 2353 enim
440 2300 793 2369 pervenimus
832 2299 882 2352 in
916 2300 1206 2369 Evangelia
1245 2296 1462 2352 Christi.
1507 2297 1624 2350 Non

77 2388 115 2443 in
140 2391 435 2448 immensum
470 2392 773 2463 gloriantes
807 2393 861 2447 in
892 2392 1082 2448 alienis
1122 2392 1396 2447 laboribus
1430 2407 1443 2447 :
1476 2406 1625 2459 spem

76 2488 220 2536 autem
264 2483 534 2539 habentes
576 2483 874 2539 crescentis
914 2483 1037 2539 ﬁdei
1089 2493 1285 2538 vestra:
1311 2524 1327 2550 ,
1380 2483 1429 2536 in
1478 2482 1629 2535 vobis

77 2576 364 2645 magniﬁcari
396 2576 703 2632 secundum
733 2577 974 2646 regulam
1006 2586 1245 2631 nostram
1278 2578 1328 2629 in
1352 2574 1631 2630 abundau-

76 2666 196 2733 tiam,
226 2670 379 2724 etiam
402 2670 456 2724 in
482 2669 606 2734 illa,
637 2686 757 2739 qua:
778 2670 918 2724 ultra
937 2684 1032 2723 vos
1055 2677 1203 2737 sunt,
1237 2668 1626 2738 evangelizare,

74 2772 158 2813 non
183 2761 231 2814 in
261 2761 431 2816 aliena
465 2760 659 2831 regula
688 2760 743 2814 in
772 2761 838 2815 iis
865 2776 986 2830 qua:
1013 2770 1312 2829 praeparata
1342 2768 1487 2821 sunt,
1516 2758 1631 2828 glu-

73 2850 194 2905 riari.
225 2853 319 2922 Qui
350 2864 541 2910 autem
572 2855 854 2925 gloriatur,
889 2855 940 2908 in
967 2853 1195 2908 Domino
1216 2853 1493 2924 glorietur.
1513 2851 1630 2906 Non

74 2945 187 2997 enim
214 2946 296 3015 qui
320 2946 503 3018 seipsu
522 2962 571 3000 m
602 2945 965 3012 commendat,
999 2946 1089 3002 ille
1120 2947 1377 3016 probatus
1400 2954 1512 2999 est:
1537 2943 1630 2998 sed

74 3050 202 3106 quem
233 3039 365 3096 Deus
388 3040 768 3097 commendat.

1725 1850 1797 1895 te.
1827 1839 1883 1894 ln
1914 1856 2022 1905 quo
2047 1840 2169 1910 quis
2199 1840 2362 1895 audet
2390 1841 2469 1911 (in
2509 1840 2816 1911 insipientia
2857 1840 3002 1911 dico)
3036 1841 3214 1895 audeo
3262 1848 3319 1895 et

1725 1950 1826 2004 ego
1861 1951 1874 1987 :
1914 1933 2128 1989 Hebraei
2159 1942 2311 1999 sunt,
2346 1942 2401 1989 et
2446 1948 2549 2003 ego
2583 1950 2595 1986 :
2628 1931 2891 1988 lsraelitae
2911 1942 3060 1999 sunt,
3085 1939 3140 1987 et
3170 1946 3270 2002 ego
3305 1948 3317 1984 :

1726 2025 1923 2081 Semen
1950 2023 2184 2080 Abrahae
2214 2033 2362 2091 sunt,
2387 2034 2442 2080 et
2472 2039 2572 2094 ego
2599 2041 2611 2078 :
2643 2023 2878 2078 Ministri
2922 2024 3128 2079 Christi
3168 2030 3320 2089 sunt,

1727 2116 1754 2155 δ
1780 2118 1799 2188 (
1829 2126 1888 2173 ut
1929 2118 2109 2172 minus
2160 2118 2381 2187 sapiens
2430 2116 2577 2188 dico)
2607 2117 2726 2186 plus
2775 2131 2877 2187 ego
2909 2134 2919 2168 :
2956 2116 3008 2171 in
3042 2116 3321 2171 laboribus

1732 2208 1999 2278 plurimis,
2032 2208 2089 2262 in
2120 2209 2441 2264 carceribus
2470 2208 2857 2274 abundantius,
2881 2207 2933 2262 in
2962 2208 3133 2277 plagis
3164 2222 3325 2276 supra

1736 2303 1979 2367 modum,
2000 2301 2051 2355 in
2073 2301 2337 2357 mortibus
2363 2302 2692 2371 frequenter.
2713 2301 2756 2354 A
2779 2299 2982 2354 Judmis
3007 2298 3318 2370 quinquies,

1729 2393 2126 2463 quadragenas,
2166 2407 2270 2446 una
2313 2393 2512 2455 minus,
2541 2393 2754 2461 accepi.
2793 2391 2901 2445 Ter
2938 2389 3110 2459 virgis
3149 2403 3325 2444 caesus

1732 2504 1876 2554 sum,
1904 2487 2074 2542 semel
2100 2486 2369 2556 lapidatus
2398 2501 2539 2549 sum,
2572 2494 2655 2539 ter
2685 2484 3029 2554 naufragium
3062 2481 3164 2537 feci
3195 2496 3323 2536 :no-

1731 2590 1816 2635 cte
1847 2589 1903 2635 et
1928 2579 2017 2635 die
2045 2580 2096 2633 in
2136 2577 2403 2647 profundo
2428 2577 2595 2631 maris
2627 2575 2725 2643 fui,
2758 2576 2811 2630 in
2844 2574 3131 2630 itineribus
3153 2588 3320 2643 saepe,

1734 2674 1991 2744 periculis
2020 2672 2325 2737 ﬂuminum,
2355 2670 2615 2742 periculis
2647 2670 2946 2736 latronum,
2976 2667 3237 2740 periculis
3260 2683 3329 2723 ex

1735 2780 1955 2835 genere,
1990 2764 2248 2833 periculis
2288 2779 2357 2819 ex
2397 2762 2673 2833 gentibus,
2706 2761 2964 2831 periculis
3001 2760 3057 2815 in
3088 2760 3327 2826 civitate,

1742 2857 2002 2928 periculis
2033 2857 2085 2911 in
2127 2855 2446 2924 solitudine,
2473 2854 2733 2924 periculis
2778 2854 2833 2908 in
2884 2853 3042 2919 mari,
3070 2852 3329 2923 periculis

1740 2952 1795 3006 in
1832 2951 1985 3007 falsis
2014 2950 2273 3005 fratribus
2306 2968 2317 3003 :
2344 2950 2397 3004 in
2444 2949 2629 3004 labore
2660 2956 2715 3004 et
2744 2962 3012 3015 aerumna,
3042 2947 3095 3003 in
3121 2946 3328 3017 vigiliis

1743 3043 1948 3107 multis,
1972 3044 2027 3098 in
2058 3042 2199 3098 fame
2224 3051 2279 3097 et
2304 3042 2416 3108 siti,
2453 3041 2506 3097 in
2532 3040 2759 3112 jejuniis
2789 3041 2995 3106 multis,
3028 3041 3082 3095 in
3107 3040 3331 3111 frigore,

129 3131 259 3203 [ϐαρ.
290 3134 405 3205 XI.)
447 3135 680 3192 Utinam
710 3132 1052 3189 sustineretis
1086 3132 1358 3188 modicum
1392 3131 1520 3202 quid
1553 3132 1627 3185 in-

1743 3149 1798 3198 et
1828 3140 2073 3195 nuditate
2110 3148 2350 3211 :praater
2374 3137 2466 3194 illa
2510 3152 2636 3209 quae
2686 3137 3031 3192 extrinsecus
3078 3144 3226 3200 sunt,
3252 3136 3336 3188 in-

75 3220 299 3292 sipientiaa
325 3242 482 3294 meae,
530 3225 625 3281 sed
651 3235 707 3281 et
729 3235 1044 3295 supportate
1073 3241 1193 3280 me:
1220 3225 1469 3281 IEmulor
1494 3224 1637 3279 enim

75 3328 151 3369 vos
174 3317 262 3373 Dei
304 3318 687 3375 aemulatione.
732 3317 1007 3388 Despondi
1051 3317 1198 3373 enim
1241 3331 1337 3372 vos
1387 3316 1476 3371 uni
1525 3317 1641 3371 viro

82 3408 306 3479 virginem
350 3424 562 3470 castam
599 3412 858 3467 exhibere
886 3411 1124 3467 Christo.
1180 3411 1369 3467 Timeo
1414 3420 1592 3467 autem
1623 3454 1638 3479 ,

80 3514 133 3554 ne
156 3503 279 3558 sicut
304 3519 533 3576 serpens
584 3505 751 3559 Evam
795 3503 1005 3560 seduxit
1028 3504 1225 3559 astutia
1255 3518 1349 3559 sua
1370 3546 1384 3569 ,
1422 3505 1491 3558 ita
1517 3519 1639 3559 cor-

82 3604 363 3664 rumpantur
393 3610 599 3652 sensus
626 3596 821 3663 vestri,
850 3607 904 3652 et
934 3596 1189 3652 excidant
1213 3611 1245 3651 a
1275 3596 1641 3667 simplicitate,

84 3696 180 3749 quae
228 3697 310 3743 est
358 3689 410 3743 in
450 3688 700 3744 Christo.
749 3686 885 3742 Nam
933 3688 978 3742 si
1029 3688 1078 3744 is
1124 3690 1213 3759 qui
1264 3692 1431 3754 venit,
1481 3691 1644 3745 alium

77 3770 318 3834 Christum
370 3782 693 3852 praedicat,
758 3796 917 3851 quem
989 3796 1097 3835 non
1181 3781 1643 3851 prtedicavimus;

76 3878 151 3923 aut
172 3872 326 3928 alium
355 3875 620 3945 spiritum
652 3873 897 3943 accipitis
917 3914 933 3940 ,
978 3888 1139 3945 quem
1170 3889 1278 3928 non
1318 3874 1645 3944 accepistis;

1743 3234 1943 3289 stantia
1983 3247 2102 3287 mea
2138 3230 2477 3301 quotidiana,
2508 3229 2820 3286 sollicitudo
2860 3229 3103 3285 omnium
3137 3226 3336 3283 Eccle-

1743 3327 1967 3381 siarum.
2001 3323 2134 3393 Quis
2161 3322 2499 3389 inﬁrmatur,
2525 3331 2581 3377 et
2607 3335 2711 3392 ego
2759 3335 2865 3376 non
2897 3320 3184 3376 inﬁrmor?
3214 3319 3337 3391 quis

1743 3416 2165 3479 scandalizatur,
2192 3423 2249 3469 et
2276 3429 2377 3485 ego
2409 3428 2517 3469 non
2550 3414 2714 3469 uror?
2744 3412 2799 3469 Si
2832 3412 3057 3484 gloriari
3083 3418 3336 3482 oportet;

1746 3525 1867 3579 quae
1892 3507 2227 3563 inﬁrmitatis
2258 3520 2392 3562 mea:
2424 3514 2570 3570 sunt,
2600 3503 2903 3575 gloriabor.
2936 3504 3082 3561 Deus
3104 3512 3160 3559 et
3184 3512 3339 3574 pater

1752 3600 1967 3656 Domini
2009 3599 2183 3655 n03tri
2232 3599 2359 3655 Iesu
2407 3597 2632 3662 Christi,
2654 3597 2743 3667 qui
2789 3604 2873 3652 est
2920 3596 3241 3653 benedictus
3285 3595 3337 3649 in

1748 3696 1968 3760 saecula,
1992 3693 2096 3749 scit
2124 3691 2268 3762 quod
2298 3706 2402 3746 non
2436 3689 2694 3746 mentior.
2722 3689 2973 3743 Damasci
3007 3686 3337 3757 praapositus

1748 3786 1928 3858 gentis
1952 3784 2133 3840 Arelas
2164 3782 2331 3850 regis,
2366 3780 2708 3837 custodiebat
2735 3781 3008 3833 civitatem
3045 3778 3338 3833 Damasce-

1752 3896 1966 3944 norum,
1996 3887 2055 3933 ut
2086 3892 2174 3933 me
2197 3873 2689 3945 comprehenderet
2720 3890 2732 3924 :
2763 3879 2818 3926 et
2848 3886 2943 3941 per
2972 3870 3266 3927 fenestram
3288 3870 3342 3925 in

76 3969 153 4015 aut
188 3965 327 4021 aliud
358 3966 719 4038 Evangelium
750 4005 765 4030 ,
821 3965 966 4036 quod
997 3981 1103 4020 non
1143 3966 1429 4036 recepistis
1461 3983 1473 4018 :
1504 3977 1650 4021 recte

76 4062 391 4123 pateremini.
448 4061 725 4118 Existimo
776 4060 923 4116 enim
982 4060 1119 4115 nihil
1170 4076 1259 4116 me
1325 4061 1503 4115 minus
1566 4060 1648 4115 fe-

78 4148 197 4206 cisse
223 4169 250 4206 a
275 4156 489 4227 magnis
514 4153 810 4224 apostolis.
842 4152 977 4207 Nam
998 4152 1102 4208 etsi
1134 4153 1419 4221 imperitus
1441 4166 1652 4207 sermo-

79 4254 153 4308 ne,
179 4246 266 4301 sed
303 4263 411 4303 non
457 4248 728 4310 scientia;
756 4246 809 4299 in
847 4244 1103 4301 omnibus
1120 4253 1296 4300 autem
1322 4243 1652 4299 manifestati

1751 3982 1939 4043 sporta
1978 3970 2237 4026 dimissus
2276 3984 2395 4024 sum
2428 3983 2529 4038 per
2570 3981 2810 4035 murum,
2836 3976 2891 4022 et
2931 3965 3012 4022 sic
3040 3965 3198 4037 emtgi
3230 3978 3345 4020 ma-

1753 4082 1856 4123 nus
1878 4065 2018 4135 ejus.

1827 4160 1841 4230 Ι
1850 4157 1985 4227 Cap.
2020 4154 2166 4226 ΧΙΙ.]
2197 4153 2254 4210 Si
2281 4151 2505 4221 gloriari
2554 4157 2772 4222 oportet
2802 4152 2937 4224 (non
2983 4149 3207 4221 expedit
3229 4149 3349 4221 qui-

1756 4252 1880 4307 dem
1914 4269 1927 4304 :
1958 4249 2215 4319 )veniam
2248 4255 2429 4303 autem
2480 4245 2550 4300 ad
2593 4244 2838 4301 visiones
2881 4253 2937 4299 et
2980 4244 3344 4299 revelationes

78 4348 243 4397 sumus
262 4342 435 4399 vobis.
461 4346 577 4399 Aut
607 4339 865 4410 numquid
899 4347 1182 4410 peccatum
1212 4339 1337 4405 feci,
1362 4354 1448 4394 me
1472 4338 1652 4408 ipsum
1761 4343 1998 4398 Domini.
2031 4342 2155 4397 Scio
2195 4339 2468 4394 hominem
2502 4339 2557 4393 in
2600 4337 2821 4394 Christo
2850 4346 2976 4391 ante
3013 4350 3185 4390 annos
3214 4349 3347 4403 qua-

78 4423 367 4501 humilians,
395 4443 454 4487 ttt
481 4447 590 4488 vos
613 4430 929 4487 exaltemini
950 4430 973 4483 ?
998 4430 1255 4501 quoniam
1286 4429 1453 4499 gratis
1476 4429 1655 4483 Evan-
1683 4495 1727 4505 __
1762 4434 2056 4489 tuordecim
2095 4431 2234 4505 (sive
2273 4431 2328 4486 in
2367 4444 2596 4499 corpore
2642 4428 2850 4488 nescio,
2879 4426 2995 4480 sive
3026 4433 3181 4480 extra
3207 4438 3332 4479 cor-

78 4521 254 4588 gelium
287 4495 382 4582 Dei
433 4524 818 4596 evangelizavi
849 4495 1043 4579 vobis?
1077 4524 1226 4580 Alias
1270 4495 1531 4579 ecclesias
1564 4537 1656 4577 ex-
1683 4495 1735 4556 D
1764 4540 1863 4598 pus
1904 4495 2115 4589 nescio,
2142 4524 2285 4578 Deus
2318 4495 2693 4590 scit)‘raptum
2732 4515 3040 4587 hujusmodi
3087 4528 3258 4585 usque
3282 4513 3351 4570 ad

78 4615 309 4687 spoliavi,
341 4620 631 4690 accipiens
663 4616 998 4689 stipendium
1029 4617 1095 4672 ad
1144 4616 1506 4672 ministerium
1541 4632 1658 4672 ves-
1766 4619 1983 4674 tertium
2016 4616 2235 4673 caelum.
2270 4614 2335 4669 Et
2373 4612 2489 4669 scio
2540 4608 2848 4681 hujusmodi
2900 4607 3177 4664 hominem
3214 4606 3354 4681 (sive

78 4712 225 4763 trum.
254 4711 321 4767 Et
360 4728 490 4769 cum
542 4727 726 4769 essem
767 4711 911 4783 apud
958 4725 1088 4775 vos,
1123 4720 1177 4767 et
1224 4726 1475 4782 egerem;
1524 4712 1657 4767 nulli
1765 4710 1816 4766 in
1868 4725 2119 4780 corpore,
2148 4708 2265 4764 sive
2319 4717 2471 4762 extra
2520 4718 2754 4773 corpus,
2786 4702 2997 4766 nescio,
3027 4700 3174 4756 Deus
3228 4698 3355 4771 scit)

76 4810 323 4860 onerosus
354 4804 430 4861 fui
466 4822 482 4863 :
517 4819 647 4860 nam
677 4803 822 4875 quod
856 4804 989 4858 mihi
1022 4802 1233 4867 deerat,
1270 4806 1663 4875 suppleverunt
1764 4802 2019 4873 quoniam
2053 4810 2238 4871 raptus
2269 4810 2353 4854 eSt
2381 4798 2435 4853 in
2469 4796 2777 4865 paradisum
2806 4802 2898 4849 :et
2920 4790 3129 4848 audivit
3157 4806 3355 4846 arcana

74 4887 278 4961 fratres,
306 4898 401 4967 qui
449 4906 720 4953 venerunt
747 4912 775 4951 a
827 4896 1140 4952 Macedonia
1174 4904 1269 4952 :et
1315 4897 1367 4951 in
1408 4897 1663 4953 omnibus
1765 4894 1956 4959 verba,
1984 4906 2107 4962 qua:
2143 4906 2251 4945 non
2280 4889 2407 4943 licet
2436 4887 2641 4942 homini
2689 4884 2856 4954 loqui.
2904 4884 3009 4939 Pro
3041 4881 3354 4953 hujusmodi

74 4980 180 5041 sine
205 5001 374 5045 onere
404 5004 499 5047 me
522 4988 681 5044 vobis
709 4987 950 5053 servavi,
975 4998 1026 5043 et
1057 4988 1307 5044 servabo.
1334 4988 1430 5044 Est
1458 4991 1660 5045 veritas
1762 4987 2039 5058 gloriabor
2068 4999 2082 5035 :
2118 4997 2217 5053 pro
2244 4995 2333 5037 me
2358 4988 2541 5035 autem
2575 4977 2712 5034 nihil
2736 4975 3011 5047 gloriabor
3042 4975 3148 5030 nisi
3178 4975 3231 5029 in
3264 4975 3348 5030 in-

72 5071 258 5135 Christi
292 5081 347 5137 in
375 5097 492 5150 me,
527 5082 785 5152 quoniam
820 5080 935 5136 haec
966 5080 1222 5151 gloriatio
1251 5096 1361 5135 non
1395 5081 1659 5151 infringe-
1766 5078 2115 5136 firmitatibus
2148 5074 2303 5130 meis.
2335 5072 2494 5137 Nam,
2536 5078 2595 5127 et
2642 5071 2685 5124 si
2713 5069 2943 5125 voluero
2971 5068 3217 5139 gloriari,
3249 5081 3358 5123 non

74 5174 155 5224 tur
190 5172 244 5229 in
273 5190 362 5232 me
413 5176 471 5232 in
517 5175 833 5247 regionibus
861 5175 1100 5231 Achaiae.
1133 5175 1354 5244 Quare?
1383 5176 1518 5244 Quia
1552 5192 1659 5231 non
1766 5188 1861 5228 ero
1892 5170 2161 5239 insipiens
2189 5183 2202 5219 :
2230 5164 2519 5220 veritatem
2538 5162 2683 5217 enim
2713 5159 2889 5215 dicam
2926 5176 2938 5214 :
2967 5174 3131 5229 parco
3153 5168 3356 5225 autem,

72 5260 269 5332 diligo?
302 5268 449 5323 Deus
478 5269 607 5323 scit.
636 5267 792 5334 Quod
835 5276 1017 5322 autem
1052 5268 1214 5335 facio,
1246 5278 1301 5323 et
1330 5267 1524 5323 faciam
1561 5286 1573 5322 :
1608 5278 1666 5323 ut
1770 5282 1837 5323 ne
1865 5265 1988 5336 quis
2014 5275 2102 5317 me
2124 5258 2397 5314 existimet
2425 5268 2590 5325 supra
2617 5253 2671 5309 id
2700 5252 2849 5325 quod
2880 5250 3026 5306 videt
3052 5251 3105 5306 in
3127 5265 3243 5319 me)
3267 5258 3363 5306 aut

71 5364 335 5426 amputem
364 5360 720 5417 occasionem
739 5362 1056 5432 eorum,qui
1084 5362 1274 5416 volunt
1297 5362 1663 5427 occasionem,
1770 5356 1971 5429 aliquid
2006 5354 2156 5408 audit
2192 5366 2260 5407 ex
2286 5364 2395 5405 me.
2430 5348 2498 5404 Et
2524 5362 2593 5403 ne
2623 5344 2938 5416 magnitudo
2965 5343 3358 5401 revelationum

73 5448 197 5505 utin
234 5468 344 5524 quo
373 5454 710 5524 gloriantur,
742 5454 1095 5510 inveniantur
1112 5454 1255 5511 sicut
1283 5463 1337 5511 et
1367 5469 1495 5511 nos.
1526 5453 1661 5510 Nam
1770 5451 1997 5510 extollat
2042 5462 2153 5516 me,
2186 5444 2347 5501 datus
2394 5451 2481 5500 est
2511 5440 2647 5499 mihi
2693 5438 2949 5499 stimulus
2996 5437 3180 5495 carnis
3225 5449 3362 5493 meat

1842 5654 1871 5695 ι)
1891 5652 2059 5711 Addit
2086 5647 2361 5707 Palatinus
2382 5659 2487 5702 ms.
2511 5644 2753 5703 isocolon
2768 5652 2815 5701 et
2829 5640 3104 5715 ego,quod
3126 5640 3183 5700 in
3205 5639 3364 5699 Grae-

147 5665 172 5692 λ
192 5658 326 5714 Cum
354 5660 560 5717 Graeco
597 5666 747 5717 textu
779 5666 922 5716 tacet
948 5660 1002 5717 in
1031 5658 1278 5719 Palatino
1329 5675 1430 5717 ms.
1464 5659 1663 5717 adver-

1782 5740 1849 5785 co
1874 5725 2095 5799 quidem
2112 5730 2269 5782 textu
2287 5733 2399 5778 non
2424 5717 2670 5776 habetur.

82 5723 224 5786 bium
247 5731 401 5785 sicut.
