3946 6198
563 211 665 270 ττι
1570 199 1630 259 8.
1670 193 2060 260 HIERONYMI
2098 192 2264 256 DIVI!

2293 195 2333 254 Α
2371 191 2845 253 BIBLIOTHECA.
3745 187 3842 249 m

565 327 792 397 angelus
829 324 1065 389 Satanre,
1101 331 1128 360 ι
1157 319 1246 391 qui
1280 333 1363 376 me
1393 317 1718 388 colaphizet.
1753 318 1984 385 Propter
2014 334 2098 384 qu-
2123 314 2155 368 d
2193 328 2238 386 Α
2276 313 2517 367 huntilze:
2546 328 2628 365 me
2663 311 2805 364 Deus
2833 304 2976 378 apud
3007 314 3133 366 vos;
3159 298 3450 372 etingeam
3472 297 3680 397 multos
3700 314 3758 397 et
3779 301 3835 355 iis

567 394 970 474 ter'ltominum
1001 413 1214 484 rogavi,
1258 420 1320 467 ut
1354 409 1660 468 discederet
1707 424 1738 462 a
1778 425 1865 466 me
1894 425 1911 464 :
1937 417 1994 463 et
2029 408 2163 462 dixit
2264 407 2355 477 qui
2389 413 2516 460 ante
2558 410 2952 472 peccaverunt,
2981 406 3038 454 et
3074 411 3180 452 non
3218 403 3451 464 egerunt
3483 394 3834 464 pmnitentiam

569 510 706 566 mihi
739 527 753 568 ς
784 506 994 564 Sufﬁcit
1037 504 1133 560 tibi
1161 503 1336 574 gratia
1369 517 1490 560 mea
1528 517 1541 555 :
1573 516 1695 556 nam
1726 501 1903 556 virtus
1933 500 1986 554 in
2016 497 2164 554 infir-
2263 514 2427 567 super
2483 495 2850 559 immunditia,
2878 502 2935 548 et
2982 488 3373 556 fornicatione,
3403 498 3463 544 et
3504 489 3841 560 impudicitia,

570 603 762 660 mitate
791 599 1090 673 perﬁcitur.
1131 595 1397 654 Libenter
1427 594 1592 667 igitur
1621 594 1901 666 gloriabor
1931 593 1986 649 in
2015 592 2164 648 inﬁr-
2264 611 2425 667 quam
2456 605 2782 666 gesserunt.

572 693 857 749 mitatibus
903 689 1062 755 meis,
1087 697 1150 744 ut
1192 686 1460 744 inhabitet
1501 688 1558 742 in
1607 701 1694 743 me
1736 688 1909 742 virtus
1939 685 2160 741 Christi.
2338 686 2491 758 [Cap.
2517 684 2683 755 Xlll.]
2718 685 2860 740 Ecce
2886 683 3054 739 tertio
3083 683 3190 738 hoc
3218 681 3381 738 venio
3410 680 3481 733 ad
3514 694 3612 734 vos
3640 697 3654 732 :
3684 678 3740 734 In
3767 692 3845 732 ore

573 785 803 854 Propter
833 779 978 849 quod
1007 780 1195 850 placeo
1241 780 1372 838 mihi
1424 781 1476 835 in
1508 779 1919 836 inﬁrmitatibus
1943 778 1972 818 δ
2003 779 2162 845 meis,
2269 777 2524 844 duorum,
2558 776 2644 830 vel
2695 775 2860 830 trium
2912 775 3133 829 testium
3181 773 3351 828 stabit
3407 787 3580 826 omne
3615 771 3843 828 verbum.

573 875 626 929 in
641 871 1008 937 conttrmeliis,
1036 873 1090 927 in
1114 871 1554 938 necessitatibus,
1581 871 1636 925 in
1665 870 2164 940 persecutionibus,
2270 871 2503 926 Praedixi
2538 871 2669 942 μὴ.
2711 871 2837 924 add.
2870 868 3064 941 eim],
3108 879 3164 924 et
3218 867 3484 938 pnedico,
3522 875 3584 920 ιιι
3623 879 3847 937 praesens

573 969 628 1023 in
660 964 921 1038 angustiis
967 980 1065 1036 pro
1093 964 1332 1036 Christo.
1365 964 1498 1020 Cum
1547 965 1694 1020 enim
1741 963 2011 1029 inﬁrutor,
2040 972 2170 1018 tunc
2270 962 2400 1034 [Μδ.
2432 964 2558 1018 add.
2585 964 2785 1035 vobisl,
2821 975 2870 1018 ct
2912 979 3055 1018 nunc
3094 962 3317 1030 absens,
3351 962 3418 1019 iis
3446 962 3540 1032 qui
3582 972 3706 1016 ante
3731 975 3844 1030 pec-

580 1069 773 1131 potens
802 1073 940 1114 sum.
969 1057 1168 1114 Factus
1196 1070 1314 1114 Stlltl
1347 1057 1745 1126 insipiens,vos
1773 1072 1860 1112 me
1887 1055 2166 1125 coegistis.
2270 1066 2555 1122 caverunt,
2586 1067 2641 1112 et
2689 1059 2908 1112 caeteris
2945 1057 3220 1118 omnibus,
3248 1055 3510 1126 quoniam
3565 1054 3609 1108 si
3658 1067 3841 1108 venero

575 1153 689 1225 Ego
720 1151 869 1206 enim
926 1166 953 1204 a
999 1149 1154 1206 vobis
1199 1149 1362 1206 debui
1403 1149 1780 1204 commendari
1811 1147 1989 1204 :nibil
2020 1148 2169 1204 enim
2271 1148 2492 1216 iterum,
2545 1164 2652 1204 non
2703 1163 2946 1219 parcam.
2997 1151 3077 1202 An
3142 1147 3586 1218 experimentum
3625 1144 3846 1215 qnmritis

578 1247 761 1301 minus
792 1244 867 1300 fui
894 1243 964 1298 ab
1006 1242 1096 1308 iis,
1123 1242 1216 1314 qui
1246 1252 1374 1300 sunt
1420 1257 1584 1314 supra
1626 1242 1845 1297 modum
1896 1241 2166 1312 apostoli:
2273 1243 2414 1309 ejus,
2442 1241 2536 1312 qui
2560 1241 2614 1296 in
2646 1257 2736 1297 me
2766 1241 3008 1311 loquitur
3044 1240 3320 1306 Christus,
3348 1240 3443 1310 qui
3476 1243 3530 1294 in
3573 1239 3720 1295 vobis
3745 1253 3840 1292 non

578 1334 793 1390 tametsi
842 1332 977 1388 nihil
1018 1347 1140 1390 sum
1176 1350 1190 1386 :
1222 1331 1375 1404 signa
1424 1341 1604 1388 tamen
1641 1343 1663 1371 ε
1697 1332 2038 1403 apostolatus
2063 1331 2171 1388 mei
2273 1335 2600 1399 inlinuntur,
2629 1335 2725 1389 sed
2760 1344 2960 1406 potens
2980 1344 3068 1390 est
3095 1335 3148 1388 in
3180 1333 3377 1388 vobis?
3399 1333 3533 1387 Nam
3560 1333 3657 1388 etsi
3678 1329 3843 1386 eruci-

578 1431 718 1484 lacta
747 1435 874 1483 sunt
898 1441 1063 1496 super
1091 1439 1209 1492 vos,
1237 1423 1290 1480 itt
1319 1427 1464 1480 omni
1507 1425 1789 1496 patientia,
1816 1425 1870 1482 in
1900 1424 2087 1496 signis,
2118 1434 2171 1481 et
2275 1429 2415 1483 ﬁxus
2454 1440 2537 1484 est
2566 1445 2631 1484 ex
2663 1429 3020 1486 infirmitate:
3063 1429 3162 1484 sed
3221 1428 3357 1482 vivit
3395 1443 3463 1482 ex
3499 1427 3689 1481 virtute
3734 1423 3844 1479 Dei.

581 1521 862 1593 prodigiis,
899 1532 952 1577 et
983 1519 1300 1576 virtutibus.
1331 1518 1470 1587 Quid
1499 1528 1585 1576 est
1611 1520 1780 1585 enim,
1813 1519 1959 1590 quod
1992 1520 2174 1574 minus
2275 1518 2406 1574 Nam
2436 1531 2492 1574 et
2523 1537 2621 1574 nos
2653 1521 2852 1576 inﬁrmi
2877 1535 3064 1576 sumus
3094 1521 3148 1575 in
3180 1519 3272 1574 illo
3303 1536 3322 1572 :
3349 1517 3447 1575 sed
3479 1519 3708 1573 vivemus
3732 1531 3847 1571 cum

581 1613 849 1670 habuistis
879 1627 992 1686 pra:
1035 1612 1249 1668 caneris
1281 1611 1570 1676 Ecclesiis,
1605 1611 1708 1666 nisi
1739 1610 1884 1682 quod
1925 1626 2028 1683 ego
2054 1611 2172 1680 ipse
2286 1630 2354 1669 co
2405 1629 2469 1668 ex
2501 1614 2704 1668 virtute
2747 1614 2840 1668 Dei
2886 1615 2936 1668 in
2977 1613 3151 1668 vobis.
3182 1611 3554 1682 Vosmctipsos
3589 1617 3779 1666 tentate
3806 1609 3848 1663 si

583 1721 690 1762 non
718 1704 940 1776 gravavi
967 1704 1105 1759 vos?
1135 1704 1342 1759 Donate
1369 1702 1500 1759 mihi
1537 1702 1680 1758 hanc
1704 1703 1980 1772 injuriam.
2011 1703 2170 1768 Ecce,
2207 1718 2256 1778 Β
2280 1706 2411 1761 estis
2461 1705 2513 1758 in
2563 1704 2692 1773 ﬁde,
2721 1707 2823 1774 ipsi
2862 1721 2957 1760 vos
2999 1705 3242 1774 probate.
3271 1706 3355 1758 An
3396 1719 3500 1758 non
3532 1702 3842 1773 cognoscitis

584 1797 748 1854 tertio
781 1795 884 1852 hoc
928 1804 1148 1865 paratus
1188 1810 1308 1852 sum
1347 1795 1536 1851 venire
1570 1795 1638 1850 ad
1673 1811 1772 1852 vos
1803 1811 1817 1851 :
1847 1803 1906 1852 et
1948 1810 2055 1851 non
2083 1809 2179 1851 ero
2285 1796 2668 1867 vosmetipsos,
2702 1801 2826 1870 quia
2859 1799 3114 1856 Christus
3155 1799 3318 1854 Jesus
3350 1799 3404 1852 in
3430 1798 3586 1853 vobis
3603 1797 3714 1851 est!
3748 1796 3842 1849 nisi

585 1890 765 1959 gravis
790 1887 966 1943 vobis.
997 1886 1117 1943 Non
1145 1888 1291 1944 enim
1333 1902 1519 1957 quer
1550 1902 1670 1959 quae
1701 1895 1884 1942 vestra
1907 1895 2051 1952 sunt,
2082 1886 2179 1943 sed
2283 1893 2423 1948 forte
2455 1893 2679 1964 reprobi
2707 1893 2865 1947 estis.
2895 1891 3068 1961 Spero
3101 1899 3306 1956 autem,
3339 1889 3486 1960 quod
3516 1888 3845 1959 cognoscetis,

587 1996 703 2036 vos.
731 1980 844 2038 Nec
888 1982 1033 2036 enim
1089 1980 1289 2036 debent
1319 1980 1412 2037 ﬁlii
1441 1981 1756 2053 parent'bus
1779 1981 2175 2047 thesaurizare,
2283 1987 2405 2055 quia
2448 2001 2548 2040 nos
2575 2001 2680 2039 non
2709 1999 2899 2038 sumus
2929 1983 3173 2052 reprobi.
3198 1983 3438 2039 Oramus
3463 1991 3643 2037 autem
3673 1981 3844 2046 Deum,

583 2074 678 2130 sed
709 2083 967 2146 parentes
991 2073 1138 2131 ﬁliis.
1183 2075 1296 2146 Ego
1332 2085 1514 2132 autem
1560 2075 1926 2132 libentissime
1971 2075 2182 2144 impen-
2284 2086 2340 2130 ut
2384 2077 2514 2130 nihil
2555 2075 2686 2131 mali
2725 2075 2962 2139 faciatis,
2994 2091 3102 2147 non
3139 2082 3198 2128 ut
3241 2089 3341 2130 nos
3371 2075 3591 2143 probati
3618 2086 3852 2142 apparea-

579 2165 728 2230 dam,
753 2175 807 2220 et
839 2166 1295 2240 superimpendar
1329 2167 1445 2239 ipse
1475 2182 1574 2237 pro
1604 2167 1893 2224 animabus
1931 2167 2128 2224 vestris
2165 2186 2178 2221 :
2286 2184 2429 2236 mus,
2462 2169 2556 2224 sed
2587 2177 2645 2223 ut
2669 2183 2768 2224 vos
2808 2168 2954 2238 quod
2981 2169 3183 2224 bonum
3213 2175 3324 2232 est,
3353 2166 3570 2222 faciatis
3597 2184 3611 2221 :
3641 2181 3734 2220 nos
3757 2181 3850 2220 an-

583 2258 710 2314 Iicet
744 2258 868 2328 plus
889 2274 989 2314 vos
1018 2259 1276 2332 diligens,
1308 2259 1486 2315 minus
1512 2258 1733 2333 diligar.
1763 2259 1870 2316 Sed
1896 2268 2018 2316 esto
2040 2277 2055 2314 :
2080 2274 2182 2331 ego
2289 2272 2394 2317 tem
2427 2271 2483 2315 ut
2514 2260 2737 2331 reprobi
2783 2261 2981 2316 simus.
3006 2259 3123 2314 Non
3164 2260 3311 2315 enim
3347 2272 3642 2327 possumus
3679 2255 3848 2327 aliquid

585 2365 681 2405 vos
713 2366 820 2404 non
849 2350 1070 2422 gravavi
1107 2349 1250 2406 :sed
1275 2365 1400 2406 cum
1434 2365 1616 2406 essent
1657 2359 1896 2417 astutus,
1924 2349 2056 2406 dolo
2086 2365 2184 2405 vos
2286 2354 2546 2409 adversus
2586 2354 2914 2420 veritatem,
2959 2352 3053 2408 sed
3109 2367 3208 2422 pro
3265 2352 3528 2406 veritate.
3576 2349 3852 2406 Gaudemus

579 2443 721 2515 cepi.
751 2441 1026 2514 Numquid
1050 2457 1148 2514 per
1178 2442 1412 2511 aliquem
1439 2458 1652 2510 eorum,
1675 2458 1813 2516 quos
1837 2443 1958 2500 misi
1977 2442 2042 2498 ad
2063 2457 2180 2507 vos,
2286 2446 2453 2509 enim,
2487 2445 2744 2514 quoniam
2771 2444 2901 2516 [ηε.
2933 2441 3174 2515 quando]
3199 2459 3297 2497 nos
3325 2442 3528 2496 inﬁrmi
3556 2455 3747 2508 sumus,
3768 2454 3850 2494 vos

579 2536 916 2593 circumveni
975 2537 1108 2593 vos?
1141 2535 1348 2609 Rogavi
1403 2536 1617 2603 Titum,
1657 2544 1716 2592 et
1757 2535 1879 2590 misi
1919 2550 2044 2590 cum
2083 2535 2186 2591 illo
2288 2545 2470 2592 autem
2514 2546 2764 2606 potentes
2798 2537 2955 2591 estis.
2989 2536 3103 2591 Hoc
3145 2544 3201 2590 et
3230 2548 3454 2590 oramus
3483 2542 3718 2589 vestram
3741 2545 3851 2587 eon-

582 2628 828 2684 fratrem.
862 2627 1132 2695 Numquid
1155 2627 1310 2683 Titus
1337 2642 1435 2682 vos
1462 2625 1855 2684 circumvenit?
1883 2641 2066 2684 nonne
2091 2641 2184 2682 eo-
2287 2631 2728 2686 summationcm.
2761 2629 2890 2685 ldeo
2921 2629 3039 2685 huic
3065 2631 3260 2686 absens
3292 2631 3498 2695 scribo,
3527 2639 3587 2684 ut
3608 2643 3710 2683 non
3735 2640 3852 2697 pr:-

581 2720 704 2775 dem
733 2720 932 2791 spiritu
957 2719 1405 2777 ambulavimus?
1438 2733 1619 2776 nonne
1665 2719 1861 2776 iisdem
1890 2718 2186 2790 vestigiis?
2288 2738 2414 2778 sens
2461 2722 2653 2776 durius
2713 2737 2891 2792 agam,
2951 2723 3250 2776 secundum
3307 2731 3658 2790 potestatem,
3711 2730 3846 2787 quam

579 2809 606 2849 ἀ
636 2812 782 2869 Olim
812 2813 1013 2884 putatis
1055 2813 1199 2883 quod
1242 2826 1568 2868 excusemus
1605 2826 1704 2868 nos
1746 2810 1891 2882 apud
1922 2812 2055 2867 vos?
2081 2810 2187 2867 Coo
2289 2816 2560 2871 Dominus
2599 2816 2751 2872 dedit
2783 2817 2914 2870 mihi
2942 2817 2994 2870 in
3023 2816 3466 2876 aediﬁcationem,
3500 2825 3553 2868 ct
3579 2829 3683 2867 non
3709 2811 3755 2865 in
3775 2809 3851 2864 de-

584 2920 700 2962 ram
729 2905 841 2960 Deo
869 2906 922 2960 in
953 2904 1173 2961 Christo
1196 2905 1500 2978 loquimur:
1529 2904 1712 2962 omnia
1739 2913 1943 2967 autem,
1973 2903 2179 2960 charis-
2289 2910 2672 2966 suuctionem.
2719 2910 2794 2964 De
2834 2919 3060 2973 caetero,
3095 2908 3310 2973 fratres,
3351 2907 3606 2979 gaudete,
3659 2901 3848 2975 perfecti

581 3000 726 3061 simi,
762 3009 988 3071 prOpter
1022 2998 1442 3056 mdificationem
1473 3007 1732 3054 vestram.
1778 2997 1972 3055 Timeo
2014 2996 2182 3064 enim,
2291 3011 2490 3065 estote,
2521 3001 2915 3064 exhortamini,
2949 3002 3092 3056 idem
3115 3001 3309 3071 sapite,
3345 3014 3536 3070 pacem
3585 2998 3780 3064 habete,
3809 3000 3851 3047 et

585 3104 652 3142 ne
709 3087 847 3142 forte
899 3105 1022 3144 cum
1075 3106 1300 3157 venero,
1336 3107 1443 3145 non
1474 3091 1665 3160 quales
1713 3090 1858 3154 volo,
1911 3089 2184 3146 inveniam
2216 3101 2262 3164 ρ
2296 3095 2440 3150 Deus
2467 3095 2622 3163 pacis
2645 3104 2698 3149 et
2721 3095 3031 3149 dilectionis
3061 3095 3167 3147 erit
3201 3093 3506 3148 vobiscum.
3539 3091 3768 3149 Salutate
3789 3088 3851 3141 in-

585 3194 683 3235 vos
710 3197 722 3232 :
752 3188 806 3236 et
836 3196 938 3252 ego
965 3183 1214 3240 inveniar
1239 3198 1271 3240 a
1295 3183 1470 3250 vobis,
1501 3185 1718 3254 qualem
1741 3200 1844 3239 non
1879 3183 2046 3238 vultis
2075 3201 2086 3236 :
2121 3197 2188 3238 ne
2297 3189 2470 3243 vicem
2504 3187 2560 3241 in
2591 3189 2782 3244 osculo
2812 3197 3020 3244 sancto.
3052 3187 3305 3242 Salutant
3336 3202 3435 3242 vos
3464 3203 3654 3242 omnes
3680 3181 3845 3240 sancti-

582 3271 723 3326 forte
763 3274 1170 3338 contentiones,
1203 3273 1607 3340 aemulationes,
1640 3271 2040 3340 animositates,
2066 3273 2182 3329 dis-
2292 3278 2477 3334 Gratia
2505 3279 2718 3335 Domini
2745 3281 2918 3336 nostri
2942 3282 3069 3336 Jesu
3097 3280 3320 3343 Christi,
3353 3289 3408 3334 et
3428 3279 3665 3334 charitas
3695 3274 3849 3341 Dei,et

582 3360 891 3427 sensiones,
935 3362 1331 3430 detractiones,
1378 3367 1800 3430 susurrationes,
1849 3364 2181 3431 inﬂationes,
2292 3372 2720 3428 communicatio
2757 3373 2932 3428 sancti
2969 3372 3204 3442 Spiritus
3223 3376 3297 3427 sit
3345 3387 3473 3427 cum
3514 3370 3752 3426 omnibus
3773 3381 3849 3420 t0-

583 3453 884 3516 seditiones
919 3455 1024 3513 sint
1065 3458 1205 3516 inter
1237 3471 1372 3512 vos:
1406 3473 1474 3516 ne
1503 3457 1700 3514 iterum
1757 3474 1880 3514 cum
1937 3474 2143 3516 venero
2166 3499 2181 3527 ,
2291 3463 2395 3518 his.
2427 3463 2624 3520 Amen.

1447 3551 1678 3624 luxplicit
1707 3552 1950 3624 Epistula
1979 3553 2046 3610 Β.
2081 3554 2241 3612 Pauli
2270 3559 2494 3630 apostoli
2521 3559 2591 3613 ad
2617 3559 2914 3616 Corinthios
2937 3557 3022 3613 II.

655 3728 680 3756 α
705 3711 1165 3786 Pr0piusCrmcze
1191 3709 1473 3786 particula:
1504 3713 1589 3768 ἶνα
1615 3711 1666 3766 in
1700 3711 1949 3767 Palatino
1978 3727 2080 3769 ms.
2104 3721 2184 3782 ut,

586 3804 689 3860 pro
712 3789 826 3856 qui,
853 3785 1073 3856 legitur.

653 3860 680 3900 δ
717 3855 895 3926 Atque
920 3855 1007 3911 hic
1038 3870 1337 3925 pronomen
1364 3857 1492 3911 meis
1533 3855 1588 3917 in
1616 3855 1872 3914 Palatino
1902 3870 2005 3910 ms.
2031 3855 2186 3926 juxta

583 3929 840 3986 Grmcum
863 3936 1070 3986 textum
1099 3927 1396 3983 omittitur.

661 4009 682 4038 ο
719 3998 918 4054 lterum
964 3996 1162 4052 Graeco
1195 3999 1439 4068 pressius
1482 3998 1803 4072 archetypo,
1833 4001 1985 4072 signa
2018 4007 2188 4055 tamen

2293 3716 2529 3784 Apostoli
2561 3719 2701 3788 facta
2731 3726 2849 3772 sunt
2873 3719 2924 3772 in
2957 3715 3202 3772 Palatino
3223 3732 3324 3772 ms.
3353 3718 3577 3789 legitur,
3605 3724 3658 3773 ut
3679 3715 3764 3781 ibi,
3789 3711 3846 3767 Tui

2296 3789 2392 3864 pia
2417 3797 2606 3864 σξημεῐα
2634 3797 2727 3864 τεῦ
2756 3789 3043 3846 ἀποστόλου
3090 3791 3456 3864 ῃατειργάᾳθη.

2294 3856 2396 3984 '“d
2443 3856 2510 3914 Ut
2560 3864 2611 3915 in
2663 3860 2856 3917 Graeco
2911 3869 2995 3916 cst
3034 3861 3203 3929 Πάλιν,
3235 3856 3292 3916 in
3345 3859 3592 3917 Palatino
3643 3873 3736 3914 ms.
3776 3859 3842 3910 est

2351 3947 2520 3986 aunt.

1342 4261 1516 4374 Β.
1590 4263 2154 4378 PAULI
2231 4267 3145 4384 APOSTOLI

2081 4457 2375 4524 INCIPIT

1024 4614 2008 4763 EPISTULA
2106 4621 2388 4770 AD
2473 4621 3456 4847 GALATAS.

1784 4857 2642 4888 ...ξ-ψ

663 4996 820 5071 [ϐαρ.
854 4993 922 5066 1.]
951 4993 1150 5050 Paulus
1180 4991 1460 5064 apostolus
1485 5008 1594 5050 non
1622 4992 1692 5050 ab
1721 4995 2056 5062 hominibus,
2089 5010 2189 5054 ne-
2213 5001 2268 5062 1)
2292 5000 2616 5058 saeculorum
2646 5022 2660 5058 :
2689 5005 2886 5062 Amen.
2909 5005 3085 5066 Miror
3101 5007 3251 5079 quod
3275 5007 3358 5064 sic
3383 5016 3493 5066 tam
3521 5001 3833 5066 citouansk-

591 5107 700 5162 qne
728 5106 830 5161 per
845 5089 1142 5156 hominem,
1165 5087 1264 5144 sed
1286 5102 1382 5159 per
1402 5086 1586 5144 Iesum
1615 5088 1912 5158 Christum,
1932 5099 1986 5145 et
2011 5090 2185 5146 Deum

599 5182 818 5242 Patrem
835 5229 851 5257 ,
875 5185 966 5256 qui
986 5183 1270 5241 suscitavit
1288 5197 1414 5239 eum
1437 5199 1467 5237 a
1492 5185 1720 5239 mortuis
1744 5200 1759 5244 ;
1785 5192 1842 5239 et
1863 5184 1958 5254 qui
1982 5199 2191 5240 mecum

597 5291 724 5338 sunt
751 5295 943 5336 omnes
987 5279 1216 5344 fratres,
1247 5276 1505 5333 Ecclesiis
1541 5277 1790 5334 Galatim.
1821 5277 2005 5334 Gratia
2034 5278 2194 5334 vobis

598 5385 652 5430 et
679 5390 778 5445 pax
810 5390 841 5429 a
862 5374 975 5429 Deo
1004 5372 1190 5439 Patre,
1223 5380 1278 5428 et
1309 5371 1536 5426 Domino
1567 5379 1756 5428 nostro
1784 5369 1912 5426 Jesu
1948 5371 2189 5439 Christo,

595 5467 692 5537 qui
720 5466 871 5522 dedit
891 5463 1245 5535 semetipsum
1279 5478 1378 5533 pro
1408 5462 1650 5532 peccatis
1680 5463 1902 5530 nostris,
1921 5455 1987 5518 ‘ut
2007 5463 2194 5533 eripe-

598 5565 685 5612 ret
713 5572 811 5612 nos
841 5557 908 5613 de
951 5555 1206 5624 praesenti
1233 5555 1438 5611 szcculo
1469 5570 1727 5626 nequam,
1767 5555 2065 5612 secundum
2091 5572 2189 5611 vo-

599 5643 871 5704 luntate.
895 5647 995 5704 Ibi
1017 5657 1078 5705 at
1095 5647 1277 5706 Patris
1293 5645 1588 5719 κεινὴ,οή
1603 5655 1689 5706 est
1707 5646 1884 5720 gloria
1911 5645 1974 5705 in
1989 5647 2187 5707 sucula

2293 5096 2502 5167 rimini,
2537 5098 2606 5155 ab
2632 5113 2698 5156 eo
2719 5100 2814 5172 qui
2840 5115 2936 5156 vos
2965 5102 3184 5158 vocavit
3214 5102 3270 5161 in
3306 5103 3539 5175 gratiam
3559 5097 3760 5164 Christi,
3788 5094 3831 5150 in

2299 5189 2449 5245 aliud
2493 5191 2889 5263 Evangelium:
2924 5193 3076 5265 quod
3119 5209 3226 5250 non
3273 5205 3360 5252 est
3403 5195 3574 5263 aliud,
3603 5193 3700 5252 nisi
3734 5192 3829 5246 sunt

2292 5281 2492 5354 aliqui,
2538 5285 2628 5352 qui
2676 5299 2772 5342 vos
2819 5287 3194 5354 conturbant,
3240 5295 3296 5344 et
3338 5288 3528 5346 volunt
3554 5292 3826 5346 convertere

2294 5372 2648 5445 Evangelium
2680 5377 2906 5434 Christi.
2948 5377 3054 5436 Sed
3099 5379 3226 5436 licet
3256 5394 3374 5447 nos,
3425 5392 3526 5438 aut
3556 5378 3756 5452 angelus
3776 5373 3824 5426 tle

2292 5467 2434 5523 cmlo
2464 5468 2803 5538 evangelizet
2827 5470 2978 5526 vobis
3020 5481 3388 5541 praeterquam
3418 5473 3565 5543 quod
3603 5463 3822 5537 evangeli-

2290 5559 2534 5615 zavimus
2563 5559 2736 5626 vobis,
2772 5562 3059 5617 anathema
3097 5562 3187 5616 sit.
3217 5563 3370 5618 Sicut
3407 5560 3823 5635 praedisimusﬁl

2293 5664 2437 5707 nunc
2479 5649 2674 5705 iterum
2731 5650 2903 5706 dico:
2943 5653 3004 5706 Si
3047 5652 3170 5722 quis
3219 5653 3378 5709 vobis
3427 5644 3826 5727 evangelium“
