  <div class='ocr_page' id='page_1' title='image "/cluster/home/n/w/nwhite01/storage/ocr_20150623/29/uva.x000826564/410.png"; bbox 0 0 3946 6198; ppageno 0'>
   <div class='ocr_carea' id='block_1_1' title="bbox 127 216 223 275">
    <p class='ocr_par' dir='ltr' id='par_1_1' title="bbox 127 216 223 275">
     <span class='ocr_line' id='line_1_1' title="bbox 127 216 223 275; baseline 0.021 -3"><span class='ocrx_word' id='word_1_1' title='bbox 127 216 223 275; x_wconf 70' lang='lat'><strong>&quot;5</strong></span> 
     </span>
    </p>
   </div>
   <div class='ocr_carea' id='block_1_2' title="bbox 952 206 2521 277">
    <p class='ocr_par' dir='ltr' id='par_1_2' title="bbox 952 206 2521 277">
     <span class='ocr_line' id='line_1_2' title="bbox 952 206 2521 277; baseline 0.001 -11"><span class='ocrx_word' id='word_1_2' title='bbox 952 208 1282 273; x_wconf 74' lang='lat' dir='ltr'><strong>EPISTOLA</strong></span> <span class='ocrx_word' id='word_1_3' title='bbox 1324 208 1385 269; x_wconf 78' lang='grc' dir='ltr'><strong>Β.</strong></span> <span class='ocrx_word' id='word_1_4' title='bbox 1426 207 1633 275; x_wconf 71' lang='lat' dir='ltr'><strong>PAULI</strong></span> <span class='ocrx_word' id='word_1_5' title='bbox 1670 206 2011 277; x_wconf 73' lang='lat' dir='ltr'><strong>APOSTOLI</strong></span> <span class='ocrx_word' id='word_1_6' title='bbox 2050 206 2142 273; x_wconf 72' lang='lat' dir='ltr'><strong>AD</strong></span> <span class='ocrx_word' id='word_1_7' title='bbox 2178 206 2521 275; x_wconf 70' lang='grc' dir='ltr'><strong>αΑιΑτΑει.</strong></span> 
     </span>
    </p>
   </div>
   <div class='ocr_carea' id='block_1_3' title="bbox 3275 213 3383 276">
    <p class='ocr_par' dir='ltr' id='par_1_3' title="bbox 3275 213 3383 276">
     <span class='ocr_line' id='line_1_3' title="bbox 3275 213 3383 276; baseline 0 -2"><span class='ocrx_word' id='word_1_8' title='bbox 3275 213 3383 276; x_wconf 71' lang='grc' dir='ltr'><strong>τη</strong></span> 
     </span>
    </p>
   </div>
   <div class='ocr_carea' id='block_1_4' title="bbox 126 323 3385 397">
    <p class='ocr_par' dir='ltr' id='par_1_4' title="bbox 126 323 3385 397">
     <span class='ocr_line' id='line_1_4' title="bbox 126 323 3385 397; baseline 0.001 -19"><span class='ocrx_word' id='word_1_9' title='bbox 126 336 315 397; x_wconf 71' lang='lat' dir='ltr'><strong>prmter</strong></span> <span class='ocrx_word' id='word_1_10' title='bbox 337 324 386 380; x_wconf 87' lang='lat' dir='ltr'><strong>id</strong></span> <span class='ocrx_word' id='word_1_11' title='bbox 414 324 555 395; x_wconf 81' lang='lat' dir='ltr'><strong>quod</strong></span> <span class='ocrx_word' id='word_1_12' title='bbox 578 323 890 392; x_wconf 71' lang='lat' dir='ltr'><strong>accepistis,</strong></span> <span class='ocrx_word' id='word_1_13' title='bbox 924 327 1211 380; x_wconf 79' lang='lat' dir='ltr'><strong>anathema</strong></span> <span class='ocrx_word' id='word_1_14' title='bbox 1237 326 1328 381; x_wconf 89' lang='lat' dir='ltr'><strong>sit.</strong></span> <span class='ocrx_word' id='word_1_15' title='bbox 1356 324 1513 381; x_wconf 78' lang='lat' dir='ltr'><strong>Modo</strong></span> <span class='ocrx_word' id='word_1_16' title='bbox 1544 327 1688 380; x_wconf 90' lang='lat' dir='ltr'><strong>enim</strong></span> <span class='ocrx_word' id='word_1_17' title='bbox 1720 333 1764 391; x_wconf 82' lang='grc' dir='ltr'>Α</span> <span class='ocrx_word' id='word_1_18' title='bbox 1801 336 1858 382; x_wconf 92' lang='lat' dir='ltr'><strong>ut</strong></span> <span class='ocrx_word' id='word_1_19' title='bbox 1890 342 2183 396; x_wconf 60' lang='lat' dir='ltr'><strong>mulierum</strong></span> <span class='ocrx_word' id='word_1_20' title='bbox 2228 341 2497 382; x_wconf 86' lang='lat' dir='ltr'><strong>memores</strong></span> <span class='ocrx_word' id='word_1_21' title='bbox 2524 339 2770 383; x_wconf 81' lang='lat' dir='ltr'><strong>essemus</strong></span> <span class='ocrx_word' id='word_1_22' title='bbox 2801 342 2812 379; x_wconf 86' lang='lat'>:</span> <span class='ocrx_word' id='word_1_23' title='bbox 2845 325 2989 397; x_wconf 86' lang='lat' dir='ltr'><strong>quod</strong></span> <span class='ocrx_word' id='word_1_24' title='bbox 3020 324 3185 383; x_wconf 87' lang='lat' dir='ltr'><strong>etiam</strong></span> <span class='ocrx_word' id='word_1_25' title='bbox 3227 330 3385 383; x_wconf 50' lang='lat' dir='ltr'><strong>Sollia</strong></span> 
     </span>
    </p>
   </div>
   <div class='ocr_carea' id='block_1_5' title="bbox 123 415 3386 488">
    <p class='ocr_par' dir='ltr' id='par_1_5' title="bbox 123 415 3386 488">
     <span class='ocr_line' id='line_1_5' title="bbox 123 415 3386 488; baseline 0 -14"><span class='ocrx_word' id='word_1_26' title='bbox 123 419 420 477; x_wconf 80' lang='lat' dir='ltr'><strong>hominibus</strong></span> <span class='ocrx_word' id='word_1_27' title='bbox 455 416 674 483; x_wconf 78' lang='lat' dir='ltr'><strong>suadeo,</strong></span> <span class='ocrx_word' id='word_1_28' title='bbox 707 431 773 471; x_wconf 90' lang='lat' dir='ltr'><strong>an</strong></span> <span class='ocrx_word' id='word_1_29' title='bbox 808 416 955 471; x_wconf 89' lang='lat' dir='ltr'><strong>Deo?</strong></span> <span class='ocrx_word' id='word_1_30' title='bbox 992 426 1018 455; x_wconf 71' lang='grc' dir='ltr'>ι</span> <span class='ocrx_word' id='word_1_31' title='bbox 1048 422 1339 487; x_wconf 72' lang='lat' dir='ltr'><strong>Attulier</strong></span> <span class='ocrx_word' id='word_1_32' title='bbox 1378 418 1691 479; x_wconf 88' lang='lat' dir='ltr'><strong>hominibus</strong></span> <span class='ocrx_word' id='word_1_33' title='bbox 1789 418 1930 475; x_wconf 89' lang='lat' dir='ltr'><strong>citus</strong></span> <span class='ocrx_word' id='word_1_34' title='bbox 1975 418 2050 474; x_wconf 83' lang='lat' dir='ltr'><strong>iui</strong></span> <span class='ocrx_word' id='word_1_35' title='bbox 2099 418 2201 474; x_wconf 92' lang='lat' dir='ltr'><strong>hoc</strong></span> <span class='ocrx_word' id='word_1_36' title='bbox 2248 420 2424 488; x_wconf 86' lang='lat' dir='ltr'><strong>ipsum</strong></span> <span class='ocrx_word' id='word_1_37' title='bbox 2476 419 2677 474; x_wconf 77' lang='lat' dir='ltr'><strong>facere.</strong></span> <span class='ocrx_word' id='word_1_38' title='bbox 2728 415 2861 475; x_wconf 84' lang='lat' dir='ltr'><strong>Cum</strong></span> <span class='ocrx_word' id='word_1_39' title='bbox 2910 426 3090 474; x_wconf 91' lang='lat' dir='ltr'><strong>autem</strong></span> <span class='ocrx_word' id='word_1_40' title='bbox 3143 420 3386 475; x_wconf 83' lang='lat' dir='ltr'><strong>venisset</strong></span> 
     </span>
    </p>
   </div>
   <div class='ocr_carea' id='block_1_6' title="bbox 120 510 1686 582">
    <p class='ocr_par' dir='ltr' id='par_1_6' title="bbox 120 510 1686 582">
     <span class='ocr_line' id='line_1_6' title="bbox 120 510 1686 582; baseline 0.003 -15"><span class='ocrx_word' id='word_1_41' title='bbox 120 513 361 582; x_wconf 77' lang='lat' dir='ltr'><strong>placere?</strong></span> <span class='ocrx_word' id='word_1_42' title='bbox 411 511 465 569; x_wconf 92' lang='lat' dir='ltr'><strong>Si</strong></span> <span class='ocrx_word' id='word_1_43' title='bbox 512 511 685 569; x_wconf 84' lang='lat' dir='ltr'><strong>adhuc</strong></span> <span class='ocrx_word' id='word_1_44' title='bbox 752 510 1067 568; x_wconf 88' lang='lat' dir='ltr'><strong>hominibus</strong></span> <span class='ocrx_word' id='word_1_45' title='bbox 1114 512 1429 582; x_wconf 83' lang='lat' dir='ltr'><strong>placerem,</strong></span> <span class='ocrx_word' id='word_1_46' title='bbox 1476 513 1686 571; x_wconf 86' lang='lat' dir='ltr'><strong>Christi</strong></span> 
     </span>
    </p>
   </div>
   <div class='ocr_carea' id='block_1_7' title="bbox 115 600 1684 673">
    <p class='ocr_par' dir='ltr' id='par_1_7' title="bbox 115 600 1684 673">
     <span class='ocr_line' id='line_1_7' title="bbox 115 600 1684 673; baseline 0.002 -13"><span class='ocrx_word' id='word_1_47' title='bbox 115 619 296 660; x_wconf 86' lang='lat' dir='ltr'><strong>servus</strong></span> <span class='ocrx_word' id='word_1_48' title='bbox 327 619 429 659; x_wconf 87' lang='lat' dir='ltr'><strong>non</strong></span> <span class='ocrx_word' id='word_1_49' title='bbox 453 616 653 658; x_wconf 85' lang='lat' dir='ltr'><strong>essem.</strong></span> <span class='ocrx_word' id='word_1_50' title='bbox 682 600 886 658; x_wconf 86' lang='lat' dir='ltr'><strong>Notum</strong></span> <span class='ocrx_word' id='word_1_51' title='bbox 915 602 1061 659; x_wconf 89' lang='lat' dir='ltr'><strong>enim</strong></span> <span class='ocrx_word' id='word_1_52' title='bbox 1085 603 1239 659; x_wconf 95' lang='lat' dir='ltr'><strong>vobis</strong></span> <span class='ocrx_word' id='word_1_53' title='bbox 1272 603 1431 669; x_wconf 83' lang='lat' dir='ltr'><strong>iacio,</strong></span> <span class='ocrx_word' id='word_1_54' title='bbox 1463 602 1684 673; x_wconf 72' lang='lat' dir='ltr'><strong>fratrea,</strong></span> 
     </span>
    </p>
   </div>
   <div class='ocr_carea' id='block_1_8' title="bbox 115 693 1687 767">
    <p class='ocr_par' dir='ltr' id='par_1_8' title="bbox 115 693 1687 767">
     <span class='ocr_line' id='line_1_8' title="bbox 115 693 1687 767; baseline 0 -14"><span class='ocrx_word' id='word_1_55' title='bbox 115 696 474 763; x_wconf 79' lang='lat' dir='ltr'><strong>Evangelium,</strong></span> <span class='ocrx_word' id='word_1_56' title='bbox 497 693 645 765; x_wconf 88' lang='lat' dir='ltr'><strong>quod</strong></span> <span class='ocrx_word' id='word_1_57' title='bbox 667 694 1096 763; x_wconf 80' lang='lat' dir='ltr'><strong>evangelizatum</strong></span> <span class='ocrx_word' id='word_1_58' title='bbox 1125 704 1209 754; x_wconf 86' lang='lat' dir='ltr'><strong>est</strong></span> <span class='ocrx_word' id='word_1_59' title='bbox 1230 711 1259 751; x_wconf 88' lang='lat' dir='ltr'><strong>a</strong></span> <span class='ocrx_word' id='word_1_60' title='bbox 1284 711 1400 763; x_wconf 88' lang='lat' dir='ltr'><strong>me,</strong></span> <span class='ocrx_word' id='word_1_61' title='bbox 1426 697 1551 767; x_wconf 82' lang='lat' dir='ltr'><strong>quia</strong></span> <span class='ocrx_word' id='word_1_62' title='bbox 1576 711 1687 757; x_wconf 87' lang='lat' dir='ltr'><strong>non</strong></span> 
     </span>
    </p>
   </div>
   <div class='ocr_carea' id='block_1_9' title="bbox 111 787 1689 859">
    <p class='ocr_par' dir='ltr' id='par_1_9' title="bbox 111 787 1689 859">
     <span class='ocr_line' id='line_1_9' title="bbox 111 787 1689 859; baseline 0.004 -14"><span class='ocrx_word' id='word_1_63' title='bbox 111 799 184 845; x_wconf 88' lang='lat' dir='ltr'><strong>est</strong></span> <span class='ocrx_word' id='word_1_64' title='bbox 201 789 498 847; x_wconf 88' lang='lat' dir='ltr'><strong>secundum</strong></span> <span class='ocrx_word' id='word_1_65' title='bbox 522 787 799 847; x_wconf 82' lang='lat' dir='ltr'><strong>hominem</strong></span> <span class='ocrx_word' id='word_1_66' title='bbox 828 806 839 840; x_wconf 88' lang='lat'><strong>:</strong></span> <span class='ocrx_word' id='word_1_67' title='bbox 867 804 1042 857; x_wconf 89' lang='lat' dir='ltr'><strong>neque</strong></span> <span class='ocrx_word' id='word_1_68' title='bbox 1071 790 1215 846; x_wconf 88' lang='lat' dir='ltr'><strong>enim</strong></span> <span class='ocrx_word' id='word_1_69' title='bbox 1238 806 1339 859; x_wconf 83' lang='lat' dir='ltr'><strong>ego</strong></span> <span class='ocrx_word' id='word_1_70' title='bbox 1367 791 1435 847; x_wconf 91' lang='lat' dir='ltr'><strong>ab</strong></span> <span class='ocrx_word' id='word_1_71' title='bbox 1466 789 1689 851; x_wconf 83' lang='lat' dir='ltr'><strong>homine</strong></span> 
     </span>
    </p>
   </div>
   <div class='ocr_carea' id='block_1_10' title="bbox 109 878 1686 951">
    <p class='ocr_par' dir='ltr' id='par_1_10' title="bbox 109 878 1686 951">
     <span class='ocr_line' id='line_1_10' title="bbox 109 878 1686 951; baseline 0.002 -13"><span class='ocrx_word' id='word_1_72' title='bbox 109 882 276 951; x_wconf 84' lang='lat' dir='ltr'><strong>accepi</strong></span> <span class='ocrx_word' id='word_1_73' title='bbox 308 880 457 944; x_wconf 91' lang='lat' dir='ltr'><strong>illud,</strong></span> <span class='ocrx_word' id='word_1_74' title='bbox 484 896 665 950; x_wconf 90' lang='lat' dir='ltr'><strong>neque</strong></span> <span class='ocrx_word' id='word_1_75' title='bbox 686 878 872 946; x_wconf 77' lang='lat' dir='ltr'><strong>didici,</strong></span> <span class='ocrx_word' id='word_1_76' title='bbox 898 881 990 937; x_wconf 86' lang='lat' dir='ltr'><strong>sed</strong></span> <span class='ocrx_word' id='word_1_77' title='bbox 1016 896 1113 951; x_wconf 89' lang='lat' dir='ltr'><strong>per</strong></span> <span class='ocrx_word' id='word_1_78' title='bbox 1145 882 1532 939; x_wconf 85' lang='lat' dir='ltr'><strong>revelationem</strong></span> <span class='ocrx_word' id='word_1_79' title='bbox 1556 881 1686 941; x_wconf 83' lang='lat' dir='ltr'><strong>Jesu</strong></span> 
     </span>
    </p>
   </div>
   <div class='ocr_carea' id='block_1_11' title="bbox 106 973 1684 1044">
    <p class='ocr_par' dir='ltr' id='par_1_11' title="bbox 106 973 1684 1044">
     <span class='ocr_line' id='line_1_11' title="bbox 106 973 1684 1044; baseline 0.005 -15"><span class='ocrx_word' id='word_1_80' title='bbox 106 974 307 1030; x_wconf 73' lang='lat' dir='ltr'><strong>Citristi.</strong></span> <span class='ocrx_word' id='word_1_81' title='bbox 344 973 594 1030; x_wconf 75' lang='lat' dir='ltr'><strong>Audistis</strong></span> <span class='ocrx_word' id='word_1_82' title='bbox 623 973 769 1033; x_wconf 89' lang='lat' dir='ltr'><strong>enim</strong></span> <span class='ocrx_word' id='word_1_83' title='bbox 798 976 1274 1033; x_wconf 83' lang='lat' dir='ltr'><strong>conversationem</strong></span> <span class='ocrx_word' id='word_1_84' title='bbox 1306 974 1597 1044; x_wconf 72' lang='lat' dir='ltr'><strong>aliquando</strong></span> <span class='ocrx_word' id='word_1_85' title='bbox 1628 976 1684 1037; x_wconf 86' lang='lat' dir='ltr'><strong>in</strong></span> 
     </span>
    </p>
   </div>
   <div class='ocr_carea' id='block_1_12' title="bbox 108 1065 1685 1138">
    <p class='ocr_par' dir='ltr' id='par_1_12' title="bbox 108 1065 1685 1138">
     <span class='ocr_line' id='line_1_12' title="bbox 108 1065 1685 1138; baseline 0.004 -16"><span class='ocrx_word' id='word_1_86' title='bbox 108 1066 367 1125; x_wconf 85' lang='lat' dir='ltr'><strong>Judaismo</strong></span> <span class='ocrx_word' id='word_1_87' title='bbox 386 1065 654 1136; x_wconf 83' lang='lat' dir='ltr'><strong>quoniam</strong></span> <span class='ocrx_word' id='word_1_88' title='bbox 678 1081 840 1135; x_wconf 80' lang='lat' dir='ltr'><strong>supra</strong></span> <span class='ocrx_word' id='word_1_89' title='bbox 865 1067 1084 1123; x_wconf 85' lang='lat' dir='ltr'><strong>modum</strong></span> <span class='ocrx_word' id='word_1_90' title='bbox 1113 1068 1475 1138; x_wconf 85' lang='lat' dir='ltr'><strong>persequebar</strong></span> <span class='ocrx_word' id='word_1_91' title='bbox 1497 1069 1685 1129; x_wconf 79' lang='lat' dir='ltr'><strong>Eccle-</strong></span> 
     </span>
    </p>
   </div>
   <div class='ocr_carea' id='block_1_13' title="bbox 108 1158 1679 1230">
    <p class='ocr_par' dir='ltr' id='par_1_13' title="bbox 108 1158 1679 1230">
     <span class='ocr_line' id='line_1_13' title="bbox 108 1158 1679 1230; baseline 0.006 -20"><span class='ocrx_word' id='word_1_92' title='bbox 108 1158 227 1215; x_wconf 86' lang='lat' dir='ltr'><strong>siam</strong></span> <span class='ocrx_word' id='word_1_93' title='bbox 259 1158 373 1227; x_wconf 87' lang='lat' dir='ltr'><strong>Dei,</strong></span> <span class='ocrx_word' id='word_1_94' title='bbox 419 1167 472 1212; x_wconf 89' lang='lat' dir='ltr'><strong>et</strong></span> <span class='ocrx_word' id='word_1_95' title='bbox 511 1158 892 1229; x_wconf 88' lang='lat' dir='ltr'><strong>expugnabam</strong></span> <span class='ocrx_word' id='word_1_96' title='bbox 925 1158 1097 1228; x_wconf 90' lang='lat' dir='ltr'><strong>illam,</strong></span> <span class='ocrx_word' id='word_1_97' title='bbox 1144 1170 1199 1217; x_wconf 90' lang='lat' dir='ltr'><strong>et</strong></span> <span class='ocrx_word' id='word_1_98' title='bbox 1230 1160 1581 1230; x_wconf 91' lang='lat' dir='ltr'><strong>proﬁciebam</strong></span> <span class='ocrx_word' id='word_1_99' title='bbox 1627 1162 1679 1221; x_wconf 93' lang='lat' dir='ltr'><strong>iu</strong></span> 
     </span>
    </p>
   </div>
   <div class='ocr_carea' id='block_1_14' title="bbox 110 1248 1681 1323">
    <p class='ocr_par' dir='ltr' id='par_1_14' title="bbox 110 1248 1681 1323">
     <span class='ocr_line' id='line_1_14' title="bbox 110 1248 1681 1323; baseline 0.004 -20"><span class='ocrx_word' id='word_1_100' title='bbox 110 1248 370 1305; x_wconf 84' lang='lat' dir='ltr'><strong>ludaismo</strong></span> <span class='ocrx_word' id='word_1_101' title='bbox 397 1262 569 1319; x_wconf 90' lang='lat' dir='ltr'><strong>supra</strong></span> <span class='ocrx_word' id='word_1_102' title='bbox 605 1249 810 1306; x_wconf 88' lang='lat' dir='ltr'><strong>multos</strong></span> <span class='ocrx_word' id='word_1_103' title='bbox 836 1260 1151 1308; x_wconf 58' lang='lat' dir='ltr'><strong>cotetaneos</strong></span> <span class='ocrx_word' id='word_1_104' title='bbox 1178 1266 1330 1313; x_wconf 84' lang='lat' dir='ltr'><strong>meos</strong></span> <span class='ocrx_word' id='word_1_105' title='bbox 1377 1252 1432 1313; x_wconf 88' lang='lat' dir='ltr'><strong>in</strong></span> <span class='ocrx_word' id='word_1_106' title='bbox 1475 1267 1681 1323; x_wconf 83' lang='lat' dir='ltr'><strong>genere</strong></span> 
     </span>
    </p>
   </div>
   <div class='ocr_carea' id='block_1_15' title="bbox 110 1343 1678 1416">
    <p class='ocr_par' dir='ltr' id='par_1_15' title="bbox 110 1343 1678 1416">
     <span class='ocr_line' id='line_1_15' title="bbox 110 1343 1678 1416; baseline 0.004 -15"><span class='ocrx_word' id='word_1_107' title='bbox 110 1358 237 1409; x_wconf 85' lang='lat' dir='ltr'><strong>meo,</strong></span> <span class='ocrx_word' id='word_1_108' title='bbox 282 1343 650 1403; x_wconf 70' lang='lat' dir='ltr'><strong>abundantius</strong></span> <span class='ocrx_word' id='word_1_109' title='bbox 694 1345 982 1404; x_wconf 71' lang='lat' dir='ltr'><strong>aemulator</strong></span> <span class='ocrx_word' id='word_1_110' title='bbox 1027 1347 1279 1403; x_wconf 73' lang='lat' dir='ltr'><strong>existens</strong></span> <span class='ocrx_word' id='word_1_111' title='bbox 1323 1355 1678 1416; x_wconf 83' lang='lat' dir='ltr'><strong>paternarum</strong></span> 
     </span>
    </p>
   </div>
   <div class='ocr_carea' id='block_1_16' title="bbox 110 1435 1679 1509">
    <p class='ocr_par' dir='ltr' id='par_1_16' title="bbox 110 1435 1679 1509">
     <span class='ocr_line' id='line_1_16' title="bbox 110 1435 1679 1509; baseline 0.003 -16"><span class='ocrx_word' id='word_1_112' title='bbox 110 1452 331 1493; x_wconf 84' lang='lat' dir='ltr'><strong>mearum</strong></span> <span class='ocrx_word' id='word_1_113' title='bbox 364 1435 746 1495; x_wconf 84' lang='lat' dir='ltr'><strong>traditionum.</strong></span> <span class='ocrx_word' id='word_1_114' title='bbox 769 1435 903 1497; x_wconf 84' lang='lat' dir='ltr'><strong>Cum</strong></span> <span class='ocrx_word' id='word_1_115' title='bbox 932 1446 1114 1497; x_wconf 88' lang='lat' dir='ltr'><strong>autem</strong></span> <span class='ocrx_word' id='word_1_116' title='bbox 1136 1438 1338 1509; x_wconf 76' lang='lat' dir='ltr'><strong>placuit</strong></span> <span class='ocrx_word' id='word_1_117' title='bbox 1367 1438 1439 1504; x_wconf 90' lang='lat' dir='ltr'><strong>ei,</strong></span> <span class='ocrx_word' id='word_1_118' title='bbox 1467 1440 1559 1509; x_wconf 90' lang='lat' dir='ltr'><strong>qui</strong></span> <span class='ocrx_word' id='word_1_119' title='bbox 1589 1454 1679 1497; x_wconf 89' lang='lat' dir='ltr'><strong>me</strong></span> 
     </span>
    </p>
   </div>
   <div class='ocr_carea' id='block_1_17' title="bbox 109 1528 1679 1602">
    <p class='ocr_par' dir='ltr' id='par_1_17' title="bbox 109 1528 1679 1602">
     <span class='ocr_line' id='line_1_17' title="bbox 109 1528 1679 1602; baseline 0.004 -20"><span class='ocrx_word' id='word_1_120' title='bbox 109 1528 390 1599; x_wconf 70' lang='lat' dir='ltr'><strong>segregavit</strong></span> <span class='ocrx_word' id='word_1_121' title='bbox 411 1543 480 1585; x_wconf 87' lang='lat' dir='ltr'><strong>ex</strong></span> <span class='ocrx_word' id='word_1_122' title='bbox 512 1538 668 1586; x_wconf 83' lang='lat' dir='ltr'><strong>utero</strong></span> <span class='ocrx_word' id='word_1_123' title='bbox 698 1530 889 1589; x_wconf 83' lang='lat' dir='ltr'><strong>matris</strong></span> <span class='ocrx_word' id='word_1_124' title='bbox 920 1545 1078 1599; x_wconf 69' lang='lat' dir='ltr'><strong>meae,</strong></span> <span class='ocrx_word' id='word_1_125' title='bbox 1110 1540 1166 1588; x_wconf 88' lang='lat' dir='ltr'><strong>et</strong></span> <span class='ocrx_word' id='word_1_126' title='bbox 1198 1531 1413 1589; x_wconf 89' lang='lat' dir='ltr'><strong>vocavit</strong></span> <span class='ocrx_word' id='word_1_127' title='bbox 1438 1546 1534 1601; x_wconf 90' lang='lat' dir='ltr'><strong>per</strong></span> <span class='ocrx_word' id='word_1_128' title='bbox 1553 1546 1679 1602; x_wconf 87' lang='lat' dir='ltr'><strong>gra-</strong></span> 
     </span>
    </p>
   </div>
   <div class='ocr_carea' id='block_1_18' title="bbox 111 1622 1677 1692">
    <p class='ocr_par' dir='ltr' id='par_1_18' title="bbox 111 1622 1677 1692">
     <span class='ocr_line' id='line_1_18' title="bbox 111 1622 1677 1692; baseline 0.004 -17"><span class='ocrx_word' id='word_1_129' title='bbox 111 1623 221 1677; x_wconf 84' lang='lat' dir='ltr'><strong>tiam</strong></span> <span class='ocrx_word' id='word_1_130' title='bbox 250 1636 425 1687; x_wconf 88' lang='lat' dir='ltr'><strong>suam,</strong></span> <span class='ocrx_word' id='word_1_131' title='bbox 472 1630 531 1681; x_wconf 88' lang='lat' dir='ltr'><strong>ut</strong></span> <span class='ocrx_word' id='word_1_132' title='bbox 580 1622 850 1683; x_wconf 83' lang='lat' dir='ltr'><strong>revelaret</strong></span> <span class='ocrx_word' id='word_1_133' title='bbox 903 1622 1107 1683; x_wconf 83' lang='lat' dir='ltr'><strong>Filium</strong></span> <span class='ocrx_word' id='word_1_134' title='bbox 1150 1638 1307 1682; x_wconf 87' lang='lat' dir='ltr'><strong>suum</strong></span> <span class='ocrx_word' id='word_1_135' title='bbox 1359 1625 1413 1681; x_wconf 92' lang='lat' dir='ltr'><strong>in</strong></span> <span class='ocrx_word' id='word_1_136' title='bbox 1462 1640 1569 1692; x_wconf 92' lang='lat' dir='ltr'><strong>me,</strong></span> <span class='ocrx_word' id='word_1_137' title='bbox 1617 1633 1677 1681; x_wconf 88' lang='lat' dir='ltr'><strong>ut</strong></span> 
     </span>
    </p>
   </div>
   <div class='ocr_carea' id='block_1_19' title="bbox 110 1714 1199 1787">
    <p class='ocr_par' dir='ltr' id='par_1_19' title="bbox 110 1714 1199 1787">
     <span class='ocr_line' id='line_1_19' title="bbox 110 1714 1199 1787; baseline 0.005 -17"><span class='ocrx_word' id='word_1_138' title='bbox 110 1714 511 1785; x_wconf 67' lang='lat' dir='ltr'><strong>evangeliearem</strong></span> <span class='ocrx_word' id='word_1_139' title='bbox 566 1716 721 1772; x_wconf 90' lang='lat' dir='ltr'><strong>illum</strong></span> <span class='ocrx_word' id='word_1_140' title='bbox 771 1717 827 1771; x_wconf 93' lang='lat' dir='ltr'><strong>in</strong></span> <span class='ocrx_word' id='word_1_141' title='bbox 878 1718 1136 1787; x_wconf 73' lang='lat' dir='ltr'><strong>gentibus</strong></span> <span class='ocrx_word' id='word_1_142' title='bbox 1184 1734 1199 1775; x_wconf 84' lang='lat'><strong>:</strong></span> 
     </span>
    </p>
   </div>
   <div class='ocr_carea' id='block_1_20' title="bbox 115 1810 1675 1884">
    <p class='ocr_par' dir='ltr' id='par_1_20' title="bbox 115 1810 1675 1884">
     <span class='ocr_line' id='line_1_20' title="bbox 115 1810 1675 1884; baseline 0.004 -22"><span class='ocrx_word' id='word_1_143' title='bbox 115 1810 333 1879; x_wconf 80' lang='lat' dir='ltr'><strong>acquievi</strong></span> <span class='ocrx_word' id='word_1_144' title='bbox 359 1812 514 1867; x_wconf 90' lang='lat' dir='ltr'><strong>carni</strong></span> <span class='ocrx_word' id='word_1_145' title='bbox 538 1817 593 1866; x_wconf 90' lang='lat' dir='ltr'><strong>et</strong></span> <span class='ocrx_word' id='word_1_146' title='bbox 612 1811 887 1882; x_wconf 74' lang='lat' dir='ltr'><strong>sanguini.</strong></span> <span class='ocrx_word' id='word_1_147' title='bbox 910 1810 1100 1881; x_wconf 86' lang='lat' dir='ltr'><strong>Neque</strong></span> <span class='ocrx_word' id='word_1_148' title='bbox 1128 1812 1250 1868; x_wconf 84' lang='lat' dir='ltr'><strong>veni</strong></span> <span class='ocrx_word' id='word_1_149' title='bbox 1276 1810 1675 1884; x_wconf 80' lang='lat' dir='ltr'><strong>Jerosolymam</strong></span> 
     </span>
    </p>
   </div>
   <div class='ocr_carea' id='block_1_21' title="bbox 110 1900 1673 1974">
    <p class='ocr_par' dir='ltr' id='par_1_21' title="bbox 110 1900 1673 1974">
     <span class='ocr_line' id='line_1_21' title="bbox 110 1900 1673 1974; baseline 0.002 -17"><span class='ocrx_word' id='word_1_150' title='bbox 110 1900 165 1957; x_wconf 89' lang='lat' dir='ltr'><strong>ad</strong></span> <span class='ocrx_word' id='word_1_151' title='bbox 186 1909 552 1961; x_wconf 89' lang='lat' dir='ltr'><strong>antecessores</strong></span> <span class='ocrx_word' id='word_1_152' title='bbox 571 1917 727 1963; x_wconf 88' lang='lat' dir='ltr'><strong>meos</strong></span> <span class='ocrx_word' id='word_1_153' title='bbox 743 1903 1050 1974; x_wconf 82' lang='lat' dir='ltr'><strong>apostolos:</strong></span> <span class='ocrx_word' id='word_1_154' title='bbox 1069 1904 1164 1961; x_wconf 90' lang='lat' dir='ltr'><strong>sed</strong></span> <span class='ocrx_word' id='word_1_155' title='bbox 1185 1903 1295 1961; x_wconf 88' lang='lat' dir='ltr'><strong>abii</strong></span> <span class='ocrx_word' id='word_1_156' title='bbox 1315 1907 1366 1961; x_wconf 90' lang='lat' dir='ltr'><strong>in</strong></span> <span class='ocrx_word' id='word_1_157' title='bbox 1392 1905 1673 1965; x_wconf 84' lang='lat' dir='ltr'><strong>Arabiam:</strong></span> 
     </span>
    </p>
   </div>
   <div class='ocr_carea' id='block_1_22' title="bbox 107 1995 1681 2069">
    <p class='ocr_par' dir='ltr' id='par_1_22' title="bbox 107 1995 1681 2069">
     <span class='ocr_line' id='line_1_22' title="bbox 107 1995 1681 2069; baseline 0.005 -20"><span class='ocrx_word' id='word_1_158' title='bbox 107 2005 149 2049; x_wconf 89' lang='lat' dir='ltr'><strong>et</strong></span> <span class='ocrx_word' id='word_1_159' title='bbox 190 1995 375 2053; x_wconf 89' lang='lat' dir='ltr'><strong>iterum</strong></span> <span class='ocrx_word' id='word_1_160' title='bbox 426 2011 681 2057; x_wconf 77' lang='lat' dir='ltr'><strong>reversus</strong></span> <span class='ocrx_word' id='word_1_161' title='bbox 726 2012 846 2053; x_wconf 83' lang='lat' dir='ltr'><strong>sum</strong></span> <span class='ocrx_word' id='word_1_162' title='bbox 898 1999 1223 2055; x_wconf 81' lang='lat' dir='ltr'><strong>Damascum</strong></span> <span class='ocrx_word' id='word_1_163' title='bbox 1258 2015 1270 2055; x_wconf 85' lang='lat'>:</span> <span class='ocrx_word' id='word_1_164' title='bbox 1305 1998 1506 2057; x_wconf 89' lang='lat' dir='ltr'><strong>deinde</strong></span> <span class='ocrx_word' id='word_1_165' title='bbox 1558 2006 1681 2069; x_wconf 85' lang='lat' dir='ltr'><strong>post</strong></span> 
     </span>
    </p>
   </div>
   <div class='ocr_carea' id='block_1_23' title="bbox 106 2087 1679 2160">
    <p class='ocr_par' dir='ltr' id='par_1_23' title="bbox 106 2087 1679 2160">
     <span class='ocr_line' id='line_1_23' title="bbox 106 2087 1679 2160; baseline 0.006 -21"><span class='ocrx_word' id='word_1_166' title='bbox 106 2100 257 2143; x_wconf 85' lang='lat' dir='ltr'><strong>annos</strong></span> <span class='ocrx_word' id='word_1_167' title='bbox 305 2096 414 2145; x_wconf 88' lang='lat' dir='ltr'><strong>tres</strong></span> <span class='ocrx_word' id='word_1_168' title='bbox 467 2088 596 2145; x_wconf 86' lang='lat' dir='ltr'><strong>veni</strong></span> <span class='ocrx_word' id='word_1_169' title='bbox 645 2087 1043 2160; x_wconf 80' lang='lat' dir='ltr'><strong>Jerosolymam</strong></span> <span class='ocrx_word' id='word_1_170' title='bbox 1098 2090 1287 2147; x_wconf 82' lang='lat' dir='ltr'><strong>videre</strong></span> <span class='ocrx_word' id='word_1_171' title='bbox 1332 2090 1578 2154; x_wconf 87' lang='lat' dir='ltr'><strong>Petrum,</strong></span> <span class='ocrx_word' id='word_1_172' title='bbox 1623 2100 1679 2149; x_wconf 90' lang='lat' dir='ltr'><strong>et</strong></span> 
     </span>
    </p>
   </div>
   <div class='ocr_carea' id='block_1_24' title="bbox 108 2181 1675 2252">
    <p class='ocr_par' dir='ltr' id='par_1_24' title="bbox 108 2181 1675 2252">
     <span class='ocr_line' id='line_1_24' title="bbox 108 2181 1675 2252; baseline 0.005 -19"><span class='ocrx_word' id='word_1_173' title='bbox 108 2181 258 2237; x_wconf 80' lang='lat' dir='ltr'><strong>mansi</strong></span> <span class='ocrx_word' id='word_1_174' title='bbox 300 2181 443 2250; x_wconf 87' lang='lat' dir='ltr'><strong>apud</strong></span> <span class='ocrx_word' id='word_1_175' title='bbox 474 2197 600 2239; x_wconf 89' lang='lat' dir='ltr'><strong>eum</strong></span> <span class='ocrx_word' id='word_1_176' title='bbox 645 2181 844 2239; x_wconf 86' lang='lat' dir='ltr'><strong>diebus</strong></span> <span class='ocrx_word' id='word_1_177' title='bbox 885 2182 1217 2252; x_wconf 77' lang='lat' dir='ltr'><strong>quindecim.</strong></span> <span class='ocrx_word' id='word_1_178' title='bbox 1268 2184 1463 2243; x_wconf 91' lang='lat' dir='ltr'><strong>Alium</strong></span> <span class='ocrx_word' id='word_1_179' title='bbox 1493 2193 1675 2240; x_wconf 90' lang='lat' dir='ltr'><strong>autem</strong></span> 
     </span>
    </p>
   </div>
   <div class='ocr_carea' id='block_1_25' title="bbox 108 2273 1675 2341">
    <p class='ocr_par' dir='ltr' id='par_1_25' title="bbox 108 2273 1675 2341">
     <span class='ocr_line' id='line_1_25' title="bbox 108 2273 1675 2341; baseline 0.003 -16"><span class='ocrx_word' id='word_1_180' title='bbox 108 2273 445 2341; x_wconf 86' lang='lat' dir='ltr'><strong>apostolorum</strong></span> <span class='ocrx_word' id='word_1_181' title='bbox 500 2274 617 2331; x_wconf 90' lang='lat' dir='ltr'><strong>vidi</strong></span> <span class='ocrx_word' id='word_1_182' title='bbox 661 2276 958 2339; x_wconf 83' lang='lat' dir='ltr'><strong>neminem,</strong></span> <span class='ocrx_word' id='word_1_183' title='bbox 1012 2273 1118 2331; x_wconf 89' lang='lat' dir='ltr'><strong>nisi</strong></span> <span class='ocrx_word' id='word_1_184' title='bbox 1158 2276 1419 2331; x_wconf 86' lang='lat' dir='ltr'><strong>Jacobum</strong></span> <span class='ocrx_word' id='word_1_185' title='bbox 1453 2274 1675 2333; x_wconf 83' lang='lat' dir='ltr'><strong>fratrem</strong></span> 
     </span>
    </p>
   </div>
   <div class='ocr_carea' id='block_1_26' title="bbox 109 2362 1674 2434">
    <p class='ocr_par' dir='ltr' id='par_1_26' title="bbox 109 2362 1674 2434">
     <span class='ocr_line' id='line_1_26' title="bbox 109 2362 1674 2434; baseline 0.003 -16"><span class='ocrx_word' id='word_1_186' title='bbox 109 2362 318 2425; x_wconf 88' lang='lat' dir='ltr'><strong>Domini.</strong></span> <span class='ocrx_word' id='word_1_187' title='bbox 349 2364 480 2434; x_wconf 74' lang='lat' dir='ltr'><strong>Quae</strong></span> <span class='ocrx_word' id='word_1_188' title='bbox 504 2374 691 2425; x_wconf 82' lang='lat' dir='ltr'><strong>autem</strong></span> <span class='ocrx_word' id='word_1_189' title='bbox 719 2366 904 2427; x_wconf 85' lang='lat' dir='ltr'><strong>scribo</strong></span> <span class='ocrx_word' id='word_1_190' title='bbox 939 2366 1094 2425; x_wconf 85' lang='lat' dir='ltr'><strong>vobis</strong></span> <span class='ocrx_word' id='word_1_191' title='bbox 1127 2384 1139 2421; x_wconf 91' lang='lat'><strong>:</strong></span> <span class='ocrx_word' id='word_1_192' title='bbox 1174 2381 1302 2425; x_wconf 75' lang='lat' dir='ltr'><strong>ecce</strong></span> <span class='ocrx_word' id='word_1_193' title='bbox 1324 2381 1507 2422; x_wconf 91' lang='lat' dir='ltr'><strong>coram</strong></span> <span class='ocrx_word' id='word_1_194' title='bbox 1539 2366 1674 2434; x_wconf 90' lang='lat' dir='ltr'><strong>Deo,</strong></span> 
     </span>
    </p>
   </div>
   <div class='ocr_carea' id='block_1_27' title="bbox 107 2456 1677 2530">
    <p class='ocr_par' dir='ltr' id='par_1_27' title="bbox 107 2456 1677 2530">
     <span class='ocr_line' id='line_1_27' title="bbox 107 2456 1677 2530; baseline 0.004 -21"><span class='ocrx_word' id='word_1_195' title='bbox 107 2456 208 2523; x_wconf 85' lang='lat' dir='ltr'><strong>quia</strong></span> <span class='ocrx_word' id='word_1_196' title='bbox 235 2471 337 2515; x_wconf 87' lang='lat' dir='ltr'><strong>non</strong></span> <span class='ocrx_word' id='word_1_197' title='bbox 366 2458 633 2513; x_wconf 87' lang='lat' dir='ltr'><strong>mentior.</strong></span> <span class='ocrx_word' id='word_1_198' title='bbox 671 2457 872 2513; x_wconf 87' lang='lat' dir='ltr'><strong>Deinde</strong></span> <span class='ocrx_word' id='word_1_199' title='bbox 902 2458 1027 2515; x_wconf 85' lang='lat' dir='ltr'><strong>veni</strong></span> <span class='ocrx_word' id='word_1_200' title='bbox 1058 2458 1112 2514; x_wconf 90' lang='lat' dir='ltr'><strong>in</strong></span> <span class='ocrx_word' id='word_1_201' title='bbox 1173 2469 1354 2527; x_wconf 89' lang='lat' dir='ltr'><strong>partes</strong></span> <span class='ocrx_word' id='word_1_202' title='bbox 1393 2458 1568 2530; x_wconf 74' lang='lat' dir='ltr'><strong>Syriae</strong></span> <span class='ocrx_word' id='word_1_203' title='bbox 1620 2468 1677 2515; x_wconf 90' lang='lat' dir='ltr'><strong>et</strong></span> 
     </span>
    </p>
   </div>
   <div class='ocr_carea' id='block_1_28' title="bbox 107 2544 1674 2621">
    <p class='ocr_par' dir='ltr' id='par_1_28' title="bbox 107 2544 1674 2621">
     <span class='ocr_line' id='line_1_28' title="bbox 107 2544 1674 2621; baseline 0.003 -18"><span class='ocrx_word' id='word_1_204' title='bbox 107 2544 300 2604; x_wconf 68' lang='lat' dir='ltr'><strong>Ciliciae.</strong></span> <span class='ocrx_word' id='word_1_205' title='bbox 328 2547 494 2607; x_wconf 79' lang='lat' dir='ltr'><strong>Eram</strong></span> <span class='ocrx_word' id='word_1_206' title='bbox 530 2558 719 2605; x_wconf 86' lang='lat' dir='ltr'><strong>autem</strong></span> <span class='ocrx_word' id='word_1_207' title='bbox 746 2551 959 2621; x_wconf 88' lang='lat' dir='ltr'><strong>ignotus</strong></span> <span class='ocrx_word' id='word_1_208' title='bbox 986 2549 1123 2609; x_wconf 81' lang='lat' dir='ltr'><strong>facie</strong></span> <span class='ocrx_word' id='word_1_209' title='bbox 1163 2550 1421 2609; x_wconf 83' lang='lat' dir='ltr'><strong>Ecclesiis</strong></span> <span class='ocrx_word' id='word_1_210' title='bbox 1448 2549 1674 2620; x_wconf 60' lang='lat' dir='ltr'><strong>«indm,</strong></span> 
     </span>
    </p>
   </div>
   <div class='ocr_carea' id='block_1_29' title="bbox 107 2641 1677 2713">
    <p class='ocr_par' dir='ltr' id='par_1_29' title="bbox 107 2641 1677 2713">
     <span class='ocr_line' id='line_1_29' title="bbox 107 2641 1677 2713; baseline 0.004 -19"><span class='ocrx_word' id='word_1_211' title='bbox 107 2654 207 2713; x_wconf 68' lang='lat' dir='ltr'><strong>qure</strong></span> <span class='ocrx_word' id='word_1_212' title='bbox 232 2652 382 2699; x_wconf 90' lang='lat' dir='ltr'><strong>erant</strong></span> <span class='ocrx_word' id='word_1_213' title='bbox 408 2643 462 2698; x_wconf 93' lang='lat' dir='ltr'><strong>in</strong></span> <span class='ocrx_word' id='word_1_214' title='bbox 492 2641 720 2703; x_wconf 82' lang='lat' dir='ltr'><strong>Christo</strong></span> <span class='ocrx_word' id='word_1_215' title='bbox 746 2660 760 2699; x_wconf 87' lang='lat'><strong>:</strong></span> <span class='ocrx_word' id='word_1_216' title='bbox 791 2652 1000 2699; x_wconf 89' lang='lat' dir='ltr'><strong>tantum</strong></span> <span class='ocrx_word' id='word_1_217' title='bbox 1025 2652 1209 2701; x_wconf 88' lang='lat' dir='ltr'><strong>autem</strong></span> <span class='ocrx_word' id='word_1_218' title='bbox 1235 2644 1477 2703; x_wconf 87' lang='lat' dir='ltr'><strong>auditum</strong></span> <span class='ocrx_word' id='word_1_219' title='bbox 1508 2644 1677 2700; x_wconf 34' lang='lat' dir='ltr'><strong>habes</strong></span> 
     </span>
    </p>
   </div>
   <div class='ocr_carea' id='block_1_30' title="bbox 106 2729 1674 2809">
    <p class='ocr_par' dir='ltr' id='par_1_30' title="bbox 106 2729 1674 2809">
     <span class='ocr_line' id='line_1_30' title="bbox 106 2729 1674 2809; baseline 0.003 -20"><span class='ocrx_word' id='word_1_220' title='bbox 106 2729 248 2789; x_wconf 87' lang='lat' dir='ltr'><strong>bant:</strong></span> <span class='ocrx_word' id='word_1_221' title='bbox 280 2734 551 2803; x_wconf 86' lang='lat' dir='ltr'><strong>Quoniam</strong></span> <span class='ocrx_word' id='word_1_222' title='bbox 597 2735 691 2804; x_wconf 91' lang='lat' dir='ltr'><strong>qni</strong></span> <span class='ocrx_word' id='word_1_223' title='bbox 740 2735 1169 2807; x_wconf 85' lang='lat' dir='ltr'><strong>persequebatur</strong></span> <span class='ocrx_word' id='word_1_224' title='bbox 1216 2752 1317 2795; x_wconf 88' lang='lat' dir='ltr'><strong>nos</strong></span> <span class='ocrx_word' id='word_1_225' title='bbox 1358 2737 1674 2809; x_wconf 88' lang='lat' dir='ltr'><strong>aliquando,</strong></span> 
     </span>
    </p>
   </div>
   <div class='ocr_carea' id='block_1_31' title="bbox 106 2825 1678 2900">
    <p class='ocr_par' dir='ltr' id='par_1_31' title="bbox 106 2825 1678 2900">
     <span class='ocr_line' id='line_1_31' title="bbox 106 2825 1678 2900; baseline 0.006 -27"><span class='ocrx_word' id='word_1_226' title='bbox 106 2836 227 2879; x_wconf 87' lang='lat' dir='ltr'><strong>nunc</strong></span> <span class='ocrx_word' id='word_1_227' title='bbox 266 2826 611 2898; x_wconf 78' lang='lat' dir='ltr'><strong>evangelizat</strong></span> <span class='ocrx_word' id='word_1_228' title='bbox 661 2825 851 2893; x_wconf 93' lang='lat' dir='ltr'><strong>ﬁdem,</strong></span> <span class='ocrx_word' id='word_1_229' title='bbox 885 2843 1044 2897; x_wconf 89' lang='lat' dir='ltr'><strong>quam</strong></span> <span class='ocrx_word' id='word_1_230' title='bbox 1077 2826 1373 2899; x_wconf 86' lang='lat' dir='ltr'><strong>aliquando</strong></span> <span class='ocrx_word' id='word_1_231' title='bbox 1400 2843 1678 2900; x_wconf 79' lang='lat' dir='ltr'><strong>expugna-</strong></span> 
     </span>
    </p>
   </div>
   <div class='ocr_carea' id='block_1_32' title="bbox 106 2911 1137 2979">
    <p class='ocr_par' dir='ltr' id='par_1_32' title="bbox 106 2911 1137 2979">
     <span class='ocr_line' id='line_1_32' title="bbox 106 2911 1137 2979; baseline 0.005 -11"><span class='ocrx_word' id='word_1_232' title='bbox 106 2911 182 2971; x_wconf 83' lang='lat' dir='ltr'><strong>bat</strong></span> <span class='ocrx_word' id='word_1_233' title='bbox 205 2933 217 2970; x_wconf 90' lang='lat'><strong>:</strong></span> <span class='ocrx_word' id='word_1_234' title='bbox 244 2925 294 2972; x_wconf 90' lang='lat' dir='ltr'><strong>et</strong></span> <span class='ocrx_word' id='word_1_235' title='bbox 320 2918 373 2977; x_wconf 88' lang='lat' dir='ltr'><strong>in</strong></span> <span class='ocrx_word' id='word_1_236' title='bbox 405 2932 493 2977; x_wconf 88' lang='lat' dir='ltr'><strong>me</strong></span> <span class='ocrx_word' id='word_1_237' title='bbox 525 2916 916 2977; x_wconf 84' lang='lat' dir='ltr'><strong>ciariﬁcabant</strong></span> <span class='ocrx_word' id='word_1_238' title='bbox 945 2918 1137 2979; x_wconf 85' lang='lat' dir='ltr'><strong>Deum.</strong></span> 
     </span>
    </p>
   </div>
   <div class='ocr_carea' id='block_1_33' title="bbox 162 3006 1676 3082">
    <p class='ocr_par' dir='ltr' id='par_1_33' title="bbox 162 3006 1676 3082">
     <span class='ocr_line' id='line_1_33' title="bbox 162 3006 1676 3082; baseline 0.005 -21"><span class='ocrx_word' id='word_1_239' title='bbox 162 3007 174 3076; x_wconf 70' lang='lat' dir='ltr'><strong>i</strong></span> <span class='ocrx_word' id='word_1_240' title='bbox 180 3006 295 3079; x_wconf 86' lang='lat' dir='ltr'><strong>Cap.</strong></span> <span class='ocrx_word' id='word_1_241' title='bbox 322 3008 412 3081; x_wconf 72' lang='lat' dir='ltr'><strong>li.)</strong></span> <span class='ocrx_word' id='word_1_242' title='bbox 433 3010 649 3071; x_wconf 89' lang='lat' dir='ltr'><strong>Deinde</strong></span> <span class='ocrx_word' id='word_1_243' title='bbox 674 3019 801 3082; x_wconf 87' lang='lat' dir='ltr'><strong>post</strong></span> <span class='ocrx_word' id='word_1_244' title='bbox 822 3025 994 3067; x_wconf 89' lang='lat' dir='ltr'><strong>annos</strong></span> <span class='ocrx_word' id='word_1_245' title='bbox 1018 3011 1454 3080; x_wconf 88' lang='lat' dir='ltr'><strong>quatuordccim,</strong></span> <span class='ocrx_word' id='word_1_246' title='bbox 1477 3012 1676 3069; x_wconf 89' lang='lat' dir='ltr'><strong>iterum</strong></span> 
     </span>
    </p>
   </div>
   <div class='ocr_carea' id='block_1_34' title="bbox 1789 512 3384 584">
    <p class='ocr_par' dir='ltr' id='par_1_34' title="bbox 1789 512 3384 584">
     <span class='ocr_line' id='line_1_34' title="bbox 1789 512 3384 584; baseline 0.002 -16"><span class='ocrx_word' id='word_1_247' title='bbox 1789 512 2007 582; x_wconf 87' lang='lat' dir='ltr'><strong>Cephas</strong></span> <span class='ocrx_word' id='word_1_248' title='bbox 2038 513 2406 582; x_wconf 84' lang='lat' dir='ltr'><strong>Antiochiam,</strong></span> <span class='ocrx_word' id='word_1_249' title='bbox 2444 515 2497 570; x_wconf 91' lang='lat' dir='ltr'><strong>in</strong></span> <span class='ocrx_word' id='word_1_250' title='bbox 2530 513 2721 571; x_wconf 76' lang='lat' dir='ltr'><strong>faciem</strong></span> <span class='ocrx_word' id='word_1_251' title='bbox 2744 512 2793 568; x_wconf 92' lang='lat' dir='ltr'><strong>ei</strong></span> <span class='ocrx_word' id='word_1_252' title='bbox 2820 512 3017 580; x_wconf 86' lang='lat' dir='ltr'><strong>restiti,</strong></span> <span class='ocrx_word' id='word_1_253' title='bbox 3041 513 3165 584; x_wconf 83' lang='lat' dir='ltr'><strong>quia</strong></span> <span class='ocrx_word' id='word_1_254' title='bbox 3195 529 3384 583; x_wconf 85' lang='lat' dir='ltr'><strong>repre-</strong></span> 
     </span>
    </p>
   </div>
   <div class='ocr_carea' id='block_1_35' title="bbox 1789 603 3381 677">
    <p class='ocr_par' dir='ltr' id='par_1_35' title="bbox 1789 603 3381 677">
     <span class='ocr_line' id='line_1_35' title="bbox 1789 603 3381 677; baseline 0.005 -19"><span class='ocrx_word' id='word_1_255' title='bbox 1789 603 2075 661; x_wconf 86' lang='lat' dir='ltr'><strong>hensibilis</strong></span> <span class='ocrx_word' id='word_1_256' title='bbox 2101 615 2239 662; x_wconf 86' lang='lat' dir='ltr'><strong>erat.</strong></span> <span class='ocrx_word' id='word_1_257' title='bbox 2274 606 2429 663; x_wconf 85' lang='lat' dir='ltr'><strong>Prius</strong></span> <span class='ocrx_word' id='word_1_258' title='bbox 2464 606 2609 662; x_wconf 90' lang='lat' dir='ltr'><strong>enim</strong></span> <span class='ocrx_word' id='word_1_259' title='bbox 2635 620 2798 677; x_wconf 88' lang='lat' dir='ltr'><strong>quam</strong></span> <span class='ocrx_word' id='word_1_260' title='bbox 2822 604 3074 662; x_wconf 87' lang='lat' dir='ltr'><strong>venirent</strong></span> <span class='ocrx_word' id='word_1_261' title='bbox 3101 606 3322 677; x_wconf 89' lang='lat' dir='ltr'><strong>quidam</strong></span> <span class='ocrx_word' id='word_1_262' title='bbox 3347 622 3381 666; x_wconf 85' lang='lat' dir='ltr'><strong>a</strong></span> 
     </span>
    </p>
   </div>
   <div class='ocr_carea' id='block_1_36' title="bbox 1786 698 3378 770">
    <p class='ocr_par' dir='ltr' id='par_1_36' title="bbox 1786 698 3378 770">
     <span class='ocr_line' id='line_1_36' title="bbox 1786 698 3378 770; baseline 0.003 -17"><span class='ocrx_word' id='word_1_263' title='bbox 1786 698 2012 765; x_wconf 77' lang='lat' dir='ltr'><strong>iacebo,</strong></span> <span class='ocrx_word' id='word_1_264' title='bbox 2052 713 2173 755; x_wconf 91' lang='lat' dir='ltr'><strong>cum</strong></span> <span class='ocrx_word' id='word_1_265' title='bbox 2201 700 2453 770; x_wconf 77' lang='lat' dir='ltr'><strong>gentibus</strong></span> <span class='ocrx_word' id='word_1_266' title='bbox 2483 700 2679 757; x_wconf 87' lang='lat' dir='ltr'><strong>edebat</strong></span> <span class='ocrx_word' id='word_1_267' title='bbox 2710 718 2724 756; x_wconf 88' lang='lat'><strong>:</strong></span> <span class='ocrx_word' id='word_1_268' title='bbox 2755 715 2876 758; x_wconf 90' lang='lat' dir='ltr'><strong>cum</strong></span> <span class='ocrx_word' id='word_1_269' title='bbox 2906 711 3087 757; x_wconf 87' lang='lat' dir='ltr'><strong>autem</strong></span> <span class='ocrx_word' id='word_1_270' title='bbox 3117 703 3378 767; x_wconf 87' lang='lat' dir='ltr'><strong>venisset,</strong></span> 
     </span>
    </p>
   </div>
   <div class='ocr_carea' id='block_1_37' title="bbox 1786 789 3380 863">
    <p class='ocr_par' dir='ltr' id='par_1_37' title="bbox 1786 789 3380 863">
     <span class='ocr_line' id='line_1_37' title="bbox 1786 789 3380 863; baseline 0.004 -20"><span class='ocrx_word' id='word_1_271' title='bbox 1786 789 2140 846; x_wconf 84' lang='lat' dir='ltr'><strong>subtrahebat</strong></span> <span class='ocrx_word' id='word_1_272' title='bbox 2168 802 2222 847; x_wconf 91' lang='lat' dir='ltr'><strong>et</strong></span> <span class='ocrx_word' id='word_1_273' title='bbox 2248 792 2565 863; x_wconf 85' lang='lat' dir='ltr'><strong>segregabat</strong></span> <span class='ocrx_word' id='word_1_274' title='bbox 2596 808 2681 860; x_wconf 90' lang='lat' dir='ltr'><strong>se,</strong></span> <span class='ocrx_word' id='word_1_275' title='bbox 2712 794 2910 853; x_wconf 89' lang='lat' dir='ltr'><strong>timens</strong></span> <span class='ocrx_word' id='word_1_276' title='bbox 2940 806 3037 850; x_wconf 84' lang='lat' dir='ltr'><strong>eos</strong></span> <span class='ocrx_word' id='word_1_277' title='bbox 3065 790 3154 863; x_wconf 89' lang='lat' dir='ltr'><strong>qui</strong></span> <span class='ocrx_word' id='word_1_278' title='bbox 3182 809 3246 853; x_wconf 92' lang='lat' dir='ltr'><strong>ex</strong></span> <span class='ocrx_word' id='word_1_279' title='bbox 3270 794 3380 850; x_wconf 90' lang='lat' dir='ltr'><strong>cir-</strong></span> 
     </span>
    </p>
   </div>
   <div class='ocr_carea' id='block_1_38' title="bbox 1786 884 3381 956">
    <p class='ocr_par' dir='ltr' id='par_1_38' title="bbox 1786 884 3381 956">
     <span class='ocr_line' id='line_1_38' title="bbox 1786 884 3381 956; baseline 0.001 -18"><span class='ocrx_word' id='word_1_280' title='bbox 1786 884 2122 940; x_wconf 85' lang='lat' dir='ltr'><strong>cumcisione</strong></span> <span class='ocrx_word' id='word_1_281' title='bbox 2145 895 2321 940; x_wconf 89' lang='lat' dir='ltr'><strong>erant.</strong></span> <span class='ocrx_word' id='word_1_282' title='bbox 2358 884 2427 941; x_wconf 84' lang='lat' dir='ltr'><strong>Et</strong></span> <span class='ocrx_word' id='word_1_283' title='bbox 2463 885 2797 941; x_wconf 89' lang='lat' dir='ltr'><strong>simulationi</strong></span> <span class='ocrx_word' id='word_1_284' title='bbox 2831 886 2947 956; x_wconf 85' lang='lat' dir='ltr'><strong>ejus</strong></span> <span class='ocrx_word' id='word_1_285' title='bbox 2981 894 3381 943; x_wconf 87' lang='lat' dir='ltr'><strong>consenserunt</strong></span> 
     </span>
    </p>
   </div>
   <div class='ocr_carea' id='block_1_39' title="bbox 1785 974 3372 1039">
    <p class='ocr_par' dir='ltr' id='par_1_39' title="bbox 1785 974 3372 1039">
     <span class='ocr_line' id='line_1_39' title="bbox 1785 974 3372 1039; baseline 0.003 -11"><span class='ocrx_word' id='word_1_286' title='bbox 1785 974 1975 1030; x_wconf 60' lang='lat' dir='ltr'><strong>caeteri</strong></span> <span class='ocrx_word' id='word_1_287' title='bbox 2006 974 2200 1039; x_wconf 63' lang='lat' dir='ltr'><strong>Judmi,</strong></span> <span class='ocrx_word' id='word_1_288' title='bbox 2227 974 2299 1031; x_wconf 91' lang='lat' dir='ltr'><strong>ita</strong></span> <span class='ocrx_word' id='word_1_289' title='bbox 2324 985 2380 1031; x_wconf 91' lang='lat' dir='ltr'><strong>ut</strong></span> <span class='ocrx_word' id='word_1_290' title='bbox 2406 988 2461 1032; x_wconf 90' lang='lat' dir='ltr'><strong>et</strong></span> <span class='ocrx_word' id='word_1_291' title='bbox 2497 976 2773 1033; x_wconf 85' lang='lat' dir='ltr'><strong>Barnabas</strong></span> <span class='ocrx_word' id='word_1_292' title='bbox 2795 976 3086 1035; x_wconf 86' lang='lat' dir='ltr'><strong>duceretur</strong></span> <span class='ocrx_word' id='word_1_293' title='bbox 3117 976 3184 1032; x_wconf 91' lang='lat' dir='ltr'><strong>ab</strong></span> <span class='ocrx_word' id='word_1_294' title='bbox 3209 976 3289 1033; x_wconf 89' lang='lat' dir='ltr'><strong>eis</strong></span> <span class='ocrx_word' id='word_1_295' title='bbox 3314 975 3372 1032; x_wconf 89' lang='lat' dir='ltr'><strong>in</strong></span> 
     </span>
    </p>
   </div>
   <div class='ocr_carea' id='block_1_40' title="bbox 1785 1066 3373 1138">
    <p class='ocr_par' dir='ltr' id='par_1_40' title="bbox 1785 1066 3373 1138">
     <span class='ocr_line' id='line_1_40' title="bbox 1785 1066 3373 1138; baseline 0.004 -19"><span class='ocrx_word' id='word_1_296' title='bbox 1785 1066 1932 1121; x_wconf 85' lang='lat' dir='ltr'><strong>illam</strong></span> <span class='ocrx_word' id='word_1_297' title='bbox 1963 1066 2391 1124; x_wconf 76' lang='lat' dir='ltr'><strong>simulationem.</strong></span> <span class='ocrx_word' id='word_1_298' title='bbox 2441 1068 2550 1124; x_wconf 91' lang='lat' dir='ltr'><strong>Sed</strong></span> <span class='ocrx_word' id='word_1_299' title='bbox 2596 1084 2720 1125; x_wconf 88' lang='lat' dir='ltr'><strong>cum</strong></span> <span class='ocrx_word' id='word_1_300' title='bbox 2768 1069 3025 1125; x_wconf 87' lang='lat' dir='ltr'><strong>vidissem</strong></span> <span class='ocrx_word' id='word_1_301' title='bbox 3068 1068 3212 1138; x_wconf 87' lang='lat' dir='ltr'><strong>quod</strong></span> <span class='ocrx_word' id='word_1_302' title='bbox 3258 1085 3373 1125; x_wconf 92' lang='lat' dir='ltr'><strong>non</strong></span> 
     </span>
    </p>
   </div>
   <div class='ocr_carea' id='block_1_41' title="bbox 1783 1160 3376 1233">
    <p class='ocr_par' dir='ltr' id='par_1_41' title="bbox 1783 1160 3376 1233">
     <span class='ocr_line' id='line_1_41' title="bbox 1783 1160 3376 1233; baseline 0.003 -19"><span class='ocrx_word' id='word_1_303' title='bbox 1783 1168 1932 1215; x_wconf 88' lang='lat' dir='ltr'><strong>recte</strong></span> <span class='ocrx_word' id='word_1_304' title='bbox 1952 1160 2296 1217; x_wconf 87' lang='lat' dir='ltr'><strong>ambularent</strong></span> <span class='ocrx_word' id='word_1_305' title='bbox 2318 1161 2385 1215; x_wconf 91' lang='lat' dir='ltr'><strong>ad</strong></span> <span class='ocrx_word' id='word_1_306' title='bbox 2410 1162 2694 1218; x_wconf 86' lang='lat' dir='ltr'><strong>veritatem</strong></span> <span class='ocrx_word' id='word_1_307' title='bbox 2718 1161 3017 1233; x_wconf 76' lang='lat' dir='ltr'><strong>Evangelii,</strong></span> <span class='ocrx_word' id='word_1_308' title='bbox 3041 1161 3149 1219; x_wconf 91' lang='lat' dir='ltr'><strong>dixi</strong></span> <span class='ocrx_word' id='word_1_309' title='bbox 3178 1161 3376 1230; x_wconf 72' lang='lat' dir='ltr'><strong>Cepba:</strong></span> 
     </span>
    </p>
   </div>
   <div class='ocr_carea' id='block_1_42' title="bbox 1782 1251 3378 1323">
    <p class='ocr_par' dir='ltr' id='par_1_42' title="bbox 1782 1251 3378 1323">
     <span class='ocr_line' id='line_1_42' title="bbox 1782 1251 3378 1323; baseline 0.004 -19"><span class='ocrx_word' id='word_1_310' title='bbox 1782 1264 1965 1307; x_wconf 91' lang='lat' dir='ltr'><strong>coram</strong></span> <span class='ocrx_word' id='word_1_311' title='bbox 1993 1251 2283 1307; x_wconf 88' lang='lat' dir='ltr'><strong>omnibus:</strong></span> <span class='ocrx_word' id='word_1_312' title='bbox 2318 1252 2373 1309; x_wconf 89' lang='lat' dir='ltr'><strong>Si</strong></span> <span class='ocrx_word' id='word_1_313' title='bbox 2405 1261 2493 1320; x_wconf 91' lang='lat' dir='ltr'><strong>tu,</strong></span> <span class='ocrx_word' id='word_1_314' title='bbox 2536 1268 2661 1309; x_wconf 91' lang='lat' dir='ltr'><strong>cum</strong></span> <span class='ocrx_word' id='word_1_315' title='bbox 2702 1252 2922 1309; x_wconf 68' lang='lat' dir='ltr'><strong>Judaeus</strong></span> <span class='ocrx_word' id='word_1_316' title='bbox 2968 1254 3065 1322; x_wconf 85' lang='lat' dir='ltr'><strong>sis,</strong></span> <span class='ocrx_word' id='word_1_317' title='bbox 3098 1251 3378 1323; x_wconf 79' lang='lat' dir='ltr'><strong>gentiliter</strong></span> 
     </span>
    </p>
   </div>
   <div class='ocr_carea' id='block_1_43' title="bbox 1780 1341 3377 1415">
    <p class='ocr_par' dir='ltr' id='par_1_43' title="bbox 1780 1341 3377 1415">
     <span class='ocr_line' id='line_1_43' title="bbox 1780 1341 3377 1415; baseline 0.004 -19"><span class='ocrx_word' id='word_1_318' title='bbox 1780 1341 1943 1409; x_wconf 90' lang='lat' dir='ltr'><strong>vivis,</strong></span> <span class='ocrx_word' id='word_1_319' title='bbox 1977 1351 2034 1397; x_wconf 92' lang='lat' dir='ltr'><strong>et</strong></span> <span class='ocrx_word' id='word_1_320' title='bbox 2065 1359 2171 1398; x_wconf 90' lang='lat' dir='ltr'><strong>non</strong></span> <span class='ocrx_word' id='word_1_321' title='bbox 2198 1342 2415 1413; x_wconf 88' lang='lat' dir='ltr'><strong>judaice</strong></span> <span class='ocrx_word' id='word_1_322' title='bbox 2443 1362 2457 1399; x_wconf 90' lang='lat'><strong>:</strong></span> <span class='ocrx_word' id='word_1_323' title='bbox 2489 1344 2762 1414; x_wconf 91' lang='lat' dir='ltr'><strong>quomodo</strong></span> <span class='ocrx_word' id='word_1_324' title='bbox 2791 1354 2980 1415; x_wconf 81' lang='lat' dir='ltr'><strong>gentes</strong></span> <span class='ocrx_word' id='word_1_325' title='bbox 3006 1345 3158 1415; x_wconf 85' lang='lat' dir='ltr'><strong>cogis</strong></span> <span class='ocrx_word' id='word_1_326' title='bbox 3191 1344 3377 1415; x_wconf 66' lang='lat' dir='ltr'><strong>judaiv</strong></span> 
     </span>
    </p>
   </div>
   <div class='ocr_carea' id='block_1_44' title="bbox 1780 1433 3372 1509">
    <p class='ocr_par' dir='ltr' id='par_1_44' title="bbox 1780 1433 3372 1509">
     <span class='ocr_line' id='line_1_44' title="bbox 1780 1433 3372 1509; baseline 0.002 -20"><span class='ocrx_word' id='word_1_327' title='bbox 1780 1434 1945 1489; x_wconf 79' lang='lat' dir='ltr'><strong>zare?</strong></span> <span class='ocrx_word' id='word_1_328' title='bbox 1973 1433 2085 1489; x_wconf 87' lang='lat' dir='ltr'><strong>Nos</strong></span> <span class='ocrx_word' id='word_1_329' title='bbox 2112 1444 2307 1491; x_wconf 89' lang='lat' dir='ltr'><strong>natura</strong></span> <span class='ocrx_word' id='word_1_330' title='bbox 2338 1436 2533 1501; x_wconf 81' lang='lat' dir='ltr'><strong>Judaei,</strong></span> <span class='ocrx_word' id='word_1_331' title='bbox 2564 1446 2620 1493; x_wconf 89' lang='lat' dir='ltr'><strong>et</strong></span> <span class='ocrx_word' id='word_1_332' title='bbox 2659 1451 2765 1493; x_wconf 92' lang='lat' dir='ltr'><strong>nou</strong></span> <span class='ocrx_word' id='word_1_333' title='bbox 2796 1452 2863 1492; x_wconf 87' lang='lat' dir='ltr'><strong>ex</strong></span> <span class='ocrx_word' id='word_1_334' title='bbox 2896 1437 3147 1507; x_wconf 76' lang='lat' dir='ltr'><strong>gentibus</strong></span> <span class='ocrx_word' id='word_1_335' title='bbox 3176 1451 3372 1509; x_wconf 88' lang='lat' dir='ltr'><strong>pecca-</strong></span> 
     </span>
    </p>
   </div>
   <div class='ocr_carea' id='block_1_45' title="bbox 1780 1526 3376 1599">
    <p class='ocr_par' dir='ltr' id='par_1_45' title="bbox 1780 1526 3376 1599">
     <span class='ocr_line' id='line_1_45' title="bbox 1780 1526 3376 1599; baseline 0.004 -20"><span class='ocrx_word' id='word_1_336' title='bbox 1780 1534 1948 1581; x_wconf 90' lang='lat' dir='ltr'><strong>tores.</strong></span> <span class='ocrx_word' id='word_1_337' title='bbox 1978 1526 2224 1582; x_wconf 89' lang='lat' dir='ltr'><strong>Scientes</strong></span> <span class='ocrx_word' id='word_1_338' title='bbox 2246 1538 2426 1583; x_wconf 88' lang='lat' dir='ltr'><strong>autem</strong></span> <span class='ocrx_word' id='word_1_339' title='bbox 2451 1528 2595 1599; x_wconf 89' lang='lat' dir='ltr'><strong>quod</strong></span> <span class='ocrx_word' id='word_1_340' title='bbox 2628 1544 2736 1587; x_wconf 91' lang='lat' dir='ltr'><strong>non</strong></span> <span class='ocrx_word' id='word_1_341' title='bbox 2765 1527 3094 1598; x_wconf 82' lang='lat' dir='ltr'><strong>justilicatur</strong></span> <span class='ocrx_word' id='word_1_342' title='bbox 3121 1527 3289 1583; x_wconf 88' lang='lat' dir='ltr'><strong>homo</strong></span> <span class='ocrx_word' id='word_1_343' title='bbox 3310 1543 3376 1585; x_wconf 81' lang='lat' dir='ltr'><strong>ex</strong></span> 
     </span>
    </p>
   </div>
   <div class='ocr_carea' id='block_1_46' title="bbox 1777 1618 3373 1691">
    <p class='ocr_par' dir='ltr' id='par_1_46' title="bbox 1777 1618 3373 1691">
     <span class='ocr_line' id='line_1_46' title="bbox 1777 1618 3373 1691; baseline 0.003 -19"><span class='ocrx_word' id='word_1_344' title='bbox 1777 1618 2034 1687; x_wconf 88' lang='lat' dir='ltr'><strong>operibus</strong></span> <span class='ocrx_word' id='word_1_345' title='bbox 2061 1619 2218 1690; x_wconf 87' lang='lat' dir='ltr'><strong>legis,</strong></span> <span class='ocrx_word' id='word_1_346' title='bbox 2244 1620 2343 1675; x_wconf 91' lang='lat' dir='ltr'><strong>nisi</strong></span> <span class='ocrx_word' id='word_1_347' title='bbox 2373 1635 2466 1691; x_wconf 91' lang='lat' dir='ltr'><strong>per</strong></span> <span class='ocrx_word' id='word_1_348' title='bbox 2498 1619 2657 1675; x_wconf 91' lang='lat' dir='ltr'><strong>ﬁdem</strong></span> <span class='ocrx_word' id='word_1_349' title='bbox 2684 1620 2810 1676; x_wconf 86' lang='lat' dir='ltr'><strong>Jesu</strong></span> <span class='ocrx_word' id='word_1_350' title='bbox 2838 1619 3041 1677; x_wconf 86' lang='lat' dir='ltr'><strong>Christi</strong></span> <span class='ocrx_word' id='word_1_351' title='bbox 3066 1637 3078 1674; x_wconf 88' lang='lat'>:</span> <span class='ocrx_word' id='word_1_352' title='bbox 3108 1629 3165 1677; x_wconf 90' lang='lat' dir='ltr'><strong>et</strong></span> <span class='ocrx_word' id='word_1_353' title='bbox 3196 1635 3295 1675; x_wconf 91' lang='lat' dir='ltr'><strong>nos</strong></span> <span class='ocrx_word' id='word_1_354' title='bbox 3318 1620 3373 1677; x_wconf 90' lang='lat' dir='ltr'><strong>in</strong></span> 
     </span>
    </p>
   </div>
   <div class='ocr_carea' id='block_1_47' title="bbox 1250 1709 3378 1782">
    <p class='ocr_par' dir='ltr' id='par_1_47' title="bbox 1250 1709 3378 1782">
     <span class='ocr_line' id='line_1_47' title="bbox 1250 1709 3378 1782; baseline 0.001 -18"><span class='ocrx_word' id='word_1_355' title='bbox 1250 1718 1513 1775; x_wconf 65' lang='lat' dir='ltr'><strong>continuo</strong></span> <span class='ocrx_word' id='word_1_356' title='bbox 1562 1735 1671 1777; x_wconf 81' lang='grc' dir='ltr'><strong>ηοη</strong></span> <span class='ocrx_word' id='word_1_357' title='bbox 1705 1718 1752 1780; x_wconf 74' lang='grc' dir='ltr'><strong>Β</strong></span> <span class='ocrx_word' id='word_1_358' title='bbox 1777 1709 1995 1767; x_wconf 88' lang='lat' dir='ltr'><strong>Christo</strong></span> <span class='ocrx_word' id='word_1_359' title='bbox 2012 1710 2142 1769; x_wconf 79' lang='lat' dir='ltr'><strong>Jesu</strong></span> <span class='ocrx_word' id='word_1_360' title='bbox 2165 1712 2463 1780; x_wconf 88' lang='lat' dir='ltr'><strong>credimus,</strong></span> <span class='ocrx_word' id='word_1_361' title='bbox 2490 1712 2925 1782; x_wconf 87' lang='lat' dir='ltr'><strong>ntjustiiiccmur</strong></span> <span class='ocrx_word' id='word_1_362' title='bbox 2944 1729 3010 1768; x_wconf 92' lang='lat' dir='ltr'><strong>ex</strong></span> <span class='ocrx_word' id='word_1_363' title='bbox 3028 1712 3134 1769; x_wconf 93' lang='lat' dir='ltr'><strong>ﬁde</strong></span> <span class='ocrx_word' id='word_1_364' title='bbox 3150 1712 3378 1781; x_wconf 85' lang='lat' dir='ltr'><strong>Christi,</strong></span> 
     </span>
    </p>
   </div>
   <div class='ocr_carea' id='block_1_48' title="bbox 1781 1804 3378 1875">
    <p class='ocr_par' dir='ltr' id='par_1_48' title="bbox 1781 1804 3378 1875">
     <span class='ocr_line' id='line_1_48' title="bbox 1781 1804 3378 1875; baseline 0.003 -18"><span class='ocrx_word' id='word_1_365' title='bbox 1781 1811 1835 1858; x_wconf 92' lang='lat' dir='ltr'><strong>ct</strong></span> <span class='ocrx_word' id='word_1_366' title='bbox 1866 1820 1974 1858; x_wconf 89' lang='lat' dir='ltr'><strong>non</strong></span> <span class='ocrx_word' id='word_1_367' title='bbox 2003 1819 2071 1858; x_wconf 80' lang='lat' dir='ltr'><strong>ex</strong></span> <span class='ocrx_word' id='word_1_368' title='bbox 2099 1804 2356 1873; x_wconf 91' lang='lat' dir='ltr'><strong>operibus</strong></span> <span class='ocrx_word' id='word_1_369' title='bbox 2395 1804 2569 1874; x_wconf 88' lang='lat' dir='ltr'><strong>legis:</strong></span> <span class='ocrx_word' id='word_1_370' title='bbox 2598 1815 2817 1873; x_wconf 86' lang='lat' dir='ltr'><strong>prOpter</strong></span> <span class='ocrx_word' id='word_1_371' title='bbox 2847 1804 2990 1874; x_wconf 87' lang='lat' dir='ltr'><strong>quod</strong></span> <span class='ocrx_word' id='word_1_372' title='bbox 3021 1820 3085 1862; x_wconf 83' lang='lat' dir='ltr'><strong>ex</strong></span> <span class='ocrx_word' id='word_1_373' title='bbox 3116 1804 3378 1875; x_wconf 86' lang='lat' dir='ltr'><strong>operibus</strong></span> 
     </span>
    </p>
   </div>
   <div class='ocr_carea' id='block_1_49' title="bbox 1781 1895 3378 1966">
    <p class='ocr_par' dir='ltr' id='par_1_49' title="bbox 1781 1895 3378 1966">
     <span class='ocr_line' id='line_1_49' title="bbox 1781 1895 3378 1966; baseline 0 -16"><span class='ocrx_word' id='word_1_374' title='bbox 1781 1897 1917 1965; x_wconf 73' lang='lat' dir='ltr'><strong>legis</strong></span> <span class='ocrx_word' id='word_1_375' title='bbox 1939 1911 2047 1952; x_wconf 92' lang='lat' dir='ltr'><strong>non</strong></span> <span class='ocrx_word' id='word_1_376' title='bbox 2070 1896 2464 1966; x_wconf 78' lang='lat' dir='ltr'><strong>justiﬁcabitur</strong></span> <span class='ocrx_word' id='word_1_377' title='bbox 2487 1896 2669 1951; x_wconf 89' lang='lat' dir='ltr'><strong>omnis</strong></span> <span class='ocrx_word' id='word_1_378' title='bbox 2698 1912 2847 1951; x_wconf 90' lang='lat' dir='ltr'><strong>caro.</strong></span> <span class='ocrx_word' id='word_1_379' title='bbox 2883 1895 3037 1964; x_wconf 87' lang='lat' dir='ltr'><strong>Quod</strong></span> <span class='ocrx_word' id='word_1_380' title='bbox 3059 1896 3105 1953; x_wconf 86' lang='lat' dir='ltr'><strong>si</strong></span> <span class='ocrx_word' id='word_1_381' title='bbox 3134 1909 3378 1965; x_wconf 67' lang='lat' dir='ltr'><strong>quaeren-</strong></span> 
     </span>
    </p>
   </div>
   <div class='ocr_carea' id='block_1_50' title="bbox 1782 1988 3380 2060">
    <p class='ocr_par' dir='ltr' id='par_1_50' title="bbox 1782 1988 3380 2060">
     <span class='ocr_line' id='line_1_50' title="bbox 1782 1988 3380 2060; baseline -0.001 -15"><span class='ocrx_word' id='word_1_382' title='bbox 1782 1998 1863 2046; x_wconf 89' lang='lat' dir='ltr'><strong>tes</strong></span> <span class='ocrx_word' id='word_1_383' title='bbox 1892 1990 2183 2059; x_wconf 89' lang='lat' dir='ltr'><strong>justiﬁcari</strong></span> <span class='ocrx_word' id='word_1_384' title='bbox 2211 1991 2264 2044; x_wconf 91' lang='lat' dir='ltr'><strong>in</strong></span> <span class='ocrx_word' id='word_1_385' title='bbox 2287 1988 2505 2046; x_wconf 88' lang='lat' dir='ltr'><strong>Christo</strong></span> <span class='ocrx_word' id='word_1_386' title='bbox 2534 1991 2737 2046; x_wconf 88' lang='lat' dir='ltr'><strong>inventi</strong></span> <span class='ocrx_word' id='word_1_387' title='bbox 2762 2005 2951 2047; x_wconf 85' lang='lat' dir='ltr'><strong>sumus</strong></span> <span class='ocrx_word' id='word_1_388' title='bbox 2976 1997 3032 2045; x_wconf 91' lang='lat' dir='ltr'><strong>et</strong></span> <span class='ocrx_word' id='word_1_389' title='bbox 3060 1989 3161 2060; x_wconf 83' lang='lat' dir='ltr'><strong>ipsi</strong></span> <span class='ocrx_word' id='word_1_390' title='bbox 3188 2003 3380 2059; x_wconf 87' lang='lat' dir='ltr'><strong>pecca-</strong></span> 
     </span>
    </p>
   </div>
   <div class='ocr_carea' id='block_1_51' title="bbox 1782 2080 3375 2152">
    <p class='ocr_par' dir='ltr' id='par_1_51' title="bbox 1782 2080 3375 2152">
     <span class='ocr_line' id='line_1_51' title="bbox 1782 2080 3375 2152; baseline -0.001 -17"><span class='ocrx_word' id='word_1_391' title='bbox 1782 2090 1951 2145; x_wconf 80' lang='lat' dir='ltr'><strong>tores,</strong></span> <span class='ocrx_word' id='word_1_392' title='bbox 1983 2081 2244 2152; x_wconf 89' lang='lat' dir='ltr'><strong>numquid</strong></span> <span class='ocrx_word' id='word_1_393' title='bbox 2274 2081 2522 2137; x_wconf 82' lang='lat' dir='ltr'><strong>Christus</strong></span> <span class='ocrx_word' id='word_1_394' title='bbox 2547 2083 2752 2152; x_wconf 89' lang='lat' dir='ltr'><strong>peccati</strong></span> <span class='ocrx_word' id='word_1_395' title='bbox 2778 2082 3029 2138; x_wconf 85' lang='lat' dir='ltr'><strong>minister</strong></span> <span class='ocrx_word' id='word_1_396' title='bbox 3048 2082 3166 2139; x_wconf 84' lang='lat' dir='ltr'><strong>est?</strong></span> <span class='ocrx_word' id='word_1_397' title='bbox 3201 2080 3375 2139; x_wconf 83' lang='lat' dir='ltr'><strong>Absit.</strong></span> 
     </span>
    </p>
   </div>
   <div class='ocr_carea' id='block_1_52' title="bbox 1780 2172 3377 2243">
    <p class='ocr_par' dir='ltr' id='par_1_52' title="bbox 1780 2172 3377 2243">
     <span class='ocr_line' id='line_1_52' title="bbox 1780 2172 3377 2243; baseline -0.001 -15"><span class='ocrx_word' id='word_1_398' title='bbox 1780 2172 1836 2228; x_wconf 87' lang='lat' dir='ltr'><strong>Si</strong></span> <span class='ocrx_word' id='word_1_399' title='bbox 1868 2174 2015 2229; x_wconf 89' lang='lat' dir='ltr'><strong>enim</strong></span> <span class='ocrx_word' id='word_1_400' title='bbox 2045 2189 2167 2243; x_wconf 78' lang='lat' dir='ltr'><strong>qua:</strong></span> <span class='ocrx_word' id='word_1_401' title='bbox 2189 2173 2464 2241; x_wconf 76' lang='lat' dir='ltr'><strong>destruxi,</strong></span> <span class='ocrx_word' id='word_1_402' title='bbox 2502 2175 2695 2229; x_wconf 90' lang='lat' dir='ltr'><strong>iterum</strong></span> <span class='ocrx_word' id='word_1_403' title='bbox 2730 2173 2846 2228; x_wconf 64' lang='lat' dir='ltr'><strong>hate</strong></span> <span class='ocrx_word' id='word_1_404' title='bbox 2873 2174 3087 2227; x_wconf 64' lang='lat' dir='ltr'><strong>aediﬁco</strong></span> <span class='ocrx_word' id='word_1_405' title='bbox 3119 2192 3131 2227; x_wconf 92' lang='lat'>:</span> <span class='ocrx_word' id='word_1_406' title='bbox 3166 2189 3377 2242; x_wconf 60' lang='lat' dir='ltr'><strong>prtevao</strong></span> 
     </span>
    </p>
   </div>
   <div class='ocr_carea' id='block_1_53' title="bbox 1781 2263 3381 2338">
    <p class='ocr_par' dir='ltr' id='par_1_53' title="bbox 1781 2263 3381 2338">
     <span class='ocr_line' id='line_1_53' title="bbox 1781 2263 3381 2338; baseline 0.002 -19"><span class='ocrx_word' id='word_1_407' title='bbox 1781 2266 2071 2321; x_wconf 88' lang='lat' dir='ltr'><strong>ricatorem</strong></span> <span class='ocrx_word' id='word_1_408' title='bbox 2120 2282 2208 2321; x_wconf 90' lang='lat' dir='ltr'><strong>me</strong></span> <span class='ocrx_word' id='word_1_409' title='bbox 2256 2266 2551 2322; x_wconf 86' lang='lat' dir='ltr'><strong>constituo.</strong></span> <span class='ocrx_word' id='word_1_410' title='bbox 2586 2266 2701 2335; x_wconf 82' lang='lat' dir='ltr'><strong>Ego</strong></span> <span class='ocrx_word' id='word_1_411' title='bbox 2750 2266 2891 2321; x_wconf 91' lang='lat' dir='ltr'><strong>enim</strong></span> <span class='ocrx_word' id='word_1_412' title='bbox 2938 2281 3035 2335; x_wconf 88' lang='lat' dir='ltr'><strong>per</strong></span> <span class='ocrx_word' id='word_1_413' title='bbox 3066 2266 3242 2336; x_wconf 91' lang='lat' dir='ltr'><strong>legem</strong></span> <span class='ocrx_word' id='word_1_414' title='bbox 3274 2263 3381 2338; x_wconf 85' lang='lat' dir='ltr'><strong>legi</strong></span> 
     </span>
    </p>
   </div>
   <div class='ocr_carea' id='block_1_54' title="bbox 1780 2358 3377 2427">
    <p class='ocr_par' dir='ltr' id='par_1_54' title="bbox 1780 2358 3377 2427">
     <span class='ocr_line' id='line_1_54' title="bbox 1780 2358 3377 2427; baseline 0.001 -14"><span class='ocrx_word' id='word_1_415' title='bbox 1780 2366 2024 2413; x_wconf 90' lang='lat' dir='ltr'><strong>mortuus</strong></span> <span class='ocrx_word' id='word_1_416' title='bbox 2072 2373 2213 2427; x_wconf 92' lang='lat' dir='ltr'><strong>sum,</strong></span> <span class='ocrx_word' id='word_1_417' title='bbox 2246 2369 2300 2411; x_wconf 90' lang='lat' dir='ltr'><strong>ut</strong></span> <span class='ocrx_word' id='word_1_418' title='bbox 2325 2358 2437 2412; x_wconf 91' lang='lat' dir='ltr'><strong>Deo</strong></span> <span class='ocrx_word' id='word_1_419' title='bbox 2483 2359 2658 2413; x_wconf 85' lang='lat' dir='ltr'><strong>vivam</strong></span> <span class='ocrx_word' id='word_1_420' title='bbox 2694 2376 2703 2411; x_wconf 92' lang='lat'>:</span> <span class='ocrx_word' id='word_1_421' title='bbox 2734 2358 2952 2415; x_wconf 84' lang='lat' dir='ltr'><strong>Christo</strong></span> <span class='ocrx_word' id='word_1_422' title='bbox 2982 2359 3226 2413; x_wconf 82' lang='lat' dir='ltr'><strong>conﬁxus</strong></span> <span class='ocrx_word' id='word_1_423' title='bbox 3255 2373 3377 2415; x_wconf 89' lang='lat' dir='ltr'><strong>sum</strong></span> 
     </span>
    </p>
   </div>
   <div class='ocr_carea' id='block_1_55' title="bbox 1778 2451 3380 2522">
    <p class='ocr_par' dir='ltr' id='par_1_55' title="bbox 1778 2451 3380 2522">
     <span class='ocr_line' id='line_1_55' title="bbox 1778 2451 3380 2522; baseline 0 -13"><span class='ocrx_word' id='word_1_424' title='bbox 1778 2452 1952 2510; x_wconf 85' lang='lat' dir='ltr'><strong>cruci.</strong></span> <span class='ocrx_word' id='word_1_425' title='bbox 1988 2452 2120 2509; x_wconf 83' lang='lat' dir='ltr'><strong>Vivo</strong></span> <span class='ocrx_word' id='word_1_426' title='bbox 2151 2463 2352 2516; x_wconf 89' lang='lat' dir='ltr'><strong>autem,</strong></span> <span class='ocrx_word' id='word_1_427' title='bbox 2381 2452 2492 2521; x_wconf 82' lang='lat' dir='ltr'><strong>jatn</strong></span> <span class='ocrx_word' id='word_1_428' title='bbox 2523 2466 2627 2506; x_wconf 92' lang='lat' dir='ltr'><strong>nou</strong></span> <span class='ocrx_word' id='word_1_429' title='bbox 2672 2467 2812 2522; x_wconf 78' lang='lat' dir='ltr'><strong>rgo:</strong></span> <span class='ocrx_word' id='word_1_430' title='bbox 2846 2451 2980 2505; x_wconf 89' lang='lat' dir='ltr'><strong>vivit</strong></span> <span class='ocrx_word' id='word_1_431' title='bbox 3022 2465 3154 2507; x_wconf 90' lang='lat' dir='ltr'><strong>vero</strong></span> <span class='ocrx_word' id='word_1_432' title='bbox 3195 2451 3246 2505; x_wconf 90' lang='lat' dir='ltr'><strong>in</strong></span> <span class='ocrx_word' id='word_1_433' title='bbox 3288 2465 3380 2511; x_wconf 80' lang='lat' dir='ltr'><strong>me</strong></span> 
     </span>
    </p>
   </div>
   <div class='ocr_carea' id='block_1_56' title="bbox 1778 2542 3378 2613">
    <p class='ocr_par' dir='ltr' id='par_1_56' title="bbox 1778 2542 3378 2613">
     <span class='ocr_line' id='line_1_56' title="bbox 1778 2542 3378 2613; baseline -0.001 -13"><span class='ocrx_word' id='word_1_434' title='bbox 1778 2546 2048 2600; x_wconf 88' lang='lat' dir='ltr'><strong>Christus.</strong></span> <span class='ocrx_word' id='word_1_435' title='bbox 2082 2544 2237 2613; x_wconf 86' lang='lat' dir='ltr'><strong>Quod</strong></span> <span class='ocrx_word' id='word_1_436' title='bbox 2270 2553 2451 2599; x_wconf 87' lang='lat' dir='ltr'><strong>autem</strong></span> <span class='ocrx_word' id='word_1_437' title='bbox 2494 2560 2637 2601; x_wconf 89' lang='lat' dir='ltr'><strong>nunc</strong></span> <span class='ocrx_word' id='word_1_438' title='bbox 2681 2544 2811 2599; x_wconf 77' lang='lat' dir='ltr'><strong>vivo</strong></span> <span class='ocrx_word' id='word_1_439' title='bbox 2842 2546 2895 2601; x_wconf 89' lang='lat' dir='ltr'><strong>in</strong></span> <span class='ocrx_word' id='word_1_440' title='bbox 2935 2558 3143 2603; x_wconf 82' lang='lat' dir='ltr'><strong>carne:</strong></span> <span class='ocrx_word' id='word_1_441' title='bbox 3177 2545 3231 2599; x_wconf 91' lang='lat' dir='ltr'><strong>in</strong></span> <span class='ocrx_word' id='word_1_442' title='bbox 3270 2542 3378 2598; x_wconf 91' lang='lat' dir='ltr'><strong>ﬁde</strong></span> 
     </span>
    </p>
   </div>
   <div class='ocr_carea' id='block_1_57' title="bbox 1778 2634 3379 2707">
    <p class='ocr_par' dir='ltr' id='par_1_57' title="bbox 1778 2634 3379 2707">
     <span class='ocr_line' id='line_1_57' title="bbox 1778 2634 3379 2707; baseline -0.004 -10"><span class='ocrx_word' id='word_1_443' title='bbox 1778 2640 1904 2697; x_wconf 85' lang='lat' dir='ltr'><strong>vivo</strong></span> <span class='ocrx_word' id='word_1_444' title='bbox 1932 2637 2054 2697; x_wconf 89' lang='lat' dir='ltr'><strong>Filii</strong></span> <span class='ocrx_word' id='word_1_445' title='bbox 2087 2638 2201 2706; x_wconf 92' lang='lat' dir='ltr'><strong>Dei,</strong></span> <span class='ocrx_word' id='word_1_446' title='bbox 2230 2638 2322 2707; x_wconf 88' lang='lat' dir='ltr'><strong>qui</strong></span> <span class='ocrx_word' id='word_1_447' title='bbox 2356 2638 2545 2695; x_wconf 78' lang='lat' dir='ltr'><strong>dilexit</strong></span> <span class='ocrx_word' id='word_1_448' title='bbox 2576 2653 2684 2703; x_wconf 88' lang='lat' dir='ltr'><strong>me,</strong></span> <span class='ocrx_word' id='word_1_449' title='bbox 2709 2649 2761 2693; x_wconf 90' lang='lat' dir='ltr'><strong>et</strong></span> <span class='ocrx_word' id='word_1_450' title='bbox 2787 2634 3379 2705; x_wconf 88' lang='lat' dir='ltr'><strong>tradiditsemetipsum</strong></span> 
     </span>
    </p>
   </div>
   <div class='ocr_carea' id='block_1_58' title="bbox 1779 2728 3377 2802">
    <p class='ocr_par' dir='ltr' id='par_1_58' title="bbox 1779 2728 3377 2802">
     <span class='ocr_line' id='line_1_58' title="bbox 1779 2728 3377 2802; baseline -0.004 -14"><span class='ocrx_word' id='word_1_451' title='bbox 1779 2745 1880 2802; x_wconf 87' lang='lat' dir='ltr'><strong>pro</strong></span> <span class='ocrx_word' id='word_1_452' title='bbox 1906 2745 2015 2791; x_wconf 87' lang='lat' dir='ltr'><strong>me.</strong></span> <span class='ocrx_word' id='word_1_453' title='bbox 2053 2729 2169 2785; x_wconf 82' lang='lat' dir='ltr'><strong>Non</strong></span> <span class='ocrx_word' id='word_1_454' title='bbox 2199 2730 2396 2799; x_wconf 87' lang='lat' dir='ltr'><strong>abjicio</strong></span> <span class='ocrx_word' id='word_1_455' title='bbox 2421 2729 2651 2801; x_wconf 81' lang='lat' dir='ltr'><strong>gratiam</strong></span> <span class='ocrx_word' id='word_1_456' title='bbox 2683 2730 2796 2784; x_wconf 88' lang='lat' dir='ltr'><strong>Dei.</strong></span> <span class='ocrx_word' id='word_1_457' title='bbox 2822 2728 2879 2786; x_wconf 88' lang='lat' dir='ltr'><strong>Si</strong></span> <span class='ocrx_word' id='word_1_458' title='bbox 2903 2729 3049 2785; x_wconf 90' lang='lat' dir='ltr'><strong>enim</strong></span> <span class='ocrx_word' id='word_1_459' title='bbox 3074 2743 3171 2799; x_wconf 87' lang='lat' dir='ltr'><strong>per</strong></span> <span class='ocrx_word' id='word_1_460' title='bbox 3200 2729 3377 2798; x_wconf 85' lang='lat' dir='ltr'><strong>legem</strong></span> 
     </span>
    </p>
   </div>
   <div class='ocr_carea' id='block_1_59' title="bbox 1780 2822 3069 2894">
    <p class='ocr_par' dir='ltr' id='par_1_59' title="bbox 1780 2822 3069 2894">
     <span class='ocr_line' id='line_1_59' title="bbox 1780 2822 3069 2894; baseline -0.002 -16"><span class='ocrx_word' id='word_1_461' title='bbox 1780 2822 2017 2894; x_wconf 86' lang='lat' dir='ltr'><strong>justitia,</strong></span> <span class='ocrx_word' id='word_1_462' title='bbox 2050 2838 2179 2893; x_wconf 89' lang='lat' dir='ltr'><strong>ergo</strong></span> <span class='ocrx_word' id='word_1_463' title='bbox 2208 2822 2380 2893; x_wconf 77' lang='lat' dir='ltr'><strong>gratis</strong></span> <span class='ocrx_word' id='word_1_464' title='bbox 2414 2824 2661 2878; x_wconf 85' lang='lat' dir='ltr'><strong>Christus</strong></span> <span class='ocrx_word' id='word_1_465' title='bbox 2688 2831 2933 2877; x_wconf 84' lang='lat' dir='ltr'><strong>mortuus</strong></span> <span class='ocrx_word' id='word_1_466' title='bbox 2962 2829 3069 2877; x_wconf 89' lang='lat' dir='ltr'><strong>est.</strong></span> 
     </span>
    </p>
   </div>
   <div class='ocr_carea' id='block_1_60' title="bbox 1852 2911 3380 2988">
    <p class='ocr_par' dir='ltr' id='par_1_60' title="bbox 1852 2911 3380 2988">
     <span class='ocr_line' id='line_1_60' title="bbox 1852 2911 3380 2988; baseline -0.001 -18"><span class='ocrx_word' id='word_1_467' title='bbox 1852 2914 2005 2988; x_wconf 86' lang='lat' dir='ltr'><strong>[Cap.</strong></span> <span class='ocrx_word' id='word_1_468' title='bbox 2036 2911 2153 2984; x_wconf 67' lang='lat' dir='ltr'><strong>lii.)</strong></span> <span class='ocrx_word' id='word_1_469' title='bbox 2180 2914 2224 2970; x_wconf 92' lang='grc'>0</span> <span class='ocrx_word' id='word_1_470' title='bbox 2252 2914 2514 2971; x_wconf 87' lang='lat' dir='ltr'><strong>insensati</strong></span> <span class='ocrx_word' id='word_1_471' title='bbox 2546 2912 2775 2979; x_wconf 72' lang='lat' dir='ltr'><strong>Calatm,</strong></span> <span class='ocrx_word' id='word_1_472' title='bbox 2805 2914 2926 2984; x_wconf 91' lang='lat' dir='ltr'><strong>quis</strong></span> <span class='ocrx_word' id='word_1_473' title='bbox 2960 2928 3058 2970; x_wconf 84' lang='lat' dir='ltr'><strong>vos</strong></span> <span class='ocrx_word' id='word_1_474' title='bbox 3094 2911 3380 2968; x_wconf 77' lang='lat' dir='ltr'><strong>fascinavit</strong></span> 
     </span>
    </p>
   </div>
   <div class='ocr_carea' id='block_1_61' title="bbox 1783 3006 3380 3078">
    <p class='ocr_par' dir='ltr' id='par_1_61' title="bbox 1783 3006 3380 3078">
     <span class='ocr_line' id='line_1_61' title="bbox 1783 3006 3380 3078; baseline -0.001 -13"><span class='ocrx_word' id='word_1_475' title='bbox 1783 3023 1889 3065; x_wconf 88' lang='lat' dir='ltr'><strong>non</strong></span> <span class='ocrx_word' id='word_1_476' title='bbox 1911 3008 2136 3065; x_wconf 87' lang='lat' dir='ltr'><strong>obedire</strong></span> <span class='ocrx_word' id='word_1_477' title='bbox 2166 3007 2401 3074; x_wconf 88' lang='lat' dir='ltr'><strong>veritati,</strong></span> <span class='ocrx_word' id='word_1_478' title='bbox 2427 3018 2551 3065; x_wconf 85' lang='lat' dir='ltr'><strong>ante</strong></span> <span class='ocrx_word' id='word_1_479' title='bbox 2574 3023 2805 3078; x_wconf 89' lang='lat' dir='ltr'><strong>quorum</strong></span> <span class='ocrx_word' id='word_1_480' title='bbox 2831 3008 3018 3065; x_wconf 89' lang='lat' dir='ltr'><strong>oculos</strong></span> <span class='ocrx_word' id='word_1_481' title='bbox 3042 3007 3201 3065; x_wconf 83' lang='lat' dir='ltr'><strong>Jesus</strong></span> <span class='ocrx_word' id='word_1_482' title='bbox 3224 3006 3380 3063; x_wconf 82' lang='lat' dir='ltr'><strong>Chri-</strong></span> 
     </span>
    </p>
   </div>
   <div class='ocr_carea' id='block_1_62' title="bbox 107 3100 3378 3179">
    <p class='ocr_par' dir='ltr' id='par_1_62' title="bbox 107 3100 3378 3179">
     <span class='ocr_line' id='line_1_62' title="bbox 107 3100 3378 3179; baseline 0.002 -28"><span class='ocrx_word' id='word_1_483' title='bbox 107 3103 301 3158; x_wconf 82' lang='lat' dir='ltr'><strong>ascendi</strong></span> <span class='ocrx_word' id='word_1_484' title='bbox 328 3103 742 3179; x_wconf 79' lang='lat' dir='ltr'><strong>ierosolymam</strong></span> <span class='ocrx_word' id='word_1_485' title='bbox 795 3118 919 3161; x_wconf 89' lang='lat' dir='ltr'><strong>cum</strong></span> <span class='ocrx_word' id='word_1_486' title='bbox 976 3105 1251 3174; x_wconf 82' lang='lat' dir='ltr'><strong>Barnaba,</strong></span> <span class='ocrx_word' id='word_1_487' title='bbox 1306 3118 1589 3177; x_wconf 90' lang='lat' dir='ltr'><strong>assumpto</strong></span> <span class='ocrx_word' id='word_1_488' title='bbox 1621 3117 1678 3164; x_wconf 92' lang='lat' dir='ltr'><strong>et</strong></span> <span class='ocrx_word' id='word_1_489' title='bbox 1703 3108 1750 3171; x_wconf 90' lang='lat' dir='ltr'><strong>C</strong></span> <span class='ocrx_word' id='word_1_490' title='bbox 1781 3110 1899 3159; x_wconf 85' lang='lat' dir='ltr'><strong>Stus</strong></span> <span class='ocrx_word' id='word_1_491' title='bbox 1928 3101 2282 3171; x_wconf 65' lang='lat' dir='ltr'><strong>praescriptus</strong></span> <span class='ocrx_word' id='word_1_492' title='bbox 2309 3109 2415 3168; x_wconf 73' lang='grc' dir='ltr'><strong>εει,</strong></span> <span class='ocrx_word' id='word_1_493' title='bbox 2447 3102 2500 3156; x_wconf 91' lang='lat' dir='ltr'><strong>in</strong></span> <span class='ocrx_word' id='word_1_494' title='bbox 2529 3101 2684 3157; x_wconf 89' lang='lat' dir='ltr'><strong>vobis</strong></span> <span class='ocrx_word' id='word_1_495' title='bbox 2705 3100 3037 3156; x_wconf 82' lang='lat' dir='ltr'><strong>cruciﬁxus?</strong></span> <span class='ocrx_word' id='word_1_496' title='bbox 3066 3100 3177 3159; x_wconf 85' lang='lat' dir='ltr'><strong>Hoc</strong></span> <span class='ocrx_word' id='word_1_497' title='bbox 3200 3100 3378 3157; x_wconf 89' lang='lat' dir='ltr'><strong>solum</strong></span> 
     </span>
    </p>
   </div>
   <div class='ocr_carea' id='block_1_63' title="bbox 106 3191 1683 3259">
    <p class='ocr_par' dir='ltr' id='par_1_63' title="bbox 106 3191 1683 3259">
     <span class='ocr_line' id='line_1_63' title="bbox 106 3191 1683 3259; baseline 0.005 -13"><span class='ocrx_word' id='word_1_498' title='bbox 106 3191 227 3251; x_wconf 88' lang='lat' dir='ltr'><strong>Tito.</strong></span> <span class='ocrx_word' id='word_1_499' title='bbox 277 3196 510 3257; x_wconf 85' lang='lat' dir='ltr'><strong>Ascendi</strong></span> <span class='ocrx_word' id='word_1_500' title='bbox 570 3206 754 3255; x_wconf 87' lang='lat' dir='ltr'><strong>autem</strong></span> <span class='ocrx_word' id='word_1_501' title='bbox 812 3197 1109 3257; x_wconf 90' lang='lat' dir='ltr'><strong>secundum</strong></span> <span class='ocrx_word' id='word_1_502' title='bbox 1160 3200 1551 3257; x_wconf 79' lang='lat' dir='ltr'><strong>revelationem</strong></span> <span class='ocrx_word' id='word_1_503' title='bbox 1587 3208 1683 3259; x_wconf 88' lang='lat' dir='ltr'><strong>:et</strong></span> 
     </span>
    </p>
   </div>
   <div class='ocr_carea' id='block_1_64' title="bbox 108 3289 1681 3364">
    <p class='ocr_par' dir='ltr' id='par_1_64' title="bbox 108 3289 1681 3364">
     <span class='ocr_line' id='line_1_64' title="bbox 108 3289 1681 3364; baseline 0.004 -23"><span class='ocrx_word' id='word_1_504' title='bbox 108 3289 279 3346; x_wconf 89' lang='lat' dir='ltr'><strong>contuli</strong></span> <span class='ocrx_word' id='word_1_505' title='bbox 323 3306 445 3347; x_wconf 89' lang='lat' dir='ltr'><strong>cum</strong></span> <span class='ocrx_word' id='word_1_506' title='bbox 501 3292 619 3349; x_wconf 86' lang='lat' dir='ltr'><strong>illis</strong></span> <span class='ocrx_word' id='word_1_507' title='bbox 672 3291 1079 3363; x_wconf 87' lang='lat' dir='ltr'><strong>Evangelium,</strong></span> <span class='ocrx_word' id='word_1_508' title='bbox 1128 3293 1274 3364; x_wconf 89' lang='lat' dir='ltr'><strong>quod</strong></span> <span class='ocrx_word' id='word_1_509' title='bbox 1330 3293 1568 3364; x_wconf 65' lang='lat' dir='ltr'><strong>praedico</strong></span> <span class='ocrx_word' id='word_1_510' title='bbox 1626 3293 1681 3348; x_wconf 91' lang='lat' dir='ltr'><strong>in</strong></span> 
     </span>
    </p>
   </div>
   <div class='ocr_carea' id='block_1_65' title="bbox 113 3381 1681 3455">
    <p class='ocr_par' dir='ltr' id='par_1_65' title="bbox 113 3381 1681 3455">
     <span class='ocr_line' id='line_1_65' title="bbox 113 3381 1681 3455; baseline 0.007 -22"><span class='ocrx_word' id='word_1_511' title='bbox 113 3381 359 3449; x_wconf 80' lang='lat' dir='ltr'><strong>gentibus,</strong></span> <span class='ocrx_word' id='word_1_512' title='bbox 388 3398 650 3443; x_wconf 86' lang='lat' dir='ltr'><strong>seorsum</strong></span> <span class='ocrx_word' id='word_1_513' title='bbox 681 3392 863 3440; x_wconf 90' lang='lat' dir='ltr'><strong>autem</strong></span> <span class='ocrx_word' id='word_1_514' title='bbox 891 3384 979 3451; x_wconf 88' lang='lat' dir='ltr'><strong>iis,</strong></span> <span class='ocrx_word' id='word_1_515' title='bbox 1010 3384 1103 3454; x_wconf 91' lang='lat' dir='ltr'><strong>qui</strong></span> <span class='ocrx_word' id='word_1_516' title='bbox 1125 3383 1450 3443; x_wconf 89' lang='lat' dir='ltr'><strong>videbantur</strong></span> <span class='ocrx_word' id='word_1_517' title='bbox 1475 3383 1681 3455; x_wconf 86' lang='lat' dir='ltr'><strong>aliquid</strong></span> 
     </span>
    </p>
   </div>
   <div class='ocr_carea' id='block_1_66' title="bbox 108 3476 1676 3549">
    <p class='ocr_par' dir='ltr' id='par_1_66' title="bbox 108 3476 1676 3549">
     <span class='ocr_line' id='line_1_66' title="bbox 108 3476 1676 3549; baseline 0.006 -25"><span class='ocrx_word' id='word_1_518' title='bbox 108 3484 206 3528; x_wconf 87' lang='lat' dir='ltr'><strong>esse</strong></span> <span class='ocrx_word' id='word_1_519' title='bbox 228 3492 240 3528; x_wconf 90' lang='lat'><strong>:</strong></span> <span class='ocrx_word' id='word_1_520' title='bbox 261 3490 327 3531; x_wconf 90' lang='lat' dir='ltr'><strong>ne</strong></span> <span class='ocrx_word' id='word_1_521' title='bbox 350 3476 490 3534; x_wconf 81' lang='lat' dir='ltr'><strong>forte</strong></span> <span class='ocrx_word' id='word_1_522' title='bbox 513 3479 574 3532; x_wconf 90' lang='lat' dir='ltr'><strong>in</strong></span> <span class='ocrx_word' id='word_1_523' title='bbox 602 3491 833 3532; x_wconf 91' lang='lat' dir='ltr'><strong>vacuum</strong></span> <span class='ocrx_word' id='word_1_524' title='bbox 856 3492 1160 3543; x_wconf 87' lang='lat' dir='ltr'><strong>currerem,</strong></span> <span class='ocrx_word' id='word_1_525' title='bbox 1181 3488 1271 3549; x_wconf 81' lang='lat' dir='ltr'><strong>aut</strong></span> <span class='ocrx_word' id='word_1_526' title='bbox 1292 3480 1676 3535; x_wconf 87' lang='lat' dir='ltr'><strong>cucurrissem.</strong></span> 
     </span>
    </p>
   </div>
   <div class='ocr_carea' id='block_1_67' title="bbox 108 3560 1683 3643">
    <p class='ocr_par' dir='ltr' id='par_1_67' title="bbox 108 3560 1683 3643">
     <span class='ocr_line' id='line_1_67' title="bbox 108 3560 1683 3643; baseline 0.004 -26"><span class='ocrx_word' id='word_1_527' title='bbox 108 3560 195 3620; x_wconf 87' lang='lat' dir='ltr'><strong>Sed</strong></span> <span class='ocrx_word' id='word_1_528' title='bbox 226 3583 393 3639; x_wconf 91' lang='lat' dir='ltr'><strong>neque</strong></span> <span class='ocrx_word' id='word_1_529' title='bbox 424 3568 608 3635; x_wconf 85' lang='lat' dir='ltr'><strong>Titus,</strong></span> <span class='ocrx_word' id='word_1_530' title='bbox 638 3569 732 3642; x_wconf 89' lang='lat' dir='ltr'><strong>qui</strong></span> <span class='ocrx_word' id='word_1_531' title='bbox 761 3584 975 3626; x_wconf 91' lang='lat' dir='ltr'><strong>mecum</strong></span> <span class='ocrx_word' id='word_1_532' title='bbox 1003 3580 1143 3641; x_wconf 88' lang='lat' dir='ltr'><strong>erat,</strong></span> <span class='ocrx_word' id='word_1_533' title='bbox 1185 3584 1306 3629; x_wconf 87' lang='lat' dir='ltr'><strong>cum</strong></span> <span class='ocrx_word' id='word_1_534' title='bbox 1336 3581 1481 3631; x_wconf 81' lang='lat' dir='ltr'><strong>esset</strong></span> <span class='ocrx_word' id='word_1_535' title='bbox 1506 3571 1683 3643; x_wconf 88' lang='lat' dir='ltr'><strong>genti-</strong></span> 
     </span>
    </p>
   </div>
   <div class='ocr_carea' id='block_1_68' title="bbox 106 3654 1678 3737">
    <p class='ocr_par' dir='ltr' id='par_1_68' title="bbox 106 3654 1678 3737">
     <span class='ocr_line' id='line_1_68' title="bbox 106 3654 1678 3737; baseline 0.006 -28"><span class='ocrx_word' id='word_1_536' title='bbox 106 3654 176 3726; x_wconf 89' lang='lat' dir='ltr'><strong>lis,</strong></span> <span class='ocrx_word' id='word_1_537' title='bbox 200 3664 502 3733; x_wconf 85' lang='lat' dir='ltr'><strong>compulsus</strong></span> <span class='ocrx_word' id='word_1_538' title='bbox 526 3672 617 3720; x_wconf 89' lang='lat' dir='ltr'><strong>est</strong></span> <span class='ocrx_word' id='word_1_539' title='bbox 638 3663 981 3721; x_wconf 88' lang='lat' dir='ltr'><strong>circumcidi.</strong></span> <span class='ocrx_word' id='word_1_540' title='bbox 1013 3663 1122 3723; x_wconf 88' lang='lat' dir='ltr'><strong>Sed</strong></span> <span class='ocrx_word' id='word_1_541' title='bbox 1152 3673 1377 3737; x_wconf 80' lang='lat' dir='ltr'><strong>prapter</strong></span> <span class='ocrx_word' id='word_1_542' title='bbox 1399 3664 1678 3720; x_wconf 62' lang='lat' dir='ltr'><strong>subintro.</strong></span> 
     </span>
    </p>
   </div>
   <div class='ocr_carea' id='block_1_69' title="bbox 106 3747 1682 3827">
    <p class='ocr_par' dir='ltr' id='par_1_69' title="bbox 106 3747 1682 3827">
     <span class='ocr_line' id='line_1_69' title="bbox 106 3747 1682 3827; baseline 0.006 -24"><span class='ocrx_word' id='word_1_543' title='bbox 106 3747 270 3807; x_wconf 82' lang='lat' dir='ltr'><strong>ductos</strong></span> <span class='ocrx_word' id='word_1_544' title='bbox 314 3753 482 3815; x_wconf 76' lang='lat' dir='ltr'><strong>falsos</strong></span> <span class='ocrx_word' id='word_1_545' title='bbox 527 3756 755 3823; x_wconf 75' lang='lat' dir='ltr'><strong>fratres,</strong></span> <span class='ocrx_word' id='word_1_546' title='bbox 798 3754 889 3827; x_wconf 89' lang='lat' dir='ltr'><strong>qui</strong></span> <span class='ocrx_word' id='word_1_547' title='bbox 931 3756 1364 3813; x_wconf 90' lang='lat' dir='ltr'><strong>subintroierunt</strong></span> <span class='ocrx_word' id='word_1_548' title='bbox 1393 3758 1682 3826; x_wconf 87' lang='lat' dir='ltr'><strong>explorare</strong></span> 
     </span>
    </p>
   </div>
   <div class='ocr_carea' id='block_1_70' title="bbox 107 3840 1679 3921">
    <p class='ocr_par' dir='ltr' id='par_1_70' title="bbox 107 3840 1679 3921">
     <span class='ocr_line' id='line_1_70' title="bbox 107 3840 1679 3921; baseline 0.006 -24"><span class='ocrx_word' id='word_1_549' title='bbox 107 3840 384 3905; x_wconf 85' lang='lat' dir='ltr'><strong>libertatem</strong></span> <span class='ocrx_word' id='word_1_550' title='bbox 406 3860 683 3916; x_wconf 85' lang='lat' dir='ltr'><strong>nostram,</strong></span> <span class='ocrx_word' id='word_1_551' title='bbox 709 3864 869 3921; x_wconf 81' lang='lat' dir='ltr'><strong>quam</strong></span> <span class='ocrx_word' id='word_1_552' title='bbox 897 3849 1159 3909; x_wconf 87' lang='lat' dir='ltr'><strong>habemus</strong></span> <span class='ocrx_word' id='word_1_553' title='bbox 1189 3850 1245 3907; x_wconf 90' lang='lat' dir='ltr'><strong>in</strong></span> <span class='ocrx_word' id='word_1_554' title='bbox 1276 3849 1497 3908; x_wconf 91' lang='lat' dir='ltr'><strong>Christo</strong></span> <span class='ocrx_word' id='word_1_555' title='bbox 1526 3851 1679 3918; x_wconf 82' lang='lat' dir='ltr'><strong>Jesu,</strong></span> 
     </span>
    </p>
   </div>
   <div class='ocr_carea' id='block_1_71' title="bbox 106 3941 1678 4014">
    <p class='ocr_par' dir='ltr' id='par_1_71' title="bbox 106 3941 1678 4014">
     <span class='ocr_line' id='line_1_71' title="bbox 106 3941 1678 4014; baseline 0.006 -25"><span class='ocrx_word' id='word_1_556' title='bbox 106 3944 152 3989; x_wconf 92' lang='lat' dir='ltr'><strong>ut</strong></span> <span class='ocrx_word' id='word_1_557' title='bbox 176 3952 266 3995; x_wconf 90' lang='lat' dir='ltr'><strong>nos</strong></span> <span class='ocrx_word' id='word_1_558' title='bbox 301 3941 353 3997; x_wconf 91' lang='lat' dir='ltr'><strong>in</strong></span> <span class='ocrx_word' id='word_1_559' title='bbox 396 3941 729 3999; x_wconf 88' lang='lat' dir='ltr'><strong>servitutem</strong></span> <span class='ocrx_word' id='word_1_560' title='bbox 776 3942 1104 4012; x_wconf 88' lang='lat' dir='ltr'><strong>redigerent.</strong></span> <span class='ocrx_word' id='word_1_561' title='bbox 1140 3941 1350 4009; x_wconf 87' lang='lat' dir='ltr'><strong>Quibus</strong></span> <span class='ocrx_word' id='word_1_562' title='bbox 1390 3957 1567 4014; x_wconf 89' lang='lat' dir='ltr'><strong>neque</strong></span> <span class='ocrx_word' id='word_1_563' title='bbox 1610 3942 1678 3999; x_wconf 90' lang='lat' dir='ltr'><strong>ad</strong></span> 
     </span>
    </p>
   </div>
   <div class='ocr_carea' id='block_1_72' title="bbox 107 4023 1680 4107">
    <p class='ocr_par' dir='ltr' id='par_1_72' title="bbox 107 4023 1680 4107">
     <span class='ocr_line' id='line_1_72' title="bbox 107 4023 1680 4107; baseline 0.007 -27"><span class='ocrx_word' id='word_1_564' title='bbox 107 4023 269 4086; x_wconf 84' lang='lat' dir='ltr'><strong>horam</strong></span> <span class='ocrx_word' id='word_1_565' title='bbox 316 4035 590 4091; x_wconf 89' lang='lat' dir='ltr'><strong>cessimus</strong></span> <span class='ocrx_word' id='word_1_566' title='bbox 634 4034 999 4107; x_wconf 71' lang='lat' dir='ltr'><strong>subiectione,</strong></span> <span class='ocrx_word' id='word_1_567' title='bbox 1049 4043 1109 4091; x_wconf 92' lang='lat' dir='ltr'><strong>ut</strong></span> <span class='ocrx_word' id='word_1_568' title='bbox 1153 4036 1357 4095; x_wconf 83' lang='lat' dir='ltr'><strong>veritas</strong></span> <span class='ocrx_word' id='word_1_569' title='bbox 1403 4036 1680 4106; x_wconf 82' lang='lat' dir='ltr'><strong>Evangelii</strong></span> 
     </span>
    </p>
   </div>
   <div class='ocr_carea' id='block_1_73' title="bbox 110 4125 1684 4199">
    <p class='ocr_par' dir='ltr' id='par_1_73' title="bbox 110 4125 1684 4199">
     <span class='ocr_line' id='line_1_73' title="bbox 110 4125 1684 4199; baseline 0.006 -25"><span class='ocrx_word' id='word_1_570' title='bbox 110 4132 397 4187; x_wconf 85' lang='lat' dir='ltr'><strong>permaneat</strong></span> <span class='ocrx_word' id='word_1_571' title='bbox 423 4126 573 4198; x_wconf 88' lang='lat' dir='ltr'><strong>apud</strong></span> <span class='ocrx_word' id='word_1_572' title='bbox 603 4140 699 4182; x_wconf 92' lang='lat' dir='ltr'><strong>vos</strong></span> <span class='ocrx_word' id='word_1_573' title='bbox 731 4145 742 4183; x_wconf 82' lang='lat'><strong>:</strong></span> <span class='ocrx_word' id='word_1_574' title='bbox 776 4127 846 4181; x_wconf 91' lang='lat' dir='ltr'><strong>ab</strong></span> <span class='ocrx_word' id='word_1_575' title='bbox 888 4127 954 4183; x_wconf 88' lang='lat' dir='ltr'><strong>iis</strong></span> <span class='ocrx_word' id='word_1_576' title='bbox 994 4135 1201 4193; x_wconf 90' lang='lat' dir='ltr'><strong>autem,</strong></span> <span class='ocrx_word' id='word_1_577' title='bbox 1231 4125 1326 4199; x_wconf 92' lang='lat' dir='ltr'><strong>qui</strong></span> <span class='ocrx_word' id='word_1_578' title='bbox 1357 4126 1684 4185; x_wconf 89' lang='lat' dir='ltr'><strong>videbantur</strong></span> 
     </span>
    </p>
   </div>
   <div class='ocr_carea' id='block_1_74' title="bbox 108 4218 1681 4292">
    <p class='ocr_par' dir='ltr' id='par_1_74' title="bbox 108 4218 1681 4292">
     <span class='ocr_line' id='line_1_74' title="bbox 108 4218 1681 4292; baseline 0.004 -23"><span class='ocrx_word' id='word_1_579' title='bbox 108 4224 210 4272; x_wconf 81' lang='lat' dir='ltr'><strong>esse</strong></span> <span class='ocrx_word' id='word_1_580' title='bbox 236 4218 435 4290; x_wconf 90' lang='lat' dir='ltr'><strong>aliquid</strong></span> <span class='ocrx_word' id='word_1_581' title='bbox 467 4221 697 4292; x_wconf 88' lang='lat' dir='ltr'><strong>(quales</strong></span> <span class='ocrx_word' id='word_1_582' title='bbox 746 4220 1039 4290; x_wconf 89' lang='lat' dir='ltr'><strong>aliquando</strong></span> <span class='ocrx_word' id='word_1_583' title='bbox 1095 4219 1319 4286; x_wconf 79' lang='lat' dir='ltr'><strong>iuerint,</strong></span> <span class='ocrx_word' id='word_1_584' title='bbox 1373 4220 1510 4277; x_wconf 87' lang='lat' dir='ltr'><strong>nihil</strong></span> <span class='ocrx_word' id='word_1_585' title='bbox 1559 4235 1681 4278; x_wconf 88' lang='lat' dir='ltr'><strong>mea</strong></span> 
     </span>
    </p>
   </div>
   <div class='ocr_carea' id='block_1_75' title="bbox 108 4305 1677 4387">
    <p class='ocr_par' dir='ltr' id='par_1_75' title="bbox 108 4305 1677 4387">
     <span class='ocr_line' id='line_1_75' title="bbox 108 4305 1677 4387; baseline 0.01 -30"><span class='ocrx_word' id='word_1_586' title='bbox 108 4305 341 4369; x_wconf 79' lang='lat' dir='ltr'><strong>interest:</strong></span> <span class='ocrx_word' id='word_1_587' title='bbox 370 4315 510 4373; x_wconf 90' lang='lat' dir='ltr'><strong>Deus</strong></span> <span class='ocrx_word' id='word_1_588' title='bbox 536 4329 827 4385; x_wconf 84' lang='lat' dir='ltr'><strong>personam</strong></span> <span class='ocrx_word' id='word_1_589' title='bbox 852 4315 1086 4372; x_wconf 89' lang='lat' dir='ltr'><strong>hominis</strong></span> <span class='ocrx_word' id='word_1_590' title='bbox 1110 4332 1219 4375; x_wconf 90' lang='lat' dir='ltr'><strong>non</strong></span> <span class='ocrx_word' id='word_1_591' title='bbox 1246 4316 1482 4387; x_wconf 88' lang='lat' dir='ltr'><strong>accipit)</strong></span> <span class='ocrx_word' id='word_1_592' title='bbox 1503 4332 1519 4372; x_wconf 86' lang='lat'><strong>:</strong></span> <span class='ocrx_word' id='word_1_593' title='bbox 1541 4316 1677 4375; x_wconf 86' lang='lat' dir='ltr'><strong>mihi</strong></span> 
     </span>
    </p>
   </div>
   <div class='ocr_carea' id='block_1_76' title="bbox 109 4399 1676 4480">
    <p class='ocr_par' dir='ltr' id='par_1_76' title="bbox 109 4399 1676 4480">
     <span class='ocr_line' id='line_1_76' title="bbox 109 4399 1676 4480; baseline 0.009 -28"><span class='ocrx_word' id='word_1_594' title='bbox 109 4399 231 4457; x_wconf 88' lang='lat' dir='ltr'><strong>enim</strong></span> <span class='ocrx_word' id='word_1_595' title='bbox 253 4405 337 4470; x_wconf 90' lang='lat' dir='ltr'><strong>qui</strong></span> <span class='ocrx_word' id='word_1_596' title='bbox 378 4406 705 4464; x_wconf 78' lang='lat' dir='ltr'><strong>videbantur</strong></span> <span class='ocrx_word' id='word_1_597' title='bbox 734 4423 860 4465; x_wconf 78' lang='lat' dir='ltr'><strong>esse</strong></span> <span class='ocrx_word' id='word_1_598' title='bbox 881 4408 1110 4480; x_wconf 86' lang='lat' dir='ltr'><strong>aliquid,</strong></span> <span class='ocrx_word' id='word_1_599' title='bbox 1137 4409 1276 4467; x_wconf 83' lang='lat' dir='ltr'><strong>nihil</strong></span> <span class='ocrx_word' id='word_1_600' title='bbox 1298 4409 1676 4471; x_wconf 89' lang='lat' dir='ltr'><strong>contulerunt.</strong></span> 
     </span>
    </p>
   </div>
   <div class='ocr_carea' id='block_1_77' title="bbox 1785 3192 3382 3263">
    <p class='ocr_par' dir='ltr' id='par_1_77' title="bbox 1785 3192 3382 3263">
     <span class='ocr_line' id='line_1_77' title="bbox 1785 3192 3382 3263; baseline 0.003 -16"><span class='ocrx_word' id='word_1_601' title='bbox 1785 3209 1811 3247; x_wconf 91' lang='lat' dir='ltr'><strong>a</strong></span> <span class='ocrx_word' id='word_1_602' title='bbox 1846 3193 2001 3248; x_wconf 82' lang='lat' dir='ltr'><strong>vobis</strong></span> <span class='ocrx_word' id='word_1_603' title='bbox 2048 3194 2168 3248; x_wconf 88' lang='lat' dir='ltr'><strong>volo</strong></span> <span class='ocrx_word' id='word_1_604' title='bbox 2216 3194 2469 3248; x_wconf 89' lang='lat' dir='ltr'><strong>discere:</strong></span> <span class='ocrx_word' id='word_1_605' title='bbox 2506 3192 2585 3247; x_wconf 82' lang='lat' dir='ltr'><strong>Ex</strong></span> <span class='ocrx_word' id='word_1_606' title='bbox 2635 3194 2894 3263; x_wconf 84' lang='lat' dir='ltr'><strong>cperibus</strong></span> <span class='ocrx_word' id='word_1_607' title='bbox 2941 3194 3077 3263; x_wconf 88' lang='lat' dir='ltr'><strong>legis</strong></span> <span class='ocrx_word' id='word_1_608' title='bbox 3118 3194 3382 3263; x_wconf 86' lang='lat' dir='ltr'><strong>Spiritum</strong></span> 
     </span>
    </p>
   </div>
   <div class='ocr_carea' id='block_1_78' title="bbox 1783 3290 3375 3363">
    <p class='ocr_par' dir='ltr' id='par_1_78' title="bbox 1783 3290 3375 3363">
     <span class='ocr_line' id='line_1_78' title="bbox 1783 3290 3375 3363; baseline 0.002 -21"><span class='ocrx_word' id='word_1_609' title='bbox 1783 3290 2090 3363; x_wconf 84' lang='lat' dir='ltr'><strong>accepistis,</strong></span> <span class='ocrx_word' id='word_1_610' title='bbox 2111 3306 2178 3347; x_wconf 90' lang='lat' dir='ltr'><strong>an</strong></span> <span class='ocrx_word' id='word_1_611' title='bbox 2209 3306 2274 3346; x_wconf 90' lang='lat' dir='ltr'><strong>ex</strong></span> <span class='ocrx_word' id='word_1_612' title='bbox 2297 3290 2486 3347; x_wconf 87' lang='lat' dir='ltr'><strong>auditu</strong></span> <span class='ocrx_word' id='word_1_613' title='bbox 2510 3290 2671 3347; x_wconf 83' lang='lat' dir='ltr'><strong>lideii</strong></span> <span class='ocrx_word' id='word_1_614' title='bbox 2702 3291 2789 3347; x_wconf 85' lang='lat' dir='ltr'><strong>Sic</strong></span> <span class='ocrx_word' id='word_1_615' title='bbox 2814 3291 2967 3351; x_wconf 89' lang='lat' dir='ltr'><strong>stulti</strong></span> <span class='ocrx_word' id='word_1_616' title='bbox 2991 3292 3143 3357; x_wconf 78' lang='lat' dir='ltr'><strong>estis,</strong></span> <span class='ocrx_word' id='word_1_617' title='bbox 3166 3302 3227 3347; x_wconf 90' lang='lat' dir='ltr'><strong>ut</strong></span> <span class='ocrx_word' id='word_1_618' title='bbox 3250 3306 3375 3349; x_wconf 84' lang='lat' dir='ltr'><strong>cum</strong></span> 
     </span>
    </p>
   </div>
   <div class='ocr_carea' id='block_1_79' title="bbox 1782 3385 3382 3457">
    <p class='ocr_par' dir='ltr' id='par_1_79' title="bbox 1782 3385 3382 3457">
     <span class='ocr_line' id='line_1_79' title="bbox 1782 3385 3382 3457; baseline 0.001 -17"><span class='ocrx_word' id='word_1_619' title='bbox 1782 3385 1980 3457; x_wconf 87' lang='lat' dir='ltr'><strong>spiritu</strong></span> <span class='ocrx_word' id='word_1_620' title='bbox 2008 3385 2309 3455; x_wconf 72' lang='lat' dir='ltr'><strong>creperitis,</strong></span> <span class='ocrx_word' id='word_1_621' title='bbox 2328 3401 2467 3440; x_wconf 90' lang='lat' dir='ltr'><strong>nunc</strong></span> <span class='ocrx_word' id='word_1_622' title='bbox 2496 3400 2658 3443; x_wconf 89' lang='lat' dir='ltr'><strong>carne</strong></span> <span class='ocrx_word' id='word_1_623' title='bbox 2689 3386 3178 3443; x_wconf 85' lang='lat' dir='ltr'><strong>consummemini?</strong></span> <span class='ocrx_word' id='word_1_624' title='bbox 3207 3385 3382 3441; x_wconf 87' lang='lat' dir='ltr'><strong>Tanta</strong></span> 
     </span>
    </p>
   </div>
   <div class='ocr_carea' id='block_1_80' title="bbox 1785 3478 3379 3550">
    <p class='ocr_par' dir='ltr' id='par_1_80' title="bbox 1785 3478 3379 3550">
     <span class='ocr_line' id='line_1_80' title="bbox 1785 3478 3379 3550; baseline 0 -15"><span class='ocrx_word' id='word_1_625' title='bbox 1785 3480 1926 3549; x_wconf 85' lang='lat' dir='ltr'><strong>passi</strong></span> <span class='ocrx_word' id='word_1_626' title='bbox 1953 3480 2087 3535; x_wconf 75' lang='lat' dir='ltr'><strong>estis</strong></span> <span class='ocrx_word' id='word_1_627' title='bbox 2114 3478 2236 3537; x_wconf 86' lang='lat' dir='ltr'><strong>sine</strong></span> <span class='ocrx_word' id='word_1_628' title='bbox 2264 3481 2462 3535; x_wconf 88' lang='lat' dir='ltr'><strong>causa?</strong></span> <span class='ocrx_word' id='word_1_629' title='bbox 2488 3482 2534 3535; x_wconf 88' lang='lat' dir='ltr'><strong>si</strong></span> <span class='ocrx_word' id='word_1_630' title='bbox 2566 3492 2741 3539; x_wconf 91' lang='lat' dir='ltr'><strong>tamen</strong></span> <span class='ocrx_word' id='word_1_631' title='bbox 2768 3482 2887 3538; x_wconf 90' lang='lat' dir='ltr'><strong>sine</strong></span> <span class='ocrx_word' id='word_1_632' title='bbox 2910 3494 3093 3537; x_wconf 85' lang='lat' dir='ltr'><strong>causa.</strong></span> <span class='ocrx_word' id='word_1_633' title='bbox 3120 3480 3220 3546; x_wconf 88' lang='lat' dir='ltr'><strong>Qui</strong></span> <span class='ocrx_word' id='word_1_634' title='bbox 3246 3492 3379 3550; x_wconf 90' lang='lat' dir='ltr'><strong>ergo</strong></span> 
     </span>
    </p>
   </div>
   <div class='ocr_carea' id='block_1_81' title="bbox 1783 3571 3381 3646">
    <p class='ocr_par' dir='ltr' id='par_1_81' title="bbox 1783 3571 3381 3646">
     <span class='ocr_line' id='line_1_81' title="bbox 1783 3571 3381 3646; baseline -0.001 -16"><span class='ocrx_word' id='word_1_635' title='bbox 1783 3575 1970 3633; x_wconf 88' lang='lat' dir='ltr'><strong>tribuit</strong></span> <span class='ocrx_word' id='word_1_636' title='bbox 1998 3575 2150 3632; x_wconf 86' lang='lat' dir='ltr'><strong>vobis</strong></span> <span class='ocrx_word' id='word_1_637' title='bbox 2182 3574 2463 3644; x_wconf 88' lang='lat' dir='ltr'><strong>Spiritum,</strong></span> <span class='ocrx_word' id='word_1_638' title='bbox 2490 3583 2544 3631; x_wconf 93' lang='lat' dir='ltr'><strong>et</strong></span> <span class='ocrx_word' id='word_1_639' title='bbox 2566 3583 2822 3646; x_wconf 87' lang='lat' dir='ltr'><strong>operatur</strong></span> <span class='ocrx_word' id='word_1_640' title='bbox 2846 3575 3076 3630; x_wconf 89' lang='lat' dir='ltr'><strong>virtutes</strong></span> <span class='ocrx_word' id='word_1_641' title='bbox 3101 3573 3155 3631; x_wconf 90' lang='lat' dir='ltr'><strong>in</strong></span> <span class='ocrx_word' id='word_1_642' title='bbox 3186 3571 3337 3629; x_wconf 89' lang='lat' dir='ltr'><strong>vobis</strong></span> <span class='ocrx_word' id='word_1_643' title='bbox 3364 3587 3381 3628; x_wconf 87' lang='lat'><strong>:</strong></span> 
     </span>
    </p>
   </div>
   <div class='ocr_carea' id='block_1_82' title="bbox 1782 3663 3375 3737">
    <p class='ocr_par' dir='ltr' id='par_1_82' title="bbox 1782 3663 3375 3737">
     <span class='ocr_line' id='line_1_82' title="bbox 1782 3663 3375 3737; baseline -0.003 -14"><span class='ocrx_word' id='word_1_644' title='bbox 1782 3681 1849 3723; x_wconf 89' lang='lat' dir='ltr'><strong>cx</strong></span> <span class='ocrx_word' id='word_1_645' title='bbox 1876 3666 2135 3737; x_wconf 88' lang='lat' dir='ltr'><strong>operibus</strong></span> <span class='ocrx_word' id='word_1_646' title='bbox 2163 3666 2317 3735; x_wconf 89' lang='lat' dir='ltr'><strong>legis,</strong></span> <span class='ocrx_word' id='word_1_647' title='bbox 2342 3680 2409 3721; x_wconf 86' lang='lat' dir='ltr'><strong>an</strong></span> <span class='ocrx_word' id='word_1_648' title='bbox 2431 3681 2497 3722; x_wconf 90' lang='lat' dir='ltr'><strong>ex</strong></span> <span class='ocrx_word' id='word_1_649' title='bbox 2528 3667 2714 3723; x_wconf 89' lang='lat' dir='ltr'><strong>auditu</strong></span> <span class='ocrx_word' id='word_1_650' title='bbox 2744 3664 2910 3720; x_wconf 78' lang='lat' dir='ltr'><strong>ﬁdei?</strong></span> <span class='ocrx_word' id='word_1_651' title='bbox 2936 3664 3091 3721; x_wconf 88' lang='lat' dir='ltr'><strong>Sicut</strong></span> <span class='ocrx_word' id='word_1_652' title='bbox 3111 3663 3375 3733; x_wconf 85' lang='lat' dir='ltr'><strong>scriptum</strong></span> 
     </span>
    </p>
   </div>
   <div class='ocr_carea' id='block_1_83' title="bbox 1782 3756 3381 3829">
    <p class='ocr_par' dir='ltr' id='par_1_83' title="bbox 1782 3756 3381 3829">
     <span class='ocr_line' id='line_1_83' title="bbox 1782 3756 3381 3829; baseline -0.001 -12"><span class='ocrx_word' id='word_1_653' title='bbox 1782 3774 1865 3817; x_wconf 90' lang='lat' dir='ltr'><strong>est</strong></span> <span class='ocrx_word' id='word_1_654' title='bbox 1897 3782 1908 3814; x_wconf 89' lang='lat'>:</span> <span class='ocrx_word' id='word_1_655' title='bbox 1940 3762 2212 3819; x_wconf 84' lang='lat' dir='ltr'><strong>Abraham</strong></span> <span class='ocrx_word' id='word_1_656' title='bbox 2240 3764 2471 3819; x_wconf 89' lang='lat' dir='ltr'><strong>credidit</strong></span> <span class='ocrx_word' id='word_1_657' title='bbox 2501 3762 2631 3825; x_wconf 80' lang='lat' dir='ltr'><strong>Deo,</strong></span> <span class='ocrx_word' id='word_1_658' title='bbox 2664 3770 2719 3817; x_wconf 91' lang='lat' dir='ltr'><strong>et</strong></span> <span class='ocrx_word' id='word_1_659' title='bbox 2754 3768 3059 3829; x_wconf 89' lang='lat' dir='ltr'><strong>reputatum</strong></span> <span class='ocrx_word' id='word_1_660' title='bbox 3092 3769 3177 3816; x_wconf 86' lang='lat' dir='ltr'><strong>est</strong></span> <span class='ocrx_word' id='word_1_661' title='bbox 3205 3757 3285 3813; x_wconf 90' lang='lat' dir='ltr'><strong>illi</strong></span> <span class='ocrx_word' id='word_1_662' title='bbox 3310 3756 3381 3815; x_wconf 87' lang='lat' dir='ltr'><strong>ad</strong></span> 
     </span>
    </p>
   </div>
   <div class='ocr_carea' id='block_1_84' title="bbox 1778 3852 3379 3927">
    <p class='ocr_par' dir='ltr' id='par_1_84' title="bbox 1778 3852 3379 3927">
     <span class='ocr_line' id='line_1_84' title="bbox 1778 3852 3379 3927; baseline -0.001 -18"><span class='ocrx_word' id='word_1_663' title='bbox 1778 3856 2064 3927; x_wconf 87' lang='lat' dir='ltr'><strong>justitiam.</strong></span> <span class='ocrx_word' id='word_1_664' title='bbox 2097 3857 2422 3926; x_wconf 89' lang='lat' dir='ltr'><strong>Coguoscite</strong></span> <span class='ocrx_word' id='word_1_665' title='bbox 2467 3854 2597 3927; x_wconf 76' lang='grc' dir='ltr'><strong>[Με.</strong></span> <span class='ocrx_word' id='word_1_666' title='bbox 2645 3852 2995 3924; x_wconf 84' lang='lat' dir='ltr'><strong>cognoscitis]</strong></span> <span class='ocrx_word' id='word_1_667' title='bbox 3036 3868 3200 3924; x_wconf 89' lang='lat' dir='ltr'><strong>ergo,</strong></span> <span class='ocrx_word' id='word_1_668' title='bbox 3250 3852 3379 3921; x_wconf 85' lang='lat' dir='ltr'><strong>quia</strong></span> 
     </span>
    </p>
   </div>
   <div class='ocr_carea' id='block_1_85' title="bbox 1781 3944 3373 4020">
    <p class='ocr_par' dir='ltr' id='par_1_85' title="bbox 1781 3944 3373 4020">
     <span class='ocr_line' id='line_1_85' title="bbox 1781 3944 3373 4020; baseline -0.003 -15"><span class='ocrx_word' id='word_1_669' title='bbox 1781 3952 1871 4020; x_wconf 90' lang='lat' dir='ltr'><strong>qui</strong></span> <span class='ocrx_word' id='word_1_670' title='bbox 1896 3966 1964 4005; x_wconf 85' lang='lat' dir='ltr'><strong>ex</strong></span> <span class='ocrx_word' id='word_1_671' title='bbox 2000 3950 2104 4005; x_wconf 85' lang='lat' dir='ltr'><strong>ﬁde</strong></span> <span class='ocrx_word' id='word_1_672' title='bbox 2134 3958 2283 4016; x_wconf 90' lang='lat' dir='ltr'><strong>sunt,</strong></span> <span class='ocrx_word' id='word_1_673' title='bbox 2314 3948 2349 4004; x_wconf 92' lang='lat' dir='ltr'><strong>ii</strong></span> <span class='ocrx_word' id='word_1_674' title='bbox 2378 3958 2502 4005; x_wconf 88' lang='lat' dir='ltr'><strong>sunt</strong></span> <span class='ocrx_word' id='word_1_675' title='bbox 2536 3947 2631 4003; x_wconf 89' lang='lat' dir='ltr'><strong>ﬁlii</strong></span> <span class='ocrx_word' id='word_1_676' title='bbox 2665 3946 2919 4003; x_wconf 76' lang='lat' dir='ltr'><strong>Abrabze.</strong></span> <span class='ocrx_word' id='word_1_677' title='bbox 2946 3944 3246 4005; x_wconf 84' lang='lat' dir='ltr'><strong>Providens</strong></span> <span class='ocrx_word' id='word_1_678' title='bbox 3269 3960 3373 4001; x_wconf 90' lang='lat' dir='ltr'><strong>au-</strong></span> 
     </span>
    </p>
   </div>
   <div class='ocr_carea' id='block_1_86' title="bbox 1784 4037 3377 4111">
    <p class='ocr_par' dir='ltr' id='par_1_86' title="bbox 1784 4037 3377 4111">
     <span class='ocr_line' id='line_1_86' title="bbox 1784 4037 3377 4111; baseline -0.001 -15"><span class='ocrx_word' id='word_1_679' title='bbox 1784 4049 1892 4099; x_wconf 86' lang='lat' dir='ltr'><strong>tem</strong></span> <span class='ocrx_word' id='word_1_680' title='bbox 1924 4041 2244 4110; x_wconf 86' lang='lat' dir='ltr'><strong>Scriptura,</strong></span> <span class='ocrx_word' id='word_1_681' title='bbox 2286 4041 2408 4111; x_wconf 90' lang='lat' dir='ltr'><strong>quia</strong></span> <span class='ocrx_word' id='word_1_682' title='bbox 2439 4056 2505 4097; x_wconf 80' lang='lat' dir='ltr'><strong>ex</strong></span> <span class='ocrx_word' id='word_1_683' title='bbox 2545 4039 2651 4097; x_wconf 85' lang='lat' dir='ltr'><strong>ﬁde</strong></span> <span class='ocrx_word' id='word_1_684' title='bbox 2674 4038 2937 4107; x_wconf 88' lang='lat' dir='ltr'><strong>justiﬁeat</strong></span> <span class='ocrx_word' id='word_1_685' title='bbox 2976 4046 3168 4106; x_wconf 84' lang='lat' dir='ltr'><strong>gentes</strong></span> <span class='ocrx_word' id='word_1_686' title='bbox 3211 4037 3377 4105; x_wconf 88' lang='lat' dir='ltr'><strong>Deus,</strong></span> 
     </span>
    </p>
   </div>
   <div class='ocr_carea' id='block_1_87' title="bbox 1786 4132 3385 4205">
    <p class='ocr_par' dir='ltr' id='par_1_87' title="bbox 1786 4132 3385 4205">
     <span class='ocr_line' id='line_1_87' title="bbox 1786 4132 3385 4205; baseline -0.001 -15"><span class='ocrx_word' id='word_1_687' title='bbox 1786 4135 2173 4205; x_wconf 65' lang='lat' dir='ltr'><strong>praenuntiavit</strong></span> <span class='ocrx_word' id='word_1_688' title='bbox 2237 4133 2469 4191; x_wconf 55' lang='lat' dir='ltr'><strong>Abrahae</strong></span> <span class='ocrx_word' id='word_1_689' title='bbox 2521 4152 2535 4190; x_wconf 90' lang='lat'><strong>:</strong></span> <span class='ocrx_word' id='word_1_690' title='bbox 2581 4133 2716 4201; x_wconf 88' lang='lat' dir='ltr'><strong>Quia</strong></span> <span class='ocrx_word' id='word_1_691' title='bbox 2775 4132 3167 4191; x_wconf 89' lang='lat' dir='ltr'><strong>benedicentur</strong></span> <span class='ocrx_word' id='word_1_692' title='bbox 3216 4132 3271 4189; x_wconf 91' lang='lat' dir='ltr'><strong>in</strong></span> <span class='ocrx_word' id='word_1_693' title='bbox 3326 4141 3385 4189; x_wconf 87' lang='lat' dir='ltr'><strong>te</strong></span> 
     </span>
    </p>
   </div>
   <div class='ocr_carea' id='block_1_88' title="bbox 1784 4225 3383 4298">
    <p class='ocr_par' dir='ltr' id='par_1_88' title="bbox 1784 4225 3383 4298">
     <span class='ocr_line' id='line_1_88' title="bbox 1784 4225 3383 4298; baseline -0.003 -15"><span class='ocrx_word' id='word_1_694' title='bbox 1784 4242 1979 4283; x_wconf 89' lang='lat' dir='ltr'><strong>omnes</strong></span> <span class='ocrx_word' id='word_1_695' title='bbox 2003 4234 2213 4297; x_wconf 87' lang='lat' dir='ltr'><strong>gentes.</strong></span> <span class='ocrx_word' id='word_1_696' title='bbox 2241 4225 2407 4298; x_wconf 88' lang='lat' dir='ltr'><strong>igitur</strong></span> <span class='ocrx_word' id='word_1_697' title='bbox 2437 4227 2528 4297; x_wconf 92' lang='lat' dir='ltr'><strong>qui</strong></span> <span class='ocrx_word' id='word_1_698' title='bbox 2559 4242 2625 4285; x_wconf 83' lang='lat' dir='ltr'><strong>ex</strong></span> <span class='ocrx_word' id='word_1_699' title='bbox 2664 4226 2769 4284; x_wconf 90' lang='lat' dir='ltr'><strong>ﬁde</strong></span> <span class='ocrx_word' id='word_1_700' title='bbox 2794 4234 2950 4291; x_wconf 89' lang='lat' dir='ltr'><strong>sunt,</strong></span> <span class='ocrx_word' id='word_1_701' title='bbox 2984 4225 3383 4286; x_wconf 85' lang='lat' dir='ltr'><strong>benedicentur</strong></span> 
     </span>
    </p>
   </div>
   <div class='ocr_carea' id='block_1_89' title="bbox 1784 4318 3380 4393">
    <p class='ocr_par' dir='ltr' id='par_1_89' title="bbox 1784 4318 3380 4393">
     <span class='ocr_line' id='line_1_89' title="bbox 1784 4318 3380 4393; baseline -0.001 -16"><span class='ocrx_word' id='word_1_702' title='bbox 1784 4335 1906 4377; x_wconf 91' lang='lat' dir='ltr'><strong>cum</strong></span> <span class='ocrx_word' id='word_1_703' title='bbox 1936 4320 2083 4379; x_wconf 90' lang='lat' dir='ltr'><strong>ﬁdeli</strong></span> <span class='ocrx_word' id='word_1_704' title='bbox 2113 4321 2409 4379; x_wconf 84' lang='lat' dir='ltr'><strong>Abraham.</strong></span> <span class='ocrx_word' id='word_1_705' title='bbox 2456 4322 2801 4393; x_wconf 88' lang='lat' dir='ltr'><strong>Quicumque</strong></span> <span class='ocrx_word' id='word_1_706' title='bbox 2852 4321 2995 4377; x_wconf 87' lang='lat' dir='ltr'><strong>enim</strong></span> <span class='ocrx_word' id='word_1_707' title='bbox 3024 4335 3090 4375; x_wconf 90' lang='lat' dir='ltr'><strong>ex</strong></span> <span class='ocrx_word' id='word_1_708' title='bbox 3120 4318 3380 4388; x_wconf 79' lang='lat' dir='ltr'><strong>operibus</strong></span> 
     </span>
    </p>
   </div>
   <div class='ocr_carea' id='block_1_90' title="bbox 1786 4408 3377 4485">
    <p class='ocr_par' dir='ltr' id='par_1_90' title="bbox 1786 4408 3377 4485">
     <span class='ocr_line' id='line_1_90' title="bbox 1786 4408 3377 4485; baseline -0.003 -16"><span class='ocrx_word' id='word_1_709' title='bbox 1786 4414 1923 4485; x_wconf 87' lang='lat' dir='ltr'><strong>legis</strong></span> <span class='ocrx_word' id='word_1_710' title='bbox 1949 4425 2098 4482; x_wconf 86' lang='lat' dir='ltr'><strong>sunt,</strong></span> <span class='ocrx_word' id='word_1_711' title='bbox 2130 4414 2231 4471; x_wconf 90' lang='lat' dir='ltr'><strong>sub</strong></span> <span class='ocrx_word' id='word_1_712' title='bbox 2256 4414 2546 4471; x_wconf 89' lang='lat' dir='ltr'><strong>maledicto</strong></span> <span class='ocrx_word' id='word_1_713' title='bbox 2582 4424 2728 4470; x_wconf 83' lang='lat' dir='ltr'><strong>sunt.</strong></span> <span class='ocrx_word' id='word_1_714' title='bbox 2767 4410 3039 4479; x_wconf 86' lang='lat' dir='ltr'><strong>Scriptum</strong></span> <span class='ocrx_word' id='word_1_715' title='bbox 3066 4418 3149 4465; x_wconf 91' lang='lat' dir='ltr'><strong>est</strong></span> <span class='ocrx_word' id='word_1_716' title='bbox 3178 4408 3321 4464; x_wconf 91' lang='lat' dir='ltr'><strong>enim</strong></span> <span class='ocrx_word' id='word_1_717' title='bbox 3360 4425 3377 4465; x_wconf 86' lang='lat'><strong>:</strong></span> 
     </span>
    </p>
   </div>
   <div class='ocr_carea' id='block_1_91' title="bbox 112 4487 3376 4578">
    <p class='ocr_par' dir='ltr' id='par_1_91' title="bbox 112 4487 3376 4578">
     <span class='ocr_line' id='line_1_91' title="bbox 112 4487 3376 4578; baseline 0.002 -28"><span class='ocrx_word' id='word_1_718' title='bbox 112 4487 201 4547; x_wconf 79' lang='lat' dir='ltr'><strong>Sed</strong></span> <span class='ocrx_word' id='word_1_719' title='bbox 232 4508 443 4555; x_wconf 87' lang='lat' dir='ltr'><strong>econtra</strong></span> <span class='ocrx_word' id='word_1_720' title='bbox 483 4514 612 4555; x_wconf 88' lang='lat' dir='ltr'><strong>cum</strong></span> <span class='ocrx_word' id='word_1_721' title='bbox 644 4499 912 4558; x_wconf 86' lang='lat' dir='ltr'><strong>vidissent</strong></span> <span class='ocrx_word' id='word_1_722' title='bbox 949 4501 1092 4571; x_wconf 89' lang='lat' dir='ltr'><strong>quod</strong></span> <span class='ocrx_word' id='word_1_723' title='bbox 1122 4501 1388 4561; x_wconf 90' lang='lat' dir='ltr'><strong>creditum</strong></span> <span class='ocrx_word' id='word_1_724' title='bbox 1428 4513 1511 4563; x_wconf 86' lang='lat' dir='ltr'><strong>est</strong></span> <span class='ocrx_word' id='word_1_725' title='bbox 1550 4502 1682 4560; x_wconf 91' lang='lat' dir='ltr'><strong>mihi</strong></span> <span class='ocrx_word' id='word_1_726' title='bbox 1708 4489 1763 4553; x_wconf 86' lang='grc' dir='ltr'><strong>Ῑ)</strong></span> <span class='ocrx_word' id='word_1_727' title='bbox 1787 4507 2109 4567; x_wconf 78' lang='lat' dir='ltr'><strong>Maledictus</strong></span> <span class='ocrx_word' id='word_1_728' title='bbox 2138 4508 2336 4575; x_wconf 87' lang='lat' dir='ltr'><strong>omnis,</strong></span> <span class='ocrx_word' id='word_1_729' title='bbox 2362 4509 2451 4577; x_wconf 90' lang='lat' dir='ltr'><strong>qui</strong></span> <span class='ocrx_word' id='word_1_730' title='bbox 2481 4522 2587 4563; x_wconf 91' lang='lat' dir='ltr'><strong>non</strong></span> <span class='ocrx_word' id='word_1_731' title='bbox 2616 4503 2975 4578; x_wconf 77' lang='lat' dir='ltr'><strong>permanserit</strong></span> <span class='ocrx_word' id='word_1_732' title='bbox 3005 4504 3060 4561; x_wconf 90' lang='lat' dir='ltr'><strong>in</strong></span> <span class='ocrx_word' id='word_1_733' title='bbox 3097 4500 3376 4569; x_wconf 88' lang='lat' dir='ltr'><strong>omnibus,</strong></span> 
     </span>
    </p>
   </div>
   <div class='ocr_carea' id='block_1_92' title="bbox 116 4582 1685 4664">
    <p class='ocr_par' dir='ltr' id='par_1_92' title="bbox 116 4582 1685 4664">
     <span class='ocr_line' id='line_1_92' title="bbox 116 4582 1685 4664; baseline 0.009 -23"><span class='ocrx_word' id='word_1_734' title='bbox 116 4582 439 4659; x_wconf 87' lang='lat' dir='ltr'><strong>Evangelium</strong></span> <span class='ocrx_word' id='word_1_735' title='bbox 473 4592 758 4664; x_wconf 66' lang='lat' dir='ltr'><strong>prmputii,</strong></span> <span class='ocrx_word' id='word_1_736' title='bbox 796 4594 937 4650; x_wconf 88' lang='lat' dir='ltr'><strong>sicut</strong></span> <span class='ocrx_word' id='word_1_737' title='bbox 964 4605 1019 4651; x_wconf 92' lang='lat' dir='ltr'><strong>et</strong></span> <span class='ocrx_word' id='word_1_738' title='bbox 1045 4596 1206 4651; x_wconf 85' lang='lat' dir='ltr'><strong>Petro</strong></span> <span class='ocrx_word' id='word_1_739' title='bbox 1248 4597 1685 4655; x_wconf 87' lang='lat' dir='ltr'><strong>circumcisionis</strong></span> 
     </span>
    </p>
   </div>
   <div class='ocr_carea' id='block_1_93' title="bbox 109 4677 1685 4759">
    <p class='ocr_par' dir='ltr' id='par_1_93' title="bbox 109 4677 1685 4759">
     <span class='ocr_line' id='line_1_93' title="bbox 109 4677 1685 4759; baseline 0.008 -25"><span class='ocrx_word' id='word_1_740' title='bbox 109 4677 208 4749; x_wconf 90' lang='lat' dir='ltr'><strong>(qui</strong></span> <span class='ocrx_word' id='word_1_741' title='bbox 229 4686 367 4742; x_wconf 90' lang='lat' dir='ltr'><strong>enim</strong></span> <span class='ocrx_word' id='word_1_742' title='bbox 400 4696 659 4757; x_wconf 87' lang='lat' dir='ltr'><strong>operatus</strong></span> <span class='ocrx_word' id='word_1_743' title='bbox 680 4698 764 4743; x_wconf 88' lang='lat' dir='ltr'><strong>est</strong></span> <span class='ocrx_word' id='word_1_744' title='bbox 798 4687 958 4744; x_wconf 87' lang='lat' dir='ltr'><strong>Petro</strong></span> <span class='ocrx_word' id='word_1_745' title='bbox 987 4688 1039 4745; x_wconf 88' lang='lat' dir='ltr'><strong>in</strong></span> <span class='ocrx_word' id='word_1_746' title='bbox 1064 4690 1429 4759; x_wconf 88' lang='lat' dir='ltr'><strong>apostolatum</strong></span> <span class='ocrx_word' id='word_1_747' title='bbox 1451 4691 1685 4749; x_wconf 86' lang='lat' dir='ltr'><strong>circum-</strong></span> 
     </span>
    </p>
   </div>
   <div class='ocr_carea' id='block_1_94' title="bbox 110 4773 1686 4855">
    <p class='ocr_par' dir='ltr' id='par_1_94' title="bbox 110 4773 1686 4855">
     <span class='ocr_line' id='line_1_94' title="bbox 110 4773 1686 4855; baseline 0.011 -29"><span class='ocrx_word' id='word_1_748' title='bbox 110 4773 332 4847; x_wconf 72' lang='lat' dir='ltr'><strong>cisionis,</strong></span> <span class='ocrx_word' id='word_1_749' title='bbox 363 4792 625 4853; x_wconf 87' lang='lat' dir='ltr'><strong>operatus</strong></span> <span class='ocrx_word' id='word_1_750' title='bbox 648 4792 735 4844; x_wconf 90' lang='lat' dir='ltr'><strong>est</strong></span> <span class='ocrx_word' id='word_1_751' title='bbox 764 4792 821 4839; x_wconf 87' lang='lat' dir='ltr'><strong>et</strong></span> <span class='ocrx_word' id='word_1_752' title='bbox 852 4782 985 4840; x_wconf 89' lang='lat' dir='ltr'><strong>mihi</strong></span> <span class='ocrx_word' id='word_1_753' title='bbox 1012 4784 1154 4843; x_wconf 89' lang='lat' dir='ltr'><strong>inter</strong></span> <span class='ocrx_word' id='word_1_754' title='bbox 1183 4786 1396 4855; x_wconf 83' lang='lat' dir='ltr'><strong>gentes)</strong></span> <span class='ocrx_word' id='word_1_755' title='bbox 1429 4803 1441 4839; x_wconf 88' lang='lat'><strong>:</strong></span> <span class='ocrx_word' id='word_1_756' title='bbox 1476 4794 1534 4842; x_wconf 91' lang='lat' dir='ltr'><strong>et</strong></span> <span class='ocrx_word' id='word_1_757' title='bbox 1560 4800 1686 4843; x_wconf 84' lang='lat' dir='ltr'><strong>cum</strong></span> 
     </span>
    </p>
   </div>
   <div class='ocr_carea' id='block_1_95' title="bbox 109 4874 1683 4949">
    <p class='ocr_par' dir='ltr' id='par_1_95' title="bbox 109 4874 1683 4949">
     <span class='ocr_line' id='line_1_95' title="bbox 109 4874 1683 4949; baseline 0.01 -28"><span class='ocrx_word' id='word_1_758' title='bbox 109 4874 469 4940; x_wconf 84' lang='lat' dir='ltr'><strong>cognovissent</strong></span> <span class='ocrx_word' id='word_1_759' title='bbox 495 4878 750 4947; x_wconf 87' lang='lat' dir='ltr'><strong>gratiam,</strong></span> <span class='ocrx_word' id='word_1_760' title='bbox 784 4894 905 4948; x_wconf 65' lang='lat' dir='ltr'><strong>quae</strong></span> <span class='ocrx_word' id='word_1_761' title='bbox 928 4877 1052 4934; x_wconf 89' lang='lat' dir='ltr'><strong>data</strong></span> <span class='ocrx_word' id='word_1_762' title='bbox 1077 4887 1163 4934; x_wconf 85' lang='lat' dir='ltr'><strong>est</strong></span> <span class='ocrx_word' id='word_1_763' title='bbox 1182 4878 1340 4945; x_wconf 89' lang='lat' dir='ltr'><strong>mihi,</strong></span> <span class='ocrx_word' id='word_1_764' title='bbox 1363 4876 1392 4917; x_wconf 73' lang='grc' dir='ltr'>δ</span> <span class='ocrx_word' id='word_1_765' title='bbox 1422 4877 1683 4949; x_wconf 68' lang='lat' dir='ltr'><strong>Iacobus,</strong></span> 
     </span>
    </p>
   </div>
   <div class='ocr_carea' id='block_1_96' title="bbox 110 4960 1680 5041">
    <p class='ocr_par' dir='ltr' id='par_1_96' title="bbox 110 4960 1680 5041">
     <span class='ocr_line' id='line_1_96' title="bbox 110 4960 1680 5041; baseline 0.01 -27"><span class='ocrx_word' id='word_1_766' title='bbox 110 4965 155 5011; x_wconf 83' lang='lat' dir='ltr'><strong>et</strong></span> <span class='ocrx_word' id='word_1_767' title='bbox 177 4960 399 5033; x_wconf 81' lang='lat' dir='ltr'><strong>Cepltas,</strong></span> <span class='ocrx_word' id='word_1_768' title='bbox 423 4976 479 5025; x_wconf 92' lang='lat' dir='ltr'><strong>et</strong></span> <span class='ocrx_word' id='word_1_769' title='bbox 501 4968 766 5036; x_wconf 78' lang='lat' dir='ltr'><strong>Joannes,</strong></span> <span class='ocrx_word' id='word_1_770' title='bbox 786 4969 880 5041; x_wconf 92' lang='lat' dir='ltr'><strong>qui</strong></span> <span class='ocrx_word' id='word_1_771' title='bbox 905 4970 1233 5027; x_wconf 86' lang='lat' dir='ltr'><strong>videbantur</strong></span> <span class='ocrx_word' id='word_1_772' title='bbox 1250 4971 1517 5029; x_wconf 74' lang='lat' dir='ltr'><strong>columna:</strong></span> <span class='ocrx_word' id='word_1_773' title='bbox 1537 4987 1680 5040; x_wconf 89' lang='lat' dir='ltr'><strong>esse,</strong></span> 
     </span>
    </p>
   </div>
   <div class='ocr_carea' id='block_1_97' title="bbox 111 5047 1683 5131">
    <p class='ocr_par' dir='ltr' id='par_1_97' title="bbox 111 5047 1683 5131">
     <span class='ocr_line' id='line_1_97' title="bbox 111 5047 1683 5131; baseline 0.012 -28"><span class='ocrx_word' id='word_1_774' title='bbox 111 5047 309 5111; x_wconf 87' lang='lat' dir='ltr'><strong>dextras</strong></span> <span class='ocrx_word' id='word_1_775' title='bbox 344 5059 617 5118; x_wconf 85' lang='lat' dir='ltr'><strong>dederunt</strong></span> <span class='ocrx_word' id='word_1_776' title='bbox 661 5062 794 5121; x_wconf 87' lang='lat' dir='ltr'><strong>mihi</strong></span> <span class='ocrx_word' id='word_1_777' title='bbox 839 5072 896 5120; x_wconf 90' lang='lat' dir='ltr'><strong>et</strong></span> <span class='ocrx_word' id='word_1_778' title='bbox 937 5064 1229 5131; x_wconf 73' lang='lat' dir='ltr'><strong>Barnabrc,</strong></span> <span class='ocrx_word' id='word_1_779' title='bbox 1272 5064 1592 5125; x_wconf 84' lang='lat' dir='ltr'><strong>societatis:</strong></span> <span class='ocrx_word' id='word_1_780' title='bbox 1624 5076 1683 5125; x_wconf 93' lang='lat' dir='ltr'><strong>ut</strong></span> 
     </span>
    </p>
   </div>
   <div class='ocr_carea' id='block_1_98' title="bbox 112 5146 1677 5224">
    <p class='ocr_par' dir='ltr' id='par_1_98' title="bbox 112 5146 1677 5224">
     <span class='ocr_line' id='line_1_98' title="bbox 112 5146 1677 5224; baseline 0.008 -22"><span class='ocrx_word' id='word_1_781' title='bbox 112 5153 201 5199; x_wconf 79' lang='lat' dir='ltr'><strong>nos</strong></span> <span class='ocrx_word' id='word_1_782' title='bbox 220 5146 268 5204; x_wconf 88' lang='lat' dir='ltr'><strong>in</strong></span> <span class='ocrx_word' id='word_1_783' title='bbox 290 5159 502 5220; x_wconf 88' lang='lat' dir='ltr'><strong>gentes,</strong></span> <span class='ocrx_word' id='word_1_784' title='bbox 526 5154 630 5224; x_wconf 86' lang='lat' dir='ltr'><strong>ipsi</strong></span> <span class='ocrx_word' id='word_1_785' title='bbox 654 5164 837 5215; x_wconf 85' lang='lat' dir='ltr'><strong>autem</strong></span> <span class='ocrx_word' id='word_1_786' title='bbox 860 5156 917 5213; x_wconf 92' lang='lat' dir='ltr'><strong>in</strong></span> <span class='ocrx_word' id='word_1_787' title='bbox 938 5156 1445 5218; x_wconf 85' lang='lat' dir='ltr'><strong>circumcisionem:</strong></span> <span class='ocrx_word' id='word_1_788' title='bbox 1472 5168 1677 5217; x_wconf 86' lang='lat' dir='ltr'><strong>tantum</strong></span> 
     </span>
    </p>
   </div>
   <div class='ocr_carea' id='block_1_99' title="bbox 174 5351 1535 5430">
    <p class='ocr_par' dir='ltr' id='par_1_99' title="bbox 174 5351 1535 5430">
     <span class='ocr_line' id='line_1_99' title="bbox 174 5351 1535 5430; baseline 0.004 -23"><span class='ocrx_word' id='word_1_789' title='bbox 174 5358 198 5430; x_wconf 62' lang='grc' dir='ltr'><em>ξ</em></span> <span class='ocrx_word' id='word_1_790' title='bbox 223 5351 495 5430; x_wconf 61' lang='lat' dir='ltr'><strong>ifalatinus</strong></span> <span class='ocrx_word' id='word_1_791' title='bbox 522 5372 625 5430; x_wconf 85' lang='lat' dir='ltr'><strong>ms.</strong></span> <span class='ocrx_word' id='word_1_792' title='bbox 653 5359 779 5426; x_wconf 79' lang='lat' dir='ltr'><strong>Aul,</strong></span> <span class='ocrx_word' id='word_1_793' title='bbox 802 5369 856 5415; x_wconf 86' lang='lat' dir='ltr'><strong>et</strong></span> <span class='ocrx_word' id='word_1_794' title='bbox 884 5360 1076 5416; x_wconf 70' lang='lat' dir='ltr'><strong>Graece</strong></span> <span class='ocrx_word' id='word_1_795' title='bbox 1104 5359 1325 5430; x_wconf 85' lang='lat' dir='ltr'><strong>quidem</strong></span> <span class='ocrx_word' id='word_1_796' title='bbox 1354 5369 1439 5415; x_wconf 84' lang='lat' dir='ltr'><strong>est</strong></span> <span class='ocrx_word' id='word_1_797' title='bbox 1470 5359 1535 5414; x_wconf 81' lang='lat' dir='ltr'><strong>il.</strong></span> 
     </span>
    </p>
   </div>
   <div class='ocr_carea' id='block_1_100' title="bbox 140 5418 1683 5499">
    <p class='ocr_par' dir='ltr' id='par_1_100' title="bbox 140 5418 1683 5499">
     <span class='ocr_line' id='line_1_100' title="bbox 140 5418 1683 5499; baseline 0.002 -22"><span class='ocrx_word' id='word_1_798' title='bbox 140 5488 149 5498; x_wconf 87' lang='lat'><strong>_</strong></span> <span class='ocrx_word' id='word_1_799' title='bbox 175 5418 199 5457; x_wconf 73' lang='grc' dir='ltr'>δ</span> <span class='ocrx_word' id='word_1_800' title='bbox 223 5422 387 5480; x_wconf 85' lang='lat' dir='ltr'><strong>Habet</strong></span> <span class='ocrx_word' id='word_1_801' title='bbox 404 5427 509 5483; x_wconf 89' lang='lat' dir='ltr'><strong>alio</strong></span> <span class='ocrx_word' id='word_1_802' title='bbox 532 5429 721 5485; x_wconf 88' lang='lat' dir='ltr'><strong>ordine</strong></span> <span class='ocrx_word' id='word_1_803' title='bbox 743 5418 863 5484; x_wconf 78' lang='lat' dir='ltr'><strong>cum</strong></span> <span class='ocrx_word' id='word_1_804' title='bbox 889 5430 1095 5487; x_wconf 71' lang='lat' dir='ltr'><strong>Graecis</strong></span> <span class='ocrx_word' id='word_1_805' title='bbox 1122 5418 1328 5499; x_wconf 70' lang='lat' dir='ltr'><strong>aliquot</strong></span> <span class='ocrx_word' id='word_1_806' title='bbox 1353 5431 1504 5485; x_wconf 87' lang='lat' dir='ltr'><strong>libris</strong></span> <span class='ocrx_word' id='word_1_807' title='bbox 1529 5430 1683 5482; x_wconf 80' lang='lat' dir='ltr'><strong>Pala-</strong></span> 
     </span>
    </p>
   </div>
   <div class='ocr_carea' id='block_1_101' title="bbox 119 5498 1687 5569">
    <p class='ocr_par' dir='ltr' id='par_1_101' title="bbox 119 5498 1687 5569">
     <span class='ocr_line' id='line_1_101' title="bbox 119 5498 1687 5569; baseline 0.008 -28"><span class='ocrx_word' id='word_1_808' title='bbox 119 5498 248 5569; x_wconf 72' lang='lat' dir='ltr'><strong>tinus</strong></span> <span class='ocrx_word' id='word_1_809' title='bbox 275 5511 483 5569; x_wconf 75' lang='lat' dir='ltr'><strong>quoque</strong></span> <span class='ocrx_word' id='word_1_810' title='bbox 515 5514 613 5553; x_wconf 91' lang='lat' dir='ltr'><strong>ms.</strong></span> <span class='ocrx_word' id='word_1_811' title='bbox 644 5516 760 5569; x_wconf 69' lang='lat' dir='ltr'><strong>qua:</strong></span> <span class='ocrx_word' id='word_1_812' title='bbox 787 5501 913 5555; x_wconf 83' lang='lat' dir='ltr'><strong>data</strong></span> <span class='ocrx_word' id='word_1_813' title='bbox 943 5509 1014 5555; x_wconf 72' lang='lat' dir='ltr'><strong>est</strong></span> <span class='ocrx_word' id='word_1_814' title='bbox 1037 5500 1185 5562; x_wconf 82' lang='lat' dir='ltr'><strong>mihi,</strong></span> <span class='ocrx_word' id='word_1_815' title='bbox 1212 5498 1423 5566; x_wconf 78' lang='lat' dir='ltr'><strong>Petrus,</strong></span> <span class='ocrx_word' id='word_1_816' title='bbox 1451 5510 1498 5554; x_wconf 85' lang='lat' dir='ltr'><strong>et</strong></span> <span class='ocrx_word' id='word_1_817' title='bbox 1528 5499 1687 5553; x_wconf 79' lang='lat' dir='ltr'><strong>Jaco-</strong></span> 
     </span>
    </p>
   </div>
   <div class='ocr_carea' id='block_1_102' title="bbox 116 5556 1686 5641">
    <p class='ocr_par' dir='ltr' id='par_1_102' title="bbox 116 5556 1686 5641">
     <span class='ocr_line' id='line_1_102' title="bbox 116 5556 1686 5641; baseline 0.004 -22"><span class='ocrx_word' id='word_1_818' title='bbox 116 5556 214 5629; x_wconf 72' lang='lat' dir='ltr'><strong>bus,</strong></span> <span class='ocrx_word' id='word_1_819' title='bbox 239 5556 563 5641; x_wconf 58' lang='lat' dir='ltr'><strong>et&#39;Jodunes,</strong></span> <span class='ocrx_word' id='word_1_820' title='bbox 589 5556 698 5640; x_wconf 71' lang='lat' dir='ltr'><strong>qui,</strong></span> <span class='ocrx_word' id='word_1_821' title='bbox 730 5581 838 5629; x_wconf 88' lang='lat' dir='ltr'><strong>etc.</strong></span> <span class='ocrx_word' id='word_1_822' title='bbox 870 5573 973 5629; x_wconf 89' lang='lat' dir='ltr'><strong>Sed</strong></span> <span class='ocrx_word' id='word_1_823' title='bbox 997 5580 1055 5629; x_wconf 87' lang='lat' dir='ltr'><strong>et</strong></span> <span class='ocrx_word' id='word_1_824' title='bbox 1084 5556 1217 5629; x_wconf 79' lang='lat' dir='ltr'><strong>inira</strong></span> <span class='ocrx_word' id='word_1_825' title='bbox 1250 5556 1464 5641; x_wconf 78' lang='lat' dir='ltr'><strong>quoties</strong></span> <span class='ocrx_word' id='word_1_826' title='bbox 1497 5569 1686 5639; x_wconf 70' lang='lat' dir='ltr'><strong>Caplla:</strong></span> 
     </span>
    </p>
   </div>
   <div class='ocr_carea' id='block_1_103' title="bbox 117 5640 1686 5708">
    <p class='ocr_par' dir='ltr' id='par_1_103' title="bbox 117 5640 1686 5708">
     <span class='ocr_line' id='line_1_103' title="bbox 117 5640 1686 5708; baseline -0.006 0"><span class='ocrx_word' id='word_1_827' title='bbox 117 5644 293 5708; x_wconf 51' lang='lat' dir='ltr'><strong>Romae</strong></span> <span class='ocrx_word' id='word_1_828' title='bbox 321 5640 573 5708; x_wconf 87' lang='lat' dir='ltr'><strong>occurrit,</strong></span> <span class='ocrx_word' id='word_1_829' title='bbox 621 5642 785 5701; x_wconf 84' lang='lat' dir='ltr'><strong>habet</strong></span> <span class='ocrx_word' id='word_1_830' title='bbox 811 5643 957 5700; x_wconf 90' lang='lat' dir='ltr'><strong>idem</strong></span> <span class='ocrx_word' id='word_1_831' title='bbox 1001 5657 1101 5700; x_wconf 88' lang='lat' dir='ltr'><strong>ms.</strong></span> <span class='ocrx_word' id='word_1_832' title='bbox 1138 5640 1275 5700; x_wconf 81' lang='lat' dir='ltr'><strong>cum</strong></span> <span class='ocrx_word' id='word_1_833' title='bbox 1300 5642 1493 5700; x_wconf 82' lang='lat' dir='ltr'><strong>Graeco</strong></span> <span class='ocrx_word' id='word_1_834' title='bbox 1535 5650 1686 5698; x_wconf 86' lang='lat' dir='ltr'><strong>textu</strong></span> 
     </span>
    </p>
   </div>
   <div class='ocr_carea' id='block_1_104' title="bbox 118 5695 1687 5785">
    <p class='ocr_par' dir='ltr' id='par_1_104' title="bbox 118 5695 1687 5785">
     <span class='ocr_line' id='line_1_104' title="bbox 118 5695 1687 5785; baseline 0.014 -34"><span class='ocrx_word' id='word_1_835' title='bbox 118 5695 319 5760; x_wconf 79' lang='lat' dir='ltr'><strong>Petrum</strong></span> <span class='ocrx_word' id='word_1_836' title='bbox 342 5695 374 5763; x_wconf 66' lang='grc' dir='ltr'><strong>ε’</strong></span> <span class='ocrx_word' id='word_1_837' title='bbox 387 5708 529 5779; x_wconf 87' lang='lat' dir='ltr'><strong>quod</strong></span> <span class='ocrx_word' id='word_1_838' title='bbox 542 5695 1262 5785; x_wconf 46' lang='lat' dir='ltr'><strong>eammeam-iiiith</strong></span> <span class='ocrx_word' id='word_1_839' title='bbox 1277 5695 1687 5773; x_wconf 53' lang='lat' dir='ltr'><strong>ostensam</strong></span> 
     </span>
    </p>
   </div>
   <div class='ocr_carea' id='block_1_105' title="bbox 1787 4594 3377 4675">
    <p class='ocr_par' dir='ltr' id='par_1_105' title="bbox 1787 4594 3377 4675">
     <span class='ocr_line' id='line_1_105' title="bbox 1787 4594 3377 4675; baseline -0.007 -15"><span class='ocrx_word' id='word_1_840' title='bbox 1787 4619 1909 4675; x_wconf 66' lang='lat' dir='ltr'><strong>quae</strong></span> <span class='ocrx_word' id='word_1_841' title='bbox 1930 4606 2129 4675; x_wconf 85' lang='lat' dir='ltr'><strong>scripta</strong></span> <span class='ocrx_word' id='word_1_842' title='bbox 2154 4612 2281 4658; x_wconf 90' lang='lat' dir='ltr'><strong>sunt</strong></span> <span class='ocrx_word' id='word_1_843' title='bbox 2303 4604 2357 4659; x_wconf 91' lang='lat' dir='ltr'><strong>in</strong></span> <span class='ocrx_word' id='word_1_844' title='bbox 2381 4601 2525 4657; x_wconf 90' lang='lat' dir='ltr'><strong>libro</strong></span> <span class='ocrx_word' id='word_1_845' title='bbox 2545 4599 2725 4670; x_wconf 86' lang='lat' dir='ltr'><strong>Legie,</strong></span> <span class='ocrx_word' id='word_1_846' title='bbox 2746 4606 2803 4654; x_wconf 94' lang='lat' dir='ltr'><strong>ut</strong></span> <span class='ocrx_word' id='word_1_847' title='bbox 2824 4596 2982 4653; x_wconf 80' lang='lat' dir='ltr'><strong>iaciat</strong></span> <span class='ocrx_word' id='word_1_848' title='bbox 3004 4612 3088 4651; x_wconf 90' lang='lat' dir='ltr'><strong>ea.</strong></span> <span class='ocrx_word' id='word_1_849' title='bbox 3109 4594 3377 4662; x_wconf 85' lang='lat' dir='ltr'><strong>Quoniam</strong></span> 
     </span>
    </p>
   </div>
   <div class='ocr_carea' id='block_1_106' title="bbox 1788 4689 3378 4768">
    <p class='ocr_par' dir='ltr' id='par_1_106' title="bbox 1788 4689 3378 4768">
     <span class='ocr_line' id='line_1_106' title="bbox 1788 4689 3378 4768; baseline -0.008 -15"><span class='ocrx_word' id='word_1_850' title='bbox 1788 4704 1970 4755; x_wconf 87' lang='lat' dir='ltr'><strong>autem</strong></span> <span class='ocrx_word' id='word_1_851' title='bbox 1999 4700 2054 4753; x_wconf 89' lang='lat' dir='ltr'><strong>in</strong></span> <span class='ocrx_word' id='word_1_852' title='bbox 2085 4697 2207 4768; x_wconf 90' lang='lat' dir='ltr'><strong>lege</strong></span> <span class='ocrx_word' id='word_1_853' title='bbox 2235 4710 2398 4752; x_wconf 89' lang='lat' dir='ltr'><strong>nemo</strong></span> <span class='ocrx_word' id='word_1_854' title='bbox 2421 4692 2756 4765; x_wconf 73' lang='lat' dir='ltr'><strong>iustiﬁcetur</strong></span> <span class='ocrx_word' id='word_1_855' title='bbox 2794 4690 2935 4761; x_wconf 89' lang='lat' dir='ltr'><strong>apud</strong></span> <span class='ocrx_word' id='word_1_856' title='bbox 2966 4690 3160 4756; x_wconf 86' lang='lat' dir='ltr'><strong>Deum,</strong></span> <span class='ocrx_word' id='word_1_857' title='bbox 3198 4689 3378 4742; x_wconf 84' lang='lat' dir='ltr'><strong>mani-</strong></span> 
     </span>
    </p>
   </div>
   <div class='ocr_carea' id='block_1_107' title="bbox 1787 4783 3377 4861">
    <p class='ocr_par' dir='ltr' id='par_1_107' title="bbox 1787 4783 3377 4861">
     <span class='ocr_line' id='line_1_107' title="bbox 1787 4783 3377 4861; baseline -0.006 -14"><span class='ocrx_word' id='word_1_858' title='bbox 1787 4791 1987 4847; x_wconf 78' lang='lat' dir='ltr'><strong>festum</strong></span> <span class='ocrx_word' id='word_1_859' title='bbox 2012 4798 2135 4847; x_wconf 83' lang='lat' dir='ltr'><strong>est:</strong></span> <span class='ocrx_word' id='word_1_860' title='bbox 2161 4790 2286 4861; x_wconf 87' lang='lat' dir='ltr'><strong>quia</strong></span> <span class='ocrx_word' id='word_1_861' title='bbox 2307 4789 2489 4859; x_wconf 85' lang='lat' dir='ltr'><strong>justus</strong></span> <span class='ocrx_word' id='word_1_862' title='bbox 2510 4802 2575 4842; x_wconf 90' lang='lat' dir='ltr'><strong>ex</strong></span> <span class='ocrx_word' id='word_1_863' title='bbox 2606 4785 2711 4843; x_wconf 89' lang='lat' dir='ltr'><strong>ﬁde</strong></span> <span class='ocrx_word' id='word_1_864' title='bbox 2736 4784 2887 4839; x_wconf 80' lang='lat' dir='ltr'><strong>vivit.</strong></span> <span class='ocrx_word' id='word_1_865' title='bbox 2913 4783 3027 4839; x_wconf 86' lang='lat' dir='ltr'><strong>Lex</strong></span> <span class='ocrx_word' id='word_1_866' title='bbox 3056 4792 3238 4838; x_wconf 86' lang='lat' dir='ltr'><strong>autem</strong></span> <span class='ocrx_word' id='word_1_867' title='bbox 3266 4796 3377 4837; x_wconf 89' lang='lat' dir='ltr'><strong>non</strong></span> 
     </span>
    </p>
   </div>
   <div class='ocr_carea' id='block_1_108' title="bbox 1787 4876 3380 4952">
    <p class='ocr_par' dir='ltr' id='par_1_108' title="bbox 1787 4876 3380 4952">
     <span class='ocr_line' id='line_1_108' title="bbox 1787 4876 3380 4952; baseline -0.007 -12"><span class='ocrx_word' id='word_1_868' title='bbox 1787 4894 1871 4941; x_wconf 88' lang='lat' dir='ltr'><strong>est</strong></span> <span class='ocrx_word' id='word_1_869' title='bbox 1899 4900 1965 4939; x_wconf 85' lang='lat' dir='ltr'><strong>ex</strong></span> <span class='ocrx_word' id='word_1_870' title='bbox 1996 4882 2123 4952; x_wconf 88' lang='lat' dir='ltr'><strong>ﬁde,</strong></span> <span class='ocrx_word' id='word_1_871' title='bbox 2155 4882 2251 4939; x_wconf 88' lang='lat' dir='ltr'><strong>sed</strong></span> <span class='ocrx_word' id='word_1_872' title='bbox 2278 4899 2290 4935; x_wconf 88' lang='lat'><strong>:</strong></span> <span class='ocrx_word' id='word_1_873' title='bbox 2323 4880 2424 4949; x_wconf 88' lang='lat' dir='ltr'><strong>Qui</strong></span> <span class='ocrx_word' id='word_1_874' title='bbox 2455 4879 2644 4935; x_wconf 84' lang='lat' dir='ltr'><strong>iecerit</strong></span> <span class='ocrx_word' id='word_1_875' title='bbox 2672 4893 2760 4945; x_wconf 88' lang='lat' dir='ltr'><strong>ea,</strong></span> <span class='ocrx_word' id='word_1_876' title='bbox 2790 4878 2938 4933; x_wconf 83' lang='lat' dir='ltr'><strong>vivet</strong></span> <span class='ocrx_word' id='word_1_877' title='bbox 2968 4877 3022 4931; x_wconf 89' lang='lat' dir='ltr'><strong>iu</strong></span> <span class='ocrx_word' id='word_1_878' title='bbox 3059 4876 3189 4932; x_wconf 87' lang='lat' dir='ltr'><strong>illis.</strong></span> <span class='ocrx_word' id='word_1_879' title='bbox 3216 4876 3380 4931; x_wconf 90' lang='lat' dir='ltr'><strong>Chri-</strong></span> 
     </span>
    </p>
   </div>
   <div class='ocr_carea' id='block_1_109' title="bbox 1789 4969 3385 5040">
    <p class='ocr_par' dir='ltr' id='par_1_109' title="bbox 1789 4969 3385 5040">
     <span class='ocr_line' id='line_1_109' title="bbox 1789 4969 3385 5040; baseline -0.004 -11"><span class='ocrx_word' id='word_1_880' title='bbox 1789 4984 1905 5031; x_wconf 91' lang='lat' dir='ltr'><strong>stus</strong></span> <span class='ocrx_word' id='word_1_881' title='bbox 1936 4988 2035 5031; x_wconf 91' lang='lat' dir='ltr'><strong>nos</strong></span> <span class='ocrx_word' id='word_1_882' title='bbox 2070 4970 2302 5029; x_wconf 87' lang='lat' dir='ltr'><strong>redemit</strong></span> <span class='ocrx_word' id='word_1_883' title='bbox 2326 4970 2394 5027; x_wconf 87' lang='lat' dir='ltr'><strong>de</strong></span> <span class='ocrx_word' id='word_1_884' title='bbox 2423 4970 2717 5027; x_wconf 87' lang='lat' dir='ltr'><strong>maledicto</strong></span> <span class='ocrx_word' id='word_1_885' title='bbox 2746 4970 2903 5040; x_wconf 84' lang='lat' dir='ltr'><strong>legis,</strong></span> <span class='ocrx_word' id='word_1_886' title='bbox 2938 4969 3112 5026; x_wconf 78' lang='lat' dir='ltr'><strong>factus</strong></span> <span class='ocrx_word' id='word_1_887' title='bbox 3156 4984 3255 5039; x_wconf 88' lang='lat' dir='ltr'><strong>pro</strong></span> <span class='ocrx_word' id='word_1_888' title='bbox 3284 4983 3385 5023; x_wconf 86' lang='lat' dir='ltr'><strong>no-</strong></span> 
     </span>
    </p>
   </div>
   <div class='ocr_carea' id='block_1_110' title="bbox 1788 5059 3383 5131">
    <p class='ocr_par' dir='ltr' id='par_1_110' title="bbox 1788 5059 3383 5131">
     <span class='ocr_line' id='line_1_110' title="bbox 1788 5059 3383 5131; baseline -0.006 -8"><span class='ocrx_word' id='word_1_889' title='bbox 1788 5066 1871 5124; x_wconf 88' lang='lat' dir='ltr'><strong>bis</strong></span> <span class='ocrx_word' id='word_1_890' title='bbox 1925 5063 2273 5123; x_wconf 86' lang='lat' dir='ltr'><strong>maledictum</strong></span> <span class='ocrx_word' id='word_1_891' title='bbox 2322 5080 2334 5115; x_wconf 91' lang='lat'>:</span> <span class='ocrx_word' id='word_1_892' title='bbox 2389 5062 2511 5131; x_wconf 88' lang='lat' dir='ltr'><strong>quia</strong></span> <span class='ocrx_word' id='word_1_893' title='bbox 2564 5062 2828 5131; x_wconf 88' lang='lat' dir='ltr'><strong>scriptum</strong></span> <span class='ocrx_word' id='word_1_894' title='bbox 2875 5068 3013 5117; x_wconf 83' lang='lat' dir='ltr'><strong>est:</strong></span> <span class='ocrx_word' id='word_1_895' title='bbox 3061 5059 3383 5116; x_wconf 77' lang='lat' dir='ltr'><strong>Maledictus</strong></span> 
     </span>
    </p>
   </div>
   <div class='ocr_carea' id='block_1_111' title="bbox 1788 5152 3386 5225">
    <p class='ocr_par' dir='ltr' id='par_1_111' title="bbox 1788 5152 3386 5225">
     <span class='ocr_line' id='line_1_111' title="bbox 1788 5152 3386 5225; baseline -0.006 -11"><span class='ocrx_word' id='word_1_896' title='bbox 1788 5158 1971 5214; x_wconf 84' lang='lat' dir='ltr'><strong>omnis</strong></span> <span class='ocrx_word' id='word_1_897' title='bbox 1996 5155 2086 5225; x_wconf 90' lang='lat' dir='ltr'><strong>qui</strong></span> <span class='ocrx_word' id='word_1_898' title='bbox 2136 5152 2335 5225; x_wconf 89' lang='lat' dir='ltr'><strong>pendet</strong></span> <span class='ocrx_word' id='word_1_899' title='bbox 2373 5152 2427 5208; x_wconf 90' lang='lat' dir='ltr'><strong>in</strong></span> <span class='ocrx_word' id='word_1_900' title='bbox 2471 5153 2639 5223; x_wconf 88' lang='lat' dir='ltr'><strong>ligno,</strong></span> <span class='ocrx_word' id='word_1_901' title='bbox 2687 5162 2748 5208; x_wconf 93' lang='lat' dir='ltr'><strong>ut</strong></span> <span class='ocrx_word' id='word_1_902' title='bbox 2790 5152 3042 5224; x_wconf 86' lang='lat' dir='ltr'><strong>gentibus</strong></span> <span class='ocrx_word' id='word_1_903' title='bbox 3071 5152 3386 5209; x_wconf 87' lang='lat' dir='ltr'><strong>benedictio</strong></span> 
     </span>
    </p>
   </div>
   <div class='ocr_carea' id='block_1_112' title="bbox 1792 5354 3382 5427">
    <p class='ocr_par' dir='ltr' id='par_1_112' title="bbox 1792 5354 3382 5427">
     <span class='ocr_line' id='line_1_112' title="bbox 1792 5354 3382 5427; baseline -0.001 -14"><span class='ocrx_word' id='word_1_904' title='bbox 1792 5358 1941 5413; x_wconf 87' lang='lat' dir='ltr'><strong>illam</strong></span> <span class='ocrx_word' id='word_1_905' title='bbox 1982 5356 2338 5427; x_wconf 74' lang='lat' dir='ltr'><strong>quzestionem</strong></span> <span class='ocrx_word' id='word_1_906' title='bbox 2390 5354 2460 5410; x_wconf 89' lang='lat' dir='ltr'><strong>de</strong></span> <span class='ocrx_word' id='word_1_907' title='bbox 2514 5354 2677 5411; x_wconf 87' lang='lat' dir='ltr'><strong>Petro</strong></span> <span class='ocrx_word' id='word_1_908' title='bbox 2724 5354 3060 5427; x_wconf 79' lang='lat' dir='ltr'><strong>reprehenso</strong></span> <span class='ocrx_word' id='word_1_909' title='bbox 3108 5371 3138 5410; x_wconf 89' lang='lat' dir='ltr'><strong>a</strong></span> <span class='ocrx_word' id='word_1_910' title='bbox 3192 5354 3382 5427; x_wconf 61' lang='lat' dir='ltr'><strong>Paulo,</strong></span> 
     </span>
    </p>
   </div>
   <div class='ocr_carea' id='block_1_113' title="bbox 1790 5425 3383 5498">
    <p class='ocr_par' dir='ltr' id='par_1_113' title="bbox 1790 5425 3383 5498">
     <span class='ocr_line' id='line_1_113' title="bbox 1790 5425 3383 5498; baseline -0.002 -17"><span class='ocrx_word' id='word_1_911' title='bbox 1790 5443 1951 5498; x_wconf 89' lang='lat' dir='ltr'><strong>quem</strong></span> <span class='ocrx_word' id='word_1_912' title='bbox 1981 5425 2245 5498; x_wconf 87' lang='lat' dir='ltr'><strong>Cepham,</strong></span> <span class='ocrx_word' id='word_1_913' title='bbox 2281 5440 2384 5478; x_wconf 91' lang='lat' dir='ltr'><strong>non</strong></span> <span class='ocrx_word' id='word_1_914' title='bbox 2420 5427 2633 5498; x_wconf 60' lang='lat' dir='ltr'><strong>Petrum</strong></span> <span class='ocrx_word' id='word_1_915' title='bbox 2679 5425 2983 5494; x_wconf 84' lang='lat' dir='ltr'><strong>apostolum</strong></span> <span class='ocrx_word' id='word_1_916' title='bbox 3010 5471 3024 5494; x_wconf 95' lang='lat'><strong>,</strong></span> <span class='ocrx_word' id='word_1_917' title='bbox 3052 5438 3173 5496; x_wconf 90' lang='lat' dir='ltr'><strong>post</strong></span> <span class='ocrx_word' id='word_1_918' title='bbox 3202 5426 3383 5496; x_wconf 84' lang='lat' dir='ltr'><strong>Chry-</strong></span> 
     </span>
    </p>
   </div>
   <div class='ocr_carea' id='block_1_114' title="bbox 1790 5496 3387 5566">
    <p class='ocr_par' dir='ltr' id='par_1_114' title="bbox 1790 5496 3387 5566">
     <span class='ocr_line' id='line_1_114' title="bbox 1790 5496 3387 5566; baseline -0.001 -12"><span class='ocrx_word' id='word_1_919' title='bbox 1790 5496 2118 5563; x_wconf 79' lang='lat' dir='ltr'><strong>sostomnni,</strong></span> <span class='ocrx_word' id='word_1_920' title='bbox 2151 5497 2395 5566; x_wconf 88' lang='lat' dir='ltr'><strong>aliosque</strong></span> <span class='ocrx_word' id='word_1_921' title='bbox 2433 5496 2655 5551; x_wconf 85' lang='lat' dir='ltr'><strong>Veteres</strong></span> <span class='ocrx_word' id='word_1_922' title='bbox 2700 5498 3017 5564; x_wconf 89' lang='lat' dir='ltr'><strong>nonnullos,</strong></span> <span class='ocrx_word' id='word_1_923' title='bbox 3053 5499 3387 5553; x_wconf 83' lang='lat' dir='ltr'><strong>recentiores</strong></span> 
     </span>
    </p>
   </div>
   <div class='ocr_carea' id='block_1_115' title="bbox 1790 5567 3392 5641">
    <p class='ocr_par' dir='ltr' id='par_1_115' title="bbox 1790 5567 3392 5641">
     <span class='ocr_line' id='line_1_115' title="bbox 1790 5567 3392 5641; baseline 0 -18"><span class='ocrx_word' id='word_1_924' title='bbox 1790 5568 2162 5641; x_wconf 81' lang='lat' dir='ltr'><strong>criticifuisse</strong></span> <span class='ocrx_word' id='word_1_925' title='bbox 2184 5576 2490 5641; x_wconf 67' lang='lat' dir='ltr'><strong>autumant.</strong></span> <span class='ocrx_word' id='word_1_926' title='bbox 2513 5567 2750 5641; x_wconf 68' lang='lat' dir='ltr'><strong>Damam</strong></span> <span class='ocrx_word' id='word_1_927' title='bbox 2785 5567 2952 5641; x_wconf 60' lang='lat' dir='ltr'><strong>intra</strong></span> <span class='ocrx_word' id='word_1_928' title='bbox 2985 5583 3086 5641; x_wconf 89' lang='lat' dir='ltr'><strong>pro</strong></span> <span class='ocrx_word' id='word_1_929' title='bbox 3132 5568 3392 5641; x_wconf 64' lang='lat' dir='ltr'><strong>credimus</strong></span> 
     </span>
    </p>
   </div>
   <div class='ocr_carea' id='block_1_116' title="bbox 1790 5636 3395 5766">
    <p class='ocr_par' dir='ltr' id='par_1_116' title="bbox 1790 5636 3395 5766">
     <span class='ocr_line' id='line_1_116' title="bbox 1790 5636 3395 5766; baseline -0.001 -71"><span class='ocrx_word' id='word_1_930' title='bbox 1790 5639 2139 5766; x_wconf 50' lang='grc' dir='ltr'><strong>ἓιμιειαὲἰεόθω</strong></span> <span class='ocrx_word' id='word_1_931' title='bbox 2169 5638 2374 5701; x_wconf 63' lang='lat' dir='ltr'><strong>Graecis</strong></span> <span class='ocrx_word' id='word_1_932' title='bbox 2402 5637 2558 5695; x_wconf 88' lang='lat' dir='ltr'><strong>libris</strong></span> <span class='ocrx_word' id='word_1_933' title='bbox 2592 5636 2756 5694; x_wconf 82' lang='lat' dir='ltr'><strong>habet</strong></span> <span class='ocrx_word' id='word_1_934' title='bbox 2785 5636 3062 5697; x_wconf 70' lang='lat' dir='ltr'><strong>Palatinus</strong></span> <span class='ocrx_word' id='word_1_935' title='bbox 3088 5653 3193 5696; x_wconf 83' lang='lat' dir='ltr'><strong>me.</strong></span> <span class='ocrx_word' id='word_1_936' title='bbox 3224 5638 3395 5695; x_wconf 50' lang='lat' dir='ltr'><strong>credi‘</strong></span> 
     </span>
     <span class='ocr_line' id='line_1_117' title="bbox 1828 5728 1983 5766; baseline 0 0"><span class='ocrx_word' id='word_1_937' title='bbox 1828 5728 1845 5766; x_wconf 79' lang='grc' dir='ltr'><strong><em>ι</em></strong></span> <span class='ocrx_word' id='word_1_938' title='bbox 1969 5749 1983 5766; x_wconf 84' lang='grc'><strong>.</strong></span> 
     </span>
    </p>
   </div>
   <div class='ocr_carea' id='block_1_117' title="bbox 1828 5727 1983 5769">
    <p class='ocr_par' dir='ltr' id='par_1_117' title="bbox 1828 5727 1983 5769">
     <span class='ocr_line' id='line_1_118' title="bbox 1828 5727 1983 5769; baseline 0 -2"><span class='ocrx_word' id='word_1_939' title='bbox 1828 5727 1983 5769; x_wconf 66' lang='lat' dir='ltr'><strong>imus.</strong></span> 
     </span>
    </p>
   </div>
  </div>
