3946 6198
545 202 652 258 775

1548 196 1608 254 S.
1651 190 2031 252 HIERONYMI
2067 187 2303 249 DIVINA
2339 186 2815 246 BlBLiOTllECA.
3731 184 3818 238 776

544 310 784 370 Ahrabe
829 310 986 367 ﬁeret
1025 309 1078 364 iu
1123 308 1343 364 Christo
1389 308 1541 373 Jesu,
1589 318 1646 362 ut
1689 306 2136 377 pollicitationem
2169 308 2214 364 Α
2247 317 2413 358 carne
2443 318 2562 358 mea
2588 317 2694 357 non
2719 298 3024 369 sprevistis,
3054 312 3230 368 neque
3258 297 3558 368 respuistis
3581 315 3595 350 :
3621 296 3713 351 sed
3738 299 3823 349 sic-

548 407 787 474 Spiritus
816 405 1146 474 accipiamus
1189 419 1285 473 per
1329 403 1511 459 ﬁdem.
1547 402 1771 457 Fratres
1812 399 2140 471 (secundum

542 501 824 556 hominem
854 498 1032 566 dico),
1073 504 1251 550 tamen
1281 496 1517 551 hominis
1558 495 1936 550 conﬁrmatum
1980 501 2144 546 testa-

544 604 788 651 mentum
829 604 992 646 nemo
1040 588 1283 660 spernit,
1329 598 1422 643 aut
1473 587 1877 657 superordinat.
1911 583 2145 639 Abrahe

546 684 710 739 dicte
736 689 864 736 sunt
896 679 1308 750 promissiones,
1334 687 1389 733 et
1423 678 1615 733 semini
1648 675 1787 745 ejus.
1819 673 1940 728 Non
1972 674 2100 726 dicit
2128 688 2142 724 τ

551 778 621 835 Ει
652 775 988 844 seminibus,
1033 773 1190 845 quasi
1238 773 1293 828 in
1337 772 1525 827 multis
1551 790 1562 824 :
1592 770 1689 827 sed
1724 769 1877 840 quasi
1908 769 1961 822 in
1997 782 2142 820 uno:

546 872 618 929 Et
648 869 845 927 semini
889 879 1006 933 tuo,
1050 868 1142 937 qui
1191 876 1278 924 est
1323 865 1597 922 Christus.
1629 864 1744 921 Hoc
1782 871 1961 917 autem
1999 861 2145 925 dico,

545 975 934 1024 testamentum
960 963 1345 1020 conﬁrmatum
1370 977 1399 1015 a
1423 961 1568 1016 Deo:
1601 974 1721 1030 que
1746 966 1867 1028 post
1894 955 2149 1026 quadrin-

2245 404 2304 450 ut
2331 394 2588 464 angelum
2628 394 2725 448 Dei
2767 390 3063 460 excepistis
3105 404 3194 446 me
3219 433 3234 458 ,
3276 391 3422 444 sicut
3441 388 3724 444 Christum
3752 387 3823 443 le-

2245 503 2385 543 sum.
2417 487 2518 543 Ubi
2569 496 2652 540 est
2695 499 2828 554 ergo
2874 481 3160 539 beatitudo
3188 483 3412 537 vestra?
3469 480 3823 536 tesﬁmouium

2246 578 2391 634 enim
2421 577 2682 648 perhiheo
2713 576 2869 630 vobis
2891 615 2910 641 ,
2956 576 3113 645 quia.
3161 574 3206 629 si
3236 573 3358 628 ﬁeri
3385 580 3574 642 posset
3599 571 3723 642 [ιιι.
3749 588 3828 644 po-

2248 671 2484 740 tuisset],
2516 671 2702 724 oculos
2729 677 2944 724 vestros
2965 666 3271 734 eruissetis,
3294 678 3349 721 et
3375 665 3676 720 dedissetis
3694 664 3827 718 mihi.

2249 765 2390 835 Ergo
2422 762 2550 836 μὴ.
2576 763 2702 817 add.
2734 761 2858 832 ego]
2887 761 3139 815 inimicus
3167 759 3322 814 vobis
3349 758 3530 814 factus
3565 772 3686 813 sum
3708 798 3724 823 ,
3753 772 3830 813 ve-

2249 873 2368 914 rum
2400 856 2588 912 dicens
2628 855 2825 909 vobis?
2864 853 3212 908 JEmulantur
3241 865 3339 906 vos
3371 866 3481 906 non
3527 853 3672 906 bene
3707 866 3720 902 :
3749 849 3827 904 sed

2249 950 2541 1006 excludere
2569 962 2668 1003 vos
2695 947 2926 1011 volunt,
2977 954 3034 1000 ut
3075 944 3200 998 illos
3244 942 3610 998 emulemini.
3641 940 3827 996 Bonum

2251 1051 2430 1098 autem
2474 1039 2803 1096 emulamini
2843 1037 2898 1092 in
2929 1037 3073 1093 bono
3109 1051 3333 1106 semper
3365 1051 3380 1088 :
3407 1043 3465 1090 et
3492 1049 3608 1090 non
3640 1043 3824 1088 tantum

542 1068 739 1132 gentos
767 1065 823 1114 et
860 1057 1084 1128 triginta
1126 1069 1301 1110 annos
1337 1053 1477 1108 facta
1509 1061 1593 1107 est
1620 1053 1729 1116 lex,
1776 1065 1885 1105 non
1929 1047 2148 1102 irritum

548 1147 682 1205 facit
715 1148 780 1203 ad
812 1145 1180 1204 evacuaudam
1221 1143 1658 1214 promissionem.
1691 1140 1824 1196 Nam
1862 1138 1910 1194 si
1940 1154 2005 1192 ex
2037 1139 2150 1206 lege

546 1241 864 1307 hereditas,
891 1241 1004 1311 jam
1051 1254 1156 1293 non
1201 1253 1266 1292 ex
1301 1236 1663 1308 promissione
1694 1233 1822 1304 [διε.
1855 1231 2151 1300 repromis-

545 1334 743 1406 sione].
773 1333 1009 1389 Abrahe
1054 1340 1232 1386 autem
1278 1345 1374 1399 per
1414 1327 1897 1398 repromissione")
1925 1324 2153 1379 donavit

552 1427 715 1484 Deus.
737 1425 876 1494 Quid
901 1425 1065 1496 igitur
1085 1423 1209 1478 lex?
1234 1423 1462 1491 Propter
1484 1420 1954 1490 transgressiones
1980 1419 2153 1486 posita

554 1527 660 1584 est,
693 1518 870 1574 donec
902 1516 1120 1572 veniret
1149 1530 1359 1578 semen,
1393 1515 1476 1568 cui
1507 1513 1866 1582 promiserat,
1907 1511 2152 1566 ordinata
2255 1510 2357 1567 sub
2389 1510 2507 1580 lege
2533 1510 2696 1563 vultis
2721 1523 2879 1573 esse,
2924 1507 3100 1577 legem
3145 1519 3254 1560 non
3296 1503 3542 1573 legistis?
3569 1503 3825 1572 Scriptum

562 1626 662 1681 per
711 1609 932 1680 angelos
976 1607 1032 1662 in
1082 1623 1242 1661 manu
1288 1607 1627 1660 mediatoris.
1673 1603 1937 1658 Mediator
1973 1611 2152 1657 autem
2257 1612 2342 1659 est
2381 1604 2562 1668 enim,
2604 1602 2861 1671 quoniam
2909 1601 3184 1657 Abraham
3231 1600 3374 1656 duos
3423 1599 3552 1654 ﬁlios
3597 1599 3826 1652 habuit:

567 1703 728 1758 unius
755 1718 863 1756 non
886 1709 970 1756 est
995 1717 1007 1754 :
1045 1699 1188 1754 Deus
1225 1707 1406 1753 autem
1445 1713 1581 1750 unus
1607 1705 1712 1751 est.
1749 1696 1859 1749 Lex
1888 1708 2018 1764 ergo
2055 1692 2151 1747 ad-
2185 1690 2232 1750 Β
2261 1710 2427 1750 unum
2448 1695 2516 1750 de
2536 1695 2765 1761 ancilla,
2796 1705 2849 1749 et
2879 1707 3049 1747 unum
3077 1692 3146 1746 de
3177 1691 3372 1747 libera.
3404 1690 3510 1747 Sed
3536 1691 3619 1760 qui
3639 1688 3705 1744 de
3731 1702 3827 1742 an-

572 1807 764 1850 versus
785 1792 1053 1862 promissa
1082 1790 1211 1845 Dei?
1241 1789 1415 1842 Absit.
1448 1787 1504 1843 Si
1537 1788 1680 1841 enim
1709 1787 1832 1840 data
1861 1783 2006 1840 esset
2037 1786 2117 1838 lex
2137 1825 2152 1848 ,
2256 1788 2403 1852 cilla,
2437 1786 2737 1842 secundum
2769 1801 2991 1840 carnem
3019 1795 3180 1839 natus
3213 1797 3299 1840 est
3328 1801 3343 1837 :
3367 1783 3459 1854 qui
3486 1791 3656 1837 autem
3680 1783 3744 1836 de
3766 1781 3828 1834 li-

563 1899 686 1955 que
714 1892 898 1954 posset
920 1881 1048 1955 [Με.
1076 1880 1266 1951 possit]
1289 1879 1587 1946 viviﬁcare,
1617 1895 1743 1933 vere
1775 1894 1838 1932 ex
1865 1877 1985 1947 lege
2011 1885 2158 1931 esset
2258 1881 2410 1946 hera,
2437 1895 2533 1949 per
2557 1881 3041 1950 repromissionem
3067 1897 3081 1934 :
3106 1893 3230 1950 que
3255 1885 3386 1932 sunt
3406 1892 3507 1946 per
3535 1875 3827 1947 allegoriam

564 1978 800 2050 justitia.
830 1976 938 2034 Sed
968 1975 1535 2046 conclusitScriptura
1568 1976 1747 2028 omnia
1780 1974 1879 2028 sub
1912 1982 2155 2043 peccato,
2258 1972 2422 2029 dicta.
2451 1974 2576 2028 Hec
2605 1974 2752 2029 enim
2787 1983 2914 2028 sunt
2958 1973 3068 2028 duo
3112 1981 3456 2028 testamenta.
3502 1969 3676 2026 Unum
3724 1968 3830 2034 qui-

565 2081 624 2129 ut
646 2072 936 2144 promissio
955 2086 1023 2127 ex
1047 2071 1151 2126 ﬁde
1173 2069 1301 2125 .lesu
1325 2069 1524 2124 Christi
1547 2069 1767 2123 daretur
1787 2066 2154 2121 credentibus.
2258 2067 2382 2124 dem
2410 2077 2435 2104 ι
2467 2068 2520 2122 iu
2550 2077 2734 2122 monte
2760 2067 2889 2124 Sina
2912 2109 2927 2133 ,
2960 2068 3014 2122 in
3041 2068 3361 2122 servitutem
3391 2079 3660 2136 generans
3689 2080 3702 2116 :
3730 2077 3830 2133 que

571 2165 731 2221 Prius
759 2174 936 2220 autem
965 2178 1124 2234 quam
1167 2163 1375 2218 veniret
1417 2161 1570 2226 fides,
1611 2160 1715 2216 sub
1744 2159 1862 2228 lege
1890 2158 2157 2214 custodie-
2259 2170 2344 2218 est
2375 2162 2520 2232 Agar
2549 2179 2561 2215 :
2591 2160 2726 2217 Sina
2749 2161 2892 2216 enim
2919 2175 3077 2215 muns
3105 2170 3190 2216 est
3223 2159 3278 2214 in
3304 2159 3529 2224 Arabia,
3558 2156 3678 2228 quia
3715 2169 3828 2210 con-

565 2257 760 2314 bamur
787 2256 1054 2321 conclusi,
1087 2255 1139 2310 in
1192 2269 1309 2310 eam
1337 2255 1497 2309 ﬁdem
1540 2269 1659 2324 que
1705 2251 1991 2308 revelauda
2021 2259 2156 2306 erat.
2255 2255 2479 2324 junctus
2510 2265 2590 2310 est
2617 2255 2667 2310 ei
2695 2295 2712 2318 ,
2746 2270 2869 2322 que
2909 2270 3052 2309 nunc
3088 2263 3174 2310 est
3215 2253 3518 2310 Jerusalem
3548 2293 3564 2317 ,
3609 2260 3664 2306 et
3689 2249 3829 2304 servit

567 2351 757 2422 Itaque
786 2351 869 2406 lex
901 2349 1227 2421 pedagogus
1270 2359 1456 2404 noster
1487 2348 1587 2403 fuit
1626 2349 1677 2403 in
1723 2345 1961 2415 Christo,
2007 2355 2066 2400 ut
2093 2360 2160 2400 ex
2261 2365 2381 2406 cum
2412 2350 2534 2404 ﬁliis
2565 2348 2701 2404 suis.
2732 2349 2827 2405 Illa
2855 2357 3042 2404 autem
3072 2389 3086 2413 ,
3117 2362 3241 2418 que
3269 2361 3490 2402 sursum
3521 2353 3610 2400 est
3643 2341 3829 2399 Jerusa-

567 2442 676 2498 ﬁde
700 2442 1084 2513 justiﬁcemur.
1123 2440 1191 2496 At
1225 2441 1312 2496 ubi
1341 2441 1488 2496 venit
1519 2440 1675 2504 ﬁdes,
1699 2439 1810 2509 jam
1840 2454 1946 2493 non
1974 2452 2161 2492 sumus
2262 2444 2368 2499 lem
2390 2486 2406 2510 ,
2441 2445 2614 2498 libera
2641 2451 2758 2508 est;
2786 2457 2908 2511 que
2929 2452 3013 2498 est
3037 2453 3209 2495 mater
3236 2451 3447 2496 nostra.
3470 2438 3732 2506 Scriptum
3755 2443 3827 2490 est

567 2535 670 2592 sub
702 2535 1020 2608 pedagogo.
1043 2535 1248 2590 Omnes
1268 2537 1414 2590 enim
1450 2535 1541 2589 ﬁlii
1574 2534 1665 2589 Dei
1696 2535 1828 2588 estis
1848 2548 1944 2604 per
1976 2532 2158 2596 ﬁdem,
2262 2539 2406 2592 enim
2433 2555 2447 2592 :
2477 2537 2709 2606 Laetare,
2742 2535 2967 2602 sterilis,
3001 2551 3120 2604 quae
3148 2550 3252 2590 non
3284 2534 3430 2603 paris
3465 2551 3479 2587 :
3508 2546 3725 2601 erumpe
3745 2571 3758 2596 ,
3783 2537 3827 2584 et

567 2641 689 2698 que
719 2635 803 2682 est
826 2627 878 2682 in
899 2625 1118 2682 Christo
1143 2625 1292 2681 Jesu.
1325 2626 1661 2696 Quicumque
1687 2627 1831 2680 enim
1858 2624 1912 2679 in
1945 2623 2162 2679 Christo
2262 2629 2434 2685 clama
2460 2669 2474 2692 ,
2517 2644 2640 2700 quae
2680 2643 2788 2684 non
2820 2627 3053 2698 parturis
3087 2646 3099 2680 :
3128 2626 3253 2698 quia
3281 2625 3436 2680 multi
3469 2625 3564 2680 ﬁlii
3587 2623 3827 2690 deserte,

565 2718 828 2790 baptizati
857 2721 1016 2787 estis,
1043 2717 1320 2775 Christum
1353 2717 1628 2774 induistis.
1658 2717 1775 2772 Non
1804 2725 1886 2773 est
1912 2715 2160 2782 Judeus,
2265 2722 2438 2793 magis
2459 2737 2621 2792 quam
2653 2722 2770 2791 ejus
2809 2737 2928 2790 qua:
2956 2719 3121 2774 habet
3147 2719 3346 2774 virum.
3378 2717 3492 2773 Nos
3518 2726 3716 2783 autem,
3743 2715 3831 2768 ira-

568 2825 746 2882 neque
792 2813 1012 2869 Grecus
1040 2830 1052 2866 :
1083 2827 1192 2866 non
1235 2821 1320 2867 est
1362 2827 1575 2878 servus,
1619 2825 1794 2880 neque
1839 2810 2019 2865 liber:
2053 2826 2160 2864 non
2266 2825 2408 2882 tres,
2441 2813 2738 2870 secundum
2774 2814 2922 2868 Isaac
2956 2811 3336 2881 promissionis
3374 2811 3471 2866 ﬁlii
3511 2823 3716 2866 sumus.
3743 2805 3828 2862 Sed

568 2911 655 2960 est
677 2906 1183 2994 masculustneque
1214 2904 1438 2960 femina.
1475 2903 1677 2964 Omnes
1699 2905 1846 2959 enim
1874 2917 1971 2960 vos
1993 2918 2160 2958 unum
2265 2906 2540 2978 quomodo
2568 2916 2698 2962 tunc
2727 2907 2774 2962 is
2795 2947 2810 2972 ,
2852 2905 2946 2977 qui
2977 2905 3272 2961 secundum
3299 2919 3524 2961 carnem
3555 2915 3711 2960 natus
3737 2900 3831 2956 fue-

565 2997 698 3051 estis
740 2995 794 3051 in
835 2996 1054 3054 Christo
1093 2999 1246 3053 Jesu.
1291 2997 1350 3055 Si
1397 3007 1578 3054 autem
1623 3012 1723 3054 vos
1771 2994 1970 3052 Christi
1995 3013 2010 3053 :
2035 3011 2164 3068 ergo
2203 3067 2230 3071 Α
2267 3009 2389 3066 rat,
2424 3000 2848 3071 persequebatur
2879 3014 3004 3055 eum
3031 3041 3046 3065 ,
3093 2999 3188 3069 qui
3224 2998 3524 3055 secundum
3553 2999 3822 3069 spiritum:

570 3101 759 3144 semen
789 3091 1020 3146 Abrahae
1064 3093 1218 3158 estis,
1250 3093 1546 3149 secundum
1592 3092 2008 3162 promissionem
2046 3067 2162 3146 he-
2188 3067 2234 3131 (ἶ
2269 3094 2337 3148 ita
2369 3067 2436 3148 et
2462 3067 2626 3148 nunc.
2674 3093 2778 3149 Sed
2821 3093 2948 3164 quid
2991 3067 3125 3148 dicit
3156 3093 3481 3164 Scriptura?
3513 3067 3666 3163 Ejice
3690 3089 3829 3147 ancil-

566 3175 748 3233 redes.
2266 3186 2370 3242 lam
2400 3229 2414 3252 ,
2449 3195 2504 3242 et
2544 3186 2716 3242 ﬁlium
2750 3186 2869 3256 ejus
2905 3203 2917 3239 :
2949 3201 3058 3243 non
3084 3187 3231 3243 enim
3259 3186 3438 3242 haeres
3465 3188 3574 3243 erit
3605 3186 3738 3242 ﬁlius
3755 3198 3830 3238 an-

639 3276 793 3346 [ϐαρ.
826 3275 944 3349 lV.]
987 3276 1120 3333 Dico
1154 3287 1337 3334 autem
1378 3299 1390 3335 :
1435 3281 1650 3346 Quanto
1689 3289 1935 3352 tempore
1986 3281 2165 3335 haeres
2265 3279 2406 3335 cille
2438 3295 2563 3334 cum
2611 3279 2725 3333 ﬁlio
2752 3278 2960 3334 libere.
2995 3279 3178 3350 Itaque
3205 3322 3220 3346 ,
3260 3278 3458 3335 fratres
3484 3323 3499 3348 ,
3534 3294 3644 3334 non
3673 3289 3827 3334 sumus

565 3368 828 3442 parvulus
856 3377 981 3432 est,
1005 3368 1138 3423 nihil
1170 3369 1356 3426 differt
1378 3387 1407 3425 a
1435 3388 1625 3439 servo,
1657 3389 1779 3430 cum
1813 3376 1884 3429 sit
1911 3374 2165 3429 dominus
2266 3373 2477 3428 ancille
2510 3372 2605 3427 ﬁlii
2631 3413 2646 3440 ,
2680 3371 2774 3429 sed
2807 3372 2992 3428 libere
3019 3389 3033 3426 :
3064 3388 3168 3444 qua
3207 3371 3464 3429 libertate
3486 3369 3728 3428 Christus
3749 3383 3826 3424 nos

567 3460 810 3519 omnium
845 3459 980 3515 :sed
1007 3461 1108 3516 sub
1137 3462 1410 3518 tutoribus
1442 3474 1497 3520 et
1527 3467 1806 3521 actoribus
1843 3475 1959 3529 est.
1995 3481 2165 3536 usque
2265 3466 2539 3522 liberavit.

565 3555 634 3612 ad
659 3553 989 3627 preﬁnitum
1023 3562 1234 3626 tempus
1263 3571 1292 3610 a
1324 3565 1478 3628 patre
1510 3574 1523 3610 :
1552 3557 1626 3612 ita
1658 3569 1710 3613 et
1734 3573 1832 3614 nos
1864 3573 1987 3613 cum
2011 3573 2162 3615 esse-
2341 3555 2489 3628 |(.‘ap.
2524 3556 2616 3628 v.1
2643 3557 2794 3614 State
2815 3597 2832 3624 ,
2864 3566 2920 3614 et
2965 3556 3132 3613 nolite
3174 3559 3371 3614 iterum
3418 3556 3549 3628 jugo
3581 3551 3826 3613 servitutis

565 3662 689 3706 mus
714 3645 920 3718 parvuli
945 3688 964 3714 ,
993 3647 1095 3702 sub
1134 3647 1422 3706 elementis
1446 3649 1630 3705 mundi
1668 3664 1887 3706 eramus
1917 3651 2163 3706 servien-
2265 3649 2551 3705 contineri.
2587 3649 2726 3705 Ecce
2755 3663 2856 3721 ego
2887 3649 3084 3705 Paulus
3128 3649 3253 3706 dico
3281 3648 3439 3704 vobis
3475 3666 3488 3703 ε
3522 3647 3760 3719 quoniam
3786 3642 3823 3696 si

564 3752 670 3798 tes.
700 3739 772 3796 At
800 3739 888 3796 ubi
917 3740 1066 3796 venit
1099 3739 1376 3810 plenitudo
1409 3742 1691 3812 temporis,
1715 3741 1862 3798 misit
1891 3743 2034 3798 Deus
2067 3743 2156 3798 Fi-
2265 3740 2731 3797 circumcidamini
2759 3783 2774 3807 ,
2801 3741 3052 3798 Christus
3094 3743 3250 3798 vobis
3286 3740 3422 3798 nihil
3455 3741 3708 3812 proderit.
3739 3736 3820 3792 Te-

564 3835 698 3891 lium
725 3848 907 3902 suum,
939 3833 1140 3891 factum
1163 3850 1231 3891 ex
1264 3835 1518 3900 muliere.
1548 3835 1749 3892 factum
1772 3837 1876 3892 sub
1907 3837 2030 3908 lege
2058 3881 2073 3905 ,
2106 3849 2166 3894 ut
2263 3833 2472 3890 stiﬁcor
2501 3845 2679 3892 autem
2711 3851 2899 3892 rursus
2923 3836 3068 3891 omni
3095 3835 3300 3892 homini
3329 3833 3730 3892 circumcidenti
3758 3844 3818 3894 se,

564 3940 687 3991 eos,
719 3926 811 3996 qui
837 3926 941 3981 sub
964 3925 1084 3998 lege
1121 3936 1308 3997 erant,
1354 3930 1680 3998 redimeret,
1715 3942 1771 3987 ut
1802 3931 2161 4002 adoptionem
2264 3929 2519 4001 quoniam
2563 3929 2783 3985 debitor
2819 3938 2901 3985 est
2927 3929 3202 3986 universe
3234 3929 3370 4000 legis
3397 3927 3674 3986 faciendae.
3711 3924 3821 3982 Eva-

565 4016 804 4072 ﬁliorum
860 4018 1254 4088 reciperemus.
1311 4021 1578 4090 Quoniam
1633 4033 1815 4080 autem
1873 4024 2006 4081 estis
2065 4024 2163 4080 ﬁlii
2264 4025 2408 4081 cuati
2456 4023 2647 4080 estisa
2677 4021 2933 4094 Christo,
2967 4025 3058 4095 qui
3103 4024 3160 4079 in
3201 4023 3318 4093 lege
3361 4020 3760 4093 justiﬁeamini:
3796 4030 3818 4067 a

569 4107 698 4182 [Ms.
724 4105 1018 4180 add.|Dei],
1044 4110 1192 4165 misit
1217 4112 1360 4166 Deus
1382 4112 1649 4184 Spiritum
1669 4115 1793 4171 Filii
1823 4117 1906 4171 sui
1932 4117 1984 4172 in
1997 4115 2162 4172 corda
2263 4116 2434 4187 gratia
2465 4115 2765 4171 excidistis.
2795 4114 2904 4170 Nos
2923 4116 3068 4170 enim
3091 4115 3285 4186 spiritu
3315 4129 3383 4170 ex
3416 4113 3523 4169 ﬁde
3547 4156 3562 4177 ,
3593 4126 3731 4180 spem
3747 4108 3816 4177 ju-

567 4211 750 4258 vestra
783 4201 912 4276 [Με.
937 4200 1146 4272 nostra]
1168 4243 1185 4271 ,
1208 4203 1534 4261 clamantem
1571 4224 1583 4258 :
1611 4207 1764 4263 Abba
1788 4252 1803 4276 ,
1838 4209 2018 4264 Pater.
2061 4209 2164 4264 lta-
2267 4208 2432 4263 stitie
2458 4215 2858 4278 exspectamus.
2891 4207 3024 4262 Nam
3051 4207 3104 4262 in
3129 4207 3348 4262 Christo
3373 4205 3526 4275 Jesu,
3558 4218 3720 4274 neque
3737 4198 3818 4255 cir-

564 4307 676 4365 que
695 4293 809 4365 jam
836 4309 946 4350 non
977 4301 1063 4350 est
1089 4307 1321 4361 servus,
1351 4295 1446 4352 sed
1488 4294 1650 4351 ﬁlius.
1683 4297 1837 4363 Quod
1878 4301 1922 4354 si
1956 4301 2103 4356 ﬁlius
2147 4319 2158 4356 :
2263 4298 2527 4355 cumcisio
2551 4297 2757 4368 aliquid
2778 4299 2942 4363 valet,
2969 4315 3144 4369 neque
3167 4299 3495 4370 prepulium
3529 4317 3541 4351 :
3574 4297 3664 4353 sed
3692 4293 3812 4354 ﬁdes.

563 4396 619 4442 et
660 4386 837 4443 heres
883 4402 981 4458 per
1022 4387 1216 4442 Deum.
1266 4386 1375 4444 Sed
1416 4398 1546 4445 tunc
1587 4389 1806 4461 quidem
1849 4392 2162 4463 ignorantes
2189 4445 2240 4463 ἢ
2266 4405 2389 4462 que
2437 4405 2534 4460 per
2575 4389 2899 4446 charitatem
2959 4401 3238 4460 operatur.
3293 4388 3609 4447 Currebatis
3657 4387 3814 4442 bene:

566 4477 760 4548 Deum,
792 4479 858 4536 iis
884 4479 976 4552 qui
1000 4487 1192 4536 natura
1221 4494 1332 4537 non
1363 4490 1491 4537 sunt
1519 4481 1618 4547 dli,
1641 4483 1980 4541 serviebatis.
2009 4485 2163 4543 Nunc
2189 4476 2243 4507 ν
2266 4485 2390 4554 quis
2413 4498 2512 4540 vos
2534 4483 2816 4555 impedivit
2844 4483 3057 4540 veritati
3087 4499 3196 4539 non
3233 4481 3494 4539 obedire?
3514 4491 3542 4533 h
3572 4476 3816 4536 Persuasio

566 4578 751 4626 autem
791 4584 915 4628 cum
968 4571 1337 4645 cognoveritis
1367 4570 1497 4644 [Μσ.
1543 4575 1900 4648 cognovistis]
1946 4577 2118 4633 Deum
2148 4621 2163 4645 ,
2269 4576 2387 4632 hec
2415 4591 2522 4632 non
2551 4583 2638 4632 est
2665 4592 2730 4632 ex
2763 4589 2850 4640 eo,
2879 4575 2969 4646 qui
2994 4586 3152 4631 vocat
3181 4591 3297 4630 vos.
3324 4573 3590 4630 Modicum
3621 4572 3817 4628 fermen-

565 4659 737 4718 immo
779 4661 982 4734 cogniti
1027 4663 1146 4718 sitis
1187 4677 1215 4717 a
1258 4663 1371 4720 Deo
1399 4705 1414 4732 ,
1461 4664 1741 4735 quomodo
1781 4668 2169 4725 convertimini
2267 4676 2380 4723 tum
2405 4675 2574 4724 totam
2605 4683 2838 4725 massam
2866 4670 3186 4739 corrumpit.
3229 4668 3343 4739 Ego
3371 4667 3588 4724 conﬁdo
3624 4667 3671 4722 in
3689 4660 3813 4718 vobis

563 4751 760 4809 iterum
788 4752 858 4809 ad
887 4753 1098 4810 inﬁrma
1122 4763 1181 4810 et
1207 4768 1377 4827 egena
1410 4756 1680 4812 elementa
1707 4799 1722 4823 ,
1755 4758 1954 4830 quibus
1982 4760 2162 4818 denuo
2265 4760 2580 4829 in‘Domino
2609 4801 2626 4828 ,
2658 4761 2803 4832 quod
2835 4761 2968 4817 nihil
3016 4760 3168 4817 aliud
3216 4760 3439 4832 sapietis
3483 4779 3496 4814 :
3537 4759 3626 4832 qui
3667 4764 3812 4814 autem

561 4847 780 4904 servire
810 4847 1017 4904 vultis?
1066 4847 1193 4906 Dies
1218 4849 1549 4916 observatis,
1579 4860 1636 4908 et
1667 4867 1910 4922 menses,
1943 4865 1998 4912 et
2026 4865 2164 4912 tem-
2263 4852 2558 4910 conturbat
2589 4868 2688 4910 vos
2710 4897 2725 4922 ,
2767 4854 3008 4925 portabit
3051 4854 3313 4926 judicium
3341 4894 3358 4920 ,
3412 4856 3722 4925 quicumque
3752 4852 3816 4903 est

564 4955 699 5013 pora
727 4983 743 5008 ,
774 4951 830 4999 et
852 4957 1048 4999 annos.
1080 4941 1275 4999 Timeo
1298 4957 1396 5000 vos
1415 4983 1431 5006 ,
1473 4957 1540 5000 ne
1567 4942 1708 5002 forte
1731 4946 1851 5003 sine
1889 4963 2051 5004 causa
2082 4949 2160 5005 la-
2266 4945 2380 5002 ille.
2411 4945 2525 5017 Ego
2554 4955 2735 5002 autem
2760 4987 2775 5013 ,
2808 4945 3008 5003 fratres
3035 4989 3051 5014 ,
3096 4947 3143 5002 si
3184 4947 3649 5002 circumeisionem
3677 4941 3815 4998 adhuc

559 5031 868 5091 boraverim
899 5034 952 5090 in
984 5033 1164 5090 vobis.
1203 5034 1391 5093 Estote
1431 5037 1571 5093 sicut
1597 5052 1700 5110 ego
1725 5080 1742 5107 ,
1785 5040 1910 5111 quia
1955 5050 2013 5096 et
2058 5057 2159 5114 ego
2269 5039 2399 5111 [Με.
2433 5050 2536 5095 tae.
2565 5039 2765 5111 adhuc]
2807 5041 3043 5110 predico
3077 5059 3090 5096 :
3132 5040 3263 5112 quid
3301 5039 3480 5096 adhuc
3528 5034 3813 5110 persecutie

557 5123 703 5184 sicut
732 5140 830 5180 vos
863 5143 876 5180 :
911 5124 1111 5184 fratres
1133 5169 1150 5194 ,
1183 5127 1413 5185 obsecro
1443 5144 1560 5185 vos.
1594 5129 1740 5186 Nihil
1775 5146 1865 5187 me
1913 5131 2155 5188 lesistis.
2266 5147 2390 5188 nem
2431 5133 2653 5204 patior?
2686 5133 2830 5204 Ergo
2859 5141 3176 5189 evacuatum
3203 5139 3289 5188 est
3312 5130 3623 5187 scandalum
3655 5123 3810 5185 crucis.

556 5215 724 5275 Scitis
752 5228 936 5275 autem
970 5219 1099 5290 quia
1132 5235 1228 5291 per
1255 5221 1630 5278 inﬁrmitatem
1670 5223 1852 5281 carnis
1879 5224 2158 5295 evangeli-
2267 5221 2487 5280 Utinam
2533 5234 2589 5281 et
2637 5224 3032 5282 abscindantur
3075 5225 3167 5295 qui
3214 5237 3309 5280 vos
3351 5222 3689 5278 conturbant.
3732 5213 3810 5267 νοῦ

558 5311 679 5368 zavi
708 5310 868 5368 vobis
911 5312 1236 5384 jampridem
1280 5331 1294 5370 :
1332 5324 1390 5372 et
1429 5317 1786 5375 tentatiouem
1825 5327 2062 5376 vestram
2106 5320 2160 5376 in
2267 5319 2411 5376 enim
2435 5319 2490 5377 in
2522 5319 2827 5377 libertatem
2861 5321 3038 5376 vocati
3065 5319 3237 5386 estis,
3269 5319 3466 5374 fratres
3497 5335 3511 5372 :
3551 5325 3736 5372 tantum
3761 5316 3808 5361 ιιι

2251 1151 2374 1192 cum
2398 1149 2639 1204 presens
2661 1148 2784 1188 sum
2813 1131 2957 1202 apud
2988 1145 3108 1186 vos.
3146 1129 3325 1185 Filioli
3355 1130 3461 1184 mei
3488 1171 3505 1196 ,
3554 1141 3692 1199 quos
3734 1125 3825 1183 ite-

2254 1246 2372 1285 rum
2415 1228 2660 1300 parturio
2687 1269 2704 1295 ,
2755 1227 2930 1282 donec
2977 1225 3245 1280 formetur
3288 1223 3545 1278 Christus
3588 1221 3640 1276 in
3666 1221 3825 1276 vobis.

2256 1323 2461 1380 Vellem
2490 1335 2670 1377 autem
2695 1337 2816 1376 esse
2846 1319 2988 1390 apud
3019 1332 3116 1375 vos
3136 1319 3322 1386 modo,
3351 1327 3409 1374 et
3432 1327 3642 1372 mutare
3661 1331 3826 1371 vocem

2256 1433 2432 1472 meam
2466 1433 2479 1470 :
2509 1419 2764 1486 quoniam
2786 1413 3094 1470 confundor
3115 1413 3168 1468 in
3192 1413 3365 1468 vobis.
3403 1411 3573 1467 Dicite
3597 1410 3724 1465 mihi
3748 1410 3828 1480 qui

589 5597 602 5612 .
636 5539 663 5616 ἐ
690 5529 918 5616 Propius
955 5532 1147 5616 greco
1182 5535 1386 5616 textui,
1421 5538 1525 5616 agre
1551 5537 1706 5616 ὅρρρς
1732 5545 1882 5616 Σινᾷ,
1917 5540 1970 5596 iu
2000 5540 2159 5596 Pala-

565 5601 678 5656 tino
725 5601 1090 5684 ms..legitu_t'_,
1130 5623 1163 5661 α
1208 5601 1734 5684 morttcASiuanox
1759 5651 1775 5677 ,
1808 5601 1941 5669 Sina
1985 5622 2157 5669 autem

567 5685 716 5725 mons
737 5679 814 5727 est
836 5674 891 5728 in
917 5674 1114 5730 Arabia
1133 5719 1148 5747 ,
1170 5677 1259 5747 qui
1283 5679 1591 5750 conjunctae
1607 5719 1624 5748 ,
1652 5688 1760 5738 etc.

2392 5544 2586 5601 Subdit
2613 5544 2730 5626 haec
2773 5545 2946 5600 Palat.
2986 5559 3090 5626 ms2
3113 5545 3275 5626 verba
3298 5586 3313 5612 ,
3361 5547 3558 5600 nemini
3591 5549 3808 5626 fortusz

2266 5615 2560 5744 ἱξῗὼὲξιω
2601 5616 2816 5686 (Ιιιὶάοιιι
2857 5629 3036 5687 neque
3079 5617 3131 5672 in
3171 5614 3362 5674 Graeco
3391 5626 3540 5674 textu
3587 5615 3807 5671 habentur
