3946 6198
135 242 233 296 777

998 240 1337 299 EPISTULA
1374 242 1435 297 Β.
1478 239 1685 299 PAULI
1724 238 2061 297 APOS'I‘OLI
2100 241 2192 295 AD
2233 239 2582 297 EPIIESIOS.

3330 241 3434 295 778

140 352 446 409 libertatem
482 353 537 409 in
566 355 909 409 occasionem
949 354 1089 411 detis
1112 356 1291 411 carnis
1312 399 1328 425 ,
1359 356 1454 412 sed
1485 370 1582 426 per
1607 358 1737 415 cba-
1761 358 1811 416 Α
1839 353 2043 424 aliquid
2072 369 2197 411 esse
2223 400 2237 423 ,
2272 370 2397 410 cum
2428 353 2563 410 nihil
2601 354 2672 409 sit
2699 394 2713 419 ,
2741 352 2859 423 ipse
2910 366 2971 408 se
3012 352 3242 409 seducit.
3284 355 3433 424 Opus

142 447 358 503 ritatem
396 457 422 485 ⁸
446 447 683 519 Spiritus
717 446 917 502 servile
958 448 1211 505 invicem.
1242 450 1432 505 Umnis
1472 450 1614 505 enim
1650 450 1734 505 lex

144 539 195 594 in
235 555 347 595 uno
382 554 635 596 sermone
665 540 959 611 impletur:
993 541 1194 611 Diliges
1234 544 1537 611 proximum
1584 553 1734 599 tuum

140 631 285 686 sicut
312 641 363 687 te
394 631 595 701 ipsum.
623 631 777 698 Quod
798 632 843 686 si
877 633 1106 687 invicem
1140 633 1403 691 mordetis
1425 676 1440 698 ,
1475 642 1531 689 et
1556 649 1736 689 come-

139 721 268 777 ditis
301 740 313 775 :
344 722 529 779 videte
548 763 564 787 ,
592 738 663 778 ne
689 722 757 779 ab
783 722 1017 778 invicem
1043 724 1459 779 consumamini.
1486 725 1616 779 Dico
1642 740 1737 779 au-

142 826 249 873 tem
278 833 294 873 :
322 816 529 887 Spiritu
555 816 851 883 ambulate,
886 826 941 873 et
962 817 1234 873 desideria
1262 817 1443 873 carnis
1474 834 1581 872 non
1617 834 1737 888 per-

142 908 358 966 ﬁcietis.
400 910 546 965 Caro
584 910 730 965 enim
761 910 1106 979 concupiscit
1146 909 1406 967 adversus
1439 912 1685 981 spiritum
1722 927 1735 965 :

144 1000 367 1072 spiritus
389 1011 572 1057 autem
602 1001 866 1058 adversus
894 1017 1114 1058 carnem
1147 1019 1163 1056 :
1195 1002 1311 1058 haec
1340 1002 1485 1059 enim
1517 1003 1623 1057 sibi
1658 1005 1740 1056 in-

138 1098 315 1153 vicem
344 1097 705 1153 adversantur
736 1115 748 1150 :
776 1107 835 1151 ut
872 1112 977 1151 non
1007 1110 1365 1168 quaecumque
1386 1096 1553 1151 vultis
1581 1137 1597 1161 ,
1650 1098 1738 1151 illa

140 1189 375 1245 faciatis.
401 1189 557 1259 Quod
591 1191 637 1245 si
660 1189 851 1260 spiritu
878 1188 1163 1257 ducimini,
1186 1204 1295 1245 non
1320 1189 1450 1245 estis
1472 1190 1571 1245 sub
1596 1189 1735 1260 lege.

139 1280 431 1337 Manifesta
453 1292 582 1338 sunt
602 1291 783 1339 autem
809 1296 975 1351 opera
1006 1284 1189 1337 carnis
1215 1298 1229 1335 :
1266 1298 1385 1353 quze
1415 1292 1541 1337 sunt
1571 1282 1742 1337 forni-

138 1375 287 1429 catio
313 1416 329 1441 ,
359 1375 705 1431 immunditia
734 1416 749 1442 ,
784 1375 1119 1445 impudicitia
1138 1416 1153 1440 ,
1178 1374 1422 1442 luxuria,
1468 1374 1738 1428 idolorum

136 1468 406 1537 servitus,
437 1466 725 1531 veneficia,
756 1465 1053 1522 inimicitiae
1074 1506 1091 1532 ,
1114 1466 1491 1522 contentiones
1516 1510 1530 1533 ,
1567 1482 1741 1521 aemu-

141 1559 400 1625 lationes,
434 1561 553 1626 iraa,
584 1562 738 1627 rixae,
771 1560 1163 1625 dissensiones,
1196 1570 1361 1615 secta:
1390 1558 1418 1597 ι’
1446 1601 1460 1626 ,
1493 1559 1740 1627 invidias,

143 1652 469 1720 homicidia,
502 1652 816 1719 ebrietates,
845 1654 1295 1718 comessationes,
1320 1663 1374 1707 et
1398 1653 1482 1706 his
1508 1652 1702 1707 similia
1726 1669 1739 1705 :

1838 454 2020 499 autem
2044 460 2199 501 suum
2227 445 2424 515 probet
2444 444 2841 514 unusquisque,
2873 453 2927 498 et
2956 444 3033 499 sic
3055 444 3106 498 in
3136 445 3432 512 semetipso

1840 547 2045 593 tantum
2067 538 2303 609 gloriam’
2326 537 2546 594 habebit
2569 579 2584 604 ,
2610 548 2664 593 et
2694 552 2799 592 non
2825 537 2877 591 in
2912 536 3104 592 altero.
3132 536 3434 607 Unusquis-

1838 646 1942 701 que
1967 631 2110 685 enim
2142 645 2282 685 onus
2326 646 2484 685 suum
2514 630 2771 700 portabit.
2804 631 3179 685 Communicct
3205 638 3384 685 autem
3414 671 3429 695 ,

1838 722 1885 777 is
1909 724 1999 792 qui
2022 722 2389 778 catechizatur
2416 723 2604 789 verbo,
2632 723 2682 778 ei
2704 724 2795 794 qui
2824 738 2887 777 se
2916 723 3219 778 catechizat
3246 723 3297 777 in
3316 738 3433 777 om-

1838 817 1997 872 nibus
2040 817 2215 871 bonis.
2265 817 2441 872 Nolite
2492 832 2675 873 errare
2732 834 2746 875 :
2789 818 2931 873 Deus
2978 831 3084 872 non
3150 816 3428 872 irridetur.

1838 908 1972 976 Quae
2000 910 2146 964 enim
2176 910 2526 966 seminaverit
2557 910 2720 965 homo
2748 949 2765 974 ,
2801 911 2917 964 haec
2958 917 3014 964 et
3056 916 3245 964 metet.
3287 908 3433 977 Quo-

1840 1007 1983 1062 niam
2014 1006 2108 1077 qui
2134 1008 2367 1063 seminat
2398 1009 2450 1063 in
2483 1022 2649 1063 carne
2683 1021 2778 1063 sua
2807 1050 2822 1073 ,
2856 1005 2927 1061 de
2965 1020 3129 1061 carne
3170 1014 3227 1060 et
3269 1014 3436 1060 metet

1841 1099 2245 1169 corruptionem
2274 1116 2287 1152 :
2313 1100 2403 1169 qui
2441 1108 2617 1155 autem
2648 1100 2881 1153 seminat
2912 1100 2963 1153 in
2992 1098 3207 1168 spiritu,
3233 1096 3300 1151 de
3329 1097 3440 1165 Spi-

1842 1191 1947 1246 ritu
1977 1201 2143 1247 metet
2172 1194 2337 1247 vitam
2362 1203 2644 1248 aeternam.
2691 1192 2897 1247 Bonum
2931 1199 3118 1247 autem
3149 1190 3435 1255 facientes,

1842 1299 1950 1339 non
1979 1282 2295 1341 deﬁciamus
2344 1304 2355 1339 :
2408 1296 2653 1356 tempore
2683 1286 2827 1341 enim
2870 1300 2971 1341 suo
3015 1295 3286 1341 metemus
3332 1302 3441 1339 non

1842 1376 2175 1433 deﬁcientes.
2208 1378 2351 1448 Ergo
2391 1378 2519 1433 dum
2563 1388 2776 1449 tempus
2813 1378 3077 1434 habemus
3102 1422 3116 1446 ,
3151 1392 3441 1448 operentur

1842 1470 2044 1525 bonum
2080 1468 2147 1525 ad
2176 1485 2399 1537 omnes,
2432 1471 2669 1526 maxime
2700 1480 2881 1526 autem
2924 1470 2989 1526 ad
3018 1471 3349 1526 domesticos
3381 1469 3444 1523 li-

1843 1562 1951 1618 dei.
1980 1562 2172 1617 Videte
2195 1562 2443 1632 qualibus
2477 1563 2673 1618 litteris
2701 1562 2896 1633 scripsi
2920 1563 3073 1618 vobis
3101 1578 3223 1618 mea
3254 1578 3439 1617 manu.

1844 1654 2177 1725 Quicumque
2206 1658 2351 1711 enim
2380 1657 2573 1711 volunt
2605 1656 2825 1725 placere
2872 1656 2925 1709 in
2968 1670 3132 1711 carne
3155 1696 3169 1719 ,
3215 1656 3268 1709 hi
3312 1653 3439 1725 [Ms.

151 1758 276 1815 qua
303 1744 544 1815 praedico
571 1745 745 1811 vobis,
778 1745 917 1800 sicut
948 1744 1195 1815 praedixi,
1225 1745 1478 1816 quoniam
1508 1745 1597 1815 qui
1623 1745 1747 1800 talia
1780 1731 1825 1793 Β
1855 1755 1957 1800 tac.
2002 1744 2079 1815 hi]
2120 1755 2323 1818 cogunt
2351 1761 2450 1802 vos
2487 1747 2807 1802 circumcidi
2860 1763 2873 1800 :
2916 1754 3122 1801 tantum
3174 1756 3231 1800 ut
3270 1746 3448 1801 crucis

148 1847 351 1909 agunt,
385 1854 616 1910 regnum
660 1838 757 1894 Dei
788 1854 895 1894 non
926 1847 1349 1917 consequentur.
1393 1838 1622 1894 Fructus
1650 1855 1747 1892 au-

148 1938 259 1985 tem
295 1928 535 1999 Spiritus
563 1938 648 1985 est
674 1928 948 1994 charitas,
982 1928 1259 1998 gaudium,
1288 1945 1413 1998 pax,
1449 1930 1704 1997 patientia
1735 1971 1749 1995 ,

144 2022 485 2094 benignitas,
508 2022 742 2092 bonitas,
777 2021 1179 2094 longanimitas,
1208 2033 1228 2060 ε
1262 2022 1658 2089 mansuetudo,
1685 2023 1749 2076 li-

143 2116 268 2182 des,
295 2116 589 2182 modestia,
619 2117 977 2181 continentia,
999 2116 1242 2171 castitas.
1270 2116 1546 2172 Adversus
1569 2115 1754 2185 hujus-

142 2207 297 2264 modi
322 2222 432 2263 non
463 2219 545 2263 est
578 2208 685 2264 lex.
730 2208 835 2275 Qui
864 2215 1044 2263 autem
1087 2214 1216 2262 sunt
1242 2205 1488 2272 Christi,
1534 2221 1755 2262 carnem

144 2315 309 2355 suam
344 2298 739 2355 crueilixerunt
765 2314 890 2354 cum
920 2299 1067 2354 vitiis
1095 2308 1151 2354 et
1188 2299 1666 2369 concupiscentiis.
1697 2297 1756 2355 Si

143 2390 350 2463 spiritu
382 2389 614 2445 vivimus
635 2432 651 2456 ,
682 2390 876 2461 spiritu
906 2398 962 2446 et
1005 2391 1370 2446 ambulemus.
1399 2389 1517 2445 Non
1547 2389 1757 2446 efﬁcia-

146 2496 280 2537 mur
309 2480 496 2536 inanis
524 2480 715 2552 gloria
742 2480 964 2551 cupidi,
996 2482 1230 2538 invicem
1260 2492 1620 2553 provocantes
1638 2523 1655 2550 ,
1680 2482 1760 2537 in-

153 2572 339 2628 vicem
374 2572 702 2628 invidentes.
1578 2590 1581 2591 ν

232 2663 392 2737 [ϐαρ.
417 2662 531 2735 VL]
558 2665 802 2731 Fratres,
825 2675 881 2721 et
902 2666 949 2721 si
980 2674 1391 2743 praeoccupatus
1413 2665 1576 2723 fuerit
1600 2665 1763 2723 homo

154 2757 212 2812 in
233 2756 420 2827 aliquo
440 2755 668 2822 delicto,
687 2770 805 2822 vos,
831 2759 923 2827 qui
948 2759 1258 2828 spirituales
1270 2759 1430 2827 estis,
1453 2758 1761 2830 hujusmodi

157 2849 415 2907 instruite
444 2850 499 2905 in
526 2850 722 2920 spiritu
748 2850 990 2906 lenitatis
1024 2869 1036 2904 ε
1070 2851 1432 2907 considerans
1478 2862 1529 2906 te
1558 2851 1761 2923 ipsum,

160 2958 231 2999 ne
259 2951 315 2999 et
339 2950 397 2998 tu
428 2943 673 2999 tenteris.
706 2942 859 2999 Alter
888 2943 1127 2999 alterius
1157 2958 1323 2999 onera
1351 2954 1586 3015 portate,
1611 2952 1666 3001 et
1685 2946 1766 3001 sic

162 3034 527 3107 adimplebitis
556 3034 733 3107 legem
758 3032 992 3091 Christi.
1018 3033 1154 3091 Nam
1180 3035 1226 3090 si
1252 3035 1376 3106 quis
1404 3036 1686 3093 existimat
1709 3051 1768 3092 se

1852 1838 2051 1895 Christi
2079 1841 2513 1909 persecutionem
2563 1853 2671 1893 non
2725 1838 3024 1907 patiantur.
3075 1836 3261 1907 Neque
3302 1836 3448 1890 enim

1854 1932 1942 2003 qui
1971 1930 2459 1997 circumciduntur,
2505 1930 2679 2001 legem
2727 1929 3086 1993 custodiunt,
3133 1927 3227 1983 sed
3256 1926 3453 1981 volunt

1855 2039 1952 2080 vos
1982 2024 2295 2081 circumcidi
2323 2067 2338 2092 ,
2367 2032 2428 2079 ut
2472 2025 2524 2078 in
2566 2038 2733 2079 carne
2754 2031 2932 2079 vestra
2961 2022 3285 2093 glorientur.
3318 2018 3447 2075 Mihi

1857 2123 2036 2171 autem
2082 2116 2221 2171 absit
2268 2115 2531 2187 gloriari,
2568 2115 2669 2169 nisi
2700 2114 2754 2168 in
2804 2129 2968 2170 cruce
3011 2112 3231 2170 Domini
3279 2112 3452 2166 nostri

1856 2207 1991 2264 Jesu
2017 2206 2223 2262 Christi
2249 2251 2263 2275 ,
2289 2222 2388 2277 per
2417 2221 2578 2276 quem
2604 2205 2735 2260 mihi
2764 2206 2996 2261 mundus
3024 2203 3316 2260 cruciﬁxus
3343 2215 3450 2268 est,

1862 2311 1916 2358 et
1938 2316 2041 2373 ego
2070 2301 2294 2357 mundo.
2326 2300 2382 2356 In
2414 2301 2635 2356 Christo
2664 2300 2811 2355 enim
2840 2300 2991 2366 Jesu,
3024 2313 3202 2368 neque
3221 2298 3456 2353 circum-

1862 2394 1997 2449 cisio
2024 2392 2227 2463 aliquid
2247 2393 2410 2458 valet,
2438 2406 2613 2462 neque
2636 2391 2985 2461 praeputium,
3011 2389 3108 2444 sed
3136 2402 3274 2443 nova
3297 2403 3454 2443 crea-

1866 2498 2005 2543 tura.
2043 2487 2111 2539 Et
2137 2486 2463 2556 quicumque
2484 2485 2621 2539 hanc
2640 2483 2882 2554 regulam
2910 2481 3086 2537 secuti
3108 2480 3328 2544 fuerint,
3354 2495 3457 2547 pax

1864 2593 2030 2648 super
2053 2578 2173 2632 illos
2194 2618 2209 2643 ,
2242 2585 2294 2632 et
2328 2575 2702 2631 misericordia
2725 2616 2739 2641 ,
2771 2585 2826 2629 et
2846 2588 3009 2644 super
3033 2571 3202 2628 Israel
3232 2572 3349 2628 Dei.
3384 2571 3462 2627 De

1866 2680 2070 2726 caetero
2094 2683 2254 2724 nemo
2281 2668 2413 2722 mihi
2443 2668 2706 2723 molestus
2735 2668 2807 2722 sit
2836 2684 2849 2720 ε
2884 2680 2986 2735 ego
3015 2665 3163 2721 enim
3203 2663 3457 2733 stigmata

1866 2762 2079 2817 Domini
2110 2762 2239 2816 Jesu
2273 2760 2403 2834 [Με.
2447 2769 2549 2813 lac.
2588 2755 2742 2827 Jesu]
2784 2757 2837 2812 in
2870 2770 3100 2826 corpore
3130 2768 3254 2811 meo
3282 2765 3460 2824 porto.

1867 2854 2054 2909 Gratia
2102 2852 2316 2907 Domini
2363 2850 2533 2906 nostri
2577 2848 2703 2905 Jesu
2746 2848 2947 2905 Christi
2988 2862 3110 2904 cum
3154 2845 3352 2917 spiritu
3374 2860 3464 2900 vc-

1869 2956 1985 3003 stro
1999 2989 2015 3015 ,
2048 2946 2267 3002 fratres.
2300 2947 2495 3001 Amen.

1082 3151 1314 3224 Explicit
1354 3149 1597 3223 Epistola
1626 3152 1693 3212 Β.
1724 3152 1885 3211 Pauli
1929 3156 2153 3226 apostoli
2195 3154 2263 3209 ad
2296 3153 2535 3211 Galatas.

234 3324 258 3393 ξι
284 3314 490 3393 Nomen
520 3314 751 3393 Spiritus
768 3353 785 3380 ,
821 3314 965 3393 quod
985 3322 1049 3393 _e_t
1077 3330 1107 3369 a
1145 3313 1353 3371 Graecis
1380 3313 1661 3385 plerisque
1686 3314 1754 3370 Ii-
1780 3328 1828 3393 ο
1857 3314 2040 3393 all'ert,
2051 3326 2207 3393 secta:
2232 3358 2247 3381 ,
2270 3315 2509 3371 haereses.

166 3385 269 3444 bris
293 3388 483 3455 abest,
518 3385 576 3441 in
603 3386 717 3440 Pal.
752 3385 855 3439 ms.
883 3386 1249 3441 desideratur.

227 3457 254 3533 Ρ
284 3458 552 3533 Ejusdem
569 3456 723 3533 vocis
740 3457 981 3533 αἱρέσεις,
1000 3471 1121 3533 qua;
1140 3460 1299 3513 unice
1320 3457 1373 3533 i_n
1394 3456 1584 3533 Gnaeo
1608 3467 1756 3513 textu

159 3528 408 3598 habetur,
463 3528 739 3600 duplicem
783 3528 1288 3598 interpretationem
1325 3528 1604 3584 Palatinus
1644 3544 1749 3585 ms.

1941 3398 1964 3426 ο
1998 3386 2099 3443 Hic
2128 3402 2326 3441 nomen
2349 3388 2712 3453 mansuetudo,
2750 3385 2909 3455 paulo
2939 3396 3119 3441 autem
3153 3394 3276 3456 post
3303 3386 3461 3440 casti-

1866 3467 1947 3513 tas
1967 3498 1984 3525 ,
2015 3458 2293 3514 Palatinus
2324 3474 2428 3515 ms.
2461 3472 2583 3514 cum
2604 3458 2811 3515 Grzecis
2839 3458 3048 3530 aliquot
3067 3457 3220 3515 libris
3250 3459 3465 3514 reticet.

146 3669 3457 3695 Μ

920 3802 1096 3915 Β.
1185 3798 1755 3913 PAULI
1825 3796 2735 3914 APOSTOLI

1660 3990 1953 4055 INCIPIT

615 4150 1585 4303 EPISTOLA
1647 4150 1929 4295 AD
2002 4148 3014 4299 EPHESIOS.

221 4526 381 4599 [ϐαρ.
411 4520 485 4593 1.]
506 4517 713 4576 Paulus
745 4516 1028 4588 apostolus
1047 4514 1180 4571 Jesu
1209 4512 1411 4570 Christi
1444 4524 1543 4583 per
1570 4510 1767 4567 volun-

154 4628 323 4677 tatem
348 4617 478 4686 Dei,
500 4612 757 4672 omnibus
785 4611 1008 4677 sanctis,
1038 4609 1131 4681 qui
1154 4617 1279 4665 sunt
1311 4607 1533 4678 Ephesi,
1558 4616 1615 4662 et
1636 4605 1770 4661 lide-

153 4711 305 4768 libus
353 4709 412 4764 in
454 4705 676 4763 Christo
717 4696 870 4761 Jesu.
901 4703 1087 4761 Gratia
1112 4701 1270 4757 vobis
1296 4742 1311 4766 ,
1353 4710 1409 4756 et
1445 4714 1544 4770 pax
1588 4714 1618 4753 a
1660 4698 1773 4755 Deo

154 4805 326 4861 Patre
362 4810 579 4869 nostro,
628 4808 684 4855 et
723 4798 951 4855 Domino
992 4796 1122 4853 Jesu
1150 4794 1396 4851 Christo.
1448 4792 1775 4850 Benedictus

150 4898 312 4955 Dens
340 4905 401 4952 et
425 4894 589 4949 Pater
618 4892 831 4948 Domini
864 4889 1039 4946 nostri
1062 4890 1194 4945 Jesu
1221 4886 1419 4943 Christi
1445 4928 1461 4954 ,
1491 4886 1581 4956 qui
1612 4888 1775 4942 bene-

151 4990 302 5047 dixit
332 5000 436 5042 nos
466 4986 520 5041 in
550 4985 699 5040 omni
730 4981 1115 5039 benedictione
1146 4978 1417 5051 spirltuali
1454 4979 1507 5032 in
1537 4978 1773 5034 ctelesti-

153 5082 267 5139 bus
297 5082 359 5136 in
388 5078 636 5146 Christo,
678 5078 819 5133 sicut
856 5076 1019 5147 elegit
1045 5089 1147 5130 nos
1173 5073 1228 5128 in
1259 5074 1377 5143 ipso
1423 5081 1547 5128 ante
1588 5071 1773 5127 mundi

155 5170 645 5239 constitutionem,
676 5177 738 5224 ut
769 5181 1014 5224 essemus
1051 5166 1224 5221 sancti
1258 5173 1313 5220 et
1356 5163 1693 5219 immaculati
1722 5164 1777 5218 in

157 5272 475 5338 conspectu
516 5264 636 5334 ejus
674 5265 730 5319 in
769 5262 1059 5318 charitate.
1091 5259 1194 5326 Qui
1240 5257 1649 5329 prtedestinavit
1681 5270 1779 5312 nos

158 5361 220 5418 in
252 5358 610 5428 adoptionem
661 5356 893 5411 filiorum
936 5369 1034 5425 per
1063 5352 1252 5409 Jesum
1278 5349 1555 5405 Christum
1594 5349 1650 5403 in
1703 5348 1783 5418 ip—

164 5468 321 5519 sum,
353 5448 656 5508 secundum
688 5448 1027 5521 propositum
1060 5441 1363 5500 voluntatis
1395 5456 1530 5510 sum,
1565 5441 1619 5495 in
1662 5441 1781 5495 lau-

168 5547 305 5606 dem
335 5544 531 5617 gloria:
551 5543 739 5615 gratiae
766 5556 901 5609 suae,
925 5542 978 5596 in
1005 5552 1113 5611 qua
1141 5535 1468 5611 gratiﬁcavit
1499 5548 1596 5589 nos
1618 5532 1671 5587 in
1698 5532 1784 5587 di-

1804 4938 1851 4998 D

1872 4512 2018 4568 lecto
2046 4512 2191 4571 Filio
2234 4529 2352 4572 suo.
2385 4518 2441 4571 In
2469 4531 2575 4587 quo
2604 4516 2872 4573 habemus
2907 4518 3337 4593 redemptionem
3369 4538 3467 4594 per

1875 4608 2189 4677 sanguinem
2232 4609 2372 4680 ejus,
2428 4608 2807 4665 remissionem
2856 4620 3224 4682 peccatorum,
3274 4629 3469 4675 secun-

1876 4698 2003 4753 dum
2031 4699 2248 4756 divitias
2269 4701 2455 4771 gratias
2480 4700 2619 4770 ejus,
2646 4716 2768 4770 qua:
2798 4703 3260 4771 superabundavit
3289 4707 3345 4762 in
3374 4724 3472 4765 no-

1880 4792 1963 4847 bis
1984 4793 2037 4847 in
2059 4794 2207 4848 omni
2236 4793 2504 4863 sapientia
2531 4805 2585 4849 et
2614 4794 2896 4863 prudentia
2926 4812 2939 4849 :
2964 4804 3025 4851 ut
3048 4808 3236 4851 notum
3268 4795 3474 4857 faceret

1882 4885 2042 4940 nobis
2074 4894 2473 4942 sacramentum
2497 4886 2793 4941 voluntatis
2822 4901 2956 4953 suae,
2982 4889 3277 4945 secundum
3309 4893 3477 4949 bene-

1879 4975 2134 5045 placitum
2166 4975 2307 5044 ejus,
2353 4976 2492 5045 quod
2543 4975 2829 5045 proposuit
2874 4977 2925 5030 in
2969 4992 3058 5043 eo,
3103 4979 3155 5032 in
3195 4979 3478 5050 dispensa-

1885 5070 2050 5126 tione'
2078 5067 2427 5138 plenitudinis
2474 5074 2802 5138 temporum,
2854 5070 3163 5127 instaurare
3197 5075 3378 5128 omnia
3422 5076 3479 5131 in

1881 5162 2124 5229 Christo,
2151 5176 2271 5231 quae
2302 5162 2355 5216 in
2381 5161 2555 5228 caelis,
2585 5174 2637 5218 et
2666 5178 2785 5233 quae
2814 5163 2867 5217 in
2896 5173 3043 5220 terra
3077 5175 3221 5230 sunt,
3255 5168 3307 5219 in
3341 5168 3481 5236 ipso.

1887 5254 1941 5308 ln
1968 5270 2075 5324 quo
2103 5254 2262 5308 etiam
2296 5263 2321 5290 η
2350 5263 2404 5309 et
2448 5268 2546 5308 nos
2575 5254 2716 5309 forte
2746 5255 2923 5310 vocati
2954 5270 3167 5323 sumus,
3206 5257 3487 5323 praedesti-

1889 5346 1998 5401 nati
2030 5344 2324 5400 secundum
2357 5348 2693 5416 propositum
2725 5348 2864 5417 ejus,
2898 5348 2989 5417 qui
3018 5356 3275 5417 operatur
3304 5349 3486 5404 omnia

1891 5436 2189 5493 secundum
2238 5436 2531 5492 consilium
2580 5438 2873 5494 voluntatis
2920 5454 3077 5494 sum:
3123 5450 3182 5493 ut
3220 5440 3393 5495 simus
3436 5441 3494 5496 in

1893 5527 2103 5584 laudem
2126 5526 2318 5598 gloria:
2346 5526 2464 5598 ejus
2495 5542 2596 5586 nos
2620 5528 2747 5602 [Ms.
2782 5538 2884 5581 lac.
2917 5528 3063 5601 nos],
3090 5529 3183 5601 qui
3213 5539 3340 5585 ante
3368 5546 3493 5601 spe-

251 5712 280 5742 ι
312 5700 495 5760 Verba
519 5707 565 5753 et
591 5715 708 5763 nos,
747 5712 868 5769 quae
908 5709 1083 5766 neque
1110 5694 1164 5749 in
1191 5691 1383 5750 Grzeco
1414 5689 1679 5747 habentur
1711 5688 2025 5759 archetypo,
2056 5685 2329 5746 Palatinus
2358 5701 2461 5745 ms.
2500 5698 2663 5749 tacet.

466 5792 745 5855 Panos.
804 5786 1052 5851 XXIX.

2985 5784 3065 5848 25
