3946 6198
560 231 666 286 119
1559 226 1620 281 8.
1659 220 2044 280 ﬂlERONYMl
2081 218 2318 279 DIVINA
2352 219 2833 281 BIBLIO'I’HECA.
3748 232 3824 285 τω

561 344 814 400 ravimus
856 345 909 400 in
939 341 1196 397 Christo:
1257 339 1310 392 in
1334 352 1442 408 quo
1478 344 1534 392 et
1586 352 1704 404 vos,
1748 352 1875 394 cum
1915 337 2158 395 audisse-
2181 339 2234 399 Δ
2260 338 2475 396 Christo
2503 338 2634 394 ἔθευ
2667 353 2789 405 vos,
2834 338 2928 410 qui
2965 337 3256 408 aliquando
3285 339 3456 394 eratis
3498 338 3685 409 longe,
3730 341 3828 396 lacti

562 437 634 492 tis
667 437 894 493 verbum
923 431 1166 490 veritatis
1194 429 1565 501 (Evangelium
1605 429 1800 485 salutis
1824 428 2064 502 vestrm],
2103 430 2158 485 in
2260 433 2393 488 estis
2433 446 2608 503 prope
2646 433 2700 486 in
2743 431 3008 502 sanguine
3032 431 3258 488 Christi.
3298 431 3426 502 Ipse
3450 433 3602 488 enim
3627 444 3710 489 est
3750 452 3827 504 pax

563 544 675 600 quo
706 539 760 584 et
795 527 1078 583 credentes
1120 523 1320 594 signati
1350 522 1489 579 estis
1526 522 1733 594 Spiritu
1780 523 2159 593 promissionis
2262 536 2473 591 nostra,
2518 525 2609 595 qui
2657 525 2783 580 iecit
2811 535 3038 596 utraque
3085 542 3274 592 unum,
3305 534 3361 582 et
3411 527 3652 584 medium
3684 531 3830 599 parie-

563 632 776 689 sancto,
823 620 913 691 qui
959 627 1044 673 est
1084 619 1278 687 pignus
1319 615 1654 672 hereditatis
1702 625 1926 682 nostrai,
1977 614 2034 670 in
2073 631 2159 671 re—
2261 625 2371 674 tem
2393 617 2646 673 maceriae
2668 617 3309 685 solvens,inimicitiasin
3328 633 3498 675 carne
3517 621 3829 692 stratege»

560 713 930 782 demptionem
966 709 1360 780 acquisitionis,
1407 710 1460 763 in
1490 708 1708 764 laudem
1733 707 1927 780 gloria:
1966 707 2154 776 ipsius.
2260 709 2637 764 mandatorum
2684 708 2921 766 decretis
2955 724 3244 774 evacuans,
3278 718 3342 766 ut
3381 710 3524 767 duos
3563 711 3752 767 condat
3787 714 3830 768 in

557 807 853 875 Propterea
886 811 942 858 et
967 819 1070 874 ego
1101 803 1331 857 audiens
1356 802 1516 858 ﬁdem
1551 809 1813 869 vestram,
1841 815 1964 872 qua
1989 809 2074 856 est
2101 800 2157 856 in
2258 803 2554 875 semetipso
2581 803 2635 858 in
2664 819 2828 858 unum
2853 819 3051 858 novum
3083 803 3380 872 hominem,
3410 803 3624 860 faciens
3645 821 3827 876 pacem,

559 899 794 955 Domino
822 896 970 965 ἔθευ,
1001 905 1056 952 et
1080 896 1431 951 dilectionem
1463 897 1514 950 in
1547 910 1738 952 omnes
1772 903 2016 963 sanctos,
2047 910 2157 950 non
2258 904 2316 951 et
2354 895 2483 968 [ἔιδ.
2513 893 2592 966 υι]
2637 895 2960 951 reconciliet
2996 895 3185 951 ambos
3227 895 3284 951 in
3313 911 3425 954 uno
3470 911 3705 968 corpore
3735 898 3828 955 Deo

557 1005 720 1047 cesso
751 992 954 1060 gratias
981 1003 1148 1061 agens
1176 1003 1277 1058 pro
1304 989 1481 1055 vobis,
1522 989 1842 1044 memoriam
1867 988 2034 1045 vestri
2078 988 2157 1043 ἰε-
2259 1003 2355 1057 per
2382 1002 2622 1056 crucem,
2657 987 2992 1044 interﬁciens
3022 987 3338 1044 inimicitias
3364 989 3419 1044 in
3440 989 3751 1060 semetipso.
3777 992 3828 1046 Et

555 1085 708 1141 ciens
736 1083 788 1138 in
818 1082 1162 1138 orationibus
1200 1081 1337 1136 meis
1367 1099 1380 1134 :
1411 1090 1466 1135 ut
1503 1081 1646 1137 Deus
1669 1121 1685 1147 ,
1725 1081 1940 1136 Domini
1984 1078 2156 1136 nostri
2258 1084 2483 1140 veniens
2509 1082 2897 1154 evangelizavit
2918 1098 3103 1155 pacem
3134 1082 3308 1151 vobis,
3332 1083 3430 1155 qui
3456 1082 3627 1154 longe
3645 1083 3822 1149 fuistis,

553 1177 685 1236 Jesu
735 1175 941 1232 Christi
989 1184 1146 1246 pater
1183 1176 1390 1247 gloria),
1443 1175 1537 1231 det
1565 1174 1722 1230 vobis
1766 1175 2018 1245 spiritum
2063 1188 2154 1229 sa-
2259 1185 2314 1231 et.
2341 1189 2528 1245 pacem
2558 1174 2647 1241 iis,
2686 1175 2777 1245 qui
2820 1188 3012 1244 prope.
3041 1173 3308 1242 Quoniam
3339 1189 3439 1244 per
3485 1176 3662 1244 ipsum
3687 1175 3825 1232 habe-

553 1270 797 1342 pientiae,
824 1280 880 1324 et
909 1270 1280 1334 revelationis,
1314 1269 1368 1322 in
1403 1268 1682 1339 agnitione
1709 1267 1848 1337 ejus,
1881 1265 2154 1323 illumina-
2257 1287 2375 1326 mus
2404 1285 2684 1326 accessum
2714 1270 2876 1324 ambo
2900 1269 2955 1324 in
2981 1283 3093 1324 uno
3119 1267 3325 1340 Spiritu
3347 1268 3418 1322 ad
3445 1268 3679 1326 Patrem.
3707 1269 3824 1338 Ergo

553 1369 640 1417 tos
667 1362 854 1417 oculos
880 1361 1062 1416 cordis
1089 1362 1282 1425 vestri,
1323 1368 1380 1415 ut
1406 1360 1594 1416 sciatis
1630 1375 1752 1430 quae
1778 1361 1852 1414 sit
1887 1371 2015 1429 spes
2059 1373 2150 1415 vo
2251 1364 2365 1434 jam
2397 1377 2506 1418 non
2535 1364 2668 1419 estis
2711 1361 2978 1433 hospites,
3010 1371 3068 1417 et
3096 1359 3320 1415 advenae
3351 1373 3368 1415 :
3412 1359 3509 1417 sed
3552 1361 3675 1416 eatis
3700 1360 3824 1416 cives

550 1453 786 1510 cationis
821 1453 941 1523 ejus
985 1451 1116 1525 μισ.
1149 1462 1253 1507 tac.
1288 1451 1429 1523 ejus}
1454 1492 1470 1518 ,
1497 1461 1556 1507 et
1578 1466 1701 1522 qua:
1738 1450 1940 1506 divitia:
1965 1449 2153 1520 gloria:
2257 1464 2594 1520 sanctorum,
2645 1462 2700 1508 et
2727 1452 3010 1508 domestici
3062 1451 3199 1507 Dei:
3229 1451 3645 1522 superadiﬁeati
3681 1466 3822 1521 super

551 1546 889 1604 hareditatis
913 1545 1036 1615 ejus
1065 1547 1118 1600 in
1152 1545 1375 1610 sanctis,
1407 1555 1459 1600 et
1496 1559 1616 1615 qua!
1641 1543 1714 1600 sit
1743 1542 2152 1613 supereminens
2256 1546 2668 1603 fundamentum
2712 1545 3108 1615 apostolorum,
3165 1553 3224 1599 et
3272 1544 3676 1615 prophetarum,
3715 1545 3821 1614 ipso

549 1638 870 1709 magnitudo
893 1636 1112 1692 virtutis
1147 1637 1266 1707 ejus
1310 1637 1366 1691 in
1409 1651 1532 1704 nos,
1579 1636 1676 1707 qui
1707 1637 1992 1694 credimus
2018 1635 2150 1710 [Με.
2257 1654 2471 1695 summo
2516 1637 2757 1708 angulari
2785 1635 2963 1707 lapide
2986 1635 3204 1692 Christo
3233 1635 3409 1692 Iesu:
3456 1636 3504 1692 is
3529 1650 3630 1706 quo
3659 1635 3820 1691 omnis

549 1729 905 1802 credidimus}
933 1729 1230 1786 secundum
1255 1729 1629 1799 operationem
1653 1728 1910 1798 potentiae
1932 1727 2152 1783 virtutis
2181 1732 2231 1794 Β
2257 1731 2548 1787 aediﬁcatio
2567 1737 2881 1786 constructa
2910 1729 3112 1786 crescit
3140 1729 3193 1784 in
3228 1729 3490 1800 templum
3516 1739 3740 1784 sanctum
3767 1729 3816 1783 ia

547 1827 688 1897 ejus,
717 1841 880 1896 quam
906 1833 1164 1895 operatus
1203 1832 1287 1879 est
1320 1825 1374 1878 in
1407 1821 1644 1890 Christo,
1688 1822 1959 1878 suscitans
1992 1821 2145 1878 illum
2252 1826 2522 1882 Domino:
2551 1825 2604 1880 in
2629 1841 2734 1897 quo
2762 1834 2818 1880 et
2840 1838 2936 1880 vos
2954 1821 3364 1897 coaediﬁeamiui
3396 1823 3452 1878 in
3485 1821 3817 1878 habitaculum

545 1895 591 1973 ai
607 1895 858 1983 mortuis,
885 1925 941 1972 et
969 1915 1309 1972 constituens
1331 1913 1399 1969 ad
1429 1913 1708 1969 dexteram
1730 1926 1884 1967 suam
1907 1913 1960 1966 in
1983 1912 2148 1968 ctele-
2251 1920 2348 1976 Dei
2379 1919 2434 1974 in
2463 1895 2672 1988 Spiritu
2697 1917 2826 1989 lus.
2857 1917 2984 1972 add.
3016 1895 3254 1986 sancto}.

547 2011 746 2079 stibus,
775 2025 940 2082 supra
967 2024 1186 2066 omnem
1216 2008 1603 2079 principatum,
1629 2016 1684 2062 et
1710 2015 2060 2076 potestatem,
2094 2016 2148 2060 et
2321 2011 2476 2084 [ϐαρ.
2524 2009 2637 2080 ιιι]
2682 2010 2851 2079 Hujus
2889 2009 2970 2065 rei
3007 2011 3202 2082 gratia,
3249 2022 3354 2079 ego
3400 2007 3600 2063 Paulus
3641 2005 3818 2063 vinctas

545 2104 824 2169 virtutem,
856 2109 916 2157 et
955 2101 1412 2166 dominationem,
1442 2108 1499 2155 et
1530 2113 1691 2154 omne
1734 2112 1952 2163 nomen,
2001 2097 2142 2168 quod
2248 2101 2446 2158 Christi
2488 2102 2640 2166 ἔθευ,
2677 2117 2775 2172 pro
2805 2101 2962 2157 vobis
2995 2101 3270 2172 gentibus,
3317 2102 3364 2157 si
3397 2110 3580 2157 tamen
3625 2099 3819 2156 audistis

543 2197 863 2253 nominatur
889 2209 998 2250 non
1027 2194 1205 2251 solum
1250 2193 1308 2248 in
1350 2193 1456 2248 hoc
1483 2193 1705 2259 saeculo,
1756 2191 1854 2247 sed
1892 2193 2060 2247 etiam
2089 2191 2146 2246 in
2248 2198 2713 2269 dispensationem
2742 2197 2933 2266 gratia:
2962 2196 3080 2262 Dei,
3109 2211 3231 2266 qua
3253 2195 3379 2249 data
3410 2203 3497 2250 est
3517 2194 3646 2250 mihi
3673 2195 3721 2249 in
3746 2210 3816 2247 vo-

541 2289 746 2344 luturo.
777 2288 1045 2344 Etomnia
1075 2286 1308 2356 subjecit
1337 2285 1439 2340 sub
1465 2285 1697 2356 pedibus
1727 2285 1868 2353 ejus,
1895 2295 1948 2338 cl
1971 2285 2144 2354 ipsum
2249 2289 2378 2346 bis:
2415 2291 2668 2361 quoniam
2701 2288 3004 2344 secundum
3053 2288 3444 2344 revelationem
3490 2297 3669 2342 notum
3711 2285 3814 2341 mihi

543 2382 693 2438 dedit
712 2390 875 2452 caput
903 2395 1068 2451 supra
1099 2390 1125 2417 ι
1152 2395 1368 2436 omnem
1395 2379 1718 2446 Ecclesium,
1751 2395 1872 2448 quae
1899 2389 1982 2433 est
2019 2392 2142 2433 cor-
2248 2381 2453 2440 factum
2507 2390 2592 2438 est
2633 2389 3058 2446 sacramentum,
3108 2381 3250 2435 sicut
3293 2394 3464 2449 supra
3549 2379 3732 2449 scripsi
3774 2378 3814 2434 in

543 2488 644 2544 pus
672 2473 864 2545 ipsius,
902 2481 957 2529 et
992 2473 1276 2544 plenitudo
1315 2471 1457 2542 ejus,
1487 2471 1578 2542 qui
1601 2472 1780 2528 omnia
1810 2471 1861 2525 in
1891 2471 2145 2526 omnibus
2249 2475 2442 2530 brevi:
2475 2485 2637 2544 prout
2666 2475 2891 2544 potestis
2913 2473 3160 2544 legentes
3181 2471 3493 2544 intelligere
3513 2470 3812 2543 prudentiam

537 2565 888 2636 adimpletur.
2248 2583 2423 2624 meam
2470 2569 2524 2622 in
2566 2567 2828 2638 mysterio
2856 2565 3059 2621 Christi
3096 2583 3110 2618 :
3140 2563 3282 2636 quod
3318 2565 3446 2620 aliis
3490 2563 3814 2635 generationi-

612 2655 766 2727 [Cap.
813 2654 903 2727 ll.]
951 2655 1022 2710 Et
1061 2669 1178 2724 vos,
1208 2671 1330 2710 cum
1373 2655 1571 2711 essetis
1607 2653 1807 2709 mortui
1848 2653 2061 2709 delictis
2091 2663 2146 2710 et
2252 2659 2356 2715 bus
2385 2673 2490 2714 non
2522 2668 2605 2714 est
2634 2659 2875 2729 agnitum
2906 2657 3032 2713 ﬁliis
3059 2656 3366 2724 hominum,
3395 2657 3562 2714 sicuti
3591 2672 3727 2716 nunc
3749 2671 3817 2712 re-

539 2749 781 2818 pcccatis
824 2747 1039 2811 vestris,
1075 2748 1128 2802 in
1158 2745 1357 2817 quibus
1384 2745 1679 2816 aliquando
1712 2745 2030 2801 ambulastis
2059 2762 2097 2800 St

2256 2753 2485 2808 velatum
2531 2760 2616 2808 est
2660 2751 2869 2805 sanctis
2890 2749 3156 2820 apostolis
3203 2749 3322 2820 ejus
3364 2758 3424 2806 et
3470 2748 3739 2820 prophetis
3774 2748 3814 2803 in

533 2842 773 2897 cundum
798 2840 1061 2896 saeculum
1089 2837 1276 2894 mundi
1308 2837 1490 2908 hujus,
1515 2836 1814 2893 secundum
1841 2837 2139 2907 principem
2249 2844 2483 2914 Spiritu:
2511 2843 2716 2899 Gentes
2740 2858 2863 2899 esse
2891 2843 3227 2909 coheredes,
3249 2855 3304 2899 et
3323 2843 3751 2912 concorporales,
3775 2851 3817 2896 et

533 2935 816 3004 potestatis
855 2934 998 2989 aeris
1027 2933 1210 3001 hujus,
1244 2930 1468 3001 Spiritus
1494 2930 1585 3002 qui
1615 2947 1764 2987 nunc
1793 2941 2044 3001 operatur
2089 2934 2140 2988 iu
2245 2937 2661 3008 cotnparticipes
2685 2936 3066 3007 promissionis
3093 2936 3214 3007 ejus
3243 2937 3297 2992 in
3329 2937 3550 2992 Christo
3571 2938 3707 3007 _J¢8I
3742 2951 3816 3006 per

536 3026 564 3066 ι)
597 3028 769 3092 ﬁlios,
818 3027 1132 3082 difﬁdentize
1174 3043 1185 3078 :
1232 3026 1283 3078 in
1325 3023 1518 3094 quibus
1565 3034 1619 3078 et
1664 3038 1766 3078 nos
1814 3039 2004 3080 omnes
2051 3026 2143 3080 ali-
2249 3029 2649 3101 Evangelium:
2690 3030 2845 3100 cujus
2874 3029 3050 3084 factus
3079 3041 3206 3084 sum
3245 3029 3516 3095 minister,
3548 3028 3811 3084 secundum

535 3117 753 3188 quando
795 3118 1101 3172 conversati
1150 3129 1338 3170 sumus
1386 3115 1438 3169 in
1477 3115 1764 3171 desideriis
1804 3119 1986 3172 carnis
2037 3134 2135 3172 no-
2163 3122 2212 3188 C
2240 3123 2446 3178 donum
2468 3123 2661 3192 gratiae
2688 3121 2812 3192 Dei,
2833 3136 2955 3194 qua:
2978 3120 3102 3176 data
3126 3130 3209 3176 est
3231 3121 3363 3176 mihi
3389 3120 3678 3176 secundum
3705 3134 3812 3189 ope-

535 3222 685 3277 strte,
720 3210 981 3265 facientes
1013 3210 1343 3264 voluntatem
1376 3209 1557 3263 carnis
1587 3217 1642 3264 et
1671 3220 1694 3247 ο
1722 3211 2129 3279 cogitationum,
2239 3216 2506 3270 rationem
2537 3213 2752 3268 virtutis
2787 3213 2926 3282 ejus.
2959 3213 3087 3266 Mihi
3120 3213 3364 3267 omnium
3400 3223 3699 3269 sanctorum
3729 3212 3806 3264 mi-

533 3314 588 3360 ot
617 3318 834 3358 eramus
861 3311 1052 3355 natura
1084 3300 1180 3354 ﬁlii
1209 3301 1328 3364 irae,
1360 3302 1576 3356 sicutet
1602 3303 1786 3357 caeteri
1820 3320 1834 3358 :
1864 3303 2007 3358 Deus
2034 3320 2132 3358 au-
2237 3307 2389 3362 nimo
2411 3307 2533 3362 data
2572 3316 2658 3363 est
2687 3306 2861 3376 gratia
2890 3307 3007 3362 haec
3046 3325 3058 3359 :
3087 3308 3144 3362 In
3169 3306 3428 3378 gentibus
3467 3306 3808 3378 evangelium

533 3403 667 3462 tem,
700 3393 792 3466 qui
823 3391 975 3447 dives
1007 3401 1090 3446 est
1123 3391 1175 3445 in
1208 3391 1607 3463 misericordia,
1656 3405 1878 3465 propter
1909 3395 2130 3449 nimiam
2238 3396 2264 3435 ἀ
2293 3399 2696 3471 investigabiles
2720 3399 2935 3454 divitias
2955 3397 3181 3466 Christi,
3215 3410 3264 3456 et
3294 3398 3598 3456 illuminare
3622 3412 3805 3460 omncs,

531 3485 852 3542 charitatem
900 3498 1077 3549 suam,
1114 3499 1217 3554 qua
1253 3483 1441 3538 dilexit
1488 3500 1610 3553 nos,
1643 3495 1697 3540 et
1731 3503 1850 3541 cum
1887 3501 2133 3543 essemus
2235 3504 2354 3558 quae
2377 3491 2447 3544 sit
2477 3489 2813 3561 dispensatio
2861 3491 3193 3547 sacramenti
3223 3490 3530 3548 abscmiditi
3555 3508 3584 3546 a
3625 3490 3806 3547 suculis

531 3578 733 3633 mortui
760 3575 1018 3648 peccatis,
1048 3574 1451 3631 conviviﬁcavit
1480 3590 1578 3630 nos
1606 3576 1660 3630 in
1687 3574 1906 3632 Christo
1951 3579 2133 3650 (cujus
2235 3579 2288 3636 in
2326 3581 2459 3647 Deo,
2493 3584 2584 3652 qui
2613 3583 2796 3637 omnia
2824 3583 3051 3647 creavit,
3085 3592 3142 3636 ttt
3184 3583 3495 3638 innotescat
3526 3580 3805 3653 principati-

530 3671 702 3740 gratia
729 3671 864 3725 estis
891 3668 1108 3740 salvati)
1134 3677 1190 3724 et
1221 3669 1696 3738 conresuscitavit,
1734 3678 1790 3725 et
1833 3672 2131 3728 consedere
2235 3672 2334 3727 bus
2358 3683 2411 3728 et
2434 3673 2796 3741 potestatibus
2823 3675 2875 3727 in
2896 3673 3210 3729 coelestibus
3232 3688 3332 3744 per
3354 3673 3667 3740 Ecclesium,
3691 3672 3802 3726 mul-

530 3761 664 3818 fecit
698 3763 750 3818 in
787 3762 1098 3820 coelestibus
1129 3763 1181 3818 in
1207 3761 1430 3819 Christo
1448 3761 1580 3819 ἔθευ
1604 3782 1616 3816 :
1643 3773 1702 3819 ut
1729 3765 2046 3823 ostenderet
2076 3769 2130 3822 iu
2235 3763 2467 3822 tilormis
2496 3764 2764 3835 sapientia
2793 3763 2910 3832 Dei,
2945 3766 3243 3820 secundum
3283 3765 3686 3834 przelinitionem
3719 3777 3800 3816 sa:-

531 3857 744 3911 saaculis
778 3857 1294 3927 supervenientibus
1333 3857 1669 3914 abundantes
1694 3859 1912 3915 divitias
1941 3861 2130 3930 gratiae
2231 3857 2498 3922 culorum,
2523 3873 2686 3928 quam
2715 3855 2842 3912 fecit
2865 3860 2920 3913 iu
2943 3858 3166 3912 Christo
3188 3857 3318 3913 Jesu
3344 3857 3574 3914 Domino
3594 3865 3760 3912 nostro
3785 3873 3795 3907 :

530 3964 644 4004 suae
675 3949 728 4003 in
764 3949 1006 4005 bonitate
1052 3965 1220 4020 super
1263 3963 1362 4004 nos
1406 3950 1458 4004 in
1505 3947 1725 4006 Christo
1759 3949 1907 4006 ἔθευ.
1943 3951 2130 4010 Gratia
2232 3951 2289 4008 iu
2307 3964 2414 4022 quo
2437 3949 2698 4006 habemus
2725 3949 3003 4016 ﬁduciam,
3035 3959 3090 4005 et
3111 3963 3394 4006 accessum
3427 3951 3479 4006 in
3507 3948 3796 4006 conﬁdentia

531 4041 676 4097 enim
704 4040 841 4096 estis
880 4040 1068 4095 salvati
1117 4056 1216 4110 per
1245 4042 1429 4110 ﬁdem,
1470 4042 1654 4098 ethoc
1694 4059 1800 4099 non
1835 4059 1900 4100 ex
1941 4045 2123 4114 Vobis,
2233 4055 2328 4111 per
2357 4039 2517 4095 ﬁdem
2547 4040 2686 4110 ejus.
2723 4039 2953 4110 Propter
2994 4041 3136 4112 Quod
3180 4050 3326 4112 peto,
3373 4058 3443 4098 ne
3477 4041 3721 4098 deﬁciatis
3754 4041 3794 4092 in

531 4133 630 4189 Dei
659 4131 800 4188 enim
828 4130 1028 4185 donum
1071 4140 1180 4197 est,
1229 4146 1340 4187 non
1365 4147 1436 4187 ex
1477 4133 1768 4204 operibus,
1814 4144 1870 4190 ut
1902 4151 1971 4192 ne
2006 4139 2128 4208 quis
2230 4134 2668 4200 tribulationibus
2703 4136 2841 4192 meis
2882 4149 2984 4208 pro
3020 4135 3174 4193 vobis
3205 4154 3217 4188 :
3261 4151 3384 4206 quae
3411 4145 3498 4193 est
3537 4137 3693 4208 gloria
3720 4147 3792 4187 ve-

528 4225 809 4298 glorietur.
831 4221 1165 4292 Ipsiusenim
1187 4235 1378 4279 sumus
1401 4221 1813 4288 lactura,creati
1837 4228 1888 4280 in
1911 4225 2128 4284 Christo
2227 4237 2360 4285 stra.
2408 4229 2582 4300 Hujus
2609 4229 2689 4285 rei
2739 4230 2913 4300 gratia
2951 4228 3115 4286 ﬂecto
3139 4245 3317 4300 genua
3348 4245 3466 4287 mea
3507 4231 3574 4286 ad
3611 4229 3789 4285 Patrem

529 4319 657 4376 ἔθευ
687 4319 742 4373 in
768 4315 1025 4386 operibus
1061 4314 1235 4379 bonis,
1266 4329 1386 4384 qua:
1413 4318 1738 4385 prteparavit
1778 4319 1939 4390 Deus,
1973 4329 2029 4375 ut
2070 4322 2125 4377 in
2227 4321 2440 4377 Domini
2472 4322 2642 4378 nostri
2670 4322 2802 4378 ἔθευ
2831 4321 3054 4390 Christi,
3088 4338 3155 4379 ex
3181 4337 3291 4394 quo
3319 4322 3500 4378 omnis
3529 4321 3784 4394 paternitas

526 4410 634 4466 illis
655 4407 1017 4465 ambulemus.
1042 4405 1270 4475 Propter
1297 4406 1441 4476 quod
1469 4421 1739 4484 memores
1764 4419 1956 4475 estote,
1981 4412 2124 4482 quod
2227 4416 2280 4470 in
2309 4415 2464 4472 caelis
2495 4424 2551 4472 et
2575 4417 2627 4471 in
2661 4425 2804 4472 terra
2842 4417 3176 4480 nominatur.
3206 4425 3265 4472 ut
3300 4417 3392 4473 det
3449 4417 3600 4473 vobis
3631 4427 3789 4472 secun-

527 4503 819 4576 aliquando
847 4517 948 4558 vos
979 4511 1168 4573 gentes
1193 4501 1248 4557 in
1279 4515 1468 4566 carne,
1497 4501 1587 4572 qui
1614 4502 1854 4559 dicimini
1885 4504 2012 4577 [Νι.
2043 4507 2126 4562 di-
2150 4499 2205 4560 D
2228 4508 2356 4564 dum
2401 4509 2623 4566 divitias
2667 4509 2854 4580 glorias
2903 4524 3040 4576 sure,
3090 4511 3290 4567 virtute
3336 4507 3673 4567 corroborari
3711 4521 3787 4577 per

527 4595 818 4668 cebamini]
849 4595 1195 4666 praeputium,
1225 4593 1295 4649 ab
1315 4607 1377 4650 es
1408 4608 1530 4664 quae
1557 4594 1758 4652 dicitur
1782 4598 2126 4656 circumcisio
2227 4601 2488 4672 Spiritum
2518 4602 2637 4672 ejus
2665 4602 2718 4658 in
2749 4602 3066 4659 interiorem
3094 4602 3399 4670 hominem,
3423 4603 3685 4662 Christus
3707 4597 3786 4653 ha-

527 4689 583 4746 in
625 4702 810 4755 carne,
843 4686 1149 4744 manufacta
1187 4704 1202 4740 :
1243 4687 1370 4757 quia
1420 4687 1589 4741 eratis
1633 4687 1730 4744 illo
1775 4688 1830 4743 in
1879 4700 2125 4762 tempore
2226 4693 2403 4749 bitare
2427 4708 2525 4762 per
2552 4692 2712 4748 ﬁdem
2743 4693 2802 4748 in
2830 4694 3091 4750 cordibus
3111 4696 3336 4762 vestris,
3369 4694 3426 4751 in
3451 4695 3787 4752 ehsritatera-

528 4783 650 4840 sine
673 4781 914 4848 Christo,
949 4781 1170 4838 alienati
1201 4780 1675 4839 aconservatione
1703 4779 1890 4849 Israel,
1930 4792 1987 4840 et
2025 4785 2126 4842 ho-
2225 4784 2393 4841 dicati
2417 4793 2486 4856 ,et
2524 4783 2756 4852 lundati,
2807 4795 2866 4839 ut
2912 4785 3134 4854 possitis
3187 4786 3650 4857 comprehendere
3683 4792 3783 4838 cum

525 4876 696 4948 spites
717 4882 1189 4942 testamentorum,
1218 4871 1596 4944 promissionis
1618 4886 1769 4943 spem
1792 4889 1898 4931 non
1922 4874 2123 4933 haben-
2228 4879 2482 4936 omnibus
2520 4878 2747 4947 sanctis,
2778 4894 2900 4951 qua
2929 4879 3004 4936 sit
3043 4880 3295 4948 latitudo,
3338 4891 3393 4938 et
3425 4879 3712 4953 longitudo,
3744 4879 3784 4929 et

527 4977 635 5039 tes,
683 4978 740 5028 et
791 4970 912 5026 sine
954 4969 1071 5027 Deo
1121 4968 1179 5024 in
1217 4971 1321 5025 hoc
1367 4967 1592 5024 mundo.
1645 4965 1800 5024 Nunc
1842 4979 2025 5027 autem
2065 4975 2121 5031 in
2225 4971 2556 5040 sublimitas,
2579 4980 2635 5028 et
2661 4971 2988 5044 profundum
3016 4990 3031 5028 :
3058 4974 3204 5031 scire
3226 4975 3392 5030 etiam
3418 4971 3785 5046 supereminen-

603 5165 631 5195 ι
658 5153 933 5211 Palatinus
955 5167 1088 5219 ms.,
1121 5167 1276 5225 super
1297 5150 1471 5225 omnia
1495 5147 1741 5206 Ecclesiae
1762 5165 1782 5204 :
1801 5164 1968 5225 quam
1995 5151 2121 5222 qui-
2225 5152 2378 5225 legit.

526 5225 648 5284 dem
680 5226 967 5283 lectionem
994 5221 1570 5300 cwwtjs_pra2@rimus
1597 5235 1718 5300 cum
1759 5221 2121 5300 melioris’no-
2223 5221 2320 5300 ’-ξε
2355 5225 2477 5296 Ipse
2501 5234 2683 5300 autem
2707 5225 3072 5300 Hieronymus
3093 5231 3300 5284 mavult
3329 5229 3509 5300 legere
3536 5224 3776 5300 mentitas:

525 5307 592 5354 ιω
614 5313 745 5353 mss.
769 5306 822 5352 et
842 5296 1115 5351 veteribus
1139 5291 1786 5368 Bibliis,Curbeiensib‘us,
1805 5291 1956 5368 juxta
1971 5292 2119 5368 (ξι-ῳ·
2222 5291 2476 5368 illamque
2506 5295 2819 5368 Latinorum
2858 5291 3106 5368 codicum
3152 5291 3438 5356 lectionem
3468 5300 3668 5354 videtur
3699 5295 3774 5348 im-

525 5383 670 5444 cum,
695 5369 828 5444 ὑπὲρ
857 5371 1024 5424 πάντα
1050 5366 1400 5444 τῇέρεκλησίᾳ.
1440 5363 1663 5444 Accedit
1694 5363 1810 5432 ipse
1845 5364 2083 5444 sibi-ﬁde

2220 5363 2472 5444 probare.
2504 5367 2709 5444 Confer
2733 5367 2857 5444 ejus
2878 5367 3311 5444 Commentarios
3343 5372 3395 5426 in
3445 5371 3581 5444 hunc
3609 5369 3769 5444 locum.

528 5429 1472 5517 jussers.'interpres'_Hieronyinus
1515 5435 1567 5488 in
1595 5429 2016 5517 Commentariis
2049 5437 2113 5517 in
2222 5429 2239 5434 ’
2290 5439 2317 5517 ξι
2351 5439 2622 5494 Palatinus
2658 5429 3306 5517 ms.',_ininuestignbiles,
3336 5439 3769 5517 quamlecﬁoneﬂt

526 5505 670 5594 hunc
716 5510 918 5594 locum.
955 5504 1061 5564 'ubi
1093 5504 1378 5594 lectionem
1407 5507 1562 5561 istam
1593 5504 1676 5562 bis
1706 5513 1860 5562 terve
1895 5509 2110 5578 repetit,
2218 5509 2375 5567 unice
2396 5525 2578 5594 veram
2601 5504 2923 5594 critici.
2943 5504 3269 5594 recentiores
3289 5504 3633 5594 contendunt;
3652 5515 3768 5594 ειμι-ις

529 5587 691 5704 atqu:
715 5580 780 5636 ad
814 5581 1047 5661 litteram
1079 5576 1326 5660 exponit.
1450 5645 1462 5657 ο
1595 5645 1625 5659 η
1856 5648 1866 5659 .
1962 5575 1968 5576 “

693 5659 818 5720 tque
846 5647 936 5705 hic
956 5647 1146 5706 Graeco
1173 5661 1418 5720 pronius,
1444 5661 1498 5703 ut
1526 5641 1676 5717 ﬁliis,
1699 5646 1975 5707 Palatinus
2004 5662 2086 5708 ms

2217 5593 2398 5636 autem
2432 5582 2568 5636 bene
2597 5581 2804 5634 videtur
2839 5581 3040 5638 habere
3066 5584 3352 5654 impressa,
3375 5575 3764 5656 quandoquidem

2216 5665 2283 5708 es
2310 5653 2499 5726 uertigo
2528 5651 2696 5708 verbo
2721 5651 3021 5710 derivatur.
