3946 6198
165 258 264 320 ⁸181

1018 272 1353 337 EPISTOLA
1396 273 1459 332 Β.
1497 267 1707 333 PAULI
1743 267 2082 344 APOSTOLI
2117 285 2212 346 AD
2249 284 2605 363 EPHESIOS.

3346 322 3452 381 78!

171 381 276 431 tem
319 377 567 438 scientiae
615 382 931 444 charitatem
956 387 1180 463 Christi,
1230 404 1291 451 ut
1337 397 1672 470 impleaminl
1707 405 1762 461 in
1788 390 1839 449 Α
1869 417 2242 489 unusquisque
2270 434 2392 476 cum
2424 425 2674 493 proximo
2702 441 2839 484 suo:
2868 432 3121 501 quoniam
3162 449 3350 495 sumus
3376 440 3458 496 in-

171 481 386 501 nm-anm
430 474 820 501 ..1,...ει..,.ιε..-.,
855 482 947 501 “,·
1013 485 1074 501 nu
1188 496 1199 501 ,
1405 493 1419 501 .

1013 485 1077 541 Ei
1113 496 1293 545 autem
1327 493 1419 564 qui
1461 504 1656 565 potens
1681 508 1765 555 est
1863 485 2044 564 vicem‘
2069 512 2333 570 membra.
2366 510 2689 584 lrasciminl,
2734 530 2787 578 et
2817 523 2985 581 nolite
3036 542 3267 597 peccare
3314 549 3327 585 :
3378 534 3461 590 sol

1466 564 1473 565 κ
2366 564 2689 584 -----..-.....,
2735 564 2787 578 ν.
2817 564 2984 581 ..νων
3036 564 3267 597 μυίαις
3314 572 3327 585 ,
3378 564 3457 590 ου.

169 564 351 617 omnia
402 564 576 624 facere
625 573 1130 640 δυβθηδυηάεηίθτ
1170 595 1329 651 quam
1379 585 1631 654 Ρειῖωυεν
1671 599 1764 645 aut
1863 616 1969 657 non
2001 604 2215 662 occidat
2244 622 2409 680 super
2433 612 2767 671 iracundiam
2791 627 3052 676 vestram.
3081 621 3257 681 Nolite
3277 622 3457 685 locum

169 652 523 685 ἷηιαηῖκζ-υηηι
606 666 891 685 ---μη-μέμ,
950 683 959 685 -
984 670 1013 685 ον
1034 680 1045 685 -
1096 677 1110 685 .
1707 682 1717 685 Α

167 652 543 728 intelligimus,
604 666 900 723 secundum
946 670 1222 740 virtutem,
1264 652 1451 746 quaso

168 748 322 805 nobis
356 766 370 804 :
398 752 500 823 ipsi
530 754 704 826 gloria
738 759 789 814 in
822 759 1087 833 Ecclesia,
1123 776 1176 822 et
1206 768 1257 823 in
1282 748 1498 829 Christo
1524 774 1678 845 ἔθευ,
1705 777 1757 834 in

162 856 348 900 omnes
376 849 759 916 generationes
788 857 971 913 saeculi
1000 860 1347 918 saeculorum.
1381 866 1575 925 Amen.

231 932 387 1005 [Cup.
420 937 538 1010 IV.]
564 939 806 1001 Obsecro
836 948 1015 1020 itaque
1044 965 1141 1007 vos
1171 970 1271 1025 ego
1300 957 1514 1015 vinctus
1550 962 1604 1017 in
1649 962 1757 1019 Do-

160 1027 331 1096 mino,
359 1036 419 1084 ut
440 1029 607 1103 digne
631 1036 913 1097 ambuletis
936 1044 1241 1113 vocatione,
1272 1064 1375 1118 qua
1400 1055 1574 1108 vocati
1600 1057 1751 1123 estis,

156 1133 281 1175 cum
310 1124 462 1179 omni
492 1124 815 1198 humilitate,
847 1142 903 1191 et
930 1140 1362 1210 mansuetudine,
1394 1160 1516 1201 cum
1549 1148 1756 1218 patien-

154 1210 250 1277 tia,
284 1225 675 1286 supportantes
702 1222 934 1283 invicem
967 1228 1020 1285 in
1045 1230 1307 1290 charitate
1330 1276 1344 1301 ,
1382 1236 1597 1295 solliciti
1638 1252 1755 1297 ser-

147 1314 279 1360 vare
309 1309 575 1367 unitatem
606 1310 846 1384 Spiritus
875 1318 931 1375 in
962 1321 1180 1379 vinculo
1208 1324 1373 1393 pacis.
1407 1326 1587 1386 Unum
1630 1345 1752 1387 cor-

147 1410 288 1467 pus,
332 1409 389 1455 et
442 1418 584 1461 unus
648 1408 910 1479 spiritus,
957 1413 1099 1473 sicut
1133 1420 1312 1476 vocati
1363 1423 1496 1480 estis
1545 1424 1599 1480 in
1646 1442 1749 1482 una

144 1505 244 1558 spe
302 1496 601 1581 vocationis
642 1510 858 1559 vestra}.
901 1504 1052 1564 Unus
1094 1509 1371 1582 Dominus,
1425 1529 1530 1570 una
1572 1516 1705 1573 ildes
1730 1564 1744 1589 ,

145 1599 315 1642 unum
363 1588 652 1660 baptisma.
696 1594 850 1654 Unus
882 1598 1025 1657 Dens
1057 1612 1113 1658 et
1146 1605 1304 1661 Pater
1339 1609 1602 1675 omnium,
1654 1588 1747 1682 qui

143 1689 229 1735 est
278 1696 448 1754 super
500 1701 719 1755 omnes,
778 1699 833 1747 et
885 1707 982 1763 per
1029 1698 1231 1765 omnia,
1288 1708 1341 1755 et
1390 1700 1443 1757 in
1492 1704 1745 1761 omnibus

146 1771 325 1828 nobis.
377 1774 678 1849 Unicuique
726 1790 906 1840 autem
961 1796 1203 1845 nostrum
1254 1790 1378 1847 data
1420 1800 1505 1851 est
1569 1797 1743 1866 gratia
1773 1772 1821 1832 Β

140 1867 447 1924 secundum
496 1886 805 1930 mensuram
868 1877 1175 1937 donationis
1223 1881 1447 1941 Christi.
1514 1886 1745 1959 Propter

139 1960 291 2027 quod
334 1961 467 2018 dicit
517 1981 530 2017 :
573 1966 890 2025 Ascendens
939 1972 991 2027 in
1051 1974 1217 2029 altum
1262 1980 1530 2048 captivam
1589 1981 1745 2039 duxit

134 2052 519 2121 captivitatem
566 2069 583 2112 :
627 2058 779 2116 dedit
845 2062 984 2118 dona
1042 2065 1374 2125 hominibus.
1442 2072 1595 2139 Quod
1640 2089 1737 2130 au-

137 2148 259 2198 tem
289 2148 555 2217 ascendit,
588 2152 716 2222 quid
737 2165 843 2223 est,
876 2156 981 2212 nisi
1030 2159 1154 2230 quia
1197 2168 1251 2217 et
1299 2161 1583 2221 descendit
1620 2168 1737 2238 pri-

130 2252 294 2292 mum
321 2240 373 2295 in
402 2238 691 2300 inferiores
714 2255 897 2316 partes
926 2256 1091 2306 teme
1107 2251 1133 2305 ?
1160 2253 1262 2321 Qui
1291 2251 1596 2326 descendit,
1622 2259 1738 2329 ipse

126 2337 239 2384 est
262 2341 311 2386 et
338 2333 427 2404 qui
458 2338 710 2395 ascendit
735 2354 902 2412 super
926 2358 1117 2401 omnes
1157 2346 1362 2417 caelos,
1399 2358 1456 2404 ut
1487 2350 1739 2423 impleret

125 2424 345 2478 omnia.
374 2424 446 2481 Et
488 2428 609 2497 ipse
656 2430 805 2488 dedit
842 2436 1105 2505 quosdam
1153 2439 1373 2509 quidem
1417 2445 1731 2516 apostolos,

123 2518 403 2585 quosdam
431 2532 613 2580 autem
645 2528 963 2598 prophetas,
989 2532 1130 2588 alios
1158 2548 1292 2590 vero
1338 2538 1732 2609 evangelistas,

123 2607 281 2664 alios
312 2622 489 2669 autem
522 2625 792 2687 pastores,
826 2631 880 2675 et
900 2621 1180 2691 doctores,
1205 2624 1273 2680 ad
1305 2607 1734 2686 consummatio-

122 2715 271 2755 nem
302 2714 611 2762 sanctorum
646 2709 701 2764 in
732 2725 873 2782 opus
897 2714 1211 2782 ministerii,
1238 2717 1293 2773 in
1317 2716 1731 2780 aedificationem

121 2797 385 2864 corporis
404 2799 650 2857 Christi:
684 2804 861 2863 donec
882 2822 1239 2867 occurramus
1264 2827 1456 2871 omnes
1479 2815 1530 2870 in
1555 2818 1733 2873 unita-

122 2896 254 2943 tem
280 2890 419 2961 iidei,
438 2903 492 2951 et
513 2899 807 2969 agnitionis
835 2902 959 2959 Filii
980 2904 1098 2972 Dei,
1124 2908 1177 2962 in
1198 2910 1376 2966 virum
1401 2911 1729 2983 perfectum,

120 2980 151 3033 ir
174 2995 205 3030 ι
231 2996 535 3042 mensuram
557 2990 735 3047 aetatis
766 2994 1123 3064 plenitudinis
1139 2998 1363 3057 Christi.
1392 3002 1599 3077 Utjam
1622 2980 1730 3063 non

117 3074 311 3134 simus
340 3084 545 3152 parvuli
572 3086 898 3148 ﬂuctuantes
934 3136 949 3161 ,
998 3105 1051 3151 et
1091 3098 1542 3158 circumferamur
1580 3105 1727 3162 omni

122 3179 307 3224 vtnto
336 3170 595 3232 doctrinas
625 3180 677 3233 in
708 3185 946 3252 nequitia
974 3186 1255 3245 hominum
1280 3232 1297 3260 ,
1337 3191 1395 3247 in
1424 3196 1624 3253 astutia
1661 3199 1728 3255 ad

132 3262 660 3327 circumventionem
693 3279 923 3334 erroris.
961 3280 1258 3340 Veritatem
1290 3295 1474 3345 autem
1518 3288 1729 3349 facien-

135 3363 214 3411 tes
247 3360 300 3412 in
329 3362 613 3431 charitate,
642 3382 957 3429 crescamus
982 3376 1035 3430 in
1071 3376 1170 3433 illo
1219 3395 1321 3451 per
1362 3385 1548 3439 omnia
1571 3427 1587 3453 ,
1635 3388 1728 3457 qui

134 3459 217 3504 est
248 3456 707 3524 caputChristus:
732 3479 797 3518 cx
824 3482 931 3536 quo
954 3476 1125 3526 totum
1147 3487 1350 3545 corpus
1385 3456 1728 3550 compactum

132 3552 179 3597 et
214 3560 521 3606 connexum
550 3570 645 3624 per
671 3573 887 3616 omnem
916 3562 1231 3633 juncturam
1262 3568 1731 3633 subministratio-

132 3634 240 3703 nis,
274 3643 564 3701 secundum
593 3651 970 3717 operationem
1009 3656 1062 3712 in
1111 3674 1433 3720 mensuram
1466 3666 1725 3724 uniuscu-

125 3728 327 3800 jusque
352 3738 605 3808 membri,
637 3755 995 3814 augmentum
1037 3754 1286 3822 corporis
1318 3754 1450 3813 facit
1487 3758 1615 3832 [Ms.
1648 3760 1728 3815 fa-

129 3824 307 3894 ciens]
337 3827 387 3882 in
414 3831 828 3893 aediﬁcationem
860 3839 944 3896 sui
976 3844 1030 3897 in
1064 3845 1352 3904 charitate.
1401 3850 1517 3907 Hoc
1566 3853 1726 3923 igitur

126 3916 279 3984 dico,
311 3932 363 3976 et
391 3926 650 3984 testiﬁcor
669 3929 725 3985 in
758 3932 1009 4005 Domino,
1033 3947 1091 3993 ut
1114 3938 1229 4009 jam
1280 3957 1391 3997 non
1412 3944 1724 4015 ambuletis,

126 4009 275 4064 sicut
296 4026 347 4068 et
368 4028 555 4085 gentes
575 4022 855 4081 ambulant
882 4027 937 4082 in
970 4030 1215 4086 vanitate
1246 4047 1441 4089 sensus
1475 4036 1558 4090 sui
1586 4080 1601 4105 ,
1648 4045 1726 4093 εει

126 4103 319 4160 nebris
348 4109 689 4170 obscuratum
719 4117 986 4178 habentes
1025 4123 1357 4183 intellectum
1388 4168 1401 4193 ,
1438 4130 1661 4188 alienati
1692 4147 1721 4188 a

127 4194 243 4251 vita
270 4198 381 4270 Dei,
406 4218 501 4273 per
528 4206 896 4277 ignorantiam
921 4231 1045 4287 qua:
1082 4227 1167 4273 est
1208 4219 1262 4275 in
1304 4219 1413 4276 illis
1443 4264 1458 4289 ,
1498 4235 1723 4295 propter

124 4288 425 4349 caecitatem
454 4299 637 4355 cordis
659 4301 926 4372 ipsorum,
957 4308 1049 4379 qui
1080 4288 1474 4382 desperantes,
1499 4288 1724 4375 isemet-

124 4380 277 4450 ipsos
299 4388 631 4449 tradiderunt
652 4396 1024 4471 impudicitiae,
1070 4412 1097 4442 ι
1127 4380 1585 4477 inoperationem
1624 4413 1725 4468 im-

124 4477 409 4537 munditize
433 4488 614 4543 omnis
635 4531 650 4555 ,
697 4491 751 4546 in
787 4495 1091 4552 avaritiam.
1136 4498 1245 4556 Vos
1274 4511 1455 4559 autem
1498 4520 1607 4563 non
1637 4506 1710 4563 ita

123 4563 392 4629 didicistis
417 4574 717 4637 Christum.
758 4584 815 4639 Si
848 4594 1029 4643 tamen
1067 4589 1216 4646 illum
1261 4594 1519 4665 audistis,
1562 4606 1618 4653 et
1656 4600 1712 4655 in

118 4655 246 4725 ipso
266 4665 439 4724 edocti
461 4672 617 4742 estis,
641 4675 787 4732 sicut
807 4686 893 4734 est
925 4681 1127 4737 veritas
1158 4684 1211 4738 in
1240 4684 1392 4742 Jesu.
1427 4688 1713 4759 Deponere

117 4766 223 4810 vos
260 4763 561 4821 secundum
614 4769 907 4839 pristinam
945 4779 1419 4836 conversationem
1465 4794 1709 4841 veterem

116 4843 425 4925 hominem,
449 4860 545 4931 qui
574 4866 946 4937 corrumpitur
977 4870 1280 4925 secundum
1318 4871 1590 4932 desideria
1622 4892 1710 4934 er-

112 4943 285 5000 roris.
309 4949 672 5023 Renovamini
702 4968 884 5017 autem
916 4962 1113 5031 spiritu
1144 4967 1345 5023 mentis
1381 4979 1579 5025 vestrae
1604 5011 1619 5037 ,
1651 4979 1707 5029 et

111 5033 319 5099 induite
345 5062 549 5106 novum
578 5049 880 5123 hominem,
904 5056 994 5128 qui
1018 5059 1319 5115 secundum
1350 5061 1522 5119 Deum
1553 5078 1706 5122 crea-

111 5133 205 5182 tus
246 5146 321 5191 est
358 5137 414 5194 in
458 5142 709 5216 justitia,
751 5154 809 5202 et
826 5150 1117 5207 sanctitate
1158 5152 1423 5210 veritatis.
1476 5154 1706 5227 Propter

104 5221 259 5288 Quod
285 5228 615 5303 deponentes
655 5239 1036 5313 mendacium,
1084 5244 1365 5316 loquimini
1415 5221 1701 5306 veritatem

107 5499 119 5509 ,
180 5438 210 5467 ⁸
238 5431 375 5497 Idem
401 5459 532 5510 ms.,
567 5446 908 5535 impudicitite
928 5451 1096 5505 omnis
1119 5452 1172 5505 in
1202 5452 1448 5534 auaritia,
1482 5451 1665 5535 verbis
1685 5492 1701 5518 ,

99 5516 154 5591 "f
192 5517 932 5591 opfrationem‘immunditiw,
962 5525 1375 5591 praetermissis,
1392 5516 1703 5591 oscitantis,

97 5582 156 5623 ω
188 5579 421 5696 Vlidetur,
453 5588 750 5661 antiquarii
784 5608 796 5643 :
832 5579 973 5648 nam'
988 5603 1043 5649 et
1067 5596 1120 5649 in
1143 5594 1339 5652 Gra'eo
1364 5579 1519 5651 'textu
1546 5579 1701 5650 rese;

96 5656 202 5695 nan
237 5686 249 5696 .

125 5712 191 5803 Lb
218 5715 361 5803 _Cum
394 5729 603 5803 Grecis
634 5732 844 5803 aliquot
874 5734 1022 5793 libris
1076 5735 1129 5791 in
1170 5736 1420 5794 Palatino
1468 5751 1572 5794 ms.
1604 5752 1700 5791 no-

82 5777 181 5849 bis.
214 5777 723 5875 1)τῖὺοῖέῖιὲξὶιῦἰῖ

1456 692 1675 749 petatur
1704 682 1761 739 in
1862 694 1991 752 dare
2020 698 2241 757 diabolo
2274 720 2289 760 :
2321 706 2412 776 qui
2444 706 2876 783 i'urabatur,jant
2901 730 3007 771 non
3034 716 3249 774 furetur
3282 682 3315 774 :7
3341 682 3458 778 ma;

1859 785 1942 857 gis
1970 798 2152 847 autem
2179 791 2411 863 laboret,
2445 801 2722 868 operando
2756 804 3003 861 manibus
3035 809 3147 863 suis
3178 809 3323 880 quod
3350 811 3453 869 bo-

1862 895 1985 937 num
2016 893 2130 952 est,
2164 894 2225 942 ut
2256 888 2458 946 haheat
2484 891 2630 949 unde
2677 895 2877 952 tribuat
2930 898 3307 958 necessitatem
3359 914 3453 976 pa-

1862 971 2035 1031 tienti.
2066 976 2256 1034 Omnis
2286 994 2467 1039 sermo
2494 984 2670 1042 malus
2692 1001 2759 1042 ex
2788 1002 2884 1046 ore
2912 1000 3096 1049 vestro
3118 1002 3225 1051 non
3258 971 3449 1066 proce-

1858 1060 1989 1122 dat:
2021 1069 2115 1125 sed
2138 1069 2187 1125 si
2214 1072 2333 1142 quis
2365 1073 2577 1145 bonus,
2617 1078 2685 1134 ad
2721 1080 3134 1142 aedificationem
3181 1060 3303 1145 fidei
3336 1132 3351 1155 ,
3395 1098 3456 1146 ut

1856 1157 1949 1214 det
1975 1162 2204 1231 gratiam
2229 1164 2595 1225 audientibus.
2626 1168 2693 1225 Et
2722 1172 2890 1231 nolite
2920 1178 3248 1236 contristare
3280 1181 3452 1253 Spiri-

1858 1256 1970 1305 tum
1997 1262 2243 1311 sanctum
2276 1257 2374 1313 Dei
2410 1259 2503 1314 :in
2556 1277 2663 1332 quo
2690 1264 2885 1334 signati
2917 1267 3049 1324 estis
3095 1271 3148 1325 in
3181 1271 3324 1328 diem
3361 1286 3451 1331 re-

1854 1338 2210 1410 demptionis.
2260 1348 2447 1406 Omnis
2471 1354 2799 1421 amaritudo,
2828 1363 2885 1414 et
2906 1359 3005 1429 ira,
3040 1370 3095 1417 et
3116 1362 3449 1435 indignatio,

1854 1438 1910 1489 et
1938 1433 2161 1505 clamor,
2186 1446 2240 1494 et
2263 1439 2598 1511 blasphemia
2633 1447 2853 1505 tollatur
2880 1466 2912 1506 a
2938 1451 3116 1522 vobis,
3144 1433 3264 1511 cum
3297 1458 3449 1513 omni

1852 1524 2077 1583 malitia.
2119 1529 2308 1587 Estote
2348 1542 2526 1591 autem
2570 1538 2803 1597 invicem
2844 1541 3094 1617 benigni,
3131 1548 3443 1605 misericor-

1850 1616 1967 1685 des,
1992 1619 2260 1679 donantes
2284 1624 2550 1699 invicem,
2582 1630 2728 1688 sicut
2755 1640 2811 1691 et
2839 1616 2991 1693 Deus
3017 1637 3069 1694 in
3100 1637 3318 1698 Christo
3348 1641 3445 1700 do-

1850 1711 1998 1768 navit
2028 1711 2057 1751 ι)
2089 1716 2261 1771 vobis.

1920 1803 2068 1876 [Cap.
2096 1806 2182 1878 V.]
2203 1807 2392 1866 Estote
2419 1826 2549 1884 ergo
2568 1814 2872 1875 imitatores
2894 1820 2988 1877 Dei
3009 1822 3153 1879 sicut
3180 1825 3277 1881 ﬁlii
3309 1828 3447 1885 cha-

1846 1896 2089 1955 rissimi:
2121 1910 2174 1955 et
2208 1902 2485 1961 ambulate
2517 1907 2567 1961 in
2600 1907 2915 1980 dilectione,
2948 1914 3090 1971 sicut
3120 1924 3174 1973 et
3199 1916 3447 1979 Chrisws

1844 1990 2032 2049 dilexit
2055 2004 2177 2061 nos,
2196 2004 2251 2050 et
2283 1998 2502 2055 tradidit
2521 2006 2872 2075 semetipsum
2906 2021 3005 2077 pro
3029 2008 3190 2068 nobis
3219 2013 3448 2073 oblatio.

1843 2094 1969 2137 nem
2013 2093 2067 2141 et
2101 2084 2336 2145 hostiam
2365 2092 2475 2148 Deo
2508 2095 2560 2150 in
2593 2095 2817 2155 odorem
2849 2101 3154 2160 suavitatis.
3178 2106 3439 2166 Fornica-

1844 2173 1920 2229 tio
1958 2186 2135 2233 autem
2159 2221 2173 2245 ,
2214 2190 2271 2238 et
2296 2186 2476 2241 omnis
2523 2186 2887 2262 immunditia,
2932 2206 3023 2251 aut
3052 2199 3303 2265 avaritia,
3337 2217 3439 2260 nec

1841 2268 2154 2325 nominetur
2181 2271 2235 2328 in
2264 2276 2441 2342 vobis,
2469 2278 2782 2340 sicutdecet
2821 2296 3074 2356 sanctos;
3118 2300 3212 2346 aut
3259 2297 3433 2365 turpi.

1844 2356 1991 2427 tudo,
2020 2372 2112 2415 aut
2134 2364 2550 2438 stultiloquium,
2580 2380 2673 2427 aut
2693 2376 3018 2443 scurrilitas,
3052 2394 3174 2451 qua:
3224 2383 3290 2437 ad
3323 2400 3437 2442 rem

1840 2464 1947 2505 non
1972 2454 2247 2521 pertinet;
2295 2458 2389 2514 sed
2421 2460 2591 2532 magis
2620 2466 2913 2534 gratiarum
2944 2470 3106 2526 actio.
3142 2472 3255 2530 Hoc
3286 2477 3432 2534 enim

1838 2543 2052 2609 scitote,
2094 2545 2459 2621 iutelligentes
2514 2555 2659 2624 quod
2702 2560 2878 2616 omnis
2936 2562 3274 2635 fornicator,
3345 2584 3439 2628 aut

1837 2634 2187 2712 immundus,
2238 2651 2331 2698 aut
2380 2658 2613 2718 avarus,
2663 2655 2806 2721 quod
2862 2664 2945 2711 est
2986 2658 3254 2717 idolorum
3311 2679 3432 2722 ser-

1837 2729 1978 2785 vitus
2003 2774 2017 2799 ,
2071 2749 2179 2789 non
2224 2733 2387 2793 habet
2418 2737 2790 2801 hmreditatem
2823 2748 2876 2803 in
2931 2766 3101 2823 regno
3135 2753 3333 2813 Christi
3377 2770 3433 2816 et

1836 2820 1956 2877 Dei.
1990 2823 2160 2882 Nemo
2202 2841 2299 2885 vos
2341 2830 2567 2889 sedncat
2617 2838 2871 2895 inanibus
2922 2820 3107 2900 verbis
3155 2866 3168 2901 :
3213 2860 3434 2921 propter

1836 2912 1953 2969 haec
1999 2919 2143 2972 enim
2190 2921 2338 2976 venit
2379 2922 2457 2977 ira
2492 2923 2587 2982 Dei
2630 2926 2683 2983 in
2714 2928 2854 2987 ﬁlios
2884 2912 3228 2994 difﬁdentiae.-
3252 2912 3432 3000 Nolite

1836 3021 1966 3078 ergo
2018 3008 2161 3067 eftici
2225 3014 2518 3087 participes
2571 3033 2781 3077 eorum.
2855 3024 3033 3083 Eratis
3109 3028 3251 3088 enim
3323 3035 3429 3091 aii-

1835 3100 2051 3169 quando
2076 3104 2333 3177 tenebrae,
2362 3122 2504 3166 nunc
2533 3121 2714 3169 autem
2738 3114 2831 3171 lux
2875 3120 2926 3174 in
2957 3120 3205 3180 Domino.
3236 3122 3309 3182 Ut
3342 3128 3433 3185 lilii

1834 3189 1969 3247 lucis
1990 3195 2265 3254 ambulate
2298 3198 2543 3258 :l'ructus
2569 3205 2714 3260 enim
2744 3206 2880 3266 lucis
2907 3220 2988 3267 est
3018 3212 3072 3269 in
3095 3216 3245 3271 omni
3276 3216 3434 3275 boni.

1835 3289 1966 3350 tate,
1997 3296 2048 3340 et
2075 3286 2306 3356 justitia,
2332 3299 2386 3347 et
2406 3292 2635 3352 veritate
2660 3313 2675 3353 :
2700 3299 2994 3369 probantes
3017 3306 3145 3375 quid
3166 3310 3237 3364 sit
3264 3310 3429 3368 bene-

1834 3377 2091 3448 placitnm
2120 3380 2234 3437 Deo
2264 3398 2280 3440 :
2312 3392 2368 3439 et
2405 3386 2573 3443 nolite
2603 3395 3011 3453 communicare
3051 3402 3310 3470 operibus
3342 3405 3428 3459 in-

1832 3466 2124 3529 fructuosis
2145 3475 2516 3549 tenebrarum,
2545 3484 2715 3555 magis
2737 3496 2918 3543 autem
2941 3492 3267 3564 redarguite.
3294 3497 3426 3566 Quae

1831 3563 1973 3619 enim
2008 3566 2059 3619 in
2090 3569 2307 3627 occulto
2333 3571 2471 3628 ﬁunt
2497 3575 2566 3629 ab
2596 3576 2749 3647 ipsis,
2786 3587 2944 3650 turpe
2980 3593 3066 3640 est
3108 3563 3170 3642 et
3215 3586 3423 3647 dicere.

1829 3654 2020 3713 Omnia
2049 3669 2252 3732 autem,
2281 3679 2401 3735 quae
2431 3681 2753 3737 arguuntur,
2785 3688 2816 3728 a
2847 3672 3049 3731 lumine
3072 3679 3427 3736 maniiestan-

1831 3755 2129 3810 turzomne
2150 3755 2316 3823 enim,
2340 3759 2481 3827 quod
2514 3761 2912 3831 manifestatur,
2946 3766 3125 3822 lumen
3157 3780 3258 3827 est.
3285 3772 3421 3829 Pro—

1829 3850 1948 3910 pter
1964 3844 2108 3913 quod
2136 3845 2292 3915 dicit:
2318 3848 2511 3919 Surge,
2535 3854 2625 3922 qui
2649 3854 2872 3923 dormis,
2895 3867 2951 3913 et
2967 3875 3199 3934 exsurge
3225 3881 3254 3920 a
3278 3882 3428 3924 mor-

1828 3936 1961 4002 tuis,
1991 3947 2047 3991 et
2074 3937 2400 3997 illuminahit
2429 3956 2450 3982 ε
2480 3952 2532 4000 te
2553 3946 2821 4006 Christus.
2851 3951 3042 4011 Videte
3074 3957 3283 4031 itaque,
3317 3964 3423 4019 ira-

1829 4030 1958 4095 tres,
1990 4033 2265 4100 quomodo
2293 4046 2448 4093 caute
2478 4039 2766 4099 ambuletis
2796 4062 2808 4098 :
2845 4062 2953 4103 non
2977 4052 3130 4119 quasi
3160 4030 3426 4125 insipien-

1825 4126 1931 4187 tes,
1962 4124 2057 4177 sed
2082 4126 2432 4196 utsapientes
2466 4149 2480 4186 :
2508 4133 2842 4194 redimentes
2876 4151 3089 4214 tempus
3116 4191 3129 4215 ,
3163 4124 3419 4218 quoniam

1824 4212 1941 4269 dies
1968 4216 2098 4272 mali
2129 4230 2273 4275 sunt.
2308 4222 2601 4294 Propterea
2637 4230 2809 4289 nolite
2848 4233 2966 4291 ﬁeri
3006 4235 3384 4309 imprudentes
3406 4286 3421 4311 ,

1825 4306 1921 4363 sed
1952 4309 2317 4382 intelligentes
2345 4332 2467 4387 quae
2489 4322 2557 4375 sit
2588 4321 2838 4380 voluntas
2869 4327 2987 4383 Dei.
3021 4306 3102 4385 Et
3126 4333 3292 4387 nolite
3335 4306 3420 4388 in;

1824 4396 2024 4458 ebriari
2055 4406 2207 4475 vino,
2242 4410 2295 4464 in
2326 4426 2435 4479 quo
2460 4421 2543 4467 est
2569 4412 2780 4471 luxuria
2810 4435 2821 4470 :
2853 4418 2948 4473 sed
2980 4420 3419 4495 intpleminiSpi-

1741 4546 1799 4607 Β
1823 4494 1929 4549 ritu
1954 4493 1980 4533 ά
2009 4507 2220 4566 sancto,
2249 4502 2533 4573 loquentes
2561 4505 2965 4579 vobismstipsis
2993 4512 3046 4565 in
3079 4493 3417 4583 psalmisget

1822 4585 2062 4658 hymnis,
2089 4598 2145 4646 et
2165 4594 2393 4649 canticis
2415 4595 2793 4665 spiritualibus
2811 4640 2826 4667 ,
2868 4610 3151 4660 cantantes
3178 4616 3233 4661 et
3262 4610 3411 4678 psal-

1816 4680 1991 4738 lentes
2014 4682 2070 4738 in
2102 4685 2358 4743 cordibus
2392 4691 2588 4746 vestris
2617 4692 2876 4761 Domino,
2931 4698 3141 4767 gratias
3186 4713 3411 4771 agentes

1816 4791 2036 4849 semper
2061 4792 2163 4849 pro
2190 4784 2472 4851 omnibus,
2506 4785 2565 4840 in
2591 4788 2816 4845 nomine
2837 4790 3054 4847 Domini
3084 4800 3257 4852 nostri
3278 4797 3409 4854 Jesu

1812 4868 2041 4939 Christi,
2075 4872 2189 4931 Deo
2214 4884 2269 4931 et
2307 4876 2476 4931 Patri.
2528 4877 2771 4949 Subjecti
2812 4881 3049 4941 invicem
3105 4887 3160 4941 in
3214 4888 3410 4947 timore

1812 4962 2035 5020 Christi.
2061 4965 2319 5023 Mulieres
2351 4968 2481 5024 viris
2500 4972 2616 5025 suis
2644 4971 2874 5030 subdita:
2899 4975 3028 5047 sint,
3056 4979 3195 5035 sicut
3217 4978 3401 5038 Domi-

1814 5073 1886 5115 no
1918 5076 1933 5114 :
1964 5059 2221 5130 quoniam
2246 5061 2327 5115 vir
2354 5069 2518 5131 caput
2549 5076 2637 5120 est
2666 5066 2912 5125 mulieris
2935 5110 2952 5138 ,
2983 5072 3125 5129 sicut
3154 5074 3404 5133 Christus

1813 5160 1978 5222 caput
2003 5160 2090 5207 est
2117 5150 2397 5208 Ecclesiae.
2426 5152 2587 5223 ipse,
2628 5157 2873 5215 salvator
2912 5166 3161 5235 corporis
3202 5176 3226 5204 ο
3263 5167 3403 5237 ejus.

1811 5241 1921 5302 Sed
1948 5243 2093 5300 sicut
2118 5242 2366 5301 Ecclesia
2397 5244 2641 5317 subjecta
2670 5250 2995 5312 estChristo
3017 5298 3033 5325 ,
3074 5257 3151 5314 ita
3183 5267 3238 5315 et
3278 5273 3393 5314 mus

1885 5460 1909 5489 ο
1926 5447 2075 5537 ﬁalis
2093 5449 2439 5537 contentiose
2462 5450 2529 5537 ad
2558 5454 2805 5537 Graecum
2836 5458 3112 5537 Palatinus
3141 5483 3246 5524 ms.
3274 5512 3289 5537 ,
3340 5470 3410 5525 il-

1807 5519 2089 5613 lumigahit
2112 5521 2201 5575 tibi
2224 5519 2477 5613 Christus,
2506 5527 2940 5613 integritatem}
2969 5519 3209 5613 Χριάτδξξ

1882 5591 2248 5685 d_Epithetum
2268 5591 2649 5685 sqncLozquod
2688 5610 2745 5655 et
2776 5604 2832 5658 in
2872 5591 3087 5685 Graecis,
3114 5591 3406 5685 plerisque

1808 5662 2275 5737 libris_’reticetur,
2308 5666 2361 5719 in
2390 5662 2635 5724 Palatino
2665 5686 2771 5726 ms.
2808 5692 2914 5731 non
2948 5662 3187 5737 additur.

1884 5733 2072 5815 °_Ejus
2097 5750 2396 5815 pronomen
2431 5752 2609 5815 neque
2644 5742 2941 5815 inAGraecis
2971 5733 3217 5815 mittis.
3256 5764 3405 5815 notae

1809 5802 1998 5876 libris,
2016 5802 2195 5879 nerine
2222 5806 2276 5864 in
2298 5802 2544 5869 Palatino
2573 5824 2677 5868 ms.
2709 5802 2959 5876 habetur.
