  <div class='ocr_page' id='page_1' title='image "/cluster/home/n/w/nwhite01/storage/ocr_20150623/29/uva.x000826564/415.png"; bbox 0 0 3946 6198; ppageno 0'>
   <div class='ocr_carea' id='block_1_1' title="bbox 568 269 678 323">
    <p class='ocr_par' dir='ltr' id='par_1_1' title="bbox 568 269 678 323">
     <span class='ocr_line' id='line_1_1' title="bbox 568 269 678 323; baseline 0.009 -1"><span class='ocrx_word' id='word_1_1' title='bbox 568 269 678 323; x_wconf 64' lang='grc'><strong>783</strong></span> 
     </span>
    </p>
   </div>
   <div class='ocr_carea' id='block_1_2' title="bbox 1595 228 3828 306">
    <p class='ocr_par' dir='ltr' id='par_1_2' title="bbox 1595 228 3828 306">
     <span class='ocr_line' id='line_1_2' title="bbox 1595 228 3828 306; baseline -0.009 -1"><span class='ocrx_word' id='word_1_2' title='bbox 1595 254 1654 306; x_wconf 66' lang='grc'><strong>5.</strong></span> <span class='ocrx_word' id='word_1_3' title='bbox 1696 244 2076 304; x_wconf 65' lang='lat' dir='ltr'><strong>HIERONYHI</strong></span> <span class='ocrx_word' id='word_1_4' title='bbox 2116 242 2346 300; x_wconf 70' lang='lat' dir='ltr'><strong>DIVISA</strong></span> <span class='ocrx_word' id='word_1_5' title='bbox 2385 237 2862 297; x_wconf 63' lang='lat' dir='ltr'><strong>ulmorum.</strong></span> <span class='ocrx_word' id='word_1_6' title='bbox 3746 228 3828 284; x_wconf 72' lang='grc'><strong>784</strong></span> 
     </span>
    </p>
   </div>
   <div class='ocr_carea' id='block_1_3' title="bbox 577 342 3834 438">
    <p class='ocr_par' dir='ltr' id='par_1_3' title="bbox 577 342 3834 438">
     <span class='ocr_line' id='line_1_3' title="bbox 577 342 3834 438; baseline -0.012 0"><span class='ocrx_word' id='word_1_7' title='bbox 577 385 746 438; x_wconf 84' lang='lat' dir='ltr'><strong>lieres</strong></span> <span class='ocrx_word' id='word_1_8' title='bbox 779 380 909 433; x_wconf 77' lang='lat' dir='ltr'><strong>viris</strong></span> <span class='ocrx_word' id='word_1_9' title='bbox 936 377 1048 430; x_wconf 80' lang='lat' dir='ltr'><strong>suis</strong></span> <span class='ocrx_word' id='word_1_10' title='bbox 1078 376 1130 430; x_wconf 90' lang='lat' dir='ltr'><strong>in</strong></span> <span class='ocrx_word' id='word_1_11' title='bbox 1159 375 1433 426; x_wconf 77' lang='lat' dir='ltr'><strong>erunibus.</strong></span> <span class='ocrx_word' id='word_1_12' title='bbox 1499 369 1610 422; x_wconf 65' lang='lat' dir='ltr'><strong>Viri</strong></span> <span class='ocrx_word' id='word_1_13' title='bbox 1643 411 1658 430; x_wconf 88' lang='lat'><strong>,</strong></span> <span class='ocrx_word' id='word_1_14' title='bbox 1717 367 1924 435; x_wconf 65' lang='lat' dir='ltr'><strong>dil‘gite</strong></span> <span class='ocrx_word' id='word_1_15' title='bbox 1978 377 2176 417; x_wconf 82' lang='lat' dir='ltr'><strong>uxores</strong></span> <span class='ocrx_word' id='word_1_16' title='bbox 2202 365 2250 423; x_wconf 76' lang='grc' dir='ltr'>Α</span> <span class='ocrx_word' id='word_1_17' title='bbox 2281 364 2460 418; x_wconf 83' lang='lat' dir='ltr'><strong>minas</strong></span> <span class='ocrx_word' id='word_1_18' title='bbox 2490 360 2767 415; x_wconf 81' lang='lat' dir='ltr'><strong>:scientes</strong></span> <span class='ocrx_word' id='word_1_19' title='bbox 2796 353 2923 423; x_wconf 87' lang='lat' dir='ltr'><strong>quia</strong></span> <span class='ocrx_word' id='word_1_20' title='bbox 2951 361 3006 406; x_wconf 91' lang='lat' dir='ltr'><strong>et</strong></span> <span class='ocrx_word' id='word_1_21' title='bbox 3031 351 3280 409; x_wconf 70' lang='lat' dir='ltr'><strong>illorum,</strong></span> <span class='ocrx_word' id='word_1_22' title='bbox 3307 354 3364 400; x_wconf 89' lang='lat' dir='ltr'><strong>et</strong></span> <span class='ocrx_word' id='word_1_23' title='bbox 3393 350 3582 401; x_wconf 83' lang='lat' dir='ltr'><strong>vester</strong></span> <span class='ocrx_word' id='word_1_24' title='bbox 3611 342 3834 398; x_wconf 80' lang='lat' dir='ltr'><strong>Dominus</strong></span> 
     </span>
    </p>
   </div>
   <div class='ocr_carea' id='block_1_4' title="bbox 577 460 2172 533">
    <p class='ocr_par' dir='ltr' id='par_1_4' title="bbox 577 460 2172 533">
     <span class='ocr_line' id='line_1_4' title="bbox 577 460 2172 533; baseline -0.013 -7"><span class='ocrx_word' id='word_1_25' title='bbox 577 485 812 533; x_wconf 69' lang='lat' dir='ltr'><strong>vestras,</strong></span> <span class='ocrx_word' id='word_1_26' title='bbox 831 472 1034 525; x_wconf 69' lang='lat' dir='ltr'><strong>sietttel</strong></span> <span class='ocrx_word' id='word_1_27' title='bbox 1053 466 1506 522; x_wconf 64' lang='lat' dir='ltr'><strong>Chrietzisdiicnt</strong></span> <span class='ocrx_word' id='word_1_28' title='bbox 1527 462 1848 523; x_wconf 78' lang='lat' dir='ltr'><strong>Ecclesiam,</strong></span> <span class='ocrx_word' id='word_1_29' title='bbox 1869 470 1920 512; x_wconf 73' lang='lat' dir='ltr'><strong>et</strong></span> <span class='ocrx_word' id='word_1_30' title='bbox 1935 460 2172 525; x_wconf 69' lang='lat' dir='ltr'><strong>Seipéuxtt</strong></span> 
     </span>
    </p>
   </div>
   <div class='ocr_carea' id='block_1_5' title="bbox 582 548 2176 633">
    <p class='ocr_par' dir='ltr' id='par_1_5' title="bbox 582 548 2176 633">
     <span class='ocr_line' id='line_1_5' title="bbox 582 548 2176 633; baseline -0.014 -12"><span class='ocrx_word' id='word_1_31' title='bbox 582 567 806 621; x_wconf 81' lang='lat' dir='ltr'><strong>tradidit</strong></span> <span class='ocrx_word' id='word_1_32' title='bbox 833 578 930 633; x_wconf 88' lang='lat' dir='ltr'><strong>pro</strong></span> <span class='ocrx_word' id='word_1_33' title='bbox 953 576 1041 623; x_wconf 90' lang='lat' dir='ltr'><strong>ea,</strong></span> <span class='ocrx_word' id='word_1_34' title='bbox 1076 568 1134 612; x_wconf 92' lang='lat' dir='ltr'><strong>ut</strong></span> <span class='ocrx_word' id='word_1_35' title='bbox 1161 559 1311 612; x_wconf 80' lang='lat' dir='ltr'><strong>illam</strong></span> <span class='ocrx_word' id='word_1_36' title='bbox 1342 557 1713 610; x_wconf 61' lang='lat' dir='ltr'><strong>sanctiﬁearet</strong></span> <span class='ocrx_word' id='word_1_37' title='bbox 1737 597 1753 619; x_wconf 90' lang='lat'><strong>,</strong></span> <span class='ocrx_word' id='word_1_38' title='bbox 1788 553 2058 604; x_wconf 83' lang='lat' dir='ltr'><strong>rnundans</strong></span> <span class='ocrx_word' id='word_1_39' title='bbox 2101 548 2176 600; x_wconf 80' lang='lat' dir='ltr'><strong>la-</strong></span> 
     </span>
    </p>
   </div>
   <div class='ocr_carea' id='block_1_6' title="bbox 579 644 2173 728">
    <p class='ocr_par' dir='ltr' id='par_1_6' title="bbox 579 644 2173 728">
     <span class='ocr_line' id='line_1_6' title="bbox 579 644 2173 728; baseline -0.012 -16"><span class='ocrx_word' id='word_1_40' title='bbox 579 674 745 715; x_wconf 82' lang='lat' dir='ltr'><strong>vacro</strong></span> <span class='ocrx_word' id='word_1_41' title='bbox 772 672 924 728; x_wconf 76' lang='lat' dir='ltr'><strong>aqua:</strong></span> <span class='ocrx_word' id='word_1_42' title='bbox 957 658 1008 709; x_wconf 89' lang='lat' dir='ltr'><strong>in</strong></span> <span class='ocrx_word' id='word_1_43' title='bbox 1038 655 1205 708; x_wconf 84' lang='lat' dir='ltr'><strong>verbo</strong></span> <span class='ocrx_word' id='word_1_44' title='bbox 1237 664 1260 689; x_wconf 72' lang='grc' dir='ltr'>ι</span> <span class='ocrx_word' id='word_1_45' title='bbox 1295 655 1450 715; x_wconf 67' lang='lat' dir='ltr'><strong>vitae,</strong></span> <span class='ocrx_word' id='word_1_46' title='bbox 1487 664 1545 705; x_wconf 90' lang='lat' dir='ltr'><strong>ut</strong></span> <span class='ocrx_word' id='word_1_47' title='bbox 1575 651 1861 705; x_wconf 73' lang='lat' dir='ltr'><strong>exhiberet</strong></span> <span class='ocrx_word' id='word_1_48' title='bbox 1911 647 2028 714; x_wconf 81' lang='lat' dir='ltr'><strong>ipse</strong></span> <span class='ocrx_word' id='word_1_49' title='bbox 2073 644 2173 696; x_wconf 61' lang='lat' dir='ltr'><strong>sibi</strong></span> 
     </span>
    </p>
   </div>
   <div class='ocr_carea' id='block_1_7' title="bbox 582 742 2177 826">
    <p class='ocr_par' dir='ltr' id='par_1_7' title="bbox 582 742 2177 826">
     <span class='ocr_line' id='line_1_7' title="bbox 582 742 2177 826; baseline -0.011 -20"><span class='ocrx_word' id='word_1_50' title='bbox 582 755 871 826; x_wconf 66' lang='lat' dir='ltr'><strong>gloriosam</strong></span> <span class='ocrx_word' id='word_1_51' title='bbox 907 750 1232 811; x_wconf 82' lang='lat' dir='ltr'><strong>Ecclesiam,</strong></span> <span class='ocrx_word' id='word_1_52' title='bbox 1270 765 1376 801; x_wconf 85' lang='lat' dir='ltr'><strong>non</strong></span> <span class='ocrx_word' id='word_1_53' title='bbox 1424 746 1714 799; x_wconf 80' lang='lat' dir='ltr'><strong>habentem</strong></span> <span class='ocrx_word' id='word_1_54' title='bbox 1747 742 2014 796; x_wconf 53' lang='lat' dir='ltr'><strong>maculim</strong></span> <span class='ocrx_word' id='word_1_55' title='bbox 2037 781 2052 803; x_wconf 88' lang='lat'><strong>,</strong></span> <span class='ocrx_word' id='word_1_56' title='bbox 2086 748 2177 789; x_wconf 82' lang='lat' dir='ltr'><strong>aut</strong></span> 
     </span>
    </p>
   </div>
   <div class='ocr_carea' id='block_1_8' title="bbox 582 836 2178 915">
    <p class='ocr_par' dir='ltr' id='par_1_8' title="bbox 582 836 2178 915">
     <span class='ocr_line' id='line_1_8' title="bbox 582 836 2178 915; baseline -0.01 -15"><span class='ocrx_word' id='word_1_57' title='bbox 582 862 794 915; x_wconf 77' lang='lat' dir='ltr'><strong>rugam,</strong></span> <span class='ocrx_word' id='word_1_58' title='bbox 819 857 910 897; x_wconf 90' lang='lat' dir='ltr'><strong>aut</strong></span> <span class='ocrx_word' id='word_1_59' title='bbox 940 844 1142 911; x_wconf 79' lang='lat' dir='ltr'><strong>aliquid</strong></span> <span class='ocrx_word' id='word_1_60' title='bbox 1170 839 1501 909; x_wconf 79' lang='lat' dir='ltr'><strong>hujusmodi,</strong></span> <span class='ocrx_word' id='word_1_61' title='bbox 1530 838 1624 892; x_wconf 88' lang='lat' dir='ltr'><strong>sed</strong></span> <span class='ocrx_word' id='word_1_62' title='bbox 1673 848 1730 889; x_wconf 90' lang='lat' dir='ltr'><strong>ut</strong></span> <span class='ocrx_word' id='word_1_63' title='bbox 1775 836 1846 888; x_wconf 79' lang='lat' dir='ltr'><strong>sit</strong></span> <span class='ocrx_word' id='word_1_64' title='bbox 1893 843 2077 886; x_wconf 72' lang='lat' dir='ltr'><strong>sancta</strong></span> <span class='ocrx_word' id='word_1_65' title='bbox 2124 838 2178 884; x_wconf 87' lang='lat' dir='ltr'><strong>et</strong></span> 
     </span>
    </p>
   </div>
   <div class='ocr_carea' id='block_1_9' title="bbox 581 933 2176 998">
    <p class='ocr_par' dir='ltr' id='par_1_9' title="bbox 581 933 2176 998">
     <span class='ocr_line' id='line_1_9' title="bbox 581 933 2176 998; baseline -0.013 -3"><span class='ocrx_word' id='word_1_66' title='bbox 581 939 950 994; x_wconf 80' lang='lat' dir='ltr'><strong>immaculata.</strong></span> <span class='ocrx_word' id='word_1_67' title='bbox 980 935 1057 991; x_wconf 87' lang='lat' dir='ltr'><strong>Ita</strong></span> <span class='ocrx_word' id='word_1_68' title='bbox 1092 946 1146 991; x_wconf 92' lang='lat' dir='ltr'><strong>et</strong></span> <span class='ocrx_word' id='word_1_69' title='bbox 1179 936 1277 987; x_wconf 79' lang='lat' dir='ltr'><strong>viri</strong></span> <span class='ocrx_word' id='word_1_70' title='bbox 1310 933 1511 987; x_wconf 87' lang='lat' dir='ltr'><strong>debent</strong></span> <span class='ocrx_word' id='word_1_71' title='bbox 1533 933 1759 998; x_wconf 76' lang='lat' dir='ltr'><strong>diligere</strong></span> <span class='ocrx_word' id='word_1_72' title='bbox 1791 942 1990 980; x_wconf 84' lang='lat' dir='ltr'><strong>uxores</strong></span> <span class='ocrx_word' id='word_1_73' title='bbox 2018 939 2176 985; x_wconf 86' lang='lat' dir='ltr'><strong>suas,</strong></span> 
     </span>
    </p>
   </div>
   <div class='ocr_carea' id='block_1_10' title="bbox 581 1019 2178 1103">
    <p class='ocr_par' dir='ltr' id='par_1_10' title="bbox 581 1019 2178 1103">
     <span class='ocr_line' id='line_1_10' title="bbox 581 1019 2178 1103; baseline -0.014 -14"><span class='ocrx_word' id='word_1_74' title='bbox 581 1045 640 1089; x_wconf 89' lang='lat' dir='ltr'><strong>ut</strong></span> <span class='ocrx_word' id='word_1_75' title='bbox 666 1047 896 1103; x_wconf 85' lang='lat' dir='ltr'><strong>corpora</strong></span> <span class='ocrx_word' id='word_1_76' title='bbox 927 1046 1047 1086; x_wconf 85' lang='lat' dir='ltr'><strong>sua.</strong></span> <span class='ocrx_word' id='word_1_77' title='bbox 1077 1028 1178 1097; x_wconf 87' lang='lat' dir='ltr'><strong>Qui</strong></span> <span class='ocrx_word' id='word_1_78' title='bbox 1222 1044 1376 1080; x_wconf 63' lang='lat' dir='ltr'><strong>suim</strong></span> <span class='ocrx_word' id='word_1_79' title='bbox 1411 1041 1638 1080; x_wconf 88' lang='lat' dir='ltr'><strong>uxorem</strong></span> <span class='ocrx_word' id='word_1_80' title='bbox 1675 1023 1854 1091; x_wconf 60' lang='lat' dir='ltr'><strong>diligit</strong></span> <span class='ocrx_word' id='word_1_81' title='bbox 1881 1062 1896 1086; x_wconf 93' lang='lat'><strong>,</strong></span> <span class='ocrx_word' id='word_1_82' title='bbox 1939 1019 2178 1086; x_wconf 87' lang='lat' dir='ltr'><strong>seipsum</strong></span> 
     </span>
    </p>
   </div>
   <div class='ocr_carea' id='block_1_11' title="bbox 577 1114 2181 1198">
    <p class='ocr_par' dir='ltr' id='par_1_11' title="bbox 577 1114 2181 1198">
     <span class='ocr_line' id='line_1_11' title="bbox 577 1114 2181 1198; baseline -0.012 -15"><span class='ocrx_word' id='word_1_83' title='bbox 577 1129 778 1198; x_wconf 86' lang='lat' dir='ltr'><strong>diligit.</strong></span> <span class='ocrx_word' id='word_1_84' title='bbox 805 1126 975 1181; x_wconf 74' lang='lat' dir='ltr'><strong>Nemo</strong></span> <span class='ocrx_word' id='word_1_85' title='bbox 1002 1125 1148 1180; x_wconf 87' lang='lat' dir='ltr'><strong>enirn</strong></span> <span class='ocrx_word' id='word_1_86' title='bbox 1175 1138 1430 1190; x_wconf 86' lang='lat' dir='ltr'><strong>umquam</strong></span> <span class='ocrx_word' id='word_1_87' title='bbox 1455 1135 1679 1175; x_wconf 89' lang='lat' dir='ltr'><strong>carnem</strong></span> <span class='ocrx_word' id='word_1_88' title='bbox 1722 1133 1874 1170; x_wconf 86' lang='lat' dir='ltr'><strong>suam</strong></span> <span class='ocrx_word' id='word_1_89' title='bbox 1926 1115 2050 1167; x_wconf 92' lang='lat' dir='ltr'><strong>odio</strong></span> <span class='ocrx_word' id='word_1_90' title='bbox 2085 1114 2181 1189; x_wconf 63' lang='lat' dir='ltr'><strong>ha-</strong></span> 
     </span>
    </p>
   </div>
   <div class='ocr_carea' id='block_1_12' title="bbox 580 1205 2177 1284">
    <p class='ocr_par' dir='ltr' id='par_1_12' title="bbox 580 1205 2177 1284">
     <span class='ocr_line' id='line_1_12' title="bbox 580 1205 2177 1284; baseline -0.013 -5"><span class='ocrx_word' id='word_1_91' title='bbox 580 1222 700 1279; x_wconf 85' lang='lat' dir='ltr'><strong>buit</strong></span> <span class='ocrx_word' id='word_1_92' title='bbox 727 1242 739 1273; x_wconf 90' lang='grc'>;</span> <span class='ocrx_word' id='word_1_93' title='bbox 767 1221 861 1275; x_wconf 74' lang='lat' dir='ltr'><strong>sed</strong></span> <span class='ocrx_word' id='word_1_94' title='bbox 895 1221 1089 1284; x_wconf 88' lang='lat' dir='ltr'><strong>nutrit,</strong></span> <span class='ocrx_word' id='word_1_95' title='bbox 1123 1228 1176 1274; x_wconf 93' lang='lat' dir='ltr'><strong>et</strong></span> <span class='ocrx_word' id='word_1_96' title='bbox 1206 1219 1350 1272; x_wconf 78' lang='lat' dir='ltr'><strong>foret</strong></span> <span class='ocrx_word' id='word_1_97' title='bbox 1379 1232 1523 1279; x_wconf 89' lang='lat' dir='ltr'><strong>eam,</strong></span> <span class='ocrx_word' id='word_1_98' title='bbox 1555 1215 1694 1267; x_wconf 79' lang='lat' dir='ltr'><strong>sicut</strong></span> <span class='ocrx_word' id='word_1_99' title='bbox 1718 1220 1772 1266; x_wconf 91' lang='lat' dir='ltr'><strong>et</strong></span> <span class='ocrx_word' id='word_1_100' title='bbox 1791 1209 2041 1265; x_wconf 75' lang='lat' dir='ltr'><strong>Christus</strong></span> <span class='ocrx_word' id='word_1_101' title='bbox 2073 1205 2177 1260; x_wconf 82' lang='lat' dir='ltr'><strong>Ec-</strong></span> 
     </span>
    </p>
   </div>
   <div class='ocr_carea' id='block_1_13' title="bbox 581 1302 2182 1385">
    <p class='ocr_par' dir='ltr' id='par_1_13' title="bbox 581 1302 2182 1385">
     <span class='ocr_line' id='line_1_13' title="bbox 581 1302 2182 1385; baseline -0.011 -14"><span class='ocrx_word' id='word_1_102' title='bbox 581 1317 802 1372; x_wconf 81' lang='lat' dir='ltr'><strong>clesiam</strong></span> <span class='ocrx_word' id='word_1_103' title='bbox 832 1333 844 1367; x_wconf 89' lang='lat'>:</span> <span class='ocrx_word' id='word_1_104' title='bbox 869 1315 993 1385; x_wconf 91' lang='lat' dir='ltr'><strong>quia</strong></span> <span class='ocrx_word' id='word_1_105' title='bbox 1016 1313 1258 1368; x_wconf 88' lang='lat' dir='ltr'><strong>membra</strong></span> <span class='ocrx_word' id='word_1_106' title='bbox 1291 1325 1481 1364; x_wconf 73' lang='lat' dir='ltr'><strong>Slliltus</strong></span> <span class='ocrx_word' id='word_1_107' title='bbox 1503 1309 1748 1378; x_wconf 75' lang='lat' dir='ltr'><strong>corporis</strong></span> <span class='ocrx_word' id='word_1_108' title='bbox 1774 1305 1910 1373; x_wconf 88' lang='lat' dir='ltr'><strong>ejus,</strong></span> <span class='ocrx_word' id='word_1_109' title='bbox 1932 1302 2000 1357; x_wconf 88' lang='lat' dir='ltr'><strong>de</strong></span> <span class='ocrx_word' id='word_1_110' title='bbox 2018 1315 2182 1355; x_wconf 90' lang='lat' dir='ltr'><strong>carne</strong></span> 
     </span>
    </p>
   </div>
   <div class='ocr_carea' id='block_1_14' title="bbox 587 1393 2184 1478">
    <p class='ocr_par' dir='ltr' id='par_1_14' title="bbox 587 1393 2184 1478">
     <span class='ocr_line' id='line_1_14' title="bbox 587 1393 2184 1478; baseline -0.011 -14"><span class='ocrx_word' id='word_1_111' title='bbox 587 1411 706 1478; x_wconf 78' lang='lat' dir='ltr'><strong>ejus</strong></span> <span class='ocrx_word' id='word_1_112' title='bbox 738 1417 795 1464; x_wconf 90' lang='lat' dir='ltr'><strong>et</strong></span> <span class='ocrx_word' id='word_1_113' title='bbox 814 1407 884 1462; x_wconf 90' lang='lat' dir='ltr'><strong>de</strong></span> <span class='ocrx_word' id='word_1_114' title='bbox 916 1407 1133 1460; x_wconf 84' lang='lat' dir='ltr'><strong>ossibus</strong></span> <span class='ocrx_word' id='word_1_115' title='bbox 1158 1406 1299 1474; x_wconf 91' lang='lat' dir='ltr'><strong>ejus.</strong></span> <span class='ocrx_word' id='word_1_116' title='bbox 1327 1403 1557 1473; x_wconf 82' lang='lat' dir='ltr'><strong>Propter</strong></span> <span class='ocrx_word' id='word_1_117' title='bbox 1587 1401 1690 1455; x_wconf 88' lang='lat' dir='ltr'><strong>hoc</strong></span> <span class='ocrx_word' id='word_1_118' title='bbox 1721 1399 1990 1464; x_wconf 77' lang='lat' dir='ltr'><strong>relinquet</strong></span> <span class='ocrx_word' id='word_1_119' title='bbox 2019 1393 2184 1447; x_wconf 86' lang='lat' dir='ltr'><strong>homo</strong></span> 
     </span>
    </p>
   </div>
   <div class='ocr_carea' id='block_1_15' title="bbox 584 1488 2181 1572">
    <p class='ocr_par' dir='ltr' id='par_1_15' title="bbox 584 1488 2181 1572">
     <span class='ocr_line' id='line_1_15' title="bbox 584 1488 2181 1572; baseline -0.012 -17"><span class='ocrx_word' id='word_1_120' title='bbox 584 1513 792 1572; x_wconf 80' lang='lat' dir='ltr'><strong>patrem</strong></span> <span class='ocrx_word' id='word_1_121' title='bbox 826 1510 883 1555; x_wconf 90' lang='lat' dir='ltr'><strong>et</strong></span> <span class='ocrx_word' id='word_1_122' title='bbox 918 1509 1148 1554; x_wconf 84' lang='lat' dir='ltr'><strong>matrem</strong></span> <span class='ocrx_word' id='word_1_123' title='bbox 1179 1513 1332 1552; x_wconf 88' lang='lat' dir='ltr'><strong>suam</strong></span> <span class='ocrx_word' id='word_1_124' title='bbox 1361 1540 1376 1560; x_wconf 93' lang='lat'><strong>,</strong></span> <span class='ocrx_word' id='word_1_125' title='bbox 1410 1505 1464 1549; x_wconf 92' lang='lat' dir='ltr'><strong>et</strong></span> <span class='ocrx_word' id='word_1_126' title='bbox 1495 1493 1799 1548; x_wconf 60' lang='lat' dir='ltr'><strong>adhaerebit</strong></span> <span class='ocrx_word' id='word_1_127' title='bbox 1832 1488 1987 1542; x_wconf 88' lang='lat' dir='ltr'><strong>uxori</strong></span> <span class='ocrx_word' id='word_1_128' title='bbox 2029 1500 2139 1538; x_wconf 69' lang='lat' dir='ltr'><strong>suae</strong></span> <span class='ocrx_word' id='word_1_129' title='bbox 2168 1502 2181 1537; x_wconf 94' lang='lat'>:</span> 
     </span>
    </p>
   </div>
   <div class='ocr_carea' id='block_1_16' title="bbox 579 1583 2183 1650">
    <p class='ocr_par' dir='ltr' id='par_1_16' title="bbox 579 1583 2183 1650">
     <span class='ocr_line' id='line_1_16' title="bbox 579 1583 2183 1650; baseline -0.011 -1"><span class='ocrx_word' id='word_1_130' title='bbox 579 1604 636 1649; x_wconf 87' lang='lat' dir='ltr'><strong>et</strong></span> <span class='ocrx_word' id='word_1_131' title='bbox 652 1602 810 1648; x_wconf 88' lang='lat' dir='ltr'><strong>erunt</strong></span> <span class='ocrx_word' id='word_1_132' title='bbox 831 1595 941 1647; x_wconf 71' lang='lat' dir='ltr'><strong>aluo</strong></span> <span class='ocrx_word' id='word_1_133' title='bbox 963 1593 1015 1646; x_wconf 90' lang='lat' dir='ltr'><strong>in</strong></span> <span class='ocrx_word' id='word_1_134' title='bbox 1035 1607 1203 1646; x_wconf 78' lang='lat' dir='ltr'><strong>carne</strong></span> <span class='ocrx_word' id='word_1_135' title='bbox 1231 1605 1358 1644; x_wconf 87' lang='lat' dir='ltr'><strong>una.</strong></span> <span class='ocrx_word' id='word_1_136' title='bbox 1379 1589 1791 1644; x_wconf 85' lang='lat' dir='ltr'><strong>Sacramentum</strong></span> <span class='ocrx_word' id='word_1_137' title='bbox 1813 1583 1913 1636; x_wconf 78' lang='lat' dir='ltr'><strong>huc</strong></span> <span class='ocrx_word' id='word_1_138' title='bbox 1927 1593 2183 1650; x_wconf 89' lang='lat' dir='ltr'><strong>magnum</strong></span> 
     </span>
    </p>
   </div>
   <div class='ocr_carea' id='block_1_17' title="bbox 582 1670 2185 1758">
    <p class='ocr_par' dir='ltr' id='par_1_17' title="bbox 582 1670 2185 1758">
     <span class='ocr_line' id='line_1_17' title="bbox 582 1670 2185 1758; baseline -0.013 -14"><span class='ocrx_word' id='word_1_139' title='bbox 582 1702 688 1751; x_wconf 86' lang='lat' dir='ltr'><strong>est,</strong></span> <span class='ocrx_word' id='word_1_140' title='bbox 711 1703 813 1758; x_wconf 89' lang='lat' dir='ltr'><strong>ego</strong></span> <span class='ocrx_word' id='word_1_141' title='bbox 841 1696 1020 1741; x_wconf 88' lang='lat' dir='ltr'><strong>autern</strong></span> <span class='ocrx_word' id='word_1_142' title='bbox 1055 1687 1180 1739; x_wconf 86' lang='lat' dir='ltr'><strong>dico</strong></span> <span class='ocrx_word' id='word_1_143' title='bbox 1214 1686 1268 1737; x_wconf 87' lang='lat' dir='ltr'><strong>in</strong></span> <span class='ocrx_word' id='word_1_144' title='bbox 1296 1682 1516 1737; x_wconf 83' lang='lat' dir='ltr'><strong>Christo</strong></span> <span class='ocrx_word' id='word_1_145' title='bbox 1558 1690 1612 1735; x_wconf 92' lang='lat' dir='ltr'><strong>et</strong></span> <span class='ocrx_word' id='word_1_146' title='bbox 1652 1680 1704 1734; x_wconf 89' lang='lat' dir='ltr'><strong>in</strong></span> <span class='ocrx_word' id='word_1_147' title='bbox 1756 1676 2030 1732; x_wconf 74' lang='lat' dir='ltr'><strong>Ecclesia.</strong></span> <span class='ocrx_word' id='word_1_148' title='bbox 2079 1670 2185 1724; x_wconf 81' lang='lat' dir='ltr'><strong>Ve-</strong></span> 
     </span>
    </p>
   </div>
   <div class='ocr_carea' id='block_1_18' title="bbox 2281 436 3833 514">
    <p class='ocr_par' dir='ltr' id='par_1_18' title="bbox 2281 436 3833 514">
     <span class='ocr_line' id='line_1_18' title="bbox 2281 436 3833 514; baseline -0.015 -4"><span class='ocrx_word' id='word_1_149' title='bbox 2281 465 2366 510; x_wconf 75' lang='lat' dir='ltr'><strong>est</strong></span> <span class='ocrx_word' id='word_1_150' title='bbox 2395 456 2447 506; x_wconf 82' lang='lat' dir='ltr'><strong>in</strong></span> <span class='ocrx_word' id='word_1_151' title='bbox 2482 454 2636 506; x_wconf 74' lang='lat' dir='ltr'><strong>ccelis</strong></span> <span class='ocrx_word' id='word_1_152' title='bbox 2669 469 2682 502; x_wconf 90' lang='lat'><strong>:</strong></span> <span class='ocrx_word' id='word_1_153' title='bbox 2714 458 2770 502; x_wconf 90' lang='lat' dir='ltr'><strong>et</strong></span> <span class='ocrx_word' id='word_1_154' title='bbox 2802 455 3162 514; x_wconf 77' lang='lat' dir='ltr'><strong>personarum</strong></span> <span class='ocrx_word' id='word_1_155' title='bbox 3193 436 3447 504; x_wconf 81' lang='lat' dir='ltr'><strong>acceptio</strong></span> <span class='ocrx_word' id='word_1_156' title='bbox 3470 450 3581 488; x_wconf 67' lang='lat' dir='ltr'><strong>non</strong></span> <span class='ocrx_word' id='word_1_157' title='bbox 3614 444 3694 488; x_wconf 75' lang='lat' dir='ltr'><strong>est</strong></span> <span class='ocrx_word' id='word_1_158' title='bbox 3721 436 3833 502; x_wconf 74' lang='lat' dir='ltr'><strong>apud</strong></span> 
     </span>
    </p>
   </div>
   <div class='ocr_carea' id='block_1_19' title="bbox 2279 525 3832 602">
    <p class='ocr_par' dir='ltr' id='par_1_19' title="bbox 2279 525 3832 602">
     <span class='ocr_line' id='line_1_19' title="bbox 2279 525 3832 602; baseline -0.014 -2"><span class='ocrx_word' id='word_1_159' title='bbox 2279 563 2426 600; x_wconf 81' lang='lat' dir='ltr'><strong>eum.</strong></span> <span class='ocrx_word' id='word_1_160' title='bbox 2459 546 2534 598; x_wconf 88' lang='lat' dir='ltr'><strong>De</strong></span> <span class='ocrx_word' id='word_1_161' title='bbox 2557 552 2777 602; x_wconf 68' lang='lat' dir='ltr'><strong>catero,</strong></span> <span class='ocrx_word' id='word_1_162' title='bbox 2809 539 3030 602; x_wconf 74' lang='lat' dir='ltr'><strong>Intres,</strong></span> <span class='ocrx_word' id='word_1_163' title='bbox 3071 528 3459 587; x_wconf 77' lang='lat' dir='ltr'><strong>oonfortamini</strong></span> <span class='ocrx_word' id='word_1_164' title='bbox 3495 526 3549 580; x_wconf 89' lang='lat' dir='ltr'><strong>in</strong></span> <span class='ocrx_word' id='word_1_165' title='bbox 3599 525 3832 591; x_wconf 77' lang='lat' dir='ltr'><strong>Domitio,</strong></span> 
     </span>
    </p>
   </div>
   <div class='ocr_carea' id='block_1_20' title="bbox 2280 619 3834 709">
    <p class='ocr_par' dir='ltr' id='par_1_20' title="bbox 2280 619 3834 709">
     <span class='ocr_line' id='line_1_20' title="bbox 2280 619 3834 709; baseline -0.015 -12"><span class='ocrx_word' id='word_1_166' title='bbox 2280 653 2334 698; x_wconf 89' lang='lat' dir='ltr'><strong>et</strong></span> <span class='ocrx_word' id='word_1_167' title='bbox 2365 644 2414 694; x_wconf 91' lang='lat' dir='ltr'><strong>in</strong></span> <span class='ocrx_word' id='word_1_168' title='bbox 2445 639 2686 709; x_wconf 78' lang='lat' dir='ltr'><strong>potentia</strong></span> <span class='ocrx_word' id='word_1_169' title='bbox 2717 633 2936 688; x_wconf 76' lang='lat' dir='ltr'><strong>virtutis</strong></span> <span class='ocrx_word' id='word_1_170' title='bbox 2982 633 3121 700; x_wconf 85' lang='lat' dir='ltr'><strong>ejus.</strong></span> <span class='ocrx_word' id='word_1_171' title='bbox 3149 625 3361 682; x_wconf 86' lang='lat' dir='ltr'><strong>Induite</strong></span> <span class='ocrx_word' id='word_1_172' title='bbox 3381 638 3480 677; x_wconf 86' lang='lat' dir='ltr'><strong>vos</strong></span> <span class='ocrx_word' id='word_1_173' title='bbox 3508 622 3526 690; x_wconf 78' lang='grc' dir='ltr'>ῐ</span> <span class='ocrx_word' id='word_1_174' title='bbox 3550 619 3651 675; x_wconf 70' lang='lat' dir='ltr'><strong>la.</strong></span> <span class='ocrx_word' id='word_1_175' title='bbox 3685 620 3834 674; x_wconf 82' lang='lat' dir='ltr'><strong>Indui-</strong></span> 
     </span>
    </p>
   </div>
   <div class='ocr_carea' id='block_1_21' title="bbox 2282 713 3836 803">
    <p class='ocr_par' dir='ltr' id='par_1_21' title="bbox 2282 713 3836 803">
     <span class='ocr_line' id='line_1_21' title="bbox 2282 713 3836 803; baseline -0.014 -14"><span class='ocrx_word' id='word_1_176' title='bbox 2282 736 2430 803; x_wconf 37' lang='lat' dir='ltr'><strong>mini,</strong></span> <span class='ocrx_word' id='word_1_177' title='bbox 2465 742 2797 787; x_wconf 77' lang='lat' dir='ltr'><strong>armaturam</strong></span> <span class='ocrx_word' id='word_1_178' title='bbox 2828 729 2944 791; x_wconf 89' lang='lat' dir='ltr'><strong>Dei,</strong></span> <span class='ocrx_word' id='word_1_179' title='bbox 2971 736 3030 778; x_wconf 93' lang='lat' dir='ltr'><strong>ut</strong></span> <span class='ocrx_word' id='word_1_180' title='bbox 3052 722 3270 793; x_wconf 84' lang='lat' dir='ltr'><strong>possitis</strong></span> <span class='ocrx_word' id='word_1_181' title='bbox 3290 730 3438 773; x_wconf 69' lang='lat' dir='ltr'><strong>Stare</strong></span> <span class='ocrx_word' id='word_1_182' title='bbox 3454 717 3712 771; x_wconf 79' lang='lat' dir='ltr'><strong>adversus</strong></span> <span class='ocrx_word' id='word_1_183' title='bbox 3731 713 3836 768; x_wconf 84' lang='lat' dir='ltr'><strong>insi-</strong></span> 
     </span>
    </p>
   </div>
   <div class='ocr_carea' id='block_1_22' title="bbox 2282 806 3838 891">
    <p class='ocr_par' dir='ltr' id='par_1_22' title="bbox 2282 806 3838 891">
     <span class='ocr_line' id='line_1_22' title="bbox 2282 806 3838 891; baseline -0.013 -9"><span class='ocrx_word' id='word_1_184' title='bbox 2282 829 2400 883; x_wconf 89' lang='lat' dir='ltr'><strong>dias</strong></span> <span class='ocrx_word' id='word_1_185' title='bbox 2427 826 2651 881; x_wconf 79' lang='lat' dir='ltr'><strong>diaboli.</strong></span> <span class='ocrx_word' id='word_1_186' title='bbox 2682 822 2954 891; x_wconf 81' lang='lat' dir='ltr'><strong>Quoniam</strong></span> <span class='ocrx_word' id='word_1_187' title='bbox 2979 834 3090 873; x_wconf 88' lang='lat' dir='ltr'><strong>non</strong></span> <span class='ocrx_word' id='word_1_188' title='bbox 3116 827 3202 870; x_wconf 88' lang='lat' dir='ltr'><strong>est</strong></span> <span class='ocrx_word' id='word_1_189' title='bbox 3239 813 3399 868; x_wconf 82' lang='lat' dir='ltr'><strong>nobis</strong></span> <span class='ocrx_word' id='word_1_190' title='bbox 3431 807 3741 864; x_wconf 79' lang='lat' dir='ltr'><strong>colluctatio</strong></span> <span class='ocrx_word' id='word_1_191' title='bbox 3772 806 3838 861; x_wconf 84' lang='lat' dir='ltr'><strong>ad-</strong></span> 
     </span>
    </p>
   </div>
   <div class='ocr_carea' id='block_1_23' title="bbox 2283 899 3838 982">
    <p class='ocr_par' dir='ltr' id='par_1_23' title="bbox 2283 899 3838 982">
     <span class='ocr_line' id='line_1_23' title="bbox 2283 899 3838 982; baseline -0.014 -9"><span class='ocrx_word' id='word_1_192' title='bbox 2283 936 2474 976; x_wconf 71' lang='lat' dir='ltr'><strong>versus</strong></span> <span class='ocrx_word' id='word_1_193' title='bbox 2495 932 2720 972; x_wconf 88' lang='lat' dir='ltr'><strong>carnem</strong></span> <span class='ocrx_word' id='word_1_194' title='bbox 2751 923 2808 970; x_wconf 88' lang='lat' dir='ltr'><strong>et</strong></span> <span class='ocrx_word' id='word_1_195' title='bbox 2837 913 3160 982; x_wconf 84' lang='lat' dir='ltr'><strong>sanguinem</strong></span> <span class='ocrx_word' id='word_1_196' title='bbox 3184 949 3201 971; x_wconf 85' lang='lat'><strong>,</strong></span> <span class='ocrx_word' id='word_1_197' title='bbox 3232 905 3330 961; x_wconf 88' lang='lat' dir='ltr'><strong>sed</strong></span> <span class='ocrx_word' id='word_1_198' title='bbox 3358 903 3626 958; x_wconf 81' lang='lat' dir='ltr'><strong>adversus</strong></span> <span class='ocrx_word' id='word_1_199' title='bbox 3670 899 3838 970; x_wconf 81' lang='lat' dir='ltr'><strong>princi-</strong></span> 
     </span>
    </p>
   </div>
   <div class='ocr_carea' id='block_1_24' title="bbox 2284 991 3838 1080">
    <p class='ocr_par' dir='ltr' id='par_1_24' title="bbox 2284 991 3838 1080">
     <span class='ocr_line' id='line_1_24' title="bbox 2284 991 3838 1080; baseline -0.016 -11"><span class='ocrx_word' id='word_1_200' title='bbox 2284 1029 2399 1080; x_wconf 69' lang='lat' dir='ltr'><strong>pes,</strong></span> <span class='ocrx_word' id='word_1_201' title='bbox 2432 1022 2486 1067; x_wconf 91' lang='lat' dir='ltr'><strong>et</strong></span> <span class='ocrx_word' id='word_1_202' title='bbox 2515 1018 2838 1080; x_wconf 73' lang='lat' dir='ltr'><strong>patesutes,</strong></span> <span class='ocrx_word' id='word_1_203' title='bbox 2861 1006 3128 1060; x_wconf 70' lang='lat' dir='ltr'><strong>adversus</strong></span> <span class='ocrx_word' id='word_1_204' title='bbox 3153 998 3343 1054; x_wconf 86' lang='lat' dir='ltr'><strong>mundi</strong></span> <span class='ocrx_word' id='word_1_205' title='bbox 3359 1006 3606 1052; x_wconf 84' lang='lat' dir='ltr'><strong>rectores</strong></span> <span class='ocrx_word' id='word_1_206' title='bbox 3624 991 3838 1048; x_wconf 77' lang='lat' dir='ltr'><strong>tenebra-</strong></span> 
     </span>
    </p>
   </div>
   <div class='ocr_carea' id='block_1_25' title="bbox 2285 1085 3839 1168">
    <p class='ocr_par' dir='ltr' id='par_1_25' title="bbox 2285 1085 3839 1168">
     <span class='ocr_line' id='line_1_25' title="bbox 2285 1085 3839 1168; baseline -0.015 -8"><span class='ocrx_word' id='word_1_207' title='bbox 2285 1123 2402 1161; x_wconf 91' lang='lat' dir='ltr'><strong>rum</strong></span> <span class='ocrx_word' id='word_1_208' title='bbox 2432 1107 2648 1168; x_wconf 91' lang='lat' dir='ltr'><strong>harum,</strong></span> <span class='ocrx_word' id='word_1_209' title='bbox 2671 1112 2866 1158; x_wconf 90' lang='lat' dir='ltr'><strong>contra</strong></span> <span class='ocrx_word' id='word_1_210' title='bbox 2897 1097 3202 1168; x_wconf 89' lang='lat' dir='ltr'><strong>spiritualia</strong></span> <span class='ocrx_word' id='word_1_211' title='bbox 3236 1091 3492 1162; x_wconf 63' lang='lat' dir='ltr'><strong>nequitiae</strong></span> <span class='ocrx_word' id='word_1_212' title='bbox 3518 1131 3534 1153; x_wconf 85' lang='lat'><strong>,</strong></span> <span class='ocrx_word' id='word_1_213' title='bbox 3562 1090 3617 1142; x_wconf 88' lang='lat' dir='ltr'><strong>in</strong></span> <span class='ocrx_word' id='word_1_214' title='bbox 3645 1085 3839 1142; x_wconf 66' lang='lat' dir='ltr'><strong>celesti-</strong></span> 
     </span>
    </p>
   </div>
   <div class='ocr_carea' id='block_1_26' title="bbox 2285 1178 3840 1269">
    <p class='ocr_par' dir='ltr' id='par_1_26' title="bbox 2285 1178 3840 1269">
     <span class='ocr_line' id='line_1_26' title="bbox 2285 1178 3840 1269; baseline -0.015 -12"><span class='ocrx_word' id='word_1_215' title='bbox 2285 1204 2404 1257; x_wconf 91' lang='lat' dir='ltr'><strong>bus.</strong></span> <span class='ocrx_word' id='word_1_216' title='bbox 2433 1200 2728 1269; x_wconf 79' lang='lat' dir='ltr'><strong>Propterea</strong></span> <span class='ocrx_word' id='word_1_217' title='bbox 2755 1194 2988 1263; x_wconf 79' lang='lat' dir='ltr'><strong>accipite</strong></span> <span class='ocrx_word' id='word_1_218' title='bbox 3005 1200 3340 1244; x_wconf 81' lang='lat' dir='ltr'><strong>armaturam</strong></span> <span class='ocrx_word' id='word_1_219' title='bbox 3370 1185 3467 1240; x_wconf 92' lang='lat' dir='ltr'><strong>Dei</strong></span> <span class='ocrx_word' id='word_1_220' title='bbox 3493 1225 3509 1247; x_wconf 86' lang='lat'><strong>,</strong></span> <span class='ocrx_word' id='word_1_221' title='bbox 3556 1191 3614 1236; x_wconf 86' lang='lat' dir='ltr'><strong>ut</strong></span> <span class='ocrx_word' id='word_1_222' title='bbox 3652 1178 3840 1250; x_wconf 79' lang='lat' dir='ltr'><strong>possitis</strong></span> 
     </span>
    </p>
   </div>
   <div class='ocr_carea' id='block_1_27' title="bbox 2286 1275 3837 1353">
    <p class='ocr_par' dir='ltr' id='par_1_27' title="bbox 2286 1275 3837 1353">
     <span class='ocr_line' id='line_1_27' title="bbox 2286 1275 3837 1353; baseline -0.017 -3"><span class='ocrx_word' id='word_1_223' title='bbox 2286 1297 2548 1350; x_wconf 79' lang='lat' dir='ltr'><strong>resistere</strong></span> <span class='ocrx_word' id='word_1_224' title='bbox 2575 1293 2627 1345; x_wconf 91' lang='lat' dir='ltr'><strong>in</strong></span> <span class='ocrx_word' id='word_1_225' title='bbox 2659 1291 2748 1346; x_wconf 90' lang='lat' dir='ltr'><strong>die</strong></span> <span class='ocrx_word' id='word_1_226' title='bbox 2771 1293 2947 1353; x_wconf 91' lang='lat' dir='ltr'><strong>malo,</strong></span> <span class='ocrx_word' id='word_1_227' title='bbox 2968 1295 3025 1342; x_wconf 87' lang='lat' dir='ltr'><strong>et</strong></span> <span class='ocrx_word' id='word_1_228' title='bbox 3054 1287 3106 1339; x_wconf 91' lang='lat' dir='ltr'><strong>in</strong></span> <span class='ocrx_word' id='word_1_229' title='bbox 3143 1281 3397 1338; x_wconf 85' lang='lat' dir='ltr'><strong>omnibus</strong></span> <span class='ocrx_word' id='word_1_230' title='bbox 3437 1275 3662 1348; x_wconf 77' lang='lat' dir='ltr'><strong>perfecti</strong></span> <span class='ocrx_word' id='word_1_231' title='bbox 3698 1283 3837 1329; x_wconf 86' lang='lat' dir='ltr'><strong>stare.</strong></span> 
     </span>
    </p>
   </div>
   <div class='ocr_carea' id='block_1_28' title="bbox 2285 1368 3840 1457">
    <p class='ocr_par' dir='ltr' id='par_1_28' title="bbox 2285 1368 3840 1457">
     <span class='ocr_line' id='line_1_28' title="bbox 2285 1368 3840 1457; baseline -0.017 -13"><span class='ocrx_word' id='word_1_232' title='bbox 2285 1391 2438 1444; x_wconf 82' lang='lat' dir='ltr'><strong>State</strong></span> <span class='ocrx_word' id='word_1_233' title='bbox 2464 1404 2594 1457; x_wconf 81' lang='lat' dir='ltr'><strong>ergo</strong></span> <span class='ocrx_word' id='word_1_234' title='bbox 2609 1383 2870 1440; x_wconf 82' lang='lat' dir='ltr'><strong>succincti</strong></span> <span class='ocrx_word' id='word_1_235' title='bbox 2898 1381 3111 1436; x_wconf 88' lang='lat' dir='ltr'><strong>lumbos</strong></span> <span class='ocrx_word' id='word_1_236' title='bbox 3131 1386 3350 1431; x_wconf 77' lang='lat' dir='ltr'><strong>vestros</strong></span> <span class='ocrx_word' id='word_1_237' title='bbox 3372 1375 3426 1426; x_wconf 87' lang='lat' dir='ltr'><strong>in</strong></span> <span class='ocrx_word' id='word_1_238' title='bbox 3449 1372 3687 1432; x_wconf 80' lang='lat' dir='ltr'><strong>veritate,</strong></span> <span class='ocrx_word' id='word_1_239' title='bbox 3705 1377 3753 1423; x_wconf 88' lang='lat' dir='ltr'><strong>et</strong></span> <span class='ocrx_word' id='word_1_240' title='bbox 3771 1368 3840 1418; x_wconf 87' lang='lat' dir='ltr'><strong>in-</strong></span> 
     </span>
    </p>
   </div>
   <div class='ocr_carea' id='block_1_29' title="bbox 2286 1464 3838 1544">
    <p class='ocr_par' dir='ltr' id='par_1_29' title="bbox 2286 1464 3838 1544">
     <span class='ocr_line' id='line_1_29' title="bbox 2286 1464 3838 1544; baseline -0.017 -10"><span class='ocrx_word' id='word_1_241' title='bbox 2286 1481 2404 1534; x_wconf 89' lang='lat' dir='ltr'><strong>duti</strong></span> <span class='ocrx_word' id='word_1_242' title='bbox 2437 1481 2659 1533; x_wconf 89' lang='lat' dir='ltr'><strong>loricam</strong></span> <span class='ocrx_word' id='word_1_243' title='bbox 2681 1476 2931 1544; x_wconf 73' lang='lat' dir='ltr'><strong>justitize,</strong></span> <span class='ocrx_word' id='word_1_244' title='bbox 2962 1482 3016 1527; x_wconf 90' lang='lat' dir='ltr'><strong>et</strong></span> <span class='ocrx_word' id='word_1_245' title='bbox 3037 1468 3264 1526; x_wconf 88' lang='lat' dir='ltr'><strong>calceati</strong></span> <span class='ocrx_word' id='word_1_246' title='bbox 3307 1465 3477 1536; x_wconf 80' lang='lat' dir='ltr'><strong>pedes</strong></span> <span class='ocrx_word' id='word_1_247' title='bbox 3511 1464 3562 1517; x_wconf 91' lang='lat' dir='ltr'><strong>iu</strong></span> <span class='ocrx_word' id='word_1_248' title='bbox 3600 1474 3838 1531; x_wconf 67' lang='lat' dir='ltr'><strong>praepara-</strong></span> 
     </span>
    </p>
   </div>
   <div class='ocr_carea' id='block_1_30' title="bbox 2288 1561 3841 1640">
    <p class='ocr_par' dir='ltr' id='par_1_30' title="bbox 2288 1561 3841 1640">
     <span class='ocr_line' id='line_1_30' title="bbox 2288 1561 3841 1640; baseline -0.014 -15"><span class='ocrx_word' id='word_1_249' title='bbox 2288 1574 2438 1627; x_wconf 83' lang='lat' dir='ltr'><strong>tione</strong></span> <span class='ocrx_word' id='word_1_250' title='bbox 2468 1570 2750 1640; x_wconf 73' lang='lat' dir='ltr'><strong>Evangelii</strong></span> <span class='ocrx_word' id='word_1_251' title='bbox 2781 1568 2930 1637; x_wconf 82' lang='lat' dir='ltr'><strong>pacis</strong></span> <span class='ocrx_word' id='word_1_252' title='bbox 2961 1583 2976 1618; x_wconf 90' lang='lat'><strong>:</strong></span> <span class='ocrx_word' id='word_1_253' title='bbox 3011 1566 3066 1620; x_wconf 90' lang='lat' dir='ltr'><strong>in</strong></span> <span class='ocrx_word' id='word_1_254' title='bbox 3087 1561 3342 1618; x_wconf 84' lang='lat' dir='ltr'><strong>omnibus</strong></span> <span class='ocrx_word' id='word_1_255' title='bbox 3370 1566 3634 1612; x_wconf 82' lang='lat' dir='ltr'><strong>sumentes</strong></span> <span class='ocrx_word' id='word_1_256' title='bbox 3652 1561 3841 1608; x_wconf 86' lang='lat' dir='ltr'><strong>scutum</strong></span> 
     </span>
    </p>
   </div>
   <div class='ocr_carea' id='block_1_31' title="bbox 2290 1646 3843 1734">
    <p class='ocr_par' dir='ltr' id='par_1_31' title="bbox 2290 1646 3843 1734">
     <span class='ocr_line' id='line_1_31' title="bbox 2290 1646 3843 1734; baseline -0.015 -14"><span class='ocrx_word' id='word_1_257' title='bbox 2290 1667 2440 1732; x_wconf 89' lang='lat' dir='ltr'><strong>ﬁdei,</strong></span> <span class='ocrx_word' id='word_1_258' title='bbox 2475 1667 2528 1719; x_wconf 89' lang='lat' dir='ltr'><strong>in</strong></span> <span class='ocrx_word' id='word_1_259' title='bbox 2558 1679 2666 1734; x_wconf 90' lang='lat' dir='ltr'><strong>quo</strong></span> <span class='ocrx_word' id='word_1_260' title='bbox 2693 1662 2917 1734; x_wconf 80' lang='lat' dir='ltr'><strong>possitis</strong></span> <span class='ocrx_word' id='word_1_261' title='bbox 2962 1659 3148 1713; x_wconf 87' lang='lat' dir='ltr'><strong>omnia</strong></span> <span class='ocrx_word' id='word_1_262' title='bbox 3194 1656 3300 1709; x_wconf 89' lang='lat' dir='ltr'><strong>tela</strong></span> <span class='ocrx_word' id='word_1_263' title='bbox 3357 1647 3659 1720; x_wconf 85' lang='lat' dir='ltr'><strong>nequissimi</strong></span> <span class='ocrx_word' id='word_1_264' title='bbox 3700 1646 3843 1715; x_wconf 88' lang='lat' dir='ltr'><strong>ignea</strong></span> 
     </span>
    </p>
   </div>
   <div class='ocr_carea' id='block_1_32' title="bbox 583 1738 3843 1846">
    <p class='ocr_par' dir='ltr' id='par_1_32' title="bbox 583 1738 3843 1846">
     <span class='ocr_line' id='line_1_32' title="bbox 587 1738 1136 1758; baseline -0.011 -13"><span class='ocrx_word' id='word_1_265' title='bbox 587 1738 805 1758; x_wconf 46' lang='grc' dir='ltr'><strong>---μγ</strong></span> <span class='ocrx_word' id='word_1_266' title='bbox 1127 1738 1136 1739; x_wconf 59' lang='lat'><strong><em>,</em></strong></span> 
     </span>
     <span class='ocr_line' id='line_1_33' title="bbox 583 1738 3843 1846; baseline -0.014 -11"><span class='ocrx_word' id='word_1_267' title='bbox 583 1793 889 1836; x_wconf 80' lang='lat' dir='ltr'><strong>runitamen</strong></span> <span class='ocrx_word' id='word_1_268' title='bbox 916 1789 971 1834; x_wconf 91' lang='lat' dir='ltr'><strong>et</strong></span> <span class='ocrx_word' id='word_1_269' title='bbox 994 1795 1090 1829; x_wconf 79' lang='lat' dir='ltr'><strong>vos</strong></span> <span class='ocrx_word' id='word_1_270' title='bbox 1123 1777 1347 1846; x_wconf 82' lang='lat' dir='ltr'><strong>singuli,</strong></span> <span class='ocrx_word' id='word_1_271' title='bbox 1381 1775 1755 1844; x_wconf 77' lang='lat' dir='ltr'><strong>unusquisque</strong></span> <span class='ocrx_word' id='word_1_272' title='bbox 1780 1783 2008 1823; x_wconf 75' lang='lat' dir='ltr'><strong>uxorem</strong></span> <span class='ocrx_word' id='word_1_273' title='bbox 2023 1780 2176 1820; x_wconf 88' lang='lat' dir='ltr'><strong>suam</strong></span> <span class='ocrx_word' id='word_1_274' title='bbox 2207 1762 2255 1822; x_wconf 84' lang='grc' dir='ltr'><strong>Β</strong></span> <span class='ocrx_word' id='word_1_275' title='bbox 2283 1763 2629 1829; x_wconf 81' lang='lat' dir='ltr'><strong>exstinguere</strong></span> <span class='ocrx_word' id='word_1_276' title='bbox 2660 1775 2672 1808; x_wconf 92' lang='lat'>:</span> <span class='ocrx_word' id='word_1_277' title='bbox 2699 1770 2757 1810; x_wconf 90' lang='lat' dir='ltr'><strong>et</strong></span> <span class='ocrx_word' id='word_1_278' title='bbox 2782 1753 2992 1824; x_wconf 83' lang='lat' dir='ltr'><strong>galeam</strong></span> <span class='ocrx_word' id='word_1_279' title='bbox 3021 1749 3212 1805; x_wconf 87' lang='lat' dir='ltr'><strong>salutis</strong></span> <span class='ocrx_word' id='word_1_280' title='bbox 3235 1744 3524 1806; x_wconf 84' lang='lat' dir='ltr'><strong>assumite;</strong></span> <span class='ocrx_word' id='word_1_281' title='bbox 3544 1751 3596 1796; x_wconf 89' lang='lat' dir='ltr'><strong>et</strong></span> <span class='ocrx_word' id='word_1_282' title='bbox 3627 1738 3843 1810; x_wconf 81' lang='lat' dir='ltr'><strong>gladium</strong></span> 
     </span>
    </p>
   </div>
   <div class='ocr_carea' id='block_1_33' title="bbox 577 1860 2183 1939">
    <p class='ocr_par' dir='ltr' id='par_1_33' title="bbox 577 1860 2183 1939">
     <span class='ocr_line' id='line_1_34' title="bbox 577 1860 2183 1939; baseline -0.008 -16"><span class='ocrx_word' id='word_1_283' title='bbox 577 1872 719 1925; x_wconf 89' lang='lat' dir='ltr'><strong>sicut</strong></span> <span class='ocrx_word' id='word_1_284' title='bbox 736 1871 972 1939; x_wconf 71' lang='lat' dir='ltr'><strong>seipsum</strong></span> <span class='ocrx_word' id='word_1_285' title='bbox 992 1870 1205 1936; x_wconf 73' lang='lat' dir='ltr'><strong>diligat:</strong></span> <span class='ocrx_word' id='word_1_286' title='bbox 1230 1881 1363 1919; x_wconf 88' lang='lat' dir='ltr'><strong>uxor</strong></span> <span class='ocrx_word' id='word_1_287' title='bbox 1377 1876 1556 1919; x_wconf 89' lang='lat' dir='ltr'><strong>autem</strong></span> <span class='ocrx_word' id='word_1_288' title='bbox 1573 1863 1599 1900; x_wconf 71' lang='grc' dir='ltr'>δ</span> <span class='ocrx_word' id='word_1_289' title='bbox 1616 1865 1798 1916; x_wconf 87' lang='lat' dir='ltr'><strong>timeat</strong></span> <span class='ocrx_word' id='word_1_290' title='bbox 1813 1860 1988 1914; x_wconf 89' lang='lat' dir='ltr'><strong>virum</strong></span> <span class='ocrx_word' id='word_1_291' title='bbox 2002 1873 2183 1912; x_wconf 88' lang='lat' dir='ltr'><strong>suum.</strong></span> 
     </span>
    </p>
   </div>
   <div class='ocr_carea' id='block_1_34' title="bbox 656 1951 2189 2032">
    <p class='ocr_par' dir='ltr' id='par_1_34' title="bbox 656 1951 2189 2032">
     <span class='ocr_line' id='line_1_35' title="bbox 656 1951 2189 2032; baseline -0.01 -14"><span class='ocrx_word' id='word_1_292' title='bbox 656 1960 806 2032; x_wconf 76' lang='grc' dir='ltr'><strong>[ϐαρ.</strong></span> <span class='ocrx_word' id='word_1_293' title='bbox 853 1960 966 2029; x_wconf 81' lang='lat' dir='ltr'><strong>V|.|</strong></span> <span class='ocrx_word' id='word_1_294' title='bbox 1000 1959 1143 2025; x_wconf 81' lang='lat' dir='ltr'><strong>Filii,</strong></span> <span class='ocrx_word' id='word_1_295' title='bbox 1173 1957 1392 2013; x_wconf 85' lang='lat' dir='ltr'><strong>cbedite</strong></span> <span class='ocrx_word' id='word_1_296' title='bbox 1419 1956 1735 2026; x_wconf 89' lang='lat' dir='ltr'><strong>parentibus</strong></span> <span class='ocrx_word' id='word_1_297' title='bbox 1767 1951 1967 2008; x_wconf 75' lang='lat' dir='ltr'><strong>vestris</strong></span> <span class='ocrx_word' id='word_1_298' title='bbox 1999 1952 2052 2032; x_wconf 71' lang='lat' dir='ltr'><strong>in</strong></span> <span class='ocrx_word' id='word_1_299' title='bbox 2085 1951 2189 2004; x_wconf 86' lang='lat' dir='ltr'><strong>Do-</strong></span> 
     </span>
    </p>
   </div>
   <div class='ocr_carea' id='block_1_35' title="bbox 585 2021 2187 2119">
    <p class='ocr_par' dir='ltr' id='par_1_35' title="bbox 585 2021 2187 2119">
     <span class='ocr_line' id='line_1_36' title="bbox 585 2021 2187 2119; baseline -0.008 -10"><span class='ocrx_word' id='word_1_300' title='bbox 585 2028 737 2109; x_wconf 80' lang='lat' dir='ltr'><strong>mino</strong></span> <span class='ocrx_word' id='word_1_301' title='bbox 767 2068 782 2106; x_wconf 89' lang='lat'><strong>:</strong></span> <span class='ocrx_word' id='word_1_302' title='bbox 814 2051 919 2107; x_wconf 90' lang='lat' dir='ltr'><strong>hoc</strong></span> <span class='ocrx_word' id='word_1_303' title='bbox 958 2050 1104 2104; x_wconf 90' lang='lat' dir='ltr'><strong>enim</strong></span> <span class='ocrx_word' id='word_1_304' title='bbox 1138 2050 1344 2119; x_wconf 89' lang='lat' dir='ltr'><strong>justum</strong></span> <span class='ocrx_word' id='word_1_305' title='bbox 1393 2021 1499 2101; x_wconf 76' lang='lat' dir='ltr'><strong>est.</strong></span> <span class='ocrx_word' id='word_1_306' title='bbox 1534 2046 1749 2100; x_wconf 81' lang='lat' dir='ltr'><strong>Honora</strong></span> <span class='ocrx_word' id='word_1_307' title='bbox 1784 2054 1992 2112; x_wconf 86' lang='lat' dir='ltr'><strong>patrem</strong></span> <span class='ocrx_word' id='word_1_308' title='bbox 2013 2021 2187 2096; x_wconf 55' lang='lat' dir='ltr'><strong>&#39;tuum</strong></span> 
     </span>
    </p>
   </div>
   <div class='ocr_carea' id='block_1_36' title="bbox 587 2136 2188 2213">
    <p class='ocr_par' dir='ltr' id='par_1_36' title="bbox 587 2136 2188 2213">
     <span class='ocr_line' id='line_1_37' title="bbox 587 2136 2188 2213; baseline -0.007 -12"><span class='ocrx_word' id='word_1_309' title='bbox 587 2156 644 2203; x_wconf 88' lang='lat' dir='ltr'><strong>et</strong></span> <span class='ocrx_word' id='word_1_310' title='bbox 662 2155 889 2201; x_wconf 90' lang='lat' dir='ltr'><strong>matrem</strong></span> <span class='ocrx_word' id='word_1_311' title='bbox 915 2153 1085 2209; x_wconf 90' lang='lat' dir='ltr'><strong>tuam,</strong></span> <span class='ocrx_word' id='word_1_312' title='bbox 1115 2141 1260 2213; x_wconf 92' lang='lat' dir='ltr'><strong>quod</strong></span> <span class='ocrx_word' id='word_1_313' title='bbox 1289 2150 1374 2197; x_wconf 88' lang='lat' dir='ltr'><strong>est</strong></span> <span class='ocrx_word' id='word_1_314' title='bbox 1397 2139 1708 2194; x_wconf 89' lang='lat' dir='ltr'><strong>mandatum</strong></span> <span class='ocrx_word' id='word_1_315' title='bbox 1736 2138 1969 2206; x_wconf 89' lang='lat' dir='ltr'><strong>primum</strong></span> <span class='ocrx_word' id='word_1_316' title='bbox 1992 2136 2045 2190; x_wconf 93' lang='lat' dir='ltr'><strong>in</strong></span> <span class='ocrx_word' id='word_1_317' title='bbox 2067 2149 2188 2206; x_wconf 86' lang='lat' dir='ltr'><strong>pro-</strong></span> 
     </span>
    </p>
   </div>
   <div class='ocr_carea' id='block_1_37' title="bbox 586 2231 2189 2301">
    <p class='ocr_par' dir='ltr' id='par_1_37' title="bbox 586 2231 2189 2301">
     <span class='ocr_line' id='line_1_38' title="bbox 586 2231 2189 2301; baseline -0.008 -8"><span class='ocrx_word' id='word_1_318' title='bbox 586 2240 844 2293; x_wconf 81' lang='lat' dir='ltr'><strong>missione</strong></span> <span class='ocrx_word' id='word_1_319' title='bbox 882 2255 892 2288; x_wconf 90' lang='lat'><strong>:</strong></span> <span class='ocrx_word' id='word_1_320' title='bbox 927 2244 984 2290; x_wconf 91' lang='lat' dir='ltr'><strong>ut</strong></span> <span class='ocrx_word' id='word_1_321' title='bbox 1013 2236 1153 2290; x_wconf 83' lang='lat' dir='ltr'><strong>bene</strong></span> <span class='ocrx_word' id='word_1_322' title='bbox 1181 2235 1252 2288; x_wconf 86' lang='lat' dir='ltr'><strong>sit</strong></span> <span class='ocrx_word' id='word_1_323' title='bbox 1281 2233 1400 2296; x_wconf 88' lang='lat' dir='ltr'><strong>tibi,</strong></span> <span class='ocrx_word' id='word_1_324' title='bbox 1458 2241 1514 2287; x_wconf 91' lang='lat' dir='ltr'><strong>et</strong></span> <span class='ocrx_word' id='word_1_325' title='bbox 1561 2232 1637 2286; x_wconf 87' lang='lat' dir='ltr'><strong>sis</strong></span> <span class='ocrx_word' id='word_1_326' title='bbox 1689 2231 1970 2301; x_wconf 62' lang='lat' dir='ltr'><strong>longaevus</strong></span> <span class='ocrx_word' id='word_1_327' title='bbox 2026 2243 2189 2296; x_wconf 89' lang='lat' dir='ltr'><strong>super</strong></span> 
     </span>
    </p>
   </div>
   <div class='ocr_carea' id='block_1_38' title="bbox 587 2321 2185 2397">
    <p class='ocr_par' dir='ltr' id='par_1_38' title="bbox 587 2321 2185 2397">
     <span class='ocr_line' id='line_1_39' title="bbox 587 2321 2185 2397; baseline -0.009 -10"><span class='ocrx_word' id='word_1_328' title='bbox 587 2342 812 2387; x_wconf 90' lang='lat' dir='ltr'><strong>terram.</strong></span> <span class='ocrx_word' id='word_1_329' title='bbox 848 2327 916 2383; x_wconf 82' lang='lat' dir='ltr'><strong>Et</strong></span> <span class='ocrx_word' id='word_1_330' title='bbox 947 2339 968 2366; x_wconf 78' lang='grc' dir='ltr'><strong>ε</strong></span> <span class='ocrx_word' id='word_1_331' title='bbox 999 2343 1119 2393; x_wconf 86' lang='lat' dir='ltr'><strong>vos,</strong></span> <span class='ocrx_word' id='word_1_332' title='bbox 1149 2335 1359 2397; x_wconf 83' lang='lat' dir='ltr'><strong>patres,</strong></span> <span class='ocrx_word' id='word_1_333' title='bbox 1385 2323 1557 2379; x_wconf 88' lang='lat' dir='ltr'><strong>nolite</strong></span> <span class='ocrx_word' id='word_1_334' title='bbox 1584 2322 1652 2378; x_wconf 87' lang='lat' dir='ltr'><strong>ad</strong></span> <span class='ocrx_word' id='word_1_335' title='bbox 1685 2321 2024 2378; x_wconf 85' lang='lat' dir='ltr'><strong>iracundiam</strong></span> <span class='ocrx_word' id='word_1_336' title='bbox 2057 2335 2185 2384; x_wconf 86' lang='lat' dir='ltr'><strong>pro-</strong></span> 
     </span>
    </p>
   </div>
   <div class='ocr_carea' id='block_1_39' title="bbox 582 2414 2185 2484">
    <p class='ocr_par' dir='ltr' id='par_1_39' title="bbox 582 2414 2185 2484">
     <span class='ocr_line' id='line_1_40' title="bbox 582 2414 2185 2484; baseline -0.008 -3"><span class='ocrx_word' id='word_1_337' title='bbox 582 2441 782 2481; x_wconf 79' lang='lat' dir='ltr'><strong>vocare</strong></span> <span class='ocrx_word' id='word_1_338' title='bbox 811 2425 951 2479; x_wconf 77' lang='lat' dir='ltr'><strong>filios</strong></span> <span class='ocrx_word' id='word_1_339' title='bbox 979 2432 1192 2479; x_wconf 85' lang='lat' dir='ltr'><strong>vestros</strong></span> <span class='ocrx_word' id='word_1_340' title='bbox 1225 2438 1241 2477; x_wconf 87' lang='lat'>:</span> <span class='ocrx_word' id='word_1_341' title='bbox 1275 2421 1370 2476; x_wconf 88' lang='lat' dir='ltr'><strong>sed</strong></span> <span class='ocrx_word' id='word_1_342' title='bbox 1397 2420 1630 2474; x_wconf 89' lang='lat' dir='ltr'><strong>educate</strong></span> <span class='ocrx_word' id='word_1_343' title='bbox 1659 2417 1782 2472; x_wconf 89' lang='lat' dir='ltr'><strong>illos</strong></span> <span class='ocrx_word' id='word_1_344' title='bbox 1812 2418 1865 2471; x_wconf 90' lang='lat' dir='ltr'><strong>in</strong></span> <span class='ocrx_word' id='word_1_345' title='bbox 1902 2414 2185 2484; x_wconf 89' lang='lat' dir='ltr'><strong>disciplina</strong></span> 
     </span>
    </p>
   </div>
   <div class='ocr_carea' id='block_1_40' title="bbox 585 2511 2189 2588">
    <p class='ocr_par' dir='ltr' id='par_1_40' title="bbox 585 2511 2189 2588">
     <span class='ocr_line' id='line_1_41' title="bbox 585 2511 2189 2588; baseline -0.008 -13"><span class='ocrx_word' id='word_1_346' title='bbox 585 2529 641 2575; x_wconf 90' lang='lat' dir='ltr'><strong>et</strong></span> <span class='ocrx_word' id='word_1_347' title='bbox 660 2520 1013 2588; x_wconf 89' lang='lat' dir='ltr'><strong>correptione</strong></span> <span class='ocrx_word' id='word_1_348' title='bbox 1043 2517 1281 2572; x_wconf 87' lang='lat' dir='ltr'><strong>Domini.</strong></span> <span class='ocrx_word' id='word_1_349' title='bbox 1315 2515 1501 2579; x_wconf 87' lang='lat' dir='ltr'><strong>Servi,</strong></span> <span class='ocrx_word' id='word_1_350' title='bbox 1527 2511 1751 2570; x_wconf 88' lang='lat' dir='ltr'><strong>obedite</strong></span> <span class='ocrx_word' id='word_1_351' title='bbox 1791 2511 2028 2566; x_wconf 84' lang='lat' dir='ltr'><strong>dominis</strong></span> <span class='ocrx_word' id='word_1_352' title='bbox 2066 2524 2189 2565; x_wconf 85' lang='lat' dir='ltr'><strong>car-</strong></span> 
     </span>
    </p>
   </div>
   <div class='ocr_carea' id='block_1_41' title="bbox 588 2603 2188 2674">
    <p class='ocr_par' dir='ltr' id='par_1_41' title="bbox 588 2603 2188 2674">
     <span class='ocr_line' id='line_1_42' title="bbox 588 2603 2188 2674; baseline -0.008 -7"><span class='ocrx_word' id='word_1_353' title='bbox 588 2612 801 2667; x_wconf 84' lang='lat' dir='ltr'><strong>nalibus</strong></span> <span class='ocrx_word' id='word_1_354' title='bbox 826 2626 952 2667; x_wconf 90' lang='lat' dir='ltr'><strong>cum</strong></span> <span class='ocrx_word' id='word_1_355' title='bbox 984 2611 1201 2674; x_wconf 88' lang='lat' dir='ltr'><strong>timore,</strong></span> <span class='ocrx_word' id='word_1_356' title='bbox 1229 2618 1285 2665; x_wconf 88' lang='lat' dir='ltr'><strong>et</strong></span> <span class='ocrx_word' id='word_1_357' title='bbox 1317 2617 1579 2670; x_wconf 88' lang='lat' dir='ltr'><strong>tremore,</strong></span> <span class='ocrx_word' id='word_1_358' title='bbox 1608 2605 1662 2660; x_wconf 92' lang='lat' dir='ltr'><strong>in</strong></span> <span class='ocrx_word' id='word_1_359' title='bbox 1688 2603 2039 2673; x_wconf 89' lang='lat' dir='ltr'><strong>simplicitate</strong></span> <span class='ocrx_word' id='word_1_360' title='bbox 2061 2616 2188 2657; x_wconf 65' lang='lat' dir='ltr'><strong>coro</strong></span> 
     </span>
    </p>
   </div>
   <div class='ocr_carea' id='block_1_42' title="bbox 586 2697 2185 2773">
    <p class='ocr_par' dir='ltr' id='par_1_42' title="bbox 586 2697 2185 2773">
     <span class='ocr_line' id='line_1_43' title="bbox 586 2697 2185 2773; baseline -0.007 -14"><span class='ocrx_word' id='word_1_361' title='bbox 586 2705 671 2759; x_wconf 83' lang='lat' dir='ltr'><strong>dis</strong></span> <span class='ocrx_word' id='word_1_362' title='bbox 695 2705 884 2773; x_wconf 82' lang='lat' dir='ltr'><strong>vestri,</strong></span> <span class='ocrx_word' id='word_1_363' title='bbox 911 2705 1053 2760; x_wconf 87' lang='lat' dir='ltr'><strong>sicut</strong></span> <span class='ocrx_word' id='word_1_364' title='bbox 1077 2703 1296 2758; x_wconf 85' lang='lat' dir='ltr'><strong>Christo</strong></span> <span class='ocrx_word' id='word_1_365' title='bbox 1328 2719 1342 2754; x_wconf 86' lang='lat'><strong>:</strong></span> <span class='ocrx_word' id='word_1_366' title='bbox 1371 2717 1479 2757; x_wconf 90' lang='lat' dir='ltr'><strong>non</strong></span> <span class='ocrx_word' id='word_1_367' title='bbox 1507 2699 1574 2754; x_wconf 91' lang='lat' dir='ltr'><strong>ad</strong></span> <span class='ocrx_word' id='word_1_368' title='bbox 1606 2697 1824 2752; x_wconf 91' lang='lat' dir='ltr'><strong>oculum</strong></span> <span class='ocrx_word' id='word_1_369' title='bbox 1856 2698 2185 2759; x_wconf 80' lang='lat' dir='ltr'><strong>servientes,</strong></span> 
     </span>
    </p>
   </div>
   <div class='ocr_carea' id='block_1_43' title="bbox 589 2789 2188 2867">
    <p class='ocr_par' dir='ltr' id='par_1_43' title="bbox 589 2789 2188 2867">
     <span class='ocr_line' id='line_1_44' title="bbox 589 2789 2188 2867; baseline -0.007 -15"><span class='ocrx_word' id='word_1_370' title='bbox 589 2798 750 2867; x_wconf 87' lang='lat' dir='ltr'><strong>quasi</strong></span> <span class='ocrx_word' id='word_1_371' title='bbox 782 2797 1097 2852; x_wconf 87' lang='lat' dir='ltr'><strong>hominibus</strong></span> <span class='ocrx_word' id='word_1_372' title='bbox 1128 2796 1430 2866; x_wconf 82' lang='lat' dir='ltr'><strong>placentes,</strong></span> <span class='ocrx_word' id='word_1_373' title='bbox 1463 2793 1558 2849; x_wconf 88' lang='lat' dir='ltr'><strong>sed</strong></span> <span class='ocrx_word' id='word_1_374' title='bbox 1587 2801 1645 2847; x_wconf 91' lang='lat' dir='ltr'><strong>ut</strong></span> <span class='ocrx_word' id='word_1_375' title='bbox 1672 2793 1818 2848; x_wconf 83' lang='lat' dir='ltr'><strong>servi</strong></span> <span class='ocrx_word' id='word_1_376' title='bbox 1852 2790 2074 2856; x_wconf 87' lang='lat' dir='ltr'><strong>Christi,</strong></span> <span class='ocrx_word' id='word_1_377' title='bbox 2106 2789 2188 2842; x_wconf 82' lang='lat' dir='ltr'><strong>fa-</strong></span> 
     </span>
    </p>
   </div>
   <div class='ocr_carea' id='block_1_44' title="bbox 583 2884 2188 2956">
    <p class='ocr_par' dir='ltr' id='par_1_44' title="bbox 583 2884 2188 2956">
     <span class='ocr_line' id='line_1_45' title="bbox 583 2884 2188 2956; baseline -0.004 -10"><span class='ocrx_word' id='word_1_378' title='bbox 583 2891 794 2946; x_wconf 85' lang='lat' dir='ltr'><strong>cientes</strong></span> <span class='ocrx_word' id='word_1_379' title='bbox 824 2891 1161 2945; x_wconf 81' lang='lat' dir='ltr'><strong>voluntatem</strong></span> <span class='ocrx_word' id='word_1_380' title='bbox 1192 2889 1285 2944; x_wconf 92' lang='lat' dir='ltr'><strong>Dei</strong></span> <span class='ocrx_word' id='word_1_381' title='bbox 1318 2904 1385 2944; x_wconf 87' lang='lat' dir='ltr'><strong>ex</strong></span> <span class='ocrx_word' id='word_1_382' title='bbox 1413 2887 1630 2956; x_wconf 90' lang='lat' dir='ltr'><strong>animo,</strong></span> <span class='ocrx_word' id='word_1_383' title='bbox 1662 2901 1786 2942; x_wconf 90' lang='lat' dir='ltr'><strong>cum</strong></span> <span class='ocrx_word' id='word_1_384' title='bbox 1821 2885 1964 2940; x_wconf 91' lang='lat' dir='ltr'><strong>bona</strong></span> <span class='ocrx_word' id='word_1_385' title='bbox 1992 2884 2188 2939; x_wconf 81' lang='lat' dir='ltr'><strong>volun-</strong></span> 
     </span>
    </p>
   </div>
   <div class='ocr_carea' id='block_1_45' title="bbox 587 2978 2183 3049">
    <p class='ocr_par' dir='ltr' id='par_1_45' title="bbox 587 2978 2183 3049">
     <span class='ocr_line' id='line_1_46' title="bbox 587 2978 2183 3049; baseline -0.003 -15"><span class='ocrx_word' id='word_1_386' title='bbox 587 2989 698 3037; x_wconf 88' lang='lat' dir='ltr'><strong>tate</strong></span> <span class='ocrx_word' id='word_1_387' title='bbox 723 2982 1027 3038; x_wconf 80' lang='lat' dir='ltr'><strong>servientes</strong></span> <span class='ocrx_word' id='word_1_388' title='bbox 1052 3027 1065 3049; x_wconf 88' lang='lat'><strong>,</strong></span> <span class='ocrx_word' id='word_1_389' title='bbox 1104 2983 1246 3037; x_wconf 89' lang='lat' dir='ltr'><strong>sicut</strong></span> <span class='ocrx_word' id='word_1_390' title='bbox 1268 2982 1503 3036; x_wconf 91' lang='lat' dir='ltr'><strong>Domino</strong></span> <span class='ocrx_word' id='word_1_391' title='bbox 1529 3023 1545 3048; x_wconf 91' lang='lat'><strong>,</strong></span> <span class='ocrx_word' id='word_1_392' title='bbox 1597 2991 1653 3036; x_wconf 91' lang='lat' dir='ltr'><strong>et</strong></span> <span class='ocrx_word' id='word_1_393' title='bbox 1684 2997 1791 3035; x_wconf 93' lang='lat' dir='ltr'><strong>non</strong></span> <span class='ocrx_word' id='word_1_394' title='bbox 1820 2978 2139 3034; x_wconf 90' lang='lat' dir='ltr'><strong>hominibus</strong></span> <span class='ocrx_word' id='word_1_395' title='bbox 2170 2996 2183 3030; x_wconf 79' lang='grc' dir='ltr'><strong>ε</strong></span> 
     </span>
    </p>
   </div>
   <div class='ocr_carea' id='block_1_46' title="bbox 585 3071 2186 3144">
    <p class='ocr_par' dir='ltr' id='par_1_46' title="bbox 585 3071 2186 3144">
     <span class='ocr_line' id='line_1_47' title="bbox 585 3071 2186 3144; baseline 0 -20"><span class='ocrx_word' id='word_1_396' title='bbox 585 3072 821 3128; x_wconf 85' lang='lat' dir='ltr'><strong>scientes</strong></span> <span class='ocrx_word' id='word_1_397' title='bbox 849 3077 1104 3140; x_wconf 86' lang='lat' dir='ltr'><strong>quoniam</strong></span> <span class='ocrx_word' id='word_1_398' title='bbox 1137 3074 1532 3144; x_wconf 88' lang='lat' dir='ltr'><strong>unusquisque,</strong></span> <span class='ocrx_word' id='word_1_399' title='bbox 1575 3072 1959 3142; x_wconf 87' lang='lat' dir='ltr'><strong>quodcumque</strong></span> <span class='ocrx_word' id='word_1_400' title='bbox 1993 3071 2186 3125; x_wconf 80' lang='lat' dir='ltr'><strong>fecerit</strong></span> 
     </span>
    </p>
   </div>
   <div class='ocr_carea' id='block_1_47' title="bbox 2289 1829 3847 1925">
    <p class='ocr_par' dir='ltr' id='par_1_47' title="bbox 2289 1829 3847 1925">
     <span class='ocr_line' id='line_1_48' title="bbox 2289 1829 3847 1925; baseline -0.018 -16"><span class='ocrx_word' id='word_1_401' title='bbox 2289 1857 2519 1925; x_wconf 86' lang='lat' dir='ltr'><strong>spiritus</strong></span> <span class='ocrx_word' id='word_1_402' title='bbox 2549 1849 2718 1922; x_wconf 90' lang='lat' dir='ltr'><strong>(quod</strong></span> <span class='ocrx_word' id='word_1_403' title='bbox 2747 1859 2833 1903; x_wconf 89' lang='lat' dir='ltr'><strong>est</strong></span> <span class='ocrx_word' id='word_1_404' title='bbox 2855 1845 3084 1900; x_wconf 82' lang='lat' dir='ltr'><strong>verbum</strong></span> <span class='ocrx_word' id='word_1_405' title='bbox 3109 1839 3262 1911; x_wconf 88' lang='lat' dir='ltr'><strong>Dei),</strong></span> <span class='ocrx_word' id='word_1_406' title='bbox 3291 1853 3393 1908; x_wconf 89' lang='lat' dir='ltr'><strong>per</strong></span> <span class='ocrx_word' id='word_1_407' title='bbox 3431 1849 3642 1891; x_wconf 82' lang='lat' dir='ltr'><strong>omnem</strong></span> <span class='ocrx_word' id='word_1_408' title='bbox 3668 1829 3847 1925; x_wconf 75' lang='lat' dir='ltr'><strong>oratio-</strong></span> 
     </span>
    </p>
   </div>
   <div class='ocr_carea' id='block_1_48' title="bbox 2292 1923 3846 2002">
    <p class='ocr_par' dir='ltr' id='par_1_48' title="bbox 2292 1923 3846 2002">
     <span class='ocr_line' id='line_1_49' title="bbox 2292 1923 3846 2002; baseline -0.016 -1"><span class='ocrx_word' id='word_1_409' title='bbox 2292 1964 2415 2002; x_wconf 89' lang='lat' dir='ltr'><strong>nem</strong></span> <span class='ocrx_word' id='word_1_410' title='bbox 2447 1956 2502 2002; x_wconf 91' lang='lat' dir='ltr'><strong>et</strong></span> <span class='ocrx_word' id='word_1_411' title='bbox 2527 1942 2971 2000; x_wconf 84' lang='lat' dir='ltr'><strong>obsecrationem</strong></span> <span class='ocrx_word' id='word_1_412' title='bbox 3003 1944 3224 1992; x_wconf 86' lang='lat' dir='ltr'><strong>orantes</strong></span> <span class='ocrx_word' id='word_1_413' title='bbox 3240 1932 3390 1988; x_wconf 89' lang='lat' dir='ltr'><strong>omni</strong></span> <span class='ocrx_word' id='word_1_414' title='bbox 3418 1939 3660 1997; x_wconf 87' lang='lat' dir='ltr'><strong>tempore</strong></span> <span class='ocrx_word' id='word_1_415' title='bbox 3683 1925 3735 1979; x_wconf 87' lang='lat' dir='ltr'><strong>in</strong></span> <span class='ocrx_word' id='word_1_416' title='bbox 3759 1923 3846 1991; x_wconf 81' lang='lat' dir='ltr'><strong>spi-</strong></span> 
     </span>
    </p>
   </div>
   <div class='ocr_carea' id='block_1_49' title="bbox 2291 2015 3845 2106">
    <p class='ocr_par' dir='ltr' id='par_1_49' title="bbox 2291 2015 3845 2106">
     <span class='ocr_line' id='line_1_50' title="bbox 2291 2015 3845 2106; baseline -0.017 -10"><span class='ocrx_word' id='word_1_417' title='bbox 2291 2043 2394 2096; x_wconf 90' lang='lat' dir='ltr'><strong>ritu</strong></span> <span class='ocrx_word' id='word_1_418' title='bbox 2420 2057 2434 2093; x_wconf 91' lang='lat'>:</span> <span class='ocrx_word' id='word_1_419' title='bbox 2462 2049 2518 2095; x_wconf 89' lang='lat' dir='ltr'><strong>et</strong></span> <span class='ocrx_word' id='word_1_420' title='bbox 2539 2039 2593 2093; x_wconf 91' lang='lat' dir='ltr'><strong>in</strong></span> <span class='ocrx_word' id='word_1_421' title='bbox 2627 2039 2747 2106; x_wconf 92' lang='lat' dir='ltr'><strong>ipso</strong></span> <span class='ocrx_word' id='word_1_422' title='bbox 2769 2034 3056 2104; x_wconf 77' lang='lat' dir='ltr'><strong>vigilantes</strong></span> <span class='ocrx_word' id='word_1_423' title='bbox 3086 2031 3141 2084; x_wconf 91' lang='lat' dir='ltr'><strong>in</strong></span> <span class='ocrx_word' id='word_1_424' title='bbox 3168 2025 3319 2080; x_wconf 88' lang='lat' dir='ltr'><strong>omni</strong></span> <span class='ocrx_word' id='word_1_425' title='bbox 3349 2022 3628 2086; x_wconf 87' lang='lat' dir='ltr'><strong>instantia,</strong></span> <span class='ocrx_word' id='word_1_426' title='bbox 3646 2031 3699 2073; x_wconf 90' lang='lat' dir='ltr'><strong>et</strong></span> <span class='ocrx_word' id='word_1_427' title='bbox 3716 2015 3845 2074; x_wconf 82' lang='lat' dir='ltr'><strong>obsc-</strong></span> 
     </span>
    </p>
   </div>
   <div class='ocr_carea' id='block_1_50' title="bbox 2290 2109 3846 2202">
    <p class='ocr_par' dir='ltr' id='par_1_50' title="bbox 2290 2109 3846 2202">
     <span class='ocr_line' id='line_1_51' title="bbox 2290 2109 3846 2202; baseline -0.018 -11"><span class='ocrx_word' id='word_1_428' title='bbox 2290 2135 2536 2191; x_wconf 89' lang='lat' dir='ltr'><strong>cratione</strong></span> <span class='ocrx_word' id='word_1_429' title='bbox 2565 2147 2662 2202; x_wconf 87' lang='lat' dir='ltr'><strong>pro</strong></span> <span class='ocrx_word' id='word_1_430' title='bbox 2691 2128 2949 2186; x_wconf 89' lang='lat' dir='ltr'><strong>omnibus</strong></span> <span class='ocrx_word' id='word_1_431' title='bbox 2977 2123 3216 2180; x_wconf 88' lang='lat' dir='ltr'><strong>sanctis:</strong></span> <span class='ocrx_word' id='word_1_432' title='bbox 3246 2130 3306 2176; x_wconf 88' lang='lat' dir='ltr'><strong>et</strong></span> <span class='ocrx_word' id='word_1_433' title='bbox 3328 2133 3429 2190; x_wconf 86' lang='lat' dir='ltr'><strong>pro</strong></span> <span class='ocrx_word' id='word_1_434' title='bbox 3457 2132 3546 2172; x_wconf 87' lang='lat' dir='ltr'><strong>me</strong></span> <span class='ocrx_word' id='word_1_435' title='bbox 3564 2155 3582 2182; x_wconf 90' lang='lat'><strong>,</strong></span> <span class='ocrx_word' id='word_1_436' title='bbox 3621 2122 3679 2168; x_wconf 88' lang='lat' dir='ltr'><strong>ut</strong></span> <span class='ocrx_word' id='word_1_437' title='bbox 3719 2109 3846 2166; x_wconf 82' lang='lat' dir='ltr'><strong>detur</strong></span> 
     </span>
    </p>
   </div>
   <div class='ocr_carea' id='block_1_51' title="bbox 2293 2211 3844 2294">
    <p class='ocr_par' dir='ltr' id='par_1_51' title="bbox 2293 2211 3844 2294">
     <span class='ocr_line' id='line_1_52' title="bbox 2293 2211 3844 2294; baseline -0.017 -8"><span class='ocrx_word' id='word_1_438' title='bbox 2293 2231 2426 2286; x_wconf 90' lang='lat' dir='ltr'><strong>mihi</strong></span> <span class='ocrx_word' id='word_1_439' title='bbox 2459 2240 2641 2284; x_wconf 85' lang='lat' dir='ltr'><strong>sermo</strong></span> <span class='ocrx_word' id='word_1_440' title='bbox 2664 2226 2719 2280; x_wconf 93' lang='lat' dir='ltr'><strong>in</strong></span> <span class='ocrx_word' id='word_1_441' title='bbox 2743 2223 3028 2294; x_wconf 89' lang='lat' dir='ltr'><strong>apertione</strong></span> <span class='ocrx_word' id='word_1_442' title='bbox 3056 2219 3171 2276; x_wconf 87' lang='lat' dir='ltr'><strong>oris</strong></span> <span class='ocrx_word' id='word_1_443' title='bbox 3193 2218 3301 2273; x_wconf 88' lang='lat' dir='ltr'><strong>mei</strong></span> <span class='ocrx_word' id='word_1_444' title='bbox 3321 2230 3446 2270; x_wconf 86' lang='lat' dir='ltr'><strong>cum</strong></span> <span class='ocrx_word' id='word_1_445' title='bbox 3460 2211 3678 2276; x_wconf 86' lang='lat' dir='ltr'><strong>ﬁducia,</strong></span> <span class='ocrx_word' id='word_1_446' title='bbox 3696 2218 3844 2262; x_wconf 85' lang='lat' dir='ltr'><strong>notum</strong></span> 
     </span>
    </p>
   </div>
   <div class='ocr_carea' id='block_1_52' title="bbox 2293 2298 3844 2391">
    <p class='ocr_par' dir='ltr' id='par_1_52' title="bbox 2293 2298 3844 2391">
     <span class='ocr_line' id='line_1_53' title="bbox 2293 2298 3844 2391; baseline -0.017 -13"><span class='ocrx_word' id='word_1_447' title='bbox 2293 2325 2474 2378; x_wconf 80' lang='lat' dir='ltr'><strong>facere</strong></span> <span class='ocrx_word' id='word_1_448' title='bbox 2505 2318 2823 2391; x_wconf 85' lang='lat' dir='ltr'><strong>mysterium</strong></span> <span class='ocrx_word' id='word_1_449' title='bbox 2849 2313 3129 2385; x_wconf 82' lang='lat' dir='ltr'><strong>Evangelii</strong></span> <span class='ocrx_word' id='word_1_450' title='bbox 3158 2329 3173 2365; x_wconf 88' lang='lat'><strong>:</strong></span> <span class='ocrx_word' id='word_1_451' title='bbox 3203 2324 3304 2380; x_wconf 88' lang='lat' dir='ltr'><strong>pro</strong></span> <span class='ocrx_word' id='word_1_452' title='bbox 3333 2321 3447 2379; x_wconf 90' lang='lat' dir='ltr'><strong>quo</strong></span> <span class='ocrx_word' id='word_1_453' title='bbox 3479 2302 3737 2374; x_wconf 86' lang='lat' dir='ltr'><strong>legatione</strong></span> <span class='ocrx_word' id='word_1_454' title='bbox 3751 2298 3844 2352; x_wconf 79' lang='lat' dir='ltr'><strong>fun-</strong></span> 
     </span>
    </p>
   </div>
   <div class='ocr_carea' id='block_1_53' title="bbox 2290 2400 3849 2487">
    <p class='ocr_par' dir='ltr' id='par_1_53' title="bbox 2290 2400 3849 2487">
     <span class='ocr_line' id='line_1_54' title="bbox 2290 2400 3849 2487; baseline -0.015 -16"><span class='ocrx_word' id='word_1_455' title='bbox 2290 2432 2388 2487; x_wconf 84' lang='lat' dir='ltr'><strong>gor</strong></span> <span class='ocrx_word' id='word_1_456' title='bbox 2415 2415 2468 2470; x_wconf 94' lang='lat' dir='ltr'><strong>in</strong></span> <span class='ocrx_word' id='word_1_457' title='bbox 2497 2422 2713 2478; x_wconf 88' lang='lat' dir='ltr'><strong>catena,</strong></span> <span class='ocrx_word' id='word_1_458' title='bbox 2747 2413 2821 2464; x_wconf 89' lang='lat' dir='ltr'><strong>ita</strong></span> <span class='ocrx_word' id='word_1_459' title='bbox 2847 2419 2906 2463; x_wconf 90' lang='lat' dir='ltr'><strong>ut</strong></span> <span class='ocrx_word' id='word_1_460' title='bbox 2934 2410 2989 2463; x_wconf 91' lang='lat' dir='ltr'><strong>in</strong></span> <span class='ocrx_word' id='word_1_461' title='bbox 3023 2407 3143 2476; x_wconf 86' lang='lat' dir='ltr'><strong>ipso</strong></span> <span class='ocrx_word' id='word_1_462' title='bbox 3179 2403 3414 2459; x_wconf 87' lang='lat' dir='ltr'><strong>audeam</strong></span> <span class='ocrx_word' id='word_1_463' title='bbox 3436 2441 3454 2469; x_wconf 92' lang='lat'><strong>,</strong></span> <span class='ocrx_word' id='word_1_464' title='bbox 3487 2406 3651 2470; x_wconf 85' lang='lat' dir='ltr'><strong>prout</strong></span> <span class='ocrx_word' id='word_1_465' title='bbox 3672 2400 3849 2466; x_wconf 77' lang='lat' dir='ltr'><strong>oportet</strong></span> 
     </span>
    </p>
   </div>
   <div class='ocr_carea' id='block_1_54' title="bbox 2267 2493 3849 2577">
    <p class='ocr_par' dir='ltr' id='par_1_54' title="bbox 2267 2493 3849 2577">
     <span class='ocr_line' id='line_1_55' title="bbox 2267 2493 3849 2577; baseline -0.014 -14"><span class='ocrx_word' id='word_1_466' title='bbox 2267 2525 2402 2574; x_wconf 73' lang='lat' dir='ltr'><strong>-me,</strong></span> <span class='ocrx_word' id='word_1_467' title='bbox 2436 2507 2604 2577; x_wconf 89' lang='lat' dir='ltr'><strong>loqui.</strong></span> <span class='ocrx_word' id='word_1_468' title='bbox 2637 2504 2705 2561; x_wconf 87' lang='lat' dir='ltr'><strong>Ut</strong></span> <span class='ocrx_word' id='word_1_469' title='bbox 2730 2512 2916 2558; x_wconf 87' lang='lat' dir='ltr'><strong>autem</strong></span> <span class='ocrx_word' id='word_1_470' title='bbox 2966 2510 3024 2557; x_wconf 90' lang='lat' dir='ltr'><strong>et</strong></span> <span class='ocrx_word' id='word_1_471' title='bbox 3058 2513 3158 2555; x_wconf 86' lang='lat' dir='ltr'><strong>vos</strong></span> <span class='ocrx_word' id='word_1_472' title='bbox 3207 2498 3392 2554; x_wconf 87' lang='lat' dir='ltr'><strong>sciatis</strong></span> <span class='ocrx_word' id='word_1_473' title='bbox 3429 2510 3556 2565; x_wconf 62' lang='lat' dir='ltr'><strong>quae</strong></span> <span class='ocrx_word' id='word_1_474' title='bbox 3597 2493 3731 2550; x_wconf 86' lang='lat' dir='ltr'><strong>circa</strong></span> <span class='ocrx_word' id='word_1_475' title='bbox 3779 2500 3849 2542; x_wconf 85' lang='lat' dir='ltr'><strong>me</strong></span> 
     </span>
    </p>
   </div>
   <div class='ocr_carea' id='block_1_55' title="bbox 2290 2581 3846 2668">
    <p class='ocr_par' dir='ltr' id='par_1_55' title="bbox 2290 2581 3846 2668">
     <span class='ocr_line' id='line_1_56' title="bbox 2290 2581 3846 2668; baseline -0.015 -12"><span class='ocrx_word' id='word_1_476' title='bbox 2290 2610 2439 2666; x_wconf 85' lang='lat' dir='ltr'><strong>sunt,</strong></span> <span class='ocrx_word' id='word_1_477' title='bbox 2471 2599 2601 2668; x_wconf 89' lang='lat' dir='ltr'><strong>quid</strong></span> <span class='ocrx_word' id='word_1_478' title='bbox 2625 2612 2784 2667; x_wconf 89' lang='lat' dir='ltr'><strong>agam</strong></span> <span class='ocrx_word' id='word_1_479' title='bbox 2814 2613 2829 2650; x_wconf 90' lang='lat'><strong>:</strong></span> <span class='ocrx_word' id='word_1_480' title='bbox 2858 2593 3041 2650; x_wconf 87' lang='lat' dir='ltr'><strong>omnia</strong></span> <span class='ocrx_word' id='word_1_481' title='bbox 3075 2591 3231 2646; x_wconf 88' lang='lat' dir='ltr'><strong>vobis</strong></span> <span class='ocrx_word' id='word_1_482' title='bbox 3260 2599 3386 2645; x_wconf 90' lang='lat' dir='ltr'><strong>nota</strong></span> <span class='ocrx_word' id='word_1_483' title='bbox 3417 2588 3585 2643; x_wconf 73' lang='lat' dir='ltr'><strong>faciet</strong></span> <span class='ocrx_word' id='word_1_484' title='bbox 3600 2581 3846 2656; x_wconf 73' lang='lat' dir='ltr'><strong>Tychicus,</strong></span> 
     </span>
    </p>
   </div>
   <div class='ocr_carea' id='block_1_56' title="bbox 2290 2673 3846 2753">
    <p class='ocr_par' dir='ltr' id='par_1_56' title="bbox 2290 2673 3846 2753">
     <span class='ocr_line' id='line_1_57' title="bbox 2290 2673 3846 2753; baseline -0.015 -4"><span class='ocrx_word' id='word_1_485' title='bbox 2290 2693 2648 2749; x_wconf 87' lang='lat' dir='ltr'><strong>charissimus</strong></span> <span class='ocrx_word' id='word_1_486' title='bbox 2679 2689 2872 2753; x_wconf 76' lang='lat' dir='ltr'><strong>frater,</strong></span> <span class='ocrx_word' id='word_1_487' title='bbox 2901 2697 2959 2742; x_wconf 90' lang='lat' dir='ltr'><strong>et</strong></span> <span class='ocrx_word' id='word_1_488' title='bbox 2982 2684 3160 2740; x_wconf 83' lang='lat' dir='ltr'><strong>ﬁdelis</strong></span> <span class='ocrx_word' id='word_1_489' title='bbox 3203 2681 3453 2737; x_wconf 88' lang='lat' dir='ltr'><strong>minister</strong></span> <span class='ocrx_word' id='word_1_490' title='bbox 3503 2679 3562 2733; x_wconf 92' lang='lat' dir='ltr'><strong>in</strong></span> <span class='ocrx_word' id='word_1_491' title='bbox 3612 2673 3846 2753; x_wconf 46' lang='lat' dir='ltr'><strong>Domino;</strong></span> 
     </span>
    </p>
   </div>
   <div class='ocr_carea' id='block_1_57' title="bbox 2290 2767 3851 2856">
    <p class='ocr_par' dir='ltr' id='par_1_57' title="bbox 2290 2767 3851 2856">
     <span class='ocr_line' id='line_1_58' title="bbox 2290 2767 3851 2856; baseline -0.014 -17"><span class='ocrx_word' id='word_1_492' title='bbox 2290 2800 2452 2856; x_wconf 89' lang='lat' dir='ltr'><strong>quem</strong></span> <span class='ocrx_word' id='word_1_493' title='bbox 2484 2783 2609 2837; x_wconf 90' lang='lat' dir='ltr'><strong>misi</strong></span> <span class='ocrx_word' id='word_1_494' title='bbox 2639 2781 2707 2836; x_wconf 89' lang='lat' dir='ltr'><strong>ad</strong></span> <span class='ocrx_word' id='word_1_495' title='bbox 2734 2795 2833 2834; x_wconf 77' lang='lat' dir='ltr'><strong>vos</strong></span> <span class='ocrx_word' id='word_1_496' title='bbox 2857 2779 2913 2834; x_wconf 88' lang='lat' dir='ltr'><strong>in</strong></span> <span class='ocrx_word' id='word_1_497' title='bbox 2941 2778 3044 2832; x_wconf 90' lang='lat' dir='ltr'><strong>hoc</strong></span> <span class='ocrx_word' id='word_1_498' title='bbox 3073 2776 3274 2844; x_wconf 87' lang='lat' dir='ltr'><strong>ipsum,</strong></span> <span class='ocrx_word' id='word_1_499' title='bbox 3299 2783 3359 2828; x_wconf 92' lang='lat' dir='ltr'><strong>ut</strong></span> <span class='ocrx_word' id='word_1_500' title='bbox 3385 2767 3728 2843; x_wconf 79' lang='lat' dir='ltr'><strong>cognoscatis</strong></span> <span class='ocrx_word' id='word_1_501' title='bbox 3756 2776 3851 2833; x_wconf 75' lang='lat' dir='ltr'><strong>qua</strong></span> 
     </span>
    </p>
   </div>
   <div class='ocr_carea' id='block_1_58' title="bbox 2289 2857 3850 2942">
    <p class='ocr_par' dir='ltr' id='par_1_58' title="bbox 2289 2857 3850 2942">
     <span class='ocr_line' id='line_1_59' title="bbox 2289 2857 3850 2942; baseline -0.015 -6"><span class='ocrx_word' id='word_1_502' title='bbox 2289 2878 2432 2936; x_wconf 88' lang='lat' dir='ltr'><strong>circa</strong></span> <span class='ocrx_word' id='word_1_503' title='bbox 2466 2891 2571 2932; x_wconf 79' lang='lat' dir='ltr'><strong>nos</strong></span> <span class='ocrx_word' id='word_1_504' title='bbox 2601 2884 2751 2942; x_wconf 91' lang='lat' dir='ltr'><strong>sunt,</strong></span> <span class='ocrx_word' id='word_1_505' title='bbox 2775 2884 2831 2930; x_wconf 90' lang='lat' dir='ltr'><strong>et</strong></span> <span class='ocrx_word' id='word_1_506' title='bbox 2858 2871 3176 2929; x_wconf 87' lang='lat' dir='ltr'><strong>consoletur</strong></span> <span class='ocrx_word' id='word_1_507' title='bbox 3204 2867 3368 2926; x_wconf 91' lang='lat' dir='ltr'><strong>corda</strong></span> <span class='ocrx_word' id='word_1_508' title='bbox 3396 2874 3607 2922; x_wconf 85' lang='lat' dir='ltr'><strong>vestra.</strong></span> <span class='ocrx_word' id='word_1_509' title='bbox 3640 2863 3742 2919; x_wconf 88' lang='lat' dir='ltr'><strong>Pax</strong></span> <span class='ocrx_word' id='word_1_510' title='bbox 3769 2857 3850 2913; x_wconf 80' lang='lat' dir='ltr'><strong>ira-</strong></span> 
     </span>
    </p>
   </div>
   <div class='ocr_carea' id='block_1_59' title="bbox 2291 2954 3850 3039">
    <p class='ocr_par' dir='ltr' id='par_1_59' title="bbox 2291 2954 3850 3039">
     <span class='ocr_line' id='line_1_60' title="bbox 2291 2954 3850 3039; baseline -0.015 -12"><span class='ocrx_word' id='word_1_511' title='bbox 2291 2973 2494 3039; x_wconf 87' lang='lat' dir='ltr'><strong>tribus,</strong></span> <span class='ocrx_word' id='word_1_512' title='bbox 2519 2981 2575 3027; x_wconf 92' lang='lat' dir='ltr'><strong>et</strong></span> <span class='ocrx_word' id='word_1_513' title='bbox 2595 2969 2837 3026; x_wconf 88' lang='lat' dir='ltr'><strong>charitas</strong></span> <span class='ocrx_word' id='word_1_514' title='bbox 2864 2983 2989 3022; x_wconf 91' lang='lat' dir='ltr'><strong>cum</strong></span> <span class='ocrx_word' id='word_1_515' title='bbox 3019 2965 3146 3030; x_wconf 90' lang='lat' dir='ltr'><strong>ﬁde,</strong></span> <span class='ocrx_word' id='word_1_516' title='bbox 3171 2979 3200 3017; x_wconf 90' lang='lat' dir='ltr'><strong>a</strong></span> <span class='ocrx_word' id='word_1_517' title='bbox 3232 2963 3343 3019; x_wconf 91' lang='lat' dir='ltr'><strong>Deo</strong></span> <span class='ocrx_word' id='word_1_518' title='bbox 3367 2961 3557 3026; x_wconf 82' lang='lat' dir='ltr'><strong>Patre,</strong></span> <span class='ocrx_word' id='word_1_519' title='bbox 3580 2966 3636 3014; x_wconf 91' lang='lat' dir='ltr'><strong>et</strong></span> <span class='ocrx_word' id='word_1_520' title='bbox 3660 2954 3850 3012; x_wconf 85' lang='lat' dir='ltr'><strong>Domino</strong></span> 
     </span>
    </p>
   </div>
   <div class='ocr_carea' id='block_1_60' title="bbox 2292 3046 3850 3140">
    <p class='ocr_par' dir='ltr' id='par_1_60' title="bbox 2292 3046 3850 3140">
     <span class='ocr_line' id='line_1_61' title="bbox 2292 3046 3850 3140; baseline -0.016 -17"><span class='ocrx_word' id='word_1_521' title='bbox 2292 3067 2421 3140; x_wconf 75' lang='grc' dir='ltr'><strong>μιε.</strong></span> <span class='ocrx_word' id='word_1_522' title='bbox 2454 3065 2580 3119; x_wconf 82' lang='lat' dir='ltr'><strong>add.</strong></span> <span class='ocrx_word' id='word_1_523' title='bbox 2618 3063 2830 3134; x_wconf 89' lang='lat' dir='ltr'><strong>nostro]</strong></span> <span class='ocrx_word' id='word_1_524' title='bbox 2858 3061 2988 3118; x_wconf 87' lang='lat' dir='ltr'><strong>Iesu</strong></span> <span class='ocrx_word' id='word_1_525' title='bbox 3026 3059 3269 3115; x_wconf 85' lang='lat' dir='ltr'><strong>Christo.</strong></span> <span class='ocrx_word' id='word_1_526' title='bbox 3316 3055 3501 3113; x_wconf 87' lang='lat' dir='ltr'><strong>Gratia</strong></span> <span class='ocrx_word' id='word_1_527' title='bbox 3549 3068 3670 3109; x_wconf 88' lang='lat' dir='ltr'><strong>cum</strong></span> <span class='ocrx_word' id='word_1_528' title='bbox 3709 3046 3850 3104; x_wconf 84' lang='lat' dir='ltr'><strong>omni-</strong></span> 
     </span>
    </p>
   </div>
   <div class='ocr_carea' id='block_1_61' title="bbox 585 3140 3848 3232">
    <p class='ocr_par' dir='ltr' id='par_1_61' title="bbox 585 3140 3848 3232">
     <span class='ocr_line' id='line_1_62' title="bbox 585 3140 3848 3232; baseline -0.006 -19"><span class='ocrx_word' id='word_1_529' title='bbox 585 3159 813 3224; x_wconf 88' lang='lat' dir='ltr'><strong>bonum,</strong></span> <span class='ocrx_word' id='word_1_530' title='bbox 844 3161 948 3217; x_wconf 91' lang='lat' dir='ltr'><strong>hoc</strong></span> <span class='ocrx_word' id='word_1_531' title='bbox 977 3163 1201 3232; x_wconf 90' lang='lat' dir='ltr'><strong>recipiet</strong></span> <span class='ocrx_word' id='word_1_532' title='bbox 1231 3177 1262 3216; x_wconf 90' lang='lat' dir='ltr'><strong>a</strong></span> <span class='ocrx_word' id='word_1_533' title='bbox 1294 3140 1551 3229; x_wconf 76' lang='lat' dir='ltr'><strong>Domino,</strong></span> <span class='ocrx_word' id='word_1_534' title='bbox 1586 3140 1703 3217; x_wconf 74' lang='lat' dir='ltr'><strong>site</strong></span> <span class='ocrx_word' id='word_1_535' title='bbox 1729 3140 1948 3227; x_wconf 87' lang='lat' dir='ltr'><strong>servus,</strong></span> <span class='ocrx_word' id='word_1_536' title='bbox 1979 3161 2098 3216; x_wconf 88' lang='lat' dir='ltr'><strong>sive</strong></span> <span class='ocrx_word' id='word_1_537' title='bbox 2130 3161 2192 3214; x_wconf 88' lang='lat' dir='ltr'><strong>Ii-</strong></span> <span class='ocrx_word' id='word_1_538' title='bbox 2219 3140 2265 3204; x_wconf 68' lang='grc' dir='ltr'><strong>(ἶ</strong></span> <span class='ocrx_word' id='word_1_539' title='bbox 2299 3161 2421 3226; x_wconf 90' lang='lat' dir='ltr'><strong>bus,</strong></span> <span class='ocrx_word' id='word_1_540' title='bbox 2455 3160 2547 3230; x_wconf 87' lang='lat' dir='ltr'><strong>qui</strong></span> <span class='ocrx_word' id='word_1_541' title='bbox 2575 3158 2807 3229; x_wconf 89' lang='lat' dir='ltr'><strong>diligunt</strong></span> <span class='ocrx_word' id='word_1_542' title='bbox 2824 3156 3113 3212; x_wconf 89' lang='lat' dir='ltr'><strong>Dominum</strong></span> <span class='ocrx_word' id='word_1_543' title='bbox 3135 3162 3381 3210; x_wconf 69' lang='lat' dir='ltr'><strong>nostrum</strong></span> <span class='ocrx_word' id='word_1_544' title='bbox 3403 3148 3594 3206; x_wconf 86' lang='lat' dir='ltr'><strong>Iesum</strong></span> <span class='ocrx_word' id='word_1_545' title='bbox 3614 3144 3848 3204; x_wconf 77' lang='lat' dir='ltr'><strong>Christum</strong></span> 
     </span>
    </p>
   </div>
   <div class='ocr_carea' id='block_1_62' title="bbox 589 3252 2190 3323">
    <p class='ocr_par' dir='ltr' id='par_1_62' title="bbox 589 3252 2190 3323">
     <span class='ocr_line' id='line_1_63' title="bbox 589 3252 2190 3323; baseline 0.001 -16"><span class='ocrx_word' id='word_1_546' title='bbox 589 3252 705 3308; x_wconf 87' lang='lat' dir='ltr'><strong>her.</strong></span> <span class='ocrx_word' id='word_1_547' title='bbox 734 3252 800 3309; x_wconf 79' lang='lat' dir='ltr'><strong>Et</strong></span> <span class='ocrx_word' id='word_1_548' title='bbox 824 3267 921 3308; x_wconf 85' lang='lat' dir='ltr'><strong>vos</strong></span> <span class='ocrx_word' id='word_1_549' title='bbox 940 3295 956 3323; x_wconf 91' lang='lat'><strong>,</strong></span> <span class='ocrx_word' id='word_1_550' title='bbox 984 3254 1211 3321; x_wconf 89' lang='lat' dir='ltr'><strong>domini,</strong></span> <span class='ocrx_word' id='word_1_551' title='bbox 1240 3255 1433 3311; x_wconf 89' lang='lat' dir='ltr'><strong>eadem</strong></span> <span class='ocrx_word' id='word_1_552' title='bbox 1467 3253 1634 3310; x_wconf 80' lang='lat' dir='ltr'><strong>facite</strong></span> <span class='ocrx_word' id='word_1_553' title='bbox 1657 3254 1763 3311; x_wconf 90' lang='lat' dir='ltr'><strong>illis</strong></span> <span class='ocrx_word' id='word_1_554' title='bbox 1787 3299 1801 3322; x_wconf 91' lang='lat'><strong>,</strong></span> <span class='ocrx_word' id='word_1_555' title='bbox 1848 3254 2190 3309; x_wconf 85' lang='lat' dir='ltr'><strong>remittentes</strong></span> 
     </span>
    </p>
   </div>
   <div class='ocr_carea' id='block_1_63' title="bbox 2299 3250 3029 3322">
    <p class='ocr_par' dir='ltr' id='par_1_63' title="bbox 2299 3250 3029 3322">
     <span class='ocr_line' id='line_1_64' title="bbox 2299 3250 3029 3322; baseline -0.007 -14"><span class='ocrx_word' id='word_1_556' title='bbox 2299 3253 2352 3308; x_wconf 94' lang='lat' dir='ltr'><strong>in</strong></span> <span class='ocrx_word' id='word_1_557' title='bbox 2375 3251 2801 3322; x_wconf 90' lang='lat' dir='ltr'><strong>incorruptione.</strong></span> <span class='ocrx_word' id='word_1_558' title='bbox 2832 3250 3029 3305; x_wconf 85' lang='lat' dir='ltr'><strong>Arnen.</strong></span> 
     </span>
    </p>
   </div>
   <div class='ocr_carea' id='block_1_64' title="bbox 1507 3363 2949 3440">
    <p class='ocr_par' dir='ltr' id='par_1_64' title="bbox 1507 3363 2949 3440">
     <span class='ocr_line' id='line_1_65' title="bbox 1507 3363 2949 3440; baseline -0.004 -16"><span class='ocrx_word' id='word_1_559' title='bbox 1507 3369 1737 3440; x_wconf 72' lang='lat' dir='ltr'><strong>Explicit</strong></span> <span class='ocrx_word' id='word_1_560' title='bbox 1771 3370 2012 3440; x_wconf 79' lang='lat' dir='ltr'><strong>Epistola</strong></span> <span class='ocrx_word' id='word_1_561' title='bbox 2044 3369 2105 3423; x_wconf 85' lang='grc' dir='ltr'><strong>Β.</strong></span> <span class='ocrx_word' id='word_1_562' title='bbox 2139 3369 2296 3424; x_wconf 82' lang='lat' dir='ltr'><strong>Pauli</strong></span> <span class='ocrx_word' id='word_1_563' title='bbox 2320 3368 2546 3438; x_wconf 78' lang='lat' dir='ltr'><strong>apostoli</strong></span> <span class='ocrx_word' id='word_1_564' title='bbox 2575 3363 2646 3421; x_wconf 80' lang='lat' dir='ltr'><strong>ad</strong></span> <span class='ocrx_word' id='word_1_565' title='bbox 2675 3363 2949 3436; x_wconf 78' lang='lat' dir='ltr'><strong>Ephesios.</strong></span> 
     </span>
    </p>
   </div>
   <div class='ocr_carea' id='block_1_65' title="bbox 662 3529 2182 3601">
    <p class='ocr_par' dir='ltr' id='par_1_65' title="bbox 662 3529 2182 3601">
     <span class='ocr_line' id='line_1_66' title="bbox 662 3529 2182 3601; baseline 0.001 -15"><span class='ocrx_word' id='word_1_566' title='bbox 662 3539 688 3569; x_wconf 71' lang='grc' dir='ltr'><strong>ο</strong></span> <span class='ocrx_word' id='word_1_567' title='bbox 732 3531 908 3601; x_wconf 80' lang='lat' dir='ltr'><strong>Atque</strong></span> <span class='ocrx_word' id='word_1_568' title='bbox 951 3531 1038 3586; x_wconf 81' lang='lat' dir='ltr'><strong>tiic</strong></span> <span class='ocrx_word' id='word_1_569' title='bbox 1083 3545 1280 3587; x_wconf 89' lang='lat' dir='ltr'><strong>nomen</strong></span> <span class='ocrx_word' id='word_1_570' title='bbox 1323 3530 1434 3584; x_wconf 75' lang='lat' dir='ltr'><strong>vita:</strong></span> <span class='ocrx_word' id='word_1_571' title='bbox 1481 3529 1759 3587; x_wconf 83' lang='lat' dir='ltr'><strong>Palatinus</strong></span> <span class='ocrx_word' id='word_1_572' title='bbox 1809 3547 1912 3587; x_wconf 90' lang='lat' dir='ltr'><strong>ms.</strong></span> <span class='ocrx_word' id='word_1_573' title='bbox 1976 3532 2182 3599; x_wconf 89' lang='lat' dir='ltr'><strong>pariter</strong></span> 
     </span>
    </p>
   </div>
   <div class='ocr_carea' id='block_1_66' title="bbox 587 3601 1514 3712">
    <p class='ocr_par' dir='ltr' id='par_1_66' title="bbox 587 3601 1514 3712">
     <span class='ocr_line' id='line_1_67' title="bbox 587 3601 1514 3712; baseline -0.002 -54"><span class='ocrx_word' id='word_1_574' title='bbox 587 3612 748 3712; x_wconf 63' lang='lat' dir='ltr'><strong>atque</strong></span> <span class='ocrx_word' id='word_1_575' title='bbox 778 3601 998 3684; x_wconf 61' lang='lat' dir='ltr'><strong>Gnecus</strong></span> <span class='ocrx_word' id='word_1_576' title='bbox 1030 3611 1217 3685; x_wconf 69' lang='lat' dir='ltr'><strong>textus</strong></span> <span class='ocrx_word' id='word_1_577' title='bbox 1247 3601 1514 3657; x_wconf 87' lang='lat' dir='ltr'><strong>nesciunt.</strong></span> 
     </span>
     <span class='ocr_line' id='line_1_68' title="bbox 722 3673 1514 3712; baseline 0 0"><span class='ocrx_word' id='word_1_578' title='bbox 722 3673 876 3712; x_wconf 65' lang='lat' dir='ltr'><strong>Athin</strong></span> <span class='ocrx_word' id='word_1_579' title='bbox 908 3683 964 3712; x_wconf 77' lang='lat' dir='ltr'><strong>ul</strong></span> <span class='ocrx_word' id='word_1_580' title='bbox 990 3673 1310 3712; x_wconf 67' lang='lat' dir='ltr'><strong>narltnnlam</strong></span> <span class='ocrx_word' id='word_1_581' title='bbox 1339 3687 1459 3712; x_wconf 71' lang='lat' dir='ltr'><strong>num</strong></span> <span class='ocrx_word' id='word_1_582' title='bbox 1503 3677 1514 3712; x_wconf 74' lang='grc' dir='ltr'><strong>Ι</strong></span> 
     </span>
    </p>
   </div>
   <div class='ocr_carea' id='block_1_67' title="bbox 716 3672 2180 3744">
    <p class='ocr_par' dir='ltr' id='par_1_67' title="bbox 716 3672 2180 3744">
     <span class='ocr_line' id='line_1_69' title="bbox 716 3672 2180 3744; baseline -0.001 -14"><span class='ocrx_word' id='word_1_583' title='bbox 716 3673 882 3730; x_wconf 77' lang='lat' dir='ltr'><strong>Addit</strong></span> <span class='ocrx_word' id='word_1_584' title='bbox 908 3683 964 3728; x_wconf 81' lang='lat' dir='ltr'><strong>ut</strong></span> <span class='ocrx_word' id='word_1_585' title='bbox 989 3673 1310 3744; x_wconf 87' lang='lat' dir='ltr'><strong>particulam</strong></span> <span class='ocrx_word' id='word_1_586' title='bbox 1339 3687 1461 3728; x_wconf 91' lang='lat' dir='ltr'><strong>cum</strong></span> <span class='ocrx_word' id='word_1_587' title='bbox 1503 3673 1696 3730; x_wconf 65' lang='lat' dir='ltr'><strong>Graeco</strong></span> <span class='ocrx_word' id='word_1_588' title='bbox 1741 3673 2041 3743; x_wconf 85' lang='lat' dir='ltr'><strong>archetypo</strong></span> <span class='ocrx_word' id='word_1_589' title='bbox 2079 3672 2180 3729; x_wconf 87' lang='lat' dir='ltr'><strong>Pa-</strong></span> 
     </span>
    </p>
   </div>
   <div class='ocr_carea' id='block_1_68' title="bbox 2289 3529 2873 3600">
    <p class='ocr_par' dir='ltr' id='par_1_68' title="bbox 2289 3529 2873 3600">
     <span class='ocr_line' id='line_1_70' title="bbox 2289 3529 2873 3600; baseline -0.007 -14"><span class='ocrx_word' id='word_1_590' title='bbox 2289 3529 2494 3587; x_wconf 89' lang='lat' dir='ltr'><strong>latinus</strong></span> <span class='ocrx_word' id='word_1_591' title='bbox 2519 3543 2732 3600; x_wconf 87' lang='lat' dir='ltr'><strong>quoque</strong></span> <span class='ocrx_word' id='word_1_592' title='bbox 2762 3542 2873 3583; x_wconf 91' lang='lat' dir='ltr'><strong>ms.</strong></span> 
     </span>
    </p>
   </div>
   <div class='ocr_carea' id='block_1_69' title="bbox 2363 3588 3846 3669">
    <p class='ocr_par' dir='ltr' id='par_1_69' title="bbox 2363 3588 3846 3669">
     <span class='ocr_line' id='line_1_71' title="bbox 2363 3588 3846 3669; baseline -0.01 -12"><span class='ocrx_word' id='word_1_593' title='bbox 2363 3612 2386 3639; x_wconf 75' lang='grc' dir='ltr'><strong>ε</strong></span> <span class='ocrx_word' id='word_1_594' title='bbox 2407 3588 2572 3656; x_wconf 75' lang='lat' dir='ltr'><strong>Tacet</strong></span> <span class='ocrx_word' id='word_1_595' title='bbox 2599 3588 2792 3654; x_wconf 72' lang='lat' dir='ltr'><strong>iterum</strong></span> <span class='ocrx_word' id='word_1_596' title='bbox 2823 3613 2947 3654; x_wconf 87' lang='lat' dir='ltr'><strong>cum</strong></span> <span class='ocrx_word' id='word_1_597' title='bbox 2967 3595 3159 3654; x_wconf 69' lang='lat' dir='ltr'><strong>Grmco</strong></span> <span class='ocrx_word' id='word_1_598' title='bbox 3188 3605 3335 3654; x_wconf 80' lang='lat' dir='ltr'><strong>textu</strong></span> <span class='ocrx_word' id='word_1_599' title='bbox 3363 3610 3667 3669; x_wconf 82' lang='lat' dir='ltr'><strong>pronomen</strong></span> <span class='ocrx_word' id='word_1_600' title='bbox 3683 3608 3762 3648; x_wconf 71' lang='lat' dir='ltr'><strong>vos</strong></span> <span class='ocrx_word' id='word_1_601' title='bbox 3780 3588 3846 3644; x_wconf 83' lang='lat' dir='ltr'><strong>hic</strong></span> 
     </span>
    </p>
   </div>
   <div class='ocr_carea' id='block_1_70' title="bbox 2288 3671 2833 3728">
    <p class='ocr_par' dir='ltr' id='par_1_70' title="bbox 2288 3671 2833 3728">
     <span class='ocr_line' id='line_1_72' title="bbox 2288 3671 2833 3728; baseline -0.006 -2"><span class='ocrx_word' id='word_1_602' title='bbox 2288 3672 2393 3728; x_wconf 93' lang='lat' dir='ltr'><strong>loci</strong></span> <span class='ocrx_word' id='word_1_603' title='bbox 2422 3671 2699 3727; x_wconf 80' lang='lat' dir='ltr'><strong>Palatinus</strong></span> <span class='ocrx_word' id='word_1_604' title='bbox 2728 3683 2833 3724; x_wconf 89' lang='lat' dir='ltr'><strong>ms.</strong></span> 
     </span>
    </p>
   </div>
   <div class='ocr_carea' id='block_1_71' title="bbox 1341 3930 3139 4049">
    <p class='ocr_par' dir='ltr' id='par_1_71' title="bbox 1341 3930 3139 4049">
     <span class='ocr_line' id='line_1_73' title="bbox 1341 3930 3139 4049; baseline 0.003 -5"><span class='ocrx_word' id='word_1_605' title='bbox 1341 3932 1519 4046; x_wconf 81' lang='grc' dir='ltr'><strong>Β.</strong></span> <span class='ocrx_word' id='word_1_606' title='bbox 1599 3932 2167 4049; x_wconf 72' lang='lat' dir='ltr'><strong>PAULI</strong></span> <span class='ocrx_word' id='word_1_607' title='bbox 2239 3930 3139 4049; x_wconf 72' lang='lat' dir='ltr'><strong>APOSTOLI</strong></span> 
     </span>
    </p>
   </div>
   <div class='ocr_carea' id='block_1_72' title="bbox 2106 4127 2397 4192">
    <p class='ocr_par' dir='ltr' id='par_1_72' title="bbox 2106 4127 2397 4192">
     <span class='ocr_line' id='line_1_74' title="bbox 2106 4127 2397 4192; baseline -0.007 -2"><span class='ocrx_word' id='word_1_608' title='bbox 2106 4127 2397 4192; x_wconf 81' lang='lat' dir='ltr'><strong>INCIPIT</strong></span> 
     </span>
    </p>
   </div>
   <div class='ocr_carea' id='block_1_73' title="bbox 768 4286 3687 4441">
    <p class='ocr_par' dir='ltr' id='par_1_73' title="bbox 768 4286 3687 4441">
     <span class='ocr_line' id='line_1_75' title="bbox 768 4286 3687 4441; baseline -0.002 -8"><span class='ocrx_word' id='word_1_609' title='bbox 768 4288 1761 4441; x_wconf 69' lang='lat' dir='ltr'><strong>EPISTULA</strong></span> <span class='ocrx_word' id='word_1_610' title='bbox 1841 4292 2121 4438; x_wconf 89' lang='lat' dir='ltr'><strong>AD</strong></span> <span class='ocrx_word' id='word_1_611' title='bbox 2221 4286 3687 4437; x_wconf 86' lang='lat' dir='ltr'><strong>PHILIPPENSES.</strong></span> 
     </span>
    </p>
   </div>
   <div class='ocr_carea' id='block_1_74' title="bbox 657 4669 3839 4748">
    <p class='ocr_par' dir='ltr' id='par_1_74' title="bbox 657 4669 3839 4748">
     <span class='ocr_line' id='line_1_76' title="bbox 657 4669 3839 4748; baseline -0.002 -18"><span class='ocrx_word' id='word_1_612' title='bbox 657 4672 808 4748; x_wconf 86' lang='lat' dir='ltr'><strong>[Cap.</strong></span> <span class='ocrx_word' id='word_1_613' title='bbox 838 4671 904 4746; x_wconf 91' lang='grc'><strong>1.]</strong></span> <span class='ocrx_word' id='word_1_614' title='bbox 932 4671 1136 4729; x_wconf 85' lang='lat' dir='ltr'><strong>Paulus</strong></span> <span class='ocrx_word' id='word_1_615' title='bbox 1179 4680 1235 4729; x_wconf 90' lang='lat' dir='ltr'><strong>et</strong></span> <span class='ocrx_word' id='word_1_616' title='bbox 1261 4671 1604 4742; x_wconf 86' lang='lat' dir='ltr'><strong>Timotheus,</strong></span> <span class='ocrx_word' id='word_1_617' title='bbox 1631 4673 1779 4730; x_wconf 87' lang='lat' dir='ltr'><strong>servi</strong></span> <span class='ocrx_word' id='word_1_618' title='bbox 1800 4673 1928 4730; x_wconf 79' lang='lat' dir='ltr'><strong>Iesu</strong></span> <span class='ocrx_word' id='word_1_619' title='bbox 1949 4671 2177 4745; x_wconf 88' lang='lat' dir='ltr'><strong>Christi,</strong></span> <span class='ocrx_word' id='word_1_620' title='bbox 2206 4683 2261 4744; x_wconf 81' lang='lat'><strong>1)</strong></span> <span class='ocrx_word' id='word_1_621' title='bbox 2285 4674 2428 4746; x_wconf 90' lang='lat' dir='ltr'><strong>quod</strong></span> <span class='ocrx_word' id='word_1_622' title='bbox 2453 4674 2678 4730; x_wconf 85' lang='lat' dir='ltr'><strong>habeam</strong></span> <span class='ocrx_word' id='word_1_623' title='bbox 2713 4688 2812 4732; x_wconf 82' lang='lat' dir='ltr'><strong>vos</strong></span> <span class='ocrx_word' id='word_1_624' title='bbox 2842 4674 2896 4730; x_wconf 91' lang='lat' dir='ltr'><strong>in</strong></span> <span class='ocrx_word' id='word_1_625' title='bbox 2923 4673 3111 4744; x_wconf 86' lang='lat' dir='ltr'><strong>corde,</strong></span> <span class='ocrx_word' id='word_1_626' title='bbox 3137 4683 3195 4732; x_wconf 87' lang='lat' dir='ltr'><strong>et</strong></span> <span class='ocrx_word' id='word_1_627' title='bbox 3219 4676 3272 4731; x_wconf 93' lang='lat' dir='ltr'><strong>in</strong></span> <span class='ocrx_word' id='word_1_628' title='bbox 3298 4674 3534 4732; x_wconf 88' lang='lat' dir='ltr'><strong>vinculis</strong></span> <span class='ocrx_word' id='word_1_629' title='bbox 3556 4673 3701 4738; x_wconf 86' lang='lat' dir='ltr'><strong>meis,</strong></span> <span class='ocrx_word' id='word_1_630' title='bbox 3725 4669 3839 4726; x_wconf 86' lang='lat' dir='ltr'><strong>etin</strong></span> 
     </span>
    </p>
   </div>
   <div class='ocr_carea' id='block_1_75' title="bbox 584 4761 2177 4839">
    <p class='ocr_par' dir='ltr' id='par_1_75' title="bbox 584 4761 2177 4839">
     <span class='ocr_line' id='line_1_77' title="bbox 584 4761 2177 4839; baseline 0 -16"><span class='ocrx_word' id='word_1_631' title='bbox 584 4764 837 4823; x_wconf 84' lang='lat' dir='ltr'><strong>omnibus</strong></span> <span class='ocrx_word' id='word_1_632' title='bbox 857 4764 1062 4819; x_wconf 79' lang='lat' dir='ltr'><strong>sanctis</strong></span> <span class='ocrx_word' id='word_1_633' title='bbox 1087 4764 1140 4819; x_wconf 92' lang='lat' dir='ltr'><strong>in</strong></span> <span class='ocrx_word' id='word_1_634' title='bbox 1167 4761 1385 4819; x_wconf 74' lang='lat' dir='ltr'><strong>Christo</strong></span> <span class='ocrx_word' id='word_1_635' title='bbox 1410 4763 1563 4830; x_wconf 86' lang='lat' dir='ltr'><strong>Iesu,</strong></span> <span class='ocrx_word' id='word_1_636' title='bbox 1595 4765 1686 4835; x_wconf 92' lang='lat' dir='ltr'><strong>qui</strong></span> <span class='ocrx_word' id='word_1_637' title='bbox 1735 4773 1863 4820; x_wconf 86' lang='lat' dir='ltr'><strong>sunt</strong></span> <span class='ocrx_word' id='word_1_638' title='bbox 1889 4763 2177 4839; x_wconf 85' lang='lat' dir='ltr'><strong>Philippis,</strong></span> 
     </span>
    </p>
   </div>
   <div class='ocr_carea' id='block_1_76' title="bbox 581 4856 2181 4928">
    <p class='ocr_par' dir='ltr' id='par_1_76' title="bbox 581 4856 2181 4928">
     <span class='ocr_line' id='line_1_78' title="bbox 581 4856 2181 4928; baseline 0.004 -16"><span class='ocrx_word' id='word_1_639' title='bbox 581 4873 705 4914; x_wconf 87' lang='lat' dir='ltr'><strong>cum</strong></span> <span class='ocrx_word' id='word_1_640' title='bbox 734 4857 1024 4928; x_wconf 81' lang='lat' dir='ltr'><strong>episcOpis,</strong></span> <span class='ocrx_word' id='word_1_641' title='bbox 1049 4866 1104 4913; x_wconf 91' lang='lat' dir='ltr'><strong>et</strong></span> <span class='ocrx_word' id='word_1_642' title='bbox 1147 4856 1488 4913; x_wconf 87' lang='lat' dir='ltr'><strong>diaconibus.</strong></span> <span class='ocrx_word' id='word_1_643' title='bbox 1521 4856 1706 4913; x_wconf 85' lang='lat' dir='ltr'><strong>Gratia</strong></span> <span class='ocrx_word' id='word_1_644' title='bbox 1750 4857 1906 4914; x_wconf 86' lang='lat' dir='ltr'><strong>vobis</strong></span> <span class='ocrx_word' id='word_1_645' title='bbox 1932 4867 1988 4915; x_wconf 90' lang='lat' dir='ltr'><strong>et</strong></span> <span class='ocrx_word' id='word_1_646' title='bbox 2017 4876 2119 4928; x_wconf 85' lang='lat' dir='ltr'><strong>pax</strong></span> <span class='ocrx_word' id='word_1_647' title='bbox 2147 4877 2181 4918; x_wconf 88' lang='lat' dir='ltr'><strong>a</strong></span> 
     </span>
    </p>
   </div>
   <div class='ocr_carea' id='block_1_77' title="bbox 583 4948 2180 5016">
    <p class='ocr_par' dir='ltr' id='par_1_77' title="bbox 583 4948 2180 5016">
     <span class='ocr_line' id='line_1_79' title="bbox 583 4948 2180 5016; baseline 0.003 -11"><span class='ocrx_word' id='word_1_648' title='bbox 583 4951 696 5008; x_wconf 92' lang='lat' dir='ltr'><strong>Deo</strong></span> <span class='ocrx_word' id='word_1_649' title='bbox 726 4950 886 5006; x_wconf 89' lang='lat' dir='ltr'><strong>Patre</strong></span> <span class='ocrx_word' id='word_1_650' title='bbox 914 4959 1124 5016; x_wconf 89' lang='lat' dir='ltr'><strong>nostro,</strong></span> <span class='ocrx_word' id='word_1_651' title='bbox 1157 4958 1214 5005; x_wconf 90' lang='lat' dir='ltr'><strong>et</strong></span> <span class='ocrx_word' id='word_1_652' title='bbox 1249 4949 1476 5005; x_wconf 92' lang='lat' dir='ltr'><strong>Domino</strong></span> <span class='ocrx_word' id='word_1_653' title='bbox 1505 4948 1633 5006; x_wconf 87' lang='lat' dir='ltr'><strong>Iesu</strong></span> <span class='ocrx_word' id='word_1_654' title='bbox 1671 4949 1910 5006; x_wconf 88' lang='lat' dir='ltr'><strong>Christo.</strong></span> <span class='ocrx_word' id='word_1_655' title='bbox 1966 4950 2180 5010; x_wconf 85' lang='lat' dir='ltr'><strong>Gratias</strong></span> 
     </span>
    </p>
   </div>
   <div class='ocr_carea' id='block_1_78' title="bbox 578 5040 2180 5115">
    <p class='ocr_par' dir='ltr' id='par_1_78' title="bbox 578 5040 2180 5115">
     <span class='ocr_line' id='line_1_80' title="bbox 578 5040 2180 5115; baseline 0.004 -20"><span class='ocrx_word' id='word_1_656' title='bbox 578 5056 681 5113; x_wconf 83' lang='lat' dir='ltr'><strong>ago</strong></span> <span class='ocrx_word' id='word_1_657' title='bbox 711 5044 821 5098; x_wconf 90' lang='lat' dir='ltr'><strong>Deo</strong></span> <span class='ocrx_word' id='word_1_658' title='bbox 866 5057 990 5098; x_wconf 88' lang='lat' dir='ltr'><strong>meo</strong></span> <span class='ocrx_word' id='word_1_659' title='bbox 1037 5041 1092 5096; x_wconf 92' lang='lat' dir='ltr'><strong>in</strong></span> <span class='ocrx_word' id='word_1_660' title='bbox 1124 5041 1272 5096; x_wconf 91' lang='lat' dir='ltr'><strong>omni</strong></span> <span class='ocrx_word' id='word_1_661' title='bbox 1322 5040 1584 5103; x_wconf 88' lang='lat' dir='ltr'><strong>memoria</strong></span> <span class='ocrx_word' id='word_1_662' title='bbox 1637 5043 1830 5112; x_wconf 89' lang='lat' dir='ltr'><strong>vestri,</strong></span> <span class='ocrx_word' id='word_1_663' title='bbox 1880 5059 2099 5115; x_wconf 86' lang='lat' dir='ltr'><strong>semper</strong></span> <span class='ocrx_word' id='word_1_664' title='bbox 2127 5047 2180 5102; x_wconf 88' lang='lat' dir='ltr'><strong>in</strong></span> 
     </span>
    </p>
   </div>
   <div class='ocr_carea' id='block_1_79' title="bbox 576 5132 2177 5204">
    <p class='ocr_par' dir='ltr' id='par_1_79' title="bbox 576 5132 2177 5204">
     <span class='ocr_line' id='line_1_81' title="bbox 576 5132 2177 5204; baseline 0.004 -17"><span class='ocrx_word' id='word_1_665' title='bbox 576 5133 788 5188; x_wconf 87' lang='lat' dir='ltr'><strong>cunctis</strong></span> <span class='ocrx_word' id='word_1_666' title='bbox 833 5132 1169 5188; x_wconf 86' lang='lat' dir='ltr'><strong>orationibus</strong></span> <span class='ocrx_word' id='word_1_667' title='bbox 1203 5133 1338 5188; x_wconf 86' lang='lat' dir='ltr'><strong>meis</strong></span> <span class='ocrx_word' id='word_1_668' title='bbox 1396 5149 1495 5204; x_wconf 90' lang='lat' dir='ltr'><strong>pro</strong></span> <span class='ocrx_word' id='word_1_669' title='bbox 1541 5135 1792 5191; x_wconf 86' lang='lat' dir='ltr'><strong>omnibus</strong></span> <span class='ocrx_word' id='word_1_670' title='bbox 1841 5137 2020 5201; x_wconf 86' lang='lat' dir='ltr'><strong>vobis,</strong></span> <span class='ocrx_word' id='word_1_671' title='bbox 2051 5152 2177 5193; x_wconf 91' lang='lat' dir='ltr'><strong>cum</strong></span> 
     </span>
    </p>
   </div>
   <div class='ocr_carea' id='block_1_80' title="bbox 575 5223 2178 5295">
    <p class='ocr_par' dir='ltr' id='par_1_80' title="bbox 575 5223 2178 5295">
     <span class='ocr_line' id='line_1_82' title="bbox 575 5223 2178 5295; baseline 0.004 -17"><span class='ocrx_word' id='word_1_672' title='bbox 575 5224 772 5294; x_wconf 84' lang='lat' dir='ltr'><strong>gaudio</strong></span> <span class='ocrx_word' id='word_1_673' title='bbox 796 5223 1239 5294; x_wconf 85' lang='lat' dir='ltr'><strong>deprecationem</strong></span> <span class='ocrx_word' id='word_1_674' title='bbox 1269 5223 1478 5282; x_wconf 78' lang='lat' dir='ltr'><strong>faciens</strong></span> <span class='ocrx_word' id='word_1_675' title='bbox 1503 5241 1666 5295; x_wconf 87' lang='lat' dir='ltr'><strong>super</strong></span> <span class='ocrx_word' id='word_1_676' title='bbox 1682 5230 2178 5285; x_wconf 87' lang='lat' dir='ltr'><strong>communicatione</strong></span> 
     </span>
    </p>
   </div>
   <div class='ocr_carea' id='block_1_81' title="bbox 575 5313 2172 5390">
    <p class='ocr_par' dir='ltr' id='par_1_81' title="bbox 575 5313 2172 5390">
     <span class='ocr_line' id='line_1_83' title="bbox 575 5313 2172 5390; baseline 0.004 -22"><span class='ocrx_word' id='word_1_677' title='bbox 575 5323 756 5370; x_wconf 87' lang='lat' dir='ltr'><strong>vestra</strong></span> <span class='ocrx_word' id='word_1_678' title='bbox 789 5315 840 5369; x_wconf 94' lang='lat' dir='ltr'><strong>in</strong></span> <span class='ocrx_word' id='word_1_679' title='bbox 866 5313 1163 5387; x_wconf 83' lang='lat' dir='ltr'><strong>Evangelio</strong></span> <span class='ocrx_word' id='word_1_680' title='bbox 1180 5324 1204 5352; x_wconf 75' lang='grc'>⁸</span> <span class='ocrx_word' id='word_1_681' title='bbox 1222 5314 1422 5372; x_wconf 85' lang='lat' dir='ltr'><strong>Christi</strong></span> <span class='ocrx_word' id='word_1_682' title='bbox 1445 5331 1475 5372; x_wconf 89' lang='lat' dir='ltr'><strong>a</strong></span> <span class='ocrx_word' id='word_1_683' title='bbox 1499 5319 1668 5386; x_wconf 89' lang='lat' dir='ltr'><strong>prima</strong></span> <span class='ocrx_word' id='word_1_684' title='bbox 1691 5318 1779 5375; x_wconf 91' lang='lat' dir='ltr'><strong>die</strong></span> <span class='ocrx_word' id='word_1_685' title='bbox 1808 5334 1977 5390; x_wconf 86' lang='lat' dir='ltr'><strong>usque</strong></span> <span class='ocrx_word' id='word_1_686' title='bbox 2007 5336 2172 5376; x_wconf 92' lang='lat' dir='ltr'><strong>nunc.</strong></span> 
     </span>
    </p>
   </div>
   <div class='ocr_carea' id='block_1_82' title="bbox 570 5403 2173 5482">
    <p class='ocr_par' dir='ltr' id='par_1_82' title="bbox 570 5403 2173 5482">
     <span class='ocr_line' id='line_1_84' title="bbox 570 5403 2173 5482; baseline 0.005 -22"><span class='ocrx_word' id='word_1_687' title='bbox 570 5403 861 5461; x_wconf 84' lang='lat' dir='ltr'><strong>Conﬁdens</strong></span> <span class='ocrx_word' id='word_1_688' title='bbox 889 5407 991 5462; x_wconf 91' lang='lat' dir='ltr'><strong>hoc</strong></span> <span class='ocrx_word' id='word_1_689' title='bbox 1029 5407 1228 5478; x_wconf 88' lang='lat' dir='ltr'><strong>ipsum,</strong></span> <span class='ocrx_word' id='word_1_690' title='bbox 1277 5408 1402 5480; x_wconf 88' lang='lat' dir='ltr'><strong>quia</strong></span> <span class='ocrx_word' id='word_1_691' title='bbox 1435 5408 1529 5478; x_wconf 92' lang='lat' dir='ltr'><strong>qui</strong></span> <span class='ocrx_word' id='word_1_692' title='bbox 1557 5410 1724 5481; x_wconf 63' lang='lat' dir='ltr'><strong>coepit</strong></span> <span class='ocrx_word' id='word_1_693' title='bbox 1752 5411 1803 5466; x_wconf 90' lang='lat' dir='ltr'><strong>in</strong></span> <span class='ocrx_word' id='word_1_694' title='bbox 1857 5411 2012 5467; x_wconf 78' lang='lat' dir='ltr'><strong>vobis</strong></span> <span class='ocrx_word' id='word_1_695' title='bbox 2037 5427 2173 5482; x_wconf 89' lang='lat' dir='ltr'><strong>opus</strong></span> 
     </span>
    </p>
   </div>
   <div class='ocr_carea' id='block_1_83' title="bbox 579 5495 2174 5572">
    <p class='ocr_par' dir='ltr' id='par_1_83' title="bbox 579 5495 2174 5572">
     <span class='ocr_line' id='line_1_85' title="bbox 579 5495 2174 5572; baseline 0.008 -21"><span class='ocrx_word' id='word_1_696' title='bbox 579 5495 1070 5570; x_wconf 84' lang='lat' dir='ltr'><strong>bonum,perliciet</strong></span> <span class='ocrx_word' id='word_1_697' title='bbox 1120 5514 1295 5572; x_wconf 86' lang='lat' dir='ltr'><strong>usque</strong></span> <span class='ocrx_word' id='word_1_698' title='bbox 1342 5501 1396 5555; x_wconf 92' lang='lat' dir='ltr'><strong>in</strong></span> <span class='ocrx_word' id='word_1_699' title='bbox 1425 5500 1568 5558; x_wconf 89' lang='lat' dir='ltr'><strong>diem</strong></span> <span class='ocrx_word' id='word_1_700' title='bbox 1599 5503 1799 5559; x_wconf 89' lang='lat' dir='ltr'><strong>Christi</strong></span> <span class='ocrx_word' id='word_1_701' title='bbox 1841 5503 1988 5561; x_wconf 89' lang='lat' dir='ltr'><strong>Iesu.</strong></span> <span class='ocrx_word' id='word_1_702' title='bbox 2021 5505 2174 5563; x_wconf 87' lang='lat' dir='ltr'><strong>Sicut</strong></span> 
     </span>
    </p>
   </div>
   <div class='ocr_carea' id='block_1_84' title="bbox 573 5577 2172 5666">
    <p class='ocr_par' dir='ltr' id='par_1_84' title="bbox 573 5577 2172 5666">
     <span class='ocr_line' id='line_1_86' title="bbox 573 5577 2172 5666; baseline 0.009 -24"><span class='ocrx_word' id='word_1_703' title='bbox 573 5599 655 5646; x_wconf 79' lang='lat' dir='ltr'><strong>est</strong></span> <span class='ocrx_word' id='word_1_704' title='bbox 684 5591 817 5650; x_wconf 88' lang='lat' dir='ltr'><strong>mihi</strong></span> <span class='ocrx_word' id='word_1_705' title='bbox 849 5592 1054 5663; x_wconf 83' lang='lat' dir='ltr'><strong>justum</strong></span> <span class='ocrx_word' id='word_1_706' title='bbox 1094 5593 1198 5650; x_wconf 89' lang='lat' dir='ltr'><strong>hoc</strong></span> <span class='ocrx_word' id='word_1_707' title='bbox 1226 5577 1433 5652; x_wconf 76' lang='lat' dir='ltr'><strong>sentire</strong></span> <span class='ocrx_word' id='word_1_708' title='bbox 1456 5610 1560 5666; x_wconf 89' lang='lat' dir='ltr'><strong>pro</strong></span> <span class='ocrx_word' id='word_1_709' title='bbox 1587 5596 1842 5654; x_wconf 88' lang='lat' dir='ltr'><strong>omnibus</strong></span> <span class='ocrx_word' id='word_1_710' title='bbox 1875 5598 2031 5655; x_wconf 81' lang='lat' dir='ltr'><strong>vobis</strong></span> <span class='ocrx_word' id='word_1_711' title='bbox 2063 5615 2076 5654; x_wconf 91' lang='lat'><strong>:</strong></span> <span class='ocrx_word' id='word_1_712' title='bbox 2104 5614 2172 5656; x_wconf 91' lang='lat' dir='ltr'><strong>eo</strong></span> 
     </span>
    </p>
   </div>
   <div class='ocr_carea' id='block_1_85' title="bbox 2285 4758 3838 4840">
    <p class='ocr_par' dir='ltr' id='par_1_85' title="bbox 2285 4758 3838 4840">
     <span class='ocr_line' id='line_1_87' title="bbox 2285 4758 3838 4840; baseline -0.006 -18"><span class='ocrx_word' id='word_1_713' title='bbox 2285 4766 2626 4833; x_wconf 83' lang='lat' dir='ltr'><strong>defensione,</strong></span> <span class='ocrx_word' id='word_1_714' title='bbox 2648 4775 2704 4824; x_wconf 90' lang='lat' dir='ltr'><strong>et</strong></span> <span class='ocrx_word' id='word_1_715' title='bbox 2727 4767 3142 4823; x_wconf 84' lang='lat' dir='ltr'><strong>conﬁrmatione</strong></span> <span class='ocrx_word' id='word_1_716' title='bbox 3165 4767 3466 4840; x_wconf 87' lang='lat' dir='ltr'><strong>Evangelii.</strong></span> <span class='ocrx_word' id='word_1_717' title='bbox 3495 4767 3671 4824; x_wconf 87' lang='lat' dir='ltr'><strong>socios</strong></span> <span class='ocrx_word' id='word_1_718' title='bbox 3688 4758 3838 4834; x_wconf 78' lang='lat' dir='ltr'><strong>gaudii</strong></span> 
     </span>
    </p>
   </div>
   <div class='ocr_carea' id='block_1_86' title="bbox 2284 4855 3836 4918">
    <p class='ocr_par' dir='ltr' id='par_1_86' title="bbox 2284 4855 3836 4918">
     <span class='ocr_line' id='line_1_88' title="bbox 2284 4855 3836 4918; baseline -0.005 -3"><span class='ocrx_word' id='word_1_719' title='bbox 2284 4861 2390 4915; x_wconf 89' lang='lat' dir='ltr'><strong>mei</strong></span> <span class='ocrx_word' id='word_1_720' title='bbox 2419 4875 2611 4916; x_wconf 88' lang='lat' dir='ltr'><strong>omnes</strong></span> <span class='ocrx_word' id='word_1_721' title='bbox 2644 4874 2740 4915; x_wconf 88' lang='lat' dir='ltr'><strong>vos</strong></span> <span class='ocrx_word' id='word_1_722' title='bbox 2769 4874 2911 4916; x_wconf 88' lang='lat' dir='ltr'><strong>esse.</strong></span> <span class='ocrx_word' id='word_1_723' title='bbox 2967 4859 3145 4918; x_wconf 87' lang='lat' dir='ltr'><strong>Testis</strong></span> <span class='ocrx_word' id='word_1_724' title='bbox 3197 4861 3342 4916; x_wconf 87' lang='lat' dir='ltr'><strong>enim</strong></span> <span class='ocrx_word' id='word_1_725' title='bbox 3395 4859 3529 4916; x_wconf 90' lang='lat' dir='ltr'><strong>mihi</strong></span> <span class='ocrx_word' id='word_1_726' title='bbox 3573 4866 3649 4914; x_wconf 88' lang='lat' dir='ltr'><strong>est</strong></span> <span class='ocrx_word' id='word_1_727' title='bbox 3701 4855 3836 4917; x_wconf 83' lang='lat' dir='ltr'><strong>Deus,</strong></span> 
     </span>
    </p>
   </div>
   <div class='ocr_carea' id='block_1_87' title="bbox 2289 4945 3838 5023">
    <p class='ocr_par' dir='ltr' id='par_1_87' title="bbox 2289 4945 3838 5023">
     <span class='ocr_line' id='line_1_89' title="bbox 2289 4945 3838 5023; baseline -0.006 -16"><span class='ocrx_word' id='word_1_728' title='bbox 2289 4952 2565 5023; x_wconf 90' lang='lat' dir='ltr'><strong>quomodo</strong></span> <span class='ocrx_word' id='word_1_729' title='bbox 2615 4952 2830 5023; x_wconf 85' lang='lat' dir='ltr'><strong>cupiam</strong></span> <span class='ocrx_word' id='word_1_730' title='bbox 2893 4966 3084 5009; x_wconf 87' lang='lat' dir='ltr'><strong>omnes</strong></span> <span class='ocrx_word' id='word_1_731' title='bbox 3135 4967 3235 5010; x_wconf 87' lang='lat' dir='ltr'><strong>vos</strong></span> <span class='ocrx_word' id='word_1_732' title='bbox 3295 4953 3349 5009; x_wconf 90' lang='lat' dir='ltr'><strong>in</strong></span> <span class='ocrx_word' id='word_1_733' title='bbox 3389 4951 3683 5010; x_wconf 86' lang='lat' dir='ltr'><strong>visceribus</strong></span> <span class='ocrx_word' id='word_1_734' title='bbox 3731 4945 3838 5002; x_wconf 86' lang='lat' dir='ltr'><strong>Iesu</strong></span> 
     </span>
    </p>
   </div>
   <div class='ocr_carea' id='block_1_88' title="bbox 2280 5041 3838 5116">
    <p class='ocr_par' dir='ltr' id='par_1_88' title="bbox 2280 5041 3838 5116">
     <span class='ocr_line' id='line_1_90' title="bbox 2280 5041 3838 5116; baseline -0.003 -18"><span class='ocrx_word' id='word_1_735' title='bbox 2280 5041 2506 5098; x_wconf 88' lang='lat' dir='ltr'><strong>Christi.</strong></span> <span class='ocrx_word' id='word_1_736' title='bbox 2541 5043 2608 5100; x_wconf 88' lang='lat' dir='ltr'><strong>Et</strong></span> <span class='ocrx_word' id='word_1_737' title='bbox 2633 5045 2736 5101; x_wconf 89' lang='lat' dir='ltr'><strong>hoc</strong></span> <span class='ocrx_word' id='word_1_738' title='bbox 2763 5059 2881 5110; x_wconf 89' lang='lat' dir='ltr'><strong>oro,</strong></span> <span class='ocrx_word' id='word_1_739' title='bbox 2914 5056 2971 5100; x_wconf 91' lang='lat' dir='ltr'><strong>ut</strong></span> <span class='ocrx_word' id='word_1_740' title='bbox 3005 5044 3242 5101; x_wconf 88' lang='lat' dir='ltr'><strong>charitas</strong></span> <span class='ocrx_word' id='word_1_741' title='bbox 3259 5054 3439 5101; x_wconf 83' lang='lat' dir='ltr'><strong>vestra</strong></span> <span class='ocrx_word' id='word_1_742' title='bbox 3465 5043 3630 5116; x_wconf 87' lang='lat' dir='ltr'><strong>magis</strong></span> <span class='ocrx_word' id='word_1_743' title='bbox 3656 5055 3716 5096; x_wconf 90' lang='lat' dir='ltr'><strong>ac</strong></span> <span class='ocrx_word' id='word_1_744' title='bbox 3741 5051 3838 5094; x_wconf 82' lang='lat' dir='ltr'><strong>ma-</strong></span> 
     </span>
    </p>
   </div>
   <div class='ocr_carea' id='block_1_89' title="bbox 2281 5127 3833 5210">
    <p class='ocr_par' dir='ltr' id='par_1_89' title="bbox 2281 5127 3833 5210">
     <span class='ocr_line' id='line_1_91' title="bbox 2281 5127 3833 5210; baseline -0.006 -18"><span class='ocrx_word' id='word_1_745' title='bbox 2281 5135 2365 5208; x_wconf 82' lang='lat' dir='ltr'><strong>gis</strong></span> <span class='ocrx_word' id='word_1_746' title='bbox 2395 5137 2633 5193; x_wconf 87' lang='lat' dir='ltr'><strong>abundet</strong></span> <span class='ocrx_word' id='word_1_747' title='bbox 2665 5137 2718 5192; x_wconf 94' lang='lat' dir='ltr'><strong>in</strong></span> <span class='ocrx_word' id='word_1_748' title='bbox 2753 5137 2880 5210; x_wconf 80' lang='lat' dir='ltr'><strong>[Ms.</strong></span> <span class='ocrx_word' id='word_1_749' title='bbox 2911 5139 3036 5193; x_wconf 84' lang='lat' dir='ltr'><strong>add.</strong></span> <span class='ocrx_word' id='word_1_750' title='bbox 3069 5136 3235 5208; x_wconf 80' lang='lat' dir='ltr'><strong>omni]</strong></span> <span class='ocrx_word' id='word_1_751' title='bbox 3265 5139 3515 5206; x_wconf 86' lang='lat' dir='ltr'><strong>scientia,</strong></span> <span class='ocrx_word' id='word_1_752' title='bbox 3545 5145 3594 5194; x_wconf 89' lang='lat' dir='ltr'><strong>et</strong></span> <span class='ocrx_word' id='word_1_753' title='bbox 3617 5136 3668 5190; x_wconf 89' lang='lat' dir='ltr'><strong>in</strong></span> <span class='ocrx_word' id='word_1_754' title='bbox 3712 5127 3833 5187; x_wconf 87' lang='lat' dir='ltr'><strong>omni</strong></span> 
     </span>
    </p>
   </div>
   <div class='ocr_carea' id='block_1_90' title="bbox 2281 5224 3832 5299">
    <p class='ocr_par' dir='ltr' id='par_1_90' title="bbox 2281 5224 3832 5299">
     <span class='ocr_line' id='line_1_92' title="bbox 2281 5224 3832 5299; baseline -0.003 -18"><span class='ocrx_word' id='word_1_755' title='bbox 2281 5241 2448 5282; x_wconf 89' lang='lat' dir='ltr'><strong>sensu</strong></span> <span class='ocrx_word' id='word_1_756' title='bbox 2479 5247 2492 5282; x_wconf 88' lang='lat'><strong>:</strong></span> <span class='ocrx_word' id='word_1_757' title='bbox 2521 5238 2580 5283; x_wconf 90' lang='lat' dir='ltr'><strong>ut</strong></span> <span class='ocrx_word' id='word_1_758' title='bbox 2604 5230 2842 5299; x_wconf 88' lang='lat' dir='ltr'><strong>probetis</strong></span> <span class='ocrx_word' id='word_1_759' title='bbox 2873 5231 3104 5299; x_wconf 89' lang='lat' dir='ltr'><strong>potiora,</strong></span> <span class='ocrx_word' id='word_1_760' title='bbox 3135 5239 3196 5284; x_wconf 90' lang='lat' dir='ltr'><strong>ut</strong></span> <span class='ocrx_word' id='word_1_761' title='bbox 3245 5229 3362 5284; x_wconf 89' lang='lat' dir='ltr'><strong>sitis</strong></span> <span class='ocrx_word' id='word_1_762' title='bbox 3396 5229 3614 5290; x_wconf 86' lang='lat' dir='ltr'><strong>sinceri,</strong></span> <span class='ocrx_word' id='word_1_763' title='bbox 3661 5235 3715 5281; x_wconf 89' lang='lat' dir='ltr'><strong>et</strong></span> <span class='ocrx_word' id='word_1_764' title='bbox 3738 5224 3832 5277; x_wconf 84' lang='lat' dir='ltr'><strong>sine</strong></span> 
     </span>
    </p>
   </div>
   <div class='ocr_carea' id='block_1_91' title="bbox 2281 5318 3829 5394">
    <p class='ocr_par' dir='ltr' id='par_1_91' title="bbox 2281 5318 3829 5394">
     <span class='ocr_line' id='line_1_93' title="bbox 2281 5318 3829 5394; baseline 0.001 -21"><span class='ocrx_word' id='word_1_765' title='bbox 2281 5318 2485 5375; x_wconf 82' lang='lat' dir='ltr'><strong>offensa</strong></span> <span class='ocrx_word' id='word_1_766' title='bbox 2516 5321 2572 5375; x_wconf 93' lang='lat' dir='ltr'><strong>in</strong></span> <span class='ocrx_word' id='word_1_767' title='bbox 2625 5321 2769 5377; x_wconf 88' lang='lat' dir='ltr'><strong>diem</strong></span> <span class='ocrx_word' id='word_1_768' title='bbox 2801 5322 3026 5387; x_wconf 88' lang='lat' dir='ltr'><strong>Christi,</strong></span> <span class='ocrx_word' id='word_1_769' title='bbox 3058 5322 3254 5394; x_wconf 86' lang='lat' dir='ltr'><strong>repleti</strong></span> <span class='ocrx_word' id='word_1_770' title='bbox 3302 5323 3479 5378; x_wconf 80' lang='lat' dir='ltr'><strong>fructu</strong></span> <span class='ocrx_word' id='word_1_771' title='bbox 3519 5321 3732 5394; x_wconf 74' lang='lat' dir='ltr'><strong>justitia:</strong></span> <span class='ocrx_word' id='word_1_772' title='bbox 3756 5327 3829 5385; x_wconf 79' lang='lat' dir='ltr'><strong>per</strong></span> 
     </span>
    </p>
   </div>
   <div class='ocr_carea' id='block_1_92' title="bbox 2280 5407 3827 5487">
    <p class='ocr_par' dir='ltr' id='par_1_92' title="bbox 2280 5407 3827 5487">
     <span class='ocr_line' id='line_1_94' title="bbox 2280 5407 3827 5487; baseline -0.002 -17"><span class='ocrx_word' id='word_1_773' title='bbox 2280 5412 2467 5470; x_wconf 87' lang='lat' dir='ltr'><strong>Iesum</strong></span> <span class='ocrx_word' id='word_1_774' title='bbox 2495 5414 2790 5483; x_wconf 89' lang='lat' dir='ltr'><strong>Christum,</strong></span> <span class='ocrx_word' id='word_1_775' title='bbox 2827 5417 2880 5472; x_wconf 91' lang='lat' dir='ltr'><strong>in</strong></span> <span class='ocrx_word' id='word_1_776' title='bbox 2929 5417 3154 5487; x_wconf 83' lang='lat' dir='ltr'><strong>gloriam</strong></span> <span class='ocrx_word' id='word_1_777' title='bbox 3207 5427 3261 5472; x_wconf 93' lang='lat' dir='ltr'><strong>et</strong></span> <span class='ocrx_word' id='word_1_778' title='bbox 3308 5417 3525 5473; x_wconf 85' lang='lat' dir='ltr'><strong>laudem</strong></span> <span class='ocrx_word' id='word_1_779' title='bbox 3563 5414 3674 5470; x_wconf 89' lang='lat' dir='ltr'><strong>Dei.</strong></span> <span class='ocrx_word' id='word_1_780' title='bbox 3704 5407 3827 5468; x_wconf 75' lang='lat' dir='ltr'><strong>Scire</strong></span> 
     </span>
    </p>
   </div>
   <div class='ocr_carea' id='block_1_93' title="bbox 2279 5507 3822 5580">
    <p class='ocr_par' dir='ltr' id='par_1_93' title="bbox 2279 5507 3822 5580">
     <span class='ocr_line' id='line_1_95' title="bbox 2279 5507 3822 5580; baseline -0.002 -16"><span class='ocrx_word' id='word_1_781' title='bbox 2279 5521 2460 5565; x_wconf 88' lang='lat' dir='ltr'><strong>autem</strong></span> <span class='ocrx_word' id='word_1_782' title='bbox 2501 5523 2600 5566; x_wconf 86' lang='lat' dir='ltr'><strong>vos</strong></span> <span class='ocrx_word' id='word_1_783' title='bbox 2626 5510 2770 5577; x_wconf 89' lang='lat' dir='ltr'><strong>volo,</strong></span> <span class='ocrx_word' id='word_1_784' title='bbox 2823 5509 3037 5577; x_wconf 80' lang='lat' dir='ltr'><strong>fratres,</strong></span> <span class='ocrx_word' id='word_1_785' title='bbox 3079 5509 3202 5580; x_wconf 90' lang='lat' dir='ltr'><strong>quia</strong></span> <span class='ocrx_word' id='word_1_786' title='bbox 3246 5525 3368 5580; x_wconf 70' lang='lat' dir='ltr'><strong>qua:</strong></span> <span class='ocrx_word' id='word_1_787' title='bbox 3405 5509 3547 5565; x_wconf 87' lang='lat' dir='ltr'><strong>circa</strong></span> <span class='ocrx_word' id='word_1_788' title='bbox 3574 5520 3657 5562; x_wconf 87' lang='lat' dir='ltr'><strong>me</strong></span> <span class='ocrx_word' id='word_1_789' title='bbox 3702 5507 3822 5560; x_wconf 84' lang='lat' dir='ltr'><strong>sunt.</strong></span> 
     </span>
    </p>
   </div>
   <div class='ocr_carea' id='block_1_94' title="bbox 2281 5591 3825 5674">
    <p class='ocr_par' dir='ltr' id='par_1_94' title="bbox 2281 5591 3825 5674">
     <span class='ocr_line' id='line_1_96' title="bbox 2281 5591 3825 5674; baseline -0.008 -17"><span class='ocrx_word' id='word_1_790' title='bbox 2281 5603 2454 5674; x_wconf 88' lang='lat' dir='ltr'><strong>magis</strong></span> <span class='ocrx_word' id='word_1_791' title='bbox 2483 5602 2550 5657; x_wconf 89' lang='lat' dir='ltr'><strong>ad</strong></span> <span class='ocrx_word' id='word_1_792' title='bbox 2579 5600 2879 5673; x_wconf 80' lang='lat' dir='ltr'><strong>profectum</strong></span> <span class='ocrx_word' id='word_1_793' title='bbox 2911 5611 3174 5660; x_wconf 78' lang='lat' dir='ltr'><strong>venerunt</strong></span> <span class='ocrx_word' id='word_1_794' title='bbox 3203 5599 3484 5673; x_wconf 77' lang='lat' dir='ltr'><strong>Evangelii</strong></span> <span class='ocrx_word' id='word_1_795' title='bbox 3518 5618 3532 5654; x_wconf 90' lang='lat'><strong>:</strong></span> <span class='ocrx_word' id='word_1_796' title='bbox 3561 5599 3627 5654; x_wconf 87' lang='lat' dir='ltr'><strong>ita</strong></span> <span class='ocrx_word' id='word_1_797' title='bbox 3659 5603 3713 5651; x_wconf 88' lang='lat' dir='ltr'><strong>ut</strong></span> <span class='ocrx_word' id='word_1_798' title='bbox 3731 5591 3825 5646; x_wconf 80' lang='lat' dir='ltr'><strong>rin-</strong></span> 
     </span>
    </p>
   </div>
   <div class='ocr_carea' id='block_1_95' title="bbox 645 5729 2744 5807">
    <p class='ocr_par' dir='ltr' id='par_1_95' title="bbox 645 5729 2744 5807">
     <span class='ocr_line' id='line_1_97' title="bbox 645 5729 2744 5807; baseline 0.005 -24"><span class='ocrx_word' id='word_1_799' title='bbox 645 5735 671 5765; x_wconf 80' lang='grc' dir='ltr'>ι</span> <span class='ocrx_word' id='word_1_800' title='bbox 700 5729 910 5787; x_wconf 79' lang='lat' dir='ltr'><strong>Nomen</strong></span> <span class='ocrx_word' id='word_1_801' title='bbox 939 5730 1152 5803; x_wconf 72' lang='lat' dir='ltr'><strong>Christi,</strong></span> <span class='ocrx_word' id='word_1_802' title='bbox 1177 5742 1237 5790; x_wconf 90' lang='lat' dir='ltr'><strong>ut</strong></span> <span class='ocrx_word' id='word_1_803' title='bbox 1277 5747 1308 5791; x_wconf 88' lang='lat' dir='ltr'><strong>a</strong></span> <span class='ocrx_word' id='word_1_804' title='bbox 1352 5733 1548 5791; x_wconf 78' lang='lat' dir='ltr'><strong>Graeco</strong></span> <span class='ocrx_word' id='word_1_805' title='bbox 1595 5735 1924 5807; x_wconf 74' lang='lat' dir='ltr'><strong>exemplari,</strong></span> <span class='ocrx_word' id='word_1_806' title='bbox 1978 5738 2048 5795; x_wconf 82' lang='lat' dir='ltr'><strong>ita</strong></span> <span class='ocrx_word' id='word_1_807' title='bbox 2077 5747 2132 5800; x_wconf 83' lang='lat' dir='ltr'><strong>et</strong></span> <span class='ocrx_word' id='word_1_808' title='bbox 2158 5736 2404 5798; x_wconf 81' lang='lat' dir='ltr'><strong>Palatino</strong></span> <span class='ocrx_word' id='word_1_809' title='bbox 2434 5753 2538 5798; x_wconf 86' lang='lat' dir='ltr'><strong>ms.</strong></span> <span class='ocrx_word' id='word_1_810' title='bbox 2570 5737 2744 5796; x_wconf 85' lang='lat' dir='ltr'><strong>abest.</strong></span> 
     </span>
    </p>
   </div>
  </div>
