3946 6198
157 217 263 273 785

932 214 1267 274 EPISTOLA
1307 216 1368 273 Β.
1412 216 1616 273 PAULI
1655 216 1985 274 APOSTOLI
2024 218 2115 274 AD
2158 218 2670 280 PlllLlPPENSES.

3344 227 3453 286 786

157 335 276 389 ("uia
301 343 421 388 mea
450 329 729 386 manifesta
772 330 965 385 fierent
991 329 1044 384 in
1073 329 1294 387 Christo
1339 331 1394 385 in
1425 329 1573 385 omni
1603 346 1743 400 prm-
1775 337 1822 394 Α
1850 332 1973 401 quia
2008 330 2462 388 Dominus-Jesus
2492 334 2742 391 Christus
2785 338 2835 390 in
2892 337 3065 406 gloria
3098 346 3183 393 est
3221 338 3316 395 Dei
3346 339 3448 395 Pa-

147 427 323 494 torio,
354 433 408 480 et
435 424 498 479 in
534 424 744 477 creteris
772 421 1059 486 omnibus;
1108 430 1164 477 et
1192 422 1372 492 plures
1404 438 1435 477 e
1486 421 1746 477 fratribus

138 520 195 575 in
222 517 452 574 Domino
496 512 827 568 confidentes
856 509 984 586 [Ms.
1017 513 1140 566 add.
1201 511 1277 583 in]
1324 512 1554 568 vinculis
1586 511 1742 576 meis,

151 608 525 666 abundantius
552 605 817 661 auderem
841 606 959 661 sine
988 606 1185 660 timore
1211 606 1431 659 verbum
1454 605 1547 660 Dei
1573 605 1740 672 loqui.

151 702 377 772 Quidam
398 700 609 771 quidem
633 707 686 754 et
709 706 927 769 propter
951 697 1208 752 invidiam
1232 704 1288 751 et
1314 698 1739 761 contentionem,

152 795 367 867 quidam
409 803 589 848 autem
638 800 692 848 et
718 802 941 863 propter
968 792 1165 846 bonam
1212 791 1545 846 voluntatem
1585 788 1745 845 Chri-

149 897 287 943 stum
316 884 637 957 praadicant.
670 884 895 951 Quidam
924 900 990 939 ex
1020 883 1308 950 charitate,
1333 884 1569 938 scientes
1602 899 1739 951 quo-

151 983 289 1036 niam
331 980 387 1034 in
419 978 791 1034 defensionem
838 978 1112 1047 Evangelii
1166 979 1373 1047 positus
1419 992 1561 1030 sum.
1611 976 1743 1043 Qui-

150 1073 267 1130 dam
296 1080 479 1127 autem
509 1086 574 1125 ex
599 1069 949 1125 contentione
973 1068 1249 1124 Christum
1274 1068 1603 1122 aununtiant
1632 1081 1739 1121 non

150 1166 380 1231 sincere,
415 1164 797 1219 existimantes
836 1176 1146 1232 pressuram
1178 1178 1238 1216 se
1259 1162 1527 1216 suscitare
1550 1161 1740 1215 vincu-

148 1258 210 1313 lis
233 1257 386 1313 meis.
422 1254 562 1324 Quid
592 1254 777 1311 enim?
824 1255 957 1309 Dum
991 1256 1140 1311 omni
1170 1254 1350 1321 modo,
1377 1255 1496 1309 sive
1528 1270 1623 1325 per
1649 1270 1741 1310 oc-

150 1350 445 1413 casionem,
478 1347 594 1401 sive
625 1362 722 1417 per
743 1347 1048 1414 veritatem,
1075 1345 1327 1401 Christus
1356 1346 1735 1411 annuntietur;

147 1450 200 1497 et
226 1442 277 1495 in
309 1439 415 1495 hoc
436 1439 670 1509 gaudeo,
702 1438 796 1495 sed
828 1448 883 1494 et
905 1438 1175 1509 gaudebo.
1207 1436 1329 1493 Scio
1358 1438 1502 1492 enim
1534 1438 1662 1506 quia
1683 1439 1736 1493 in

148 1535 245 1590 hoc
267 1532 398 1588 mihi
447 1532 700 1603 provenit
729 1532 796 1586 ad
827 1532 1080 1597 salutem,
1108 1546 1203 1600 per
1253 1539 1492 1586 vestram
1531 1531 1737 1586 oratio-

148 1641 283 1691 nem,
323 1635 378 1679 et
418 1622 978 1680 subministrationem
1027 1623 1267 1693 Spiritus
1328 1622 1456 1677 Jesu
1509 1622 1732 1678 Christi.

1848 424 1966 477 tris.
1997 423 2202 493 Itaque,
2235 426 2541 481 charissimi
2566 429 2670 482 mei
2696 428 2861 499 (sicut
2890 444 3103 500 semper
3130 430 3444 499 obedistis),

1848 529 1954 567 non
1985 523 2039 567 ut
2075 514 2129 568 in
2162 517 2456 585 prmsentia
2484 519 2592 573 mei
2637 528 2870 587 tantum,
2910 521 3003 575 sed
3054 524 3225 576 multo
3274 523 3445 593 magis

1847 618 1988 657 nunc
2017 604 2068 657 in
2093 606 2336 660 absentia
2362 623 2640 672 mea,cum
2673 622 2819 663 metu
2850 622 2903 664 et
2927 620 3163 666 tremore
3199 622 3437 668 vestram

1847 697 2078 752 salutem
2105 701 2429 768 aperamini.
2468 701 2609 756 Deus
2640 711 2728 757 est
2760 703 2930 772 enim,
2977 704 3070 773 qui
3102 715 3358 774 operatur
3386 708 3442 762 in

1843 788 2028 853 vobis,
2060 798 2129 843 et'
2162 791 2321 857 velle,
2354 802 2407 846 et
2458 793 2742 860 perficere,
2797 811 2893 864 pro
2941 796 3081 850 bona
3142 799 3439 854 voluntate.

1842 881 2030 936 Omnia
2053 893 2233 938 autem
2266 883 2428 940 facite
2456 886 2575 941 sine
2604 889 3152 951 murmurationibus,
3201 900 3257 946 et
3278 891 3440 946 hmsi-
3532 908 3535 909 '

1844 974 2137 1029 tationibus
2171 991 2184 1027 :
2228 986 2287 1030 ut
2343 977 2461 1031 sitis
2491 978 2611 1033 sine
2646 979 2888 1048 querela,
2913 992 2967 1034 et
3014 981 3293 1049 simplices
3339 982 3438 1039 filii

1842 1065 1960 1133 Dei,
1986 1067 2103 1121 sine
2132 1052 2581 1138 reprehensione,
2617 1073 2667 1126 in
2702 1073 2881 1128 medio
2912 1075 3145 1130 nationis
3172 1091 3349 1146 prava:
3380 1086 3436 1132 et

1843 1173 2164 1227 perversae:
2221 1160 2365 1215 inter
2409 1179 2546 1232 quos
2589 1164 2782 1219 lucetis
2832 1165 2975 1221 sicut
3034 1167 3319 1222 luminaria
3376 1169 3433 1222 in

1842 1252 2067 1317 mundo,
2090 1252 2316 1309 verbum
2366 1254 2487 1309 vita:
2516 1258 2858 1311 continentes
2886 1258 2952 1312 ad
2999 1259 3222 1330 gloriam
3256 1274 3432 1315 meam

1841 1342 1895 1397 in
1924 1343 2013 1399 die
2040 1343 2264 1414 Christi,
2310 1348 2435 1417 quia
2481 1364 2588 1403 non
2646 1350 2698 1404 in
2730 1366 2960 1405 vacuum
2999 1353 3235 1418 cucurri,
3260 1367 3440 1423 neque

1840 1435 1894 1490 in
1923 1452 2148 1491 vacuum
2184 1437 2449 1493 laboravi.
2497 1438 2603 1495 Sed
2632 1451 2687 1496 et
2714 1442 2756 1495 si
2793 1441 3047 1497 immolor
3069 1457 3229 1512 supra
3261 1444 3436 1498 sacri-

1843 1528 2021 1583 ficium
2072 1539 2126 1585 et
2171 1533 2491 1601 obsequium
2546 1533 2672 1588 ﬁdei
2720 1542 2936 1597 vestrm.
2967 1536 3195 1606 gaudeo,
3229 1548 3283 1591 et
3311 1552 3443 1592 con-

1837 1624 2082 1692 gratulor
2110 1625 2364 1679 omnibus
2391 1625 2565 1680 vobis.
2599 1626 2836 1697 Idipsum
2868 1639 3047 1683 autem
3084 1642 3137 1683 et
3167 1647 3259 1685 vos
3306 1646 3441 1701 gau-

151 1716 451 1774 Secundum
502 1716 969 1785 exspectationem
1011 1725 1065 1769 et
1100 1729 1252 1783 spem
1293 1728 1492 1778 meam,
1526 1714 1652 1783 quia
1683 1715 1734 1767 in
1767 1711 2002 1780 Bdete,
2059 1727 2115 1770 et
2173 1718 2628 1785 congratulamini
2698 1718 2849 1773 mihi.
2920 1719 3094 1789 Spero
3150 1732 3329 1776 autem
3381 1722 3439 1777 in

151 1811 290 1865 nullo
318 1808 664 1867 confundar:
699 1809 794 1865 sed
826 1810 877 1863 in
907 1808 1055 1863 omni
1102 1807 1298 1862 fiducia
1328 1805 1471 1861 sicut
1499 1820 1735 1873 semper,

148 1914 197 1959 et
224 1919 361 1958 nunc
411 1901 853 1974 magnificabitur
892 1899 1141 1956 Christus
1192 1901 1248 1953 in
1299 1912 1530 1968 corpore
1579 1912 1735 1964 meo,

145 1996 252 2050 sive
280 2009 379 2065 per
405 1994 603 2060 vitam,
654 1994 767 2048 sive
796 2008 890 2065 per
922 2000 1173 2047 mortem.
1218 1991 1342 2045 Mihi
1376 1992 1521 2045 enim
1555 1989 1738 2045 vivere

148 2086 383 2142 Christus
404 2096 508 2152 est,
549 2095 604 2141 et
631 2086 768 2139 mori
800 2084 1033 2140 lucrum.
1067 2083 1221 2152 Quod
1256 2084 1303 2138 si
1325 2086 1506 2138 vivere
1538 2085 1588 2138 in
1617 2099 1735 2139 car-

148 2192 226 2241 ne,
270 2176 356 2232 hic
394 2176 536 2230 mihi
590 2176 796 2231 fructus
849 2177 1035 2247 operis
1087 2186 1187 2243 est,
1248 2186 1303 2231 et
1360 2177 1489 2246 quid
1538 2178 1736 2248 eligam

145 2271 340 2340 ignoro.
371 2268 650 2326 Coarctor
687 2277 870 2325 autem
913 2284 945 2325 e
974 2268 1186 2324 duobus
1220 2288 1233 2324 :
1274 2267 1607 2323 desiderium
1634 2267 1733 2321 ha-

146 2363 264 2416 bens
287 2362 543 2427 dissolvi,
571 2370 626 2417 et
655 2376 777 2417 esse
802 2376 923 2417 cum
956 2360 1193 2427 Christo,
1226 2360 1396 2415 multo
1421 2360 1591 2430 magis
1621 2374 1735 2415 me-

146 2455 273 2511 lius:
305 2471 647 2527 permanere
686 2467 865 2511 autem
914 2455 968 2509 in
997 2469 1167 2509 carne
1214 2455 1578 2510 necessarimn
1611 2467 1736 2524 pro-

146 2556 251 2617 pter
268 2562 377 2603 vos.
401 2548 472 2603 Et
491 2548 610 2602 hoc
632 2546 911 2603 confidens
940 2548 1076 2613 scio,
1096 2546 1223 2617 quia
1253 2546 1503 2614 manebo,
1535 2556 1588 2601 et
1611 2562 1734 2616 per-

148 2638 357 2696 manebo
405 2640 675 2696 omliibus
724 2640 900 2706 vobis,
933 2639 1000 2694 ad
1040 2639 1340 2710 profectum
1384 2649 1652 2707 vestrum,
1679 2648 1734 2695 et

149 2732 380 2802 gaudium
408 2735 565 2803 fidei,
595 2745 654 2791 ut
677 2735 965 2807 gratulatio
982 2746 1163 2790 vestra
1194 2734 1733 2791 abundetinChristo

151 2824 264 2879 Jesu
290 2826 346 2880 in
376 2842 483 2894 me,
526 2842 634 2898 per
670 2842 849 2883 meum
899 2826 1192 2882 adventum
1247 2829 1439 2882 iterum
1488 2826 1554 2880 ad
1606 2840 1725 2880 vos.

152 2914 362 2973 Tantum
413 2920 582 2991 digne
616 2917 743 2990 [Ms.
774 2918 900 2973 add.
928 2916 1007 2988 in]
1048 2919 1347 2989 Evangelia
1372 2918 1570 2975 Christi
1600 2933 1731 2973 con-

149 3010 417 3065 versamini
450 3029 460 3064 :
496 3021 557 3065 ut
599 3009 715 3066 sive
744 3024 866 3065 cum
907 3025 1131 3076 venero,
1160 3020 1216 3066 et
1243 3010 1435 3065 videro
1466 3025 1585 3077 vos,
1612 3010 1730 3066 sive

1844 1806 2075 1862 Domino
2104 1809 2256 1877 Jesu,
2291 1809 2638 1865 Timotheum
2689 1826 2775 1867 me
2802 1813 2912 1867 cito
2955 1814 3175 1867 mittere
3200 1813 3265 1866 ad
3292 1828 3385 1868 vos
3417 1830 3433 1866 τ

1840 1908 1977 1955 utet
2005 1915 2106 1970 ego
2159 1900 2301 1955 bono
2344 1902 2533 1956 animo
2579 1904 2703 1969 sim,
2759 1904 2991 1973 cognitis
3022 1919 3140 1974 qua:
3164 1905 3306 1959 circa
3340 1920 3438 1961 vos

1840 2003 1987 2046 sunt.
2011 1991 2291 2047 Neminem
2322 1994 2464 2048 enim
2491 1993 2664 2049 habeo
2694 2005 2798 2048 tam
2834 1996 3167 2061 unanimem,
3203 1996 3294 2064 qui
3324 1996 3439 2050 sin-

1839 2098 1967 2139 cera
1988 2083 2276 2141 affectione
2323 2100 2420 2155 pro
2451 2086 2608 2142 vobis
2642 2087 2914 2142 sollicitus
2939 2087 3031 2142 sit.
3064 2088 3265 2143 Omnes
3290 2087 3439 2143 enim

1838 2196 1961 2250 qua:
1992 2195 2088 2234 sua
2114 2190 2259 2245 sunt,
2291 2192 2561 2251 quaerunt,
2596 2198 2703 2236 non
2734 2199 2854 2252 qua:
2882 2193 3007 2237 sunt
3051 2184 3183 2237 Jesu
3208 2180 3433 2239 Christi.

1840 2271 2288 2341 Experimentum
2320 2282 2502 2327 autem
2563 2274 2682 2341 ejus
2736 2273 3070 2342 cognoscite.
3123 2274 3245 2342 quia
3292 2273 3435 2327 sicut

1839 2361 1977 2432 patri
2008 2362 2175 2427 filius,
2218 2377 2429 2418 mecum
2462 2364 2686 2419 servivit
2715 2365 2764 2417 iu
2794 2363 3113 2434 Evangelio.
3147 2364 3300 2418 Hunc
3337 2363 3435 2432 igi-

1838 2464 1926 2509 tur
1952 2470 2113 2525 spero
2138 2470 2224 2510 me
2249 2454 2469 2510 mittere
2498 2455 2525 2493 δ
2554 2456 2620 2510 ad
2650 2470 2768 2521 vos,
2826 2469 2952 2509 mox
2997 2468 3052 2509 ut
3097 2454 3285 2510 videro
3315 2470 3439 2525 quae

1835 2550 1977 2603 circa
2007 2564 2094 2604 me
2122 2557 2269 2603 sunt.
2319 2546 2545 2603 Confido
2572 2557 2750 2603 autem
2794 2548 2849 2602 in
2883 2547 3135 2614 Domino,
3170 2546 3428 2617 quoniam

1835 2652 1890 2699 et
1917 2644 2031 2713 ipse
2056 2644 2271 2698 veniam
2307 2643 2375 2698 ad
2398 2657 2495 2697 vos
2520 2644 2651 2699 cito.
2683 2642 3057 2704 Necessarium
3089 2653 3269 2696 autem
3310 2642 3429 2695 exi-

1835 2736 2049 2790 stimavi
2086 2735 2513 2806 Epaphroditum
2540 2740 2787 2801 fratrem,
2820 2744 2875 2789 et
2901 2742 3336 2804 cooperatorem,
3369 2743 3431 2790 et

1834 2828 2258 2883 commilitonem
2299 2844 2503 2893 meum,
2536 2839 2774 2883 vestrum
2801 2836 2979 2883 autem
3009 2827 3334 2896 apostolum,
3369 2837 3427 2883 et

1834 2921 2136 2976 ministrum
2161 2921 2502 2976 necessitatis
2554 2936 2709 2985 mete,
2755 2921 2969 2974 mittere
2998 2918 3064 2974 ad
3105 2934 3239 2974 vos:
3284 2934 3427 2989 quo-

1834 3014 1975 3068 niam
2024 3013 2242 3083 quidem
2292 3028 2484 3068 omnes
2536 3027 2635 3068 vos
2672 3011 3145 3067 desiderabat:et
3198 3022 3426 3066 moestus

152 3100 331 3156 absens
353 3102 572 3158 audiam
627 3101 696 3157 de
726 3101 901 3167 vobis,
935 3103 1061 3173 quia
1100 3103 1255 3157 Statis
1308 3102 1363 3157 in
1406 3118 1512 3157 uno
1537 3102 1725 3172 spiritu
1755 3094 1802 3157 C
1832 3116 1967 3172 erat,
2006 3116 2287 3177 propterea
2316 3105 2465 3177 quod
2508 3106 2805 3161 audieratis
2862 3105 3013 3159 illum
3067 3105 3422 3158 inlirmatum.

153 3198 433 3262 unanimes,
479 3194 892 3252 collaborantes
934 3194 1056 3250 fidei
1098 3194 1377 3266 Evangelii
1423 3213 1436 3248 :
1471 3195 1522 3249 in
1578 3194 1729 3251 nullo

154 3290 441 3344 terreamini
470 3289 545 3345 ab
570 3288 901 3343 adversariis
927 3307 941 3343 :
971 3304 1090 3359 quae
1115 3288 1221 3343 illis
1250 3298 1335 3345 est
1354 3302 1517 3343 causa
1548 3288 1727 3358 perdi-

152 3380 316 3448 tionis,
342 3384 495 3438 vobis
526 3391 715 3438 autem
745 3381 936 3437 salutis
965 3399 980 3437 :
1011 3392 1064 3437 et
1093 3381 1242 3437 hoca
1278 3382 1408 3452 Deo,
1429 3381 1553 3452 quia
1577 3382 1727 3438 vobis

150 3472 384 3529 donatum
411 3484 494 3531 est
526 3488 633 3545 pro
659 3472 899 3540 Christo,
928 3490 1036 3529 non
1059 3476 1235 3530 solum
1269 3484 1329 3530 ut
1356 3476 1409 3530 in
1458 3490 1581 3530 eum
1607 3489 1726 3531 cre-

149 3564 290 3631 datis,
313 3568 401 3623 sed
452 3578 514 3623 ut
548 3567 717 3623 etiam
755 3582 851 3637 pro
882 3567 977 3622 illo
1012 3568 1289 3637 patiamini
1324 3587 1337 3622 :
1374 3567 1517 3622 idem
1549 3577 1726 3623 certa-

151 3672 257 3712 men
283 3660 571 3729 habentes,
599 3659 758 3731 quale
781 3668 835 3714 et
865 3658 1075 3713 vidistis
1112 3660 1163 3714 in
1193 3674 1299 3725 me,
1321 3669 1375 3714 et
1399 3674 1542 3715 nunc
1572 3658 1725 3713 audi-

146 3753 233 3806 stis
260 3753 323 3807 de
348 3769 456 3810 me.

211 3846 351 3918 [ϐαρ.
385 3848 471 3920 ΙΙ.]
521 3848 717 3918 Siqua
765 3862 895 3918 ergo
949 3846 1251 3902 consolatio
1298 3847 1348 3901 in
1388 3844 1627 3911 Christo,
1678 3844 1721 3899 si

148 3940 272 4008 quod
300 3942 552 3996 solatium
586 3939 885 4004 cbaritatis,
920 3941 962 3993 si
1000 3953 1104 4010 qua
1128 3939 1359 4015 societas
1398 3939 1645 4009 spiritus,
1676 3940 1721 3993 si

148 4048 238 4099 qua
266 4035 467 4090 viscera
498 4044 523 4072 ἰ
550 4035 919 4090 miserationis
946 4053 957 4087 :
984 4034 1206 4104 implete
1228 4033 1482 4103 gmdium
1513 4048 1717 4098 meum,

149 4135 199 4179 ut
218 4127 348 4182 idem
372 4128 888 4199 sapiatis,eamdem
917 4126 1239 4182 charitatem
1268 4126 1553 4192 habentes,
1588 4140 1721 4179 una-

149 4218 323 4286 nimes,
367 4222 605 4293 idipsum
655 4223 971 4286 sentientes,
1001 4220 1135 4275 nihil
1169 4235 1263 4289 per
1287 4220 1715 4287 contentionem,

148 4324 304 4381 neque
331 4328 424 4383 per
472 4314 699 4370 inanem
730 4314 955 4383 gloriam
991 4329 1005 4366 :
1047 4312 1141 4367 sed
1188 4312 1241 4365 in
1277 4313 1577 4368 humilitate
1629 4329 1720 4367 su-

148 4407 368 4474 periores
414 4409 517 4465 sibi
580 4409 810 4464 invicem
872 4407 1255 4462 arbitrantes:
1310 4422 1415 4461 non
1468 4422 1591 4476 quae
1620 4423 1715 4461 sua

1829 3198 1960 3254 Nam
1987 3208 2043 3255 et
2069 3199 2367 3254 infirmatus
2390 3208 2475 3255 est
2503 3214 2675 3268 usque
2714 3197 2781 3252 ad
2825 3208 3056 3252 mortem
3090 3215 3102 3249 :
3150 3196 3247 3251 sed
3276 3196 3419 3251 Deus

1831 3291 2083 3346 misertus
2113 3300 2198 3345 est
2246 3290 2402 3360 ejus;
2454 3305 2560 3345 non
2612 3290 2784 3344 solum
2833 3298 3014 3343 autem
3046 3288 3186 3356 ejus,
3234 3301 3424 3342 verum

1827 3384 1990 3439 etiam
2019 3395 2074 3439 et
2114 3383 2243 3446 mei,
2292 3397 2362 3437 ne
2423 3382 2697 3437 tristitiam
2751 3396 2912 3450 super
2944 3380 3217 3434 tristitiam
3250 3378 3423 3433 habe-

1826 3493 1962 3533 rem.
1996 3477 2366 3533 Festiuantius
2385 3492 2515 3548 ergo
2545 3476 2666 3532 misi
2688 3476 2861 3539 illum,
2891 3485 2949 3529 ut
2978 3476 3096 3529 viso
3112 3490 3199 3539 eo,
3223 3474 3418 3529 iterum

1827 3569 2128 3640 gaudeatis,
2160 3580 2211 3623 et
2243 3583 2344 3639 ego
2391 3570 2509 3624 sine
2541 3567 2769 3622 tristitia
2798 3568 2924 3620 sim.
2956 3566 3200 3635 Excipite
3239 3567 3422 3635 itaque

1827 3663 1975 3718 illum
2006 3679 2126 3718 cum
2159 3662 2304 3716 omni
2323 3662 2521 3732 gaudio
2546 3661 2601 3715 in
2632 3660 2882 3722 Domino,
2912 3668 2967 3712 et
2996 3657 3263 3727 ejusmodi
3292 3672 3416 3711 cum

1828 3755 2034 3810 honore
2050 3753 2593 3820 habetote.Quoniam
2616 3761 2838 3821 propter
2859 3765 2997 3818 opus
3011 3748 3213 3804 Christi
3245 3763 3415 3818 usque

1825 3850 1890 3903 ad
1909 3860 2133 3905 mortem
2148 3848 2400 3913 accessit,
2437 3848 2658 3900 tradens
2686 3846 2918 3899 animam
2945 3854 3193 3908 suam,ut
3226 3843 3417 3914 imple-

1825 3948 1909 3994 ret
1934 3939 2007 4004 id,
2028 3937 2171 4008 quod
2198 3954 2262 3993 ex
2285 3937 2439 3991 vobis
2465 3938 2674 4002 deerat,
2710 3950 2837 4005 erga
2876 3935 3044 3990 Deum
3072 3936 3414 4003 obsequium.

1894 4029 2041 4103 [Cap.
2070 4028 2184 4099 lll.'|
2218 4031 2290 4084 De
2312 4038 2535 4095 caetero,
2578 4031 2771 4085 fratres
2796 4029 2921 4095 mei,
2944 4029 3175 4101 gaudete
3206 4030 3260 4084 in
3303 4030 3381 4085 Do
3408 4060 3414 4065 η

1824 4122 1990 4178 mino.
2023 4121 2222 4176 Eadem
2263 4122 2413 4176 vobis
2463 4122 2728 4189 scribere,
2786 4122 3159 4193 mihiquidem
3198 4138 3305 4177 non
3337 4123 3419 4191 pi-

1822 4232 2001 4287 grum,
2026 4216 2181 4269 Vobis
2201 4222 2383 4269 autem
2408 4216 2794 4270 necessarium.
2815 4214 3004 4269 Videte
3028 4230 3215 4280 canes,
3236 4214 3417 4269 videte

1824 4312 1996 4366 malos
2028 4310 2328 4379 operarios,
2357 4308 2540 4364 videte
2569 4309 2959 4364 concisionem.
2992 4307 3101 4362 Nos
3126 4308 3267 4361 enim
3318 4322 3411 4359 su-

1826 4421 1943 4460 mus
1965 4405 2333 4471 circumcisio,
2363 4405 2453 4472 qui
2483 4403 2679 4473 Spiritu
2712 4402 2977 4456 servimus
3009 4400 3137 4461 Deo,
3192 4408 3246 4450 ct
3290 4398 3410 4467 glo-

152 4509 261 4552 sunt
289 4500 477 4571 singuli
528 4499 961 4563 considerantes,
1018 4497 1112 4551 sed
1174 4512 1236 4551 ea
1288 4513 1406 4567 quae
1458 4497 1710 4551 aliorum.
1741 4469 2103 4554 Driamurin
2135 4498 2354 4551 Christo
2384 4495 2535 4562 Jesu,
2583 4503 2639 4549 et
2687 4510 2792 4548 nou
2838 4493 2889 4545 in
2941 4505 3102 4545 carne
3158 4489 3411 4544 ﬁduciam

154 4586 252 4643 Hoc
278 4593 415 4646 enim
445 4594 644 4648 sentite
668 4594 719 4647 in
750 4591 928 4658 vobis,
964 4588 1107 4661 quod
1129 4599 1181 4644 et
1214 4588 1266 4642 in
1297 4588 1518 4643 Christo
1546 4588 1673 4642 Jesu
1701 4606 1715 4644 :

152 4683 231 4751 qui
258 4699 374 4739 cum
398 4687 453 4741 in
484 4686 656 4741 forma
689 4684 785 4740 Dei
809 4694 974 4749 esset,
1006 4699 1114 4738 non
1140 4682 1384 4751 rapinam
1424 4681 1719 4736 arbitratus

152 4786 223 4829 est
250 4791 364 4833 esse
388 4794 447 4835 se
470 4779 731 4850 aqualem
763 4777 873 4832 Deo
900 4796 913 4832 :
961 4776 1057 4831 sed
1089 4778 1439 4847 semetipsum
1472 4775 1719 4831 exinani-

151 4865 219 4919 vit
239 4866 459 4925 formam
489 4869 639 4925 servi
665 4868 959 4938 accipiens,
996 4869 1048 4921 in
1092 4867 1498 4922 similitudinem
1544 4869 1716 4922 homi-

153 4962 267 5013 num
294 4960 480 5031 factus,
514 4969 569 5019 et
590 4961 774 5017 habitu
800 4961 1051 5016 inventus
1084 4970 1141 5014 ut
1187 4960 1367 5013 homo.
1402 4960 1717 5015 Humiliavit

153 5051 482 5122 semetipsum
500 5054 669 5109 factus
686 5053 1131 5123 obediensusque
1142 5051 1207 5105 ad
1229 5060 1716 5117 mortem,niortem

154 5152 316 5200 autem
330 5149 526 5203 crucis.
543 5149 767 5220 Propter
788 5146 931 5218 quod
946 5157 999 5202 et
1017 5148 1159 5201 Deus
1183 5146 1449 5201 exaltavit
1476 5146 1650 5208 illum,
1668 5153 1723 5199 et

154 5232 355 5291 donavit
380 5237 452 5292 illi
478 5254 695 5307 nomen,
724 5239 865 5310 quod
886 5247 970 5293 est
1003 5251 1166 5307 super
1196 5252 1357 5292 omne
1385 5252 1582 5292 nomen
1613 5255 1625 5289 :
1658 5246 1718 5290 ut

157 5322 205 5377 in
226 5329 434 5385 nomine
459 5330 585 5386 Jesu
614 5346 777 5388 omne
804 5346 946 5403 genu
975 5329 1221 5385 flectatur
1245 5328 1574 5391 caelestium,
1604 5337 1713 5380 ter-

157 5421 386 5477 restrium
413 5434 467 5480 et
492 5424 821 5483 infernorum
844 5442 859 5491 ;
885 5436 938 5481 et
961 5424 1138 5480 omnis
1165 5423 1343 5494 lingua
1367 5420 1710 5487 confiteatur,

222 5631 245 5659 ⁸
279 5625 431 5683 Juxta
461 5630 705 5707 Graecum
734 5642 939 5688 textum
966 5650 980 5686 :
1007 5635 1097 5707 atati
1125 5633 1407 5707 οἰκτιρμοί,
1446 5626 1722 5684 Palatinus

158 5705 355 5766 (ιιιοειιιθ
380 5714 477 5755 ms.
508 5702 745 5773 pravfert,
774 5714 823 5760 et
850 5705 1223 5759 miserationes.

1824 4593 2084 4647 habentes
2114 4609 2126 4644 :
2155 4605 2479 4661 quamquam
2530 4602 2630 4657 ego
2677 4586 2902 4641 habeam
2934 4584 3319 4639 confidentiam
3355 4595 3411 4637 et

1824 4685 1877 4740 in
1918 4699 2103 4740 carne.
2148 4683 2202 4739 Si
2247 4683 2369 4753 quis
2408 4681 2546 4735 alius
2574 4679 2787 4733 videtur
2813 4677 3090 4732 confidere
3131 4677 3182 4730 in
3223 4691 3411 4741 carne,

1821 4796 1923 4851 ego
1977 4778 2189 4849 magis,
2244 4776 2599 4832 circumcisus
2650 4782 2840 4827 octavo
2897 4770 3029 4835 die,
3085 4785 3151 4825 ex
3215 4784 3416 4839 genere

1818 4872 2005 4937 Israel,
2058 4870 2125 4925 de
2171 4870 2313 4923 tribu
2361 4866 2661 4934 Benjamin,
2711 4864 2971 4918 Hebraeus
3017 4878 3082 4916 ex
3127 4861 3408 4926 Hehrmis,

1823 4964 2117 5020 secundum
2151 4963 2319 5031 legem
2338 4958 2669 5022 Pharisreus,
2687 4955 2984 5010 secundum
3009 4954 3409 5007 :cmulationem

1827 5068 2159 5127 persequens
2188 5053 2493 5107 Ecclesiam
2516 5051 2634 5115 Dei,
2659 5049 2957 5103 secundum
2986 5048 3271 5116 justitiam,
3292 5063 3413 5117 quae

1826 5153 1877 5205 in
1909 5152 2025 5218 lege
2052 5154 2154 5213 est,
2188 5153 2541 5199 conversatus
2565 5143 2684 5196 sine
2713 5142 2959 5211 querela.
2996 5141 3102 5196 Sed
3133 5158 3252 5209 qua:
3281 5139 3411 5194 mihi

1824 5244 2042 5298 fuerunt
2069 5240 2238 5303 lucra,
2275 5238 2391 5291 haec
2422 5234 2717 5289 arbitratus
2748 5248 2866 5287 sum
2894 5241 3115 5303 propter
3136 5230 3413 5287 Christum

1825 5336 2177 5394 detrimenta.
2213 5332 2592 5387 Verumtamen
2623 5328 2878 5384 existimo
2910 5327 3089 5383 omnia
3119 5328 3416 5383 detrimen-

1825 5440 1935 5484 tum
1966 5441 2110 5494 esse,
2133 5434 2355 5497 propter
2380 5422 2707 5479 eminentem
2737 5422 3020 5478 scientiam
3061 5418 3189 5476 Jesu
3212 5418 3423 5474 Christi

1900 5628 1928 5667 δ
1958 5628 2193 5685 Voculas
2243 5628 2312 5681 ad
2341 5643 2452 5695 vos,
2502 5640 2624 5679 cum
2677 5624 2882 5679 Grmcis
2936 5622 3205 5693 plerisque
3260 5620 3416 5676 libris

1820 5699 2098 5756 Palatinus
2125 5713 2340 5771 quoque
2362 5713 2465 5753 ms.
2496 5705 2653 5751 tacet.
