3946 6198
480 217 586 271 787
1509 204 1568 262 8.
1609 199 1994 259 HIERONYMI
2033 201 2038 254 ἓ

2203 198 2263 256 ΙΛ
2307 198 2785 258 BIBLIOTHECA.
3675 211 3761 265 7i!

478 331 702 391 Domini
720 329 823 385 mei
854 345 867 382 :
901 335 1124 399 propter
1139 338 1298 396 quem
1321 321 1504 379 omnia
1529 319 1916 376 detrimentum
1947 315 2075 384 feci,
2105 321 2154 381 Α
2182 314 2432 385 gaudete.
2477 315 2739 371 Modestia
2770 322 2947 370 vestra
2979 325 3106 371 nota
3145 317 3216 371 sit
3257 317 3521 374 omnibus
3552 319 3769 378 homini-

483 433 540 479 et
559 422 794 477 arbitror
839 428 897 473 ut
927 427 1194 482 stercora,
1232 423 1292 471 ut
1338 414 1614 471 Christum
1642 409 1998 476 lucrifaciam,
2023 418 2080 464 et
2183 410 2322 465 bus:
2357 409 2616 463 Dominus
2642 422 2815 479 prope
2839 420 2942 465 est.
2985 407 3127 463 Nihil
3153 409 3375 465 solliciti
3398 411 3562 467 sitis:
3608 415 3696 469 sed
3725 420 3768 472 in

482 514 742 573 inveniar
792 513 845 567 in
883 511 997 577 illo,
1031 524 1137 564 non
1169 508 1376 564 habens
1434 521 1609 562 meam
1634 505 1925 575 justitiam,
1959 518 2081 574 quae
2183 503 2332 557 omni
2383 503 2671 566 oratione,
2733 513 2789 557 et
2831 501 3203 562 obsecratione
3230 549 3244 572 ,
3306 519 3431 559 cum
3485 508 3770 575 gratiarum

485 623 554 664 ex
578 609 696 677 lege
725 613 829 671 est,
863 603 957 659 sed
988 603 1157 669 illam,
1181 617 1302 673 quae
1325 616 1392 657 ex
1425 600 1533 655 fide
1555 609 1638 655 est
1666 597 1870 654 Christi
1902 597 2030 654 Jesu
2063 615 2078 662 ;
2184 595 2399 650 actione
2425 634 2441 660 ,
2493 593 2782 662 petitiones
2815 603 3012 648 vestra:
3039 595 3385 651 innotescant
3411 600 3561 668 apud
3598 602 3768 659 Deum.

483 715 606 770 quae
635 713 702 753 ex
733 697 843 751 Deo
873 702 958 750 est
1001 693 1211 764 justitia
1268 694 1322 748 in
1356 691 1484 758 fide,
1541 691 1607 745 ad
1641 688 2081 761 cognoscendum
2185 686 2253 741 Et
2281 700 2381 755 pax
2415 685 2510 740 Dei
2536 725 2551 750 ,
2583 699 2705 753 qua:
2733 693 3026 754 exsuperat
3050 701 3266 744 omnem
3296 703 3522 746 sensum
3554 735 3568 760 ,
3610 702 3776 748 custo-

486 793 661 858 illum,
687 798 742 845 et
768 789 1020 844 virtutem
1053 786 1472 843 resurrectionis
1502 785 1644 856 ejus,
1679 794 1734 840 et
1763 784 2082 840 societatem
2185 776 2300 833 diat
2321 777 2488 831 corda
2522 784 2701 830 vestra
2729 784 2786 830 et
2823 776 3208 847 intelligentias
3244 790 3455 836 vestras
3489 784 3543 837 in
3573 782 3775 840 Christo

485 879 802 954 passionum
861 879 1005 933 illius
1049 895 1061 932 :
1111 876 1481 948 conﬂguratus
1525 877 1683 931 morti
1717 875 1855 944 ejus,
1889 876 1937 930 si
1977 889 2086 946 quo
2187 869 2338 924 Jesu.
2402 869 2476 923 De
2520 876 2756 934 caetero,
2805 866 3035 935 fratres,
3074 885 3435 942 qumcumque
3484 885 3610 928 sunt
3638 891 3772 940 vera,

488 973 656 1031 modo
678 986 961 1027 occurram
988 971 1054 1026 ad
1084 969 1561 1036 resurrectionem,
1586 984 1708 1039 quas
1739 979 1823 1023 est
1851 983 1918 1022 ex
1941 983 2087 1022 mor-
2188 975 2546 1032 quaecumque
2572 959 2764 1030 pudica
2783 999 2798 1027 ,
2845 974 3200 1032 quaecumque
3223 963 3403 1032 justa,
3435 980 3774 1038 quacumque

491 1067 624 1120 tuis.
649 1064 768 1119 Non
792 1061 937 1133 quod
981 1061 1093 1132 jam
1135 1063 1465 1132 acceperim,
1519 1070 1611 1114 aut
1648 1061 1761 1128 jam
1817 1059 2088 1129 perfectus
2190 1063 2401 1122 sancta,
2438 1066 2795 1122 quaecumque
2821 1052 3104 1122 amabilia,
3137 1069 3503 1124 quaecumque
3529 1059 3682 1114 bona».
3709 1061 3773 1114 ia-

492 1160 598 1218 sim
627 1175 639 1213 :
669 1172 872 1228 sequor
887 1165 1090 1221 autem,
1124 1157 1168 1211 si
1193 1164 1218 1194 ⁸
1249 1156 1522 1225 quomodo
1547 1154 2007 1223 comprehendam
2036 1155 2048 1210 i

2213 1161 2320 1210 nte,
2350 1144 2396 1199 si
2421 1159 2525 1214 qua
2560 1143 2766 1207 virtus,
2799 1143 2845 1198 si
2872 1158 2977 1212 qua
3004 1144 3120 1199 laus
3146 1146 3481 1216 disciplinae,
3513 1148 3629 1204 hznc
3651 1154 3771 1220 cogi-

494 1265 604 1320 quo
625 1259 681 1305 et
727 1247 1156 1320 comprehensus
1184 1263 1303 1302 sum
1359 1263 1386 1300 a
1420 1247 1636 1302 Christo
1664 1246 1818 1302 lesu.
1851 1246 2089 1312 Fratres,
2200 1247 2327 1292 tate.
2371 1236 2503 1303 una
2533 1240 2588 1291 et
2617 1235 2885 1290 didicistis
2907 1279 2922 1305 ,
2953 1247 3008 1291 et
3036 1239 3362 1308 accepistis,
3390 1249 3446 1296 et
3465 1242 3705 1311 audistis,
3727 1256 3776 1300 et

496 1356 598 1413 ego
619 1357 707 1397 me
733 1357 841 1396 non
879 1339 1116 1396 arbitror
1134 1339 1638 1411 comprehendisse.
1673 1339 1854 1396 Unum
1887 1349 2090 1408 autem,
2196 1328 2407 1384 νίάίειίε
2436 1329 2491 1383 in
2523 1342 2638 1392 meo
2684 1326 2802 1383 hinc
2826 1327 3004 1398 ειεὶιθε
3038 1338 3093 1384 αι
3135 1331 3275 1386 Deus
3301 1334 3454 1402 Ρθοίθ
3487 1335 3587 1392 eri!
3612 1339 3772 1392 νοὶιίεο

498 1451 622 1506 quae
647 1434 864 1506 quidem
895 1443 1042 1490 retro
1074 1442 1203 1488 sunt
1240 1435 1589 1497 obliviscens,
1614 1435 1679 1487 ad
1708 1449 1770 1488 ea
1803 1449 1936 1488 vero
1973 1449 2095 1505 qua:
2199 1440 2343 1479 Cllm-
2407 1423 2638 1478 Gal/1505
2682 1439 2802 1478 sum
2842 1434 3023 1479 amem
3063 1425 3117 1479 in
3149 1424 3379 1482 Domino
3420 1428 3772 1498 νθιιθωοηιθΐ.

495 1540 626 1586 sunt
673 1533 857 1599 priora
908 1529 1208 1584 extendens
1258 1543 1345 1583 me
1390 1530 1587 1599 ipsum,
1642 1529 1709 1582 ad
1763 1528 2053 1582 destinatut

2215 1521 2455 1588 ptoniam
2487 1517 2702 1573 tandem
2746 1517 3035 1588 aliquando
3074 1517 3400 1575 reﬂoruistis
3434 1537 3525 1592 pro
3549 1538 3633 1579 me
3650 1539 3773 1579 sen-

503 1637 827 1693 Ρει-εεφιοιι,
875 1621 943 1676 ad
994 1621 1242 1675 bmvmm
1294 1635 1545 1690 superna;
1588 1621 1891 1675 vocationis
1924 1621 2014 1675 Dei
2045 1621 2096 1675 in
2202 1611 2307 1666 tire
2333 1653 2348 1679 ,
2396 1610 2535 1666 sicut
2577 1622 2633 1665 et.
2691 1609 3056 1665 sentiebatis:
3096 1613 3344 1681 occupati
3390 1625 3550 1669 autem
3590 1617 3766 1670 eratis.

503 1714 724 1770 Christo
753 1713 902 1768 Jesu.
937 1712 1274 1782 Quicumque
1303 1727 1433 1782 ergo
1481 1711 1708 1781 perfecti
1754 1727 1964 1779 sumus,
1992 1716 2098 1770 hoc
2129 1706 2173 1765 Β
2202 1704 2317 1758 Νοη
2341 1703 2493 1774 quasi
2527 1712 2752 1772 propter
2789 1703 3067 1772 penuriam
3111 1703 3233 1758 dico
3259 1722 3270 1758 :
3305 1719 3408 1775 ego
3436 1707 3569 1761 enim
3595 1707 3768 1773 didici.

500 1804 801 1860 sentiamus
837 1822 848 1857 :
883 1813 940 1858 et
990 1807 1034 1856 si
1081 1802 1211 1872 quid
1241 1804 1398 1858 aliter
1448 1805 1660 1873 sapitis,
1707 1814 1761 1859 et
1809 1805 1912 1860 hoc
1947 1805 2102 1862 vobis
2207 1799 2257 1851 in
2282 1796 2476 1866 (ιιιίδιιε
2519 1811 2639 1850 δοω
2666 1837 2682 1863 ν
2731 1795 3005 1851 sumemus
3057 1811 3198 1852 3550-
3243 1797 3370 1852 δείο
3417 1808 3469 1854 ei
3507 1799 3774 1865 humiliari.

504 1895 654 1949 Deus
679 1893 963 1948 revelabit.
1028 1893 1408 1948 Verumtamen
1457 1894 1523 1948 ad
1554 1893 1696 1969 quod
1732 1897 2100 1965 pervenimus,
2206 1894 2319 1947 scio
2365 1901 2420 1946 et
2466 1889 2746 1944 abundare
2773 1889 3002 1960 (ubique
3041 1900 3096 1944 et
3134 1891 3190 1944 in
3231 1891 3484 1947 omnibus
3523 1893 3780 1948 institutus

507 1997 573 2041 ut
600 1987 740 2042 idem
773 1986 1136 2056 sapiamus,et
1155 1987 1209 2040 in
1237 1986 1428 2041 eadem
1459 2000 1873 2057 permaneamus
1893 1991 2100 2060 regula.
2206 1981 2346 2055 Sum)
2369 2021 2385 2048 9
2417 1991 2471 2037 el
2500 1981 2689 2036 Saliari
2714 2022 2728 2038 ο
2757 1992 2810 2035 ει
2841 1979 3047 2036 esurire
3071 2023 3086 2048 ν
3128 1991 3185 2036 ει
3207 1982 3519 2050 abundare.
3547 1993 3600 2039 ει
3629 2000 3778 2053 penu-

511 2079 823 2134 ]mitatores
847 2078 952 2132 mei
982 2087 1181 2141 estote,
1214 2079 1430 2147 fratres,
1457 2088 1512 2135 et
1539 2080 1827 2137 observate
1861 2096 1956 2137 eos
2014 2099 2069 2152 qt

2217 2076 2344 2129 riam
2371 2074 2504 2142 pati.
2543 2071 2734 2127 Omnia
2765 2085 2985 2141 possum
3018 2071 3072 2125 in
3101 2085 3168 2126 eo
3192 2114 3207 2139 ,
3256 2073 3348 2143 qui
3393 2088 3482 2129 me
3511 2074 3775 2129 confortat.

512 2174 589 2227 ita
622 2169 925 2235 ambulant,
956 2170 1101 2224 sicut
1141 2170 1356 2225 habetis
1381 2170 1613 2226 formam
1648 2183 1912 2228 nostram.
1953 2173 2106 2231 Multi
2213 2167 2601 2222 Verumtamen
2635 2165 2773 2220 bene
2802 2165 3042 2231 fecistis,
3083 2165 3557 2223 communicantes
3585 2169 3779 2223 tribula-

514 2261 659 2316 enim
689 2259 997 2325 ambulant,
1053 2275 1189 2330 quos
1241 2276 1390 2331 saepe
1441 2262 1689 2317 dicebam
1742 2265 1896 2318 vobis
1937 2267 2108 2336 (nunc
2211 2262 2342 2316 tioni
2376 2275 2531 2315 mete.
2573 2258 2737 2315 Scitis
2765 2268 2947 2314 autem
2976 2266 3033 2314 et
3063 2273 3180 2324 vos,
3213 2258 3628 2330 Philippenses,
3656 2261 3779 2332 quod

513 2363 695 2409 autem
728 2363 782 2409 et
817 2355 952 2409 ﬂens
979 2354 1126 2427 dico)
1156 2354 1407 2410 inimicos
1461 2357 1643 2412 crucis
1691 2357 1891 2413 Christi
1927 2378 1938 2414 :
1968 2376 2106 2430 qtto-
2212 2355 2264 2408 in
2295 2353 2567 2424 principio
2589 2350 2907 2422 Evangelii,
2941 2351 3159 2422 quando
3188 2352 3465 2422 proiectus
3496 2367 3611 2408 sum
3634 2368 3662 2407 a
3688 2353 3778 2408 lla-

511 2461 636 2500 rum
669 2446 791 2500 linis
812 2444 1068 2501 interitus
1099 2463 1110 2499 :
1156 2461 1390 2517 quorum
1445 2447 1589 2504 Deus
1646 2459 1858 2505 venter.
1884 2460 2007 2506 est:
2055 2463 2108 2508 et
2212 2449 2460 2511 cedonia,
2485 2447 2632 2502 nulla
2655 2446 2784 2500 mihi
2809 2446 3052 2500 Ecclesia
3080 2446 3499 2501 communicavit
3521 2447 3572 2501 in
3595 2446 3778 2501 ratione

517 2536 690 2606 gloria
725 2539 776 2592 in
827 2537 1148 2593 confusione
1175 2539 1440 2608 ipsorum,
1487 2541 1577 2610 qui
1612 2548 1825 2596 terrena
1867 2545 2106 2613 sapiunt.
2213 2541 2326 2596 dati
2356 2551 2409 2596 et
2432 2539 2672 2609 accepti,
2697 2540 2798 2593 nisi
2820 2553 2918 2594 vos
2957 2541 3098 2593 soli:
3132 2538 3254 2609 quia
3283 2547 3340 2594 et
3363 2539 3780 2595 Thessalonicam

518 2628 715 2683 Nostra
739 2637 919 2684 autem
948 2634 1294 2686 conversatio
1330 2633 1379 2686 in
1432 2633 1581 2687 cmlis
1615 2641 1699 2687 est
1729 2651 1743 2687 τ
1777 2634 1922 2688 unde
1947 2635 2109 2690 etiam
2214 2631 2388 2688 semel
2407 2641 2461 2686 et
2486 2632 2566 2685 bis
2590 2632 2642 2685 in
2668 2644 2825 2684 usum
2849 2628 2877 2669 ι)
2900 2630 3033 2685 mihi
3057 2630 3301 2685 misistis.
3337 2630 3456 2685 Non
3481 2632 3603 2701 quia
3623 2647 3784 2702 quam

519 2718 853 2778 Salvatorem
894 2733 1275 2790 exspecutmus
1309 2724 1594 2776 Dominum
1645 2734 1888 2782 nostrum
1922 2725 2108 2781 Jesum
2215 2725 2434 2792 datum,
2466 2723 2560 2778 sed
2592 2723 2811 2794 requiro
2839 2722 3073 2778 fructum
3111 2723 3475 2787 abundantem
3519 2722 3570 2777 in
3599 2725 3784 2778 ratione

520 2810 816 2877 Christum,
842 2811 934 2881 qui
965 2811 1505 2883 reformabitcorpus
1541 2815 1860 2871 humilitatis
1885 2829 2108 2884 nostrai,
2216 2823 2419 2870 vestra.
2461 2813 2646 2869 Habeo
2692 2822 2872 2869 autem
2921 2815 3126 2879 omnia,
3179 2821 3236 2868 et
3281 2813 3539 2878 abundo:
3571 2818 3784 2885 repletus

523 2907 914 2974 conliguratum
947 2906 1160 2974 corpori
1195 2907 1461 2961 claritatis
1483 2923 1619 2974 sum,
1654 2910 1952 2966 secundum
1979 2927 2113 2982 Ope-
2217 2925 2359 2979 sum,
2394 2909 2634 2978 acceptis
2663 2907 2732 2962 ab
2767 2906 3131 2976 Epaphrodito
3157 2921 3278 2976 qua:
3302 2907 3553 2974 misistis,
3585 2909 3783 2964 odorem

519 2997 812 3061 rationem,
844 3011 948 3066 qua
980 2999 1142 3051 etiam
1176 3001 1348 3066 possit
1375 3001 1646 3070 subjicere
1672 3003 1770 3058 sibi
1798 3007 2001 3062 omnia.
2217 3002 2526 3069 suavitatis,
2563 3001 2795 3055 hostiam
2818 3007 3117 3070 acceptam,
3150 2999 3461 3068 placentem
3492 3000 3622 3056 Deo.
3663 3001 3784 3055 Deus

597 3086 746 3156 [ϐαρ.
771 3087 889 3156 ιν.)
922 3089 1126 3158 Itaque,
1165 3090 1361 3147 fratres
1397 3095 1501 3148 mei
1532 3095 1841 3158 charissinti
1891 3109 1946 3153 et
1976 3101 2120 3156 desi-
2147 3091 2192 3152 C
2223 3105 2402 3150 autem
2431 3107 2586 3148 meus
2617 3090 2839 3162 impleat
2862 3105 3026 3154 omne
3052 3091 3382 3147 desiderium
3417 3100 3649 3148 vestrum
3669 3135 3682 3160 ,
3708 3108 3782 3146 se-

527 3175 898 3239 deratissimi,
948 3179 1200 3244 gaudium
1247 3197 1426 3238 meum
1482 3192 1538 3239 et
1587 3199 1788 3240 corona
1837 3201 1992 3244 tnta:
2039 3192 2120 3246 sic
2223 3188 2458 3242 cundum
2483 3184 2702 3240 divitias
2727 3198 2880 3250 suas,
2913 3183 2966 3238 in
2995 3183 3167 3254 gloria
3192 3184 3247 3238 in
3275 3184 3498 3241 Christo
3517 3185 3656 3242 Jestt.
3691 3186 3784 3241 Deo

525 3276 669 3324 state
697 3269 748 3320 in
784 3268 1035 3335 Domino,
1059 3271 1384 3327 charissimi.
1419 3274 1677 3334 Evodiam
1706 3296 1860 3349 rogo,
1893 3292 1950 3336 et
1973 3281 2118 3354 Syn-
2224 3289 2402 3333 autem
2431 3286 2486 3332 et
2527 3276 2676 3331 Patri
2715 3286 2904 3331 nostro
2943 3276 3115 3346 gloria
3148 3277 3202 3331 in
3232 3279 3431 3332 saecula
3463 3281 3780 3334 satculorum.

522 3359 708 3414 ticheu
740 3359 1026 3427 deprecor,
1071 3360 1301 3430 idipsum
1329 3379 1524 3433 sapere
1567 3369 1617 3422 in
1645 3369 1892 3426 Domino.
1941 3373 2115 3429 Etiam
2226 3370 2419 3424 Amen.
2463 3368 2707 3424 Salutate
2754 3382 2973 3423 omnem
3016 3377 3260 3423 sanctum
3310 3370 3367 3424 in
3407 3370 3622 3425 Chrisw
3658 3370 3781 3425 lesu-

524 3464 660 3520 rogo
685 3460 740 3504 et
771 3459 824 3504 te
845 3490 860 3515 ,
887 3463 1142 3519 germane
1171 3469 1416 3522 compar,
1452 3457 1650 3525 adjuva
1682 3461 1830 3525 illas,
1860 3478 1982 3532 qua:
2010 3480 2121 3520 tne-
2227 3461 2479 3516 Salutant
2505 3475 2622 3527 vos,
2655 3460 2744 3530 qui
2767 3473 2983 3514 mecum
3008 3469 3156 3526 sunt,
3181 3458 3401 3517 fratres.
3445 3462 3682 3518 Salutant
3709 3475 3786 3514 vos

525 3557 651 3600 cum
697 3543 1075 3599 laboraverunt
1125 3546 1178 3599 iu
1228 3546 1524 3617 Evangelia
1561 3566 1683 3606 cum
1727 3554 2036 3621 Clemente,
2068 3566 2124 3614 et
2230 3567 2422 3606 omnes
2448 3551 2652 3620 Sancti.
2680 3551 2917 3606 ῐητίιίηιθ
2947 3562 3127 3606 amem
3169 3553 3259 3623 qui
3305 3552 3374 3608 de
3401 3553 3626 3609 Casam
3648 3553 3785 3608 ἀοηιθ

526 3637 740 3692 cteteris
780 3636 1120 3706 adjutorihus
1166 3639 1300 3695 meis
1325 3680 1341 3708 ,
1389 3655 1618 3711 quarunt
1661 3648 1880 3701 nomina
1909 3652 2082 3706 eunti

2231 3653 2378 3700 sunt.
2411 3645 2592 3700 Gratia
2625 3644 2837 3699 Domini
2864 3643 3037 3700 nostri
3065 3643 3193 3700 .lesu
3222 3645 3424 3712 Christi
3464 3662 3584 3702 cum
3623 3644 3785 3716 spiritu

520 3725 663 3782 libro
691 3727 837 3785 vitae.
861 3726 1104 3785 Gaudete
1130 3728 1185 3785 in
1211 3730 1436 3787 Domino
1465 3746 1716 3805 seraper:
1749 3737 1942 3794 iterum
1973 3740 2120 3808 dico,
2229 3745 2431 3793 vestro.
2464 3739 2660 3792 Amen.

1387 3844 1616 3921 Explicit
1648 3849 1885 3924 Epistola
1911 3852 1976 3910 Β.
2013 3853 2172 3910 Pauli
2206 3849 2430 3926 apostoli
2476 3851 2545 3904 ad
2589 3848 2974 3921 Philippenses.

609 4011 634 4040 ι
664 4002 718 4084 In
748 4003 992 4084 Palatino
1023 4022 1149 4073 ωε..
1177 4009 1222 4084 si
1261 4009 1714 4084 comprehendam,
1765 4013 2119 4084 quemadmo-
2143 4010 2196 4068 υ
2221 4011 2373 4069 Unus
2390 4025 2503 4084 pro
2532 4010 2771 4084 σιιιιιίιιίβἱ
2791 4006 3273 4084 Augustinus,_lib.
3299 4022 3346 4084 _t_t
3370 4005 3440 4063 de
3469 4006 3786 4083 Peccatorttttt

532 4074 659 4128 dum
689 4074 966 4156 in_Graeco_
992 4081 1309 4156 exemplari,
1341 4074 1386 4138 u‘
1410 4085 1498 4145 καὶ
1523 4074 1975 4156 κατᾳλάϐωξγνοεέ
2001 4074 2114 4156 illa,
2225 4074 2518 4156 meritiset
2561 4074 2906 4156 remissione,
2938 4095 3061 4154 cap.
3112 4080 3181 4134 15
3226 4096 3240 4133 :
3289 4078 3494 4150 Sequor
3537 4089 3709 4144 autem.
3751 4075 3783 4127 δέ

527 4145 804 4228 ςυιξῑπφάον
839 4145 1219 4228 Prwterlniséa.
1233 4145 1578 4228 ngque
1614 4155 1672 4228 in
1699 4145 1975 4228 plerisque,
1998 4145 2119 4210 aliis
2225 4145 2678 4228 comprehendam.

530 4215 924 4294 Lati_ttis_tus's.,
956 4231 1130 4294 neque
1153 4220 1213 4294 in
1233 4215 1851 4294 BibliisCorheiensibus
1881 4215 2120 4294 'Vulgatte
2298 4215 2791 4294 b"l‘ypothetarum
2822 4261 2836 4289 ,
2885 4229 2947 4276 ut
2997 4220 3236 4291 videtur,
3287 4235 3476 4294 errore
3523 4219 3700 4291 legitur
3743 4217 3784 4270 in

532 4286 792 4364 editionis
822 4291 1106 4356 reperitur.
1140 4289 1462 4364 Quinetiam
1501 4301 1708 4364 veteres
1755 4294 1906 4350 latini
1937 4286 2122 4352 Patres
2225 4286 2520 4351 Martia'n'tei
2548 4286 2928 4363 editione,’qui
2954 4293 3191 4361 misistis,
3217 4286 3316 4364 pro
3340 4292 3490 4360 mihi,
3521 4286 3619 4347 etc.

538 4372 657 4414 eam
691 4358 966 4430 ignorant,
998 4375 1134 4430 quos
1177 4361 1246 4418 de
1286 4364 1504 4426 nomine
1531 4363 1754 4420 laudare
1795 4381 1904 4420 non
1940 4375 2114 4422 vacat.

541 4498 910 4514 _—_

914 4497 3779 4524 Μ

1303 4630 1462 4740 B-
1543 4631 2111 4746 PAULI
2187 4633 3092 4752 APOSTOLI

2047 4834 2340 4902 INCIPIT

702 4993 1681 5162 EPISTOLA.
1790 5001 2068 5144 AD
2176 5001 3622 5166 COLOSSENSES.
3765 4949 3784 4972 ’

611 5345 856 5421 [Cap.l.]
906 5347 1106 5404 Paulus
1152 5348 1434 5420 apostolus
1473 5348 1607 5406 Iesu
1643 5348 1876 5419 Christi,
1910 5365 2007 5422 per
2035 5365 2131 5407 vo-
2236 5351 2391 5410 Jesu.
2431 5352 2614 5410 Gratia
2641 5354 2796 5410 vobis
2834 5360 2890 5411 et
2925 5367 3029 5426 pax
3068 5368 3098 5409 a
3127 5353 3238 5409 Deo
3267 5351 3427 5410 Patre
3457 5359 3672 5418 nostro,
3699 5355 3780 5411 ἐι

541 5435 800 5495 luntatem
845 5439 936 5495 Dei
965 5481 980 5505 ,
1011 5447 1068 5495 et
1100 5438 1420 5496 Timotheus
1471 5439 1674 5498 frater:
1702 5442 1781 5498 eis
1806 5487 1820 5512 ,
1871 5443 1961 5513 qui
2005 5450 2132 5498 sunt
2240 5445 2473 5502 Domino
2502 5446 2629 5503 Jesu
2656 5447 2899 5504 Christo.
2939 5446 3152 5504 Gratias
3176 5445 3386 5518 agimus
3411 5444 3521 5501 Deo
3547 5485 3560 5510 ,
3590 5453 3643 5498 et
3664 5435 3775 5496 Patri

542 5527 775 5589 Colossis
798 5574 813 5600 ,
849 5533 1052 5589 sanctis
1076 5575 1093 5601 ,
1141 5543 1196 5588 et
1243 5533 1494 5590 ﬁdelibus
1522 5535 1780 5593 fratribus
1819 5538 1871 5592 in
1901 5535 2127 5593 Christo
2236 5539 2632 5598 Domininostri
2657 5540 2784 5597 Jesu
2804 5541 3365 5610 Christi,semperpro
3388 5537 3542 5595 vobis
3563 5539 3775 5590 orantes:

612 5696 636 5723 ⁸
677 5691 870 5763 Verba,
895 5705 941 5750 et
972 5693 1192 5750 Domino
1227 5693 1355 5749 Iesu
1385 5694 1592 5750 Christo
1619 5737 1632 5763 ,
1675 5711 1796 5767 qua;
1821 5705 1877 5753 et
1900 5697 2086 5757 Graeca
2127 5701 2384 5774 pleraque
2413 5702 2742 5775 exemplaria
2771 5706 3039 5771 reticent,
3068 5700 3349 5757 Palatinus
3388 5713 3491 5756 ms.
3510 5696 3598 5751 hic
3617 5687 3773 5750 nscit-
