3946 6198
137 269 235 328 189

885 253 1217 315 EPISTOLA
1256 255 1319 312 Β.
1364 252 1566 313 PAULi
1607 250 1947 310 Αροετοιι
1986 252 2078 307 AD
2117 248 2622 311 COLOSSENSES.

3293 248 3399 306 790

141 384 406 438 audientes
430 375 583 432 ﬁdem
608 382 843 431 vestram
866 373 920 428 in
948 370 1166 427 Christo
1196 369 1345 435 Jesu,
1375 379 1431 425 et
1456 368 1704 425 dilectio-
1730 371 1783 431 Α
1809 368 1957 425 Jesu.
1994 367 2051 424 In
2078 382 2185 437 quo
2220 374 2277 423 ct
2315 366 2505 422 laboro
2529 406 2547 434 ,
2576 363 2840 420 certando
2881 362 3179 421 seamdum
3208 378 3402 435 opera-

139 495 279 547 nem,
308 490 457 549 quam
484 471 689 528 habetis
710 471 763 525 in
786 476 1004 525 sanctos
1026 480 1241 531 omnes,
1275 475 1496 535 propter
1521 478 1695 534 spem,

132 587 252 641 qua:
296 567 518 638 reposita
547 572 629 621 est
668 562 822 617 vobis
850 560 905 615 in
946 559 1136 616 caelis:
1169 572 1328 627 quam
1372 555 1599 611 audistis
1642 554 1696 610 in

134 664 292 719 verbo
322 659 553 716 veritatis
566 653 880 726 Evangelii:
908 652 1051 724 quod
1078 650 1324 722 pervenit
1350 649 1416 703 ad
1447 662 1565 714 vos,
1594 647 1700 702 sic-

135 765 260 814 utet
282 756 332 810 in
361 753 615 809 universo
639 748 843 807 mundo
887 756 973 802 est
997 790 1011 813 ,
1044 753 1100 800 et
1143 742 1452 804 fruetiﬁcat,
1505 749 1563 797 et
1578 753 1700 795 cre-

130 854 242 918 scit,
272 850 407 905 sicut
434 849 487 902 in
513 845 668 902 vobis
693 889 707 911 ,
739 859 807 899 ex
832 857 895 898 ea
925 842 1013 896 die
1038 885 1052 909 ,
1093 854 1196 911 qua
1228 837 1454 894 audistis
1475 878 1491 903 ,
1516 844 1573 891 et
1600 849 1696 890 co-

130 942 373 1014 gnovistis
399 939 624 1011 gratiam
645 935 742 991 Dei
775 934 831 989 in
859 933 1119 1000 veritate,
1152 930 1298 985 sicut
1333 929 1600 984 didicistis
1629 926 1698 982 ab

134 1036 368 1104 Epaphra
392 1030 713 1085 charissim
739 1040 1007 1081 conservo
1037 1030 1226 1077 nostro
1248 1063 1264 1087 ,
1298 1022 1388 1091 qui
1418 1028 1504 1074 est
1526 1018 1699 1073 ﬁdelis

132 1142 218 1197 pro
242 1125 393 1180 vobis
422 1123 671 1178 minister
690 1118 893 1176 Christi
926 1116 1056 1173 Jesu
1080 1157 1095 1181 ,
1126 1114 1221 1185 qui
1261 1114 1424 1169 etiam
1468 1110 1700 1165 manife-

130 1218 276 1273 stavit
313 1217 463 1271 nobis
506 1214 853 1268 dilectionem
886 1219 1123 1265 vestram
1148 1208 1202 1261 in
1230 1206 1446 1276 spiritu.
1488 1204 1616 1260 Ideo
1643 1213 1701 1259 et

130 1325 217 1365 nos
244 1324 305 1364 ex
332 1322 430 1376 qua
463 1306 551 1361 die
579 1304 885 1359 audivimus
904 1342 919 1368 ,
965 1299 1074 1356 non
1099 1314 1376 1355 cessamus
1404 1311 1507 1367 pro
1545 1294 1697 1351 vobis

128 1408 349 1463 orantes,
374 1408 430 1454 ct
459 1398 831 1469 postulantes,
864 1404 924 1450 ut
945 1390 1277 1462 impleamini
1306 1389 1583 1458 agnitione
1611 1402 1700 1441 vo-

130 1493 331 1548 luntatis
368 1491 486 1560 ejus
509 1531 523 1556 ,
567 1490 619 1543 in
661 1489 807 1543 omni
854 1485 1120 1554 sapientia
1149 1490 1205 1539 et
1232 1481 1510 1536 intellectu
1537 1479 1699 1548 spiri-

129 1587 242 1640 tuali
268 1603 279 1638 :
314 1593 372 1639 ut
400 1581 689 1637 ambuletis
716 1581 902 1651 digne,
936 1579 1048 1633 Deo
1069 1593 1167 1647 per
1187 1574 1367 1630 omnia
1392 1572 1694 1643 placentes:

128 1678 172 1733 in
200 1677 341 1732 omni
369 1689 533 1745 opere
560 1674 702 1729 bono
732 1671 1155 1734 fructiﬁcantes,
1200 1675 1257 1722 et
1296 1671 1609 1721 crescentes
1638 1662 1692 1718 in

1804 459 2005 515 tionem
2034 460 2178 529 ejus,
2207 472 2372 529 quam
2395 467 2655 527 operatur
2686 457 2740 512 in
2768 469 2886 523 me,
2912 455 2965 510 in
2988 454 3207 511 virtute.

1872 550 2022 625 [Cap.
2056 551 2148 623 ιι]
2175 550 2311 607 Volo
2334 552 2482 606 enim
2517 564 2619 605 vos
2648 548 2790 605 scire
2817 549 3041 619 qualem
3070 548 3394 605 sollicitudi-

1800 662 1925 703 nem
1950 646 2175 702 habeam
2202 660 2302 716 pro
2327 645 2501 708 vobis.
2523 652 2579 700 et
2603 660 2703 715 pro
2729 645 2819 709 iis,
2838 643 2929 714 qui
2958 652 3085 700 sunt
3102 644 3395 717 Laodicia),

1800 749 1854 796 et
1881 740 2207 810 quicumque
2232 752 2339 793 nou
2373 738 2628 792 viderunt
2654 736 2850 792 faciem
2892 751 3065 792 meam
3096 738 3150 791 in
3182 752 3350 794 carne
3381 756 3395 793 :

1800 844 1860 887 ut
1879 831 2230 886 consolentur
2259 829 2422 884 corda
2447 830 2712 899 ipsorum,
2741 829 2992 884 instructi
3025 829 3077 883 in
3104 829 3395 895 charitate,

1797 932 1855 977 et
1878 923 1934 977 in
1972 936 2164 978 omnes
2194 920 2413 976 divitias
2449 919 2805 990 plenitudinis
2847 919 3189 987 intellectus,
3222 926 3274 976 in
3306 938 3399 992 ag-

1801 1012 2064 1068 nitionem
2093 1011 2340 1083 mysterii
2367 1009 2467 1066 Dei
2494 1009 2672 1065 Patris
2697 1019 2753 1065 et
2779 1010 2983 1066 Christi
3007 1012 3137 1067 Iesu
3169 1031 3180 1065 :
3210 1013 3261 1068 in
3292 1028 3400 1083 quo

1798 1113 2135 1159 suntomnes
2166 1101 2407 1157 thesauri
2454 1101 2738 1170 sapientia:
2782 1110 2841 1156 et
2889 1104 3133 1157 scientiae
3169 1104 3402 1160 abscon-

1800 1195 1918 1249 diti.
1946 1194 2062 1249 Hoc
2088 1205 2270 1248 autem
2295 1192 2441 1258 dico,
2473 1204 2530 1247 ιιι
2556 1208 2716 1248 nemo
2744 1209 2841 1247 vos
2864 1193 3101 1264 decipiat
3129 1196 3182 1250 in
3225 1197 3397 1253 sublio

1801 1287 1988 1342 mitate
2037 1300 2375 1341 sermonum.
2416 1284 2553 1341 Nam
2596 1286 2702 1340 etsi
2745 1300 2983 1355 corpore
3011 1286 3212 1343 absens
3242 1304 3396 1359 sum,

1798 1378 1893 1433 sed
1920 1376 2119 1447 spiritu
2140 1376 2422 1432 vobiscum
2448 1391 2571 1432 sum
2604 1395 2616 1430 :
2648 1378 2915 1447 gaudens,
2946 1388 3003 1434 et
3032 1380 3223 1436 videns
3251 1382 3402 1437 ordi-

1798 1490 1923 1530 nem
1944 1482 2187 1529 vestrum
2206 1520 2219 1541 ,
2246 1481 2303 1527 et
2327 1472 2730 1529 ﬁrmamentum
2761 1475 2910 1544 ejus,
2936 1490 3056 1546 quae
3094 1477 3148 1531 in
3177 1476 3399 1533 Christo

1798 1577 1903 1637 est,
1935 1566 2056 1621 ﬁdei
2088 1574 2306 1621 vestrae.
2336 1565 2489 1621 Sicut
2520 1580 2653 1638 ergo
2682 1568 2978 1637 accepistis
3013 1568 3201 1625 Jesum
3232 1571 3392 1626 Chri-

1800 1666 1940 1712 stum
1972 1656 2258 1711 Dominum
2291 1655 2420 1727 [Με.
2448 1656 2577 1711 add.
2619 1658 2920 1729 nostrum],
2956 1659 3007 1712 in
3044 1660 3162 1729 ipso
3209 1662 3399 1716 ambu-

126 1769 329 1824 scientia
362 1768 455 1823 Dei
486 1784 502 1822 :
535 1766 587 1820 in
627 1764 772 1819 omni
817 1762 1019 1818 virtute
1063 1758 1355 1815 confortati
1388 1754 1688 1811 secundum
1722 1753 1770 1814 Β
1798 1750 1924 1812 late,
1958 1749 2212 1816 radicati,
2264 1759 2317 1803 et
2352 1749 2771 1819 superadiﬁcati
2813 1751 2866 1806 in
2911 1751 3063 1821 ipso,
3098 1762 3155 1808 et
3193 1757 3399 1810 contir-

129 1862 400 1932 potentiatn
431 1858 697 1914 claritatis
727 1856 867 1925 ejus,
903 1856 955 1909 in
983 1853 1131 1908 omni
1159 1848 1400 1922 potentia
1429 1858 1483 1903 et
1506 1848 1694 1916 longa-
1796 1840 1930 1897 mati
1964 1840 2100 1905 ﬁde,
2135 1839 2279 1895 sicut
2306 1850 2361 1894 et
2387 1839 2689 1907 didicistis,
2735 1841 3079 1898 abundantes
3120 1844 3174 1897 in
3210 1844 3302 1900 illo
3342 1847 3396 1901 in

126 1929 348 2010 uimitate
383 1968 505 2009 cum
537 1950 737 2023 gaudio
761 1993 776 2017 ,
807 1957 864 2004 et
890 1946 1095 2018 gratias
1123 1953 1347 2013 agentes
1374 1940 1487 1995 Deo
1516 1938 1689 2005 Patri,
1792 1932 2092 2003 gratiarum
2125 1931 2361 1986 actione.
2389 1929 2614 1995 Videte,
2648 1945 2718 1985 ne
2744 1932 2865 2001 quis
2900 1948 2997 1987 vos
3028 1933 3267 2004 decipiat
3301 1950 3399 2007 per

124 2048 203 2115 qui
230 2045 414 2116 dignos
462 2022 565 2099 nos
611 2041 742 2097 fecit
783 2040 837 2095 in
865 2046 1075 2109 partem
1111 2034 1274 2090 sortis
1299 2040 1608 2089 sanctorum
1640 2032 1693 2086 in
1797 2024 2233 2097 philosophiam,
2263 2035 2319 2079 et
2348 2024 2564 2081 inanem
2593 2022 2901 2092 fallaciam,
2942 2028 3242 2083 secundum
3283 2038 3397 2083 tra-

126 2139 329 2204 lumine,
357 2138 447 2208 qui
479 2135 683 2206 eripuit
710 2148 809 2188 nos
836 2132 906 2187 de
948 2136 1218 2200 potestate
1240 2126 1611 2189 tenebrarum,
1640 2131 1695 2177 et
1796 2120 2065 2176 ditionem
2097 2116 2379 2172 hominum
2406 2157 2421 2181 ,
2457 2118 2755 2172 secundum
2788 2118 3057 2174 elementa
3091 2120 3296 2185 mundi,
3344 2131 3399 2177 et

126 2232 376 2288 transtulit
398 2233 450 2287 in
475 2245 707 2301 regnum
737 2228 835 2281 ﬁlii
864 2223 1173 2281 dilectionis
1202 2236 1351 2285 suae;
1386 2222 1436 2274 in
1467 2233 1573 2289 quo
1600 2217 1696 2271 ha-
1798 2228 1908 2268 non
1950 2209 2255 2267 secundum
2313 2208 2590 2301 Christum
2627 2226 2639 2263 :
2671 2208 2798 2279 quia
2850 2213 2901 2264 in
2953 2211 3071 2279 ipso
3130 2211 3401 2267 inhabitat

129 2326 302 2381 bemus
342 2300 773 2392 redemptionem
803 2328 831 2358 ἰ
858 2333 955 2389 per
979 2315 1295 2386 sanguinem
1323 2312 1469 2382 ejus,
1500 2310 1694 2365 remis-
1797 2303 1977 2361 omnis
2009 2300 2293 2371 plenitudo
2320 2300 2622 2355 divinitatis
2654 2301 3020 2370 corporaliter
3055 2320 3067 2355 :
3096 2312 3152 2357 et
3180 2306 3310 2358 estis
3340 2305 3396 2360 in

125 2420 310 2473 sionem
348 2424 742 2487 peccatorum:
782 2413 875 2481 qui
912 2418 996 2464 est
1041 2409 1219 2476 imago
1249 2404 1344 2459 Dei
1384 2400 1692 2466 invisibilis,
1796 2397 1895 2452 illo
1917 2394 2133 2462 repleti,
2162 2394 2254 2463 qui
2285 2402 2370 2448 est
2394 2401 2557 2461 caput
2590 2393 2766 2448 omnis
2790 2392 3123 2461 principatus
3164 2404 3221 2449 et
3244 2406 3397 2464 νοιδ-

128 2482 493 2579 primogenitus
548 2506 731 2561 omnis
780 2512 1045 2558 creaturae
1088 2515 1103 2551 :
1170 2497 1425 2567 quoniam
1477 2495 1531 2550 iu
1579 2494 1697 2562 ipso
1798 2486 1991 2545 statis:
2025 2487 2081 2540 in
2108 2498 2218 2555 quo
2238 2492 2294 2539 et
2323 2483 2631 2538 circumcisi
2657 2482 2795 2538 estis
2824 2483 3245 2540 circumcisione
3283 2499 3394 2541 non

129 2576 320 2657 condita
348 2612 472 2657 sunt
506 2600 768 2655 universa
796 2600 848 2653 in
878 2596 1033 2651 oculis
1056 2603 1110 2649 et
1136 2592 1193 2647 in
1220 2600 1364 2647 terra
1389 2630 1405 2657 ,
1436 2588 1693 2653 visibilis,
1800 2596 1962 2636 manu
1987 2578 2129 2635 facta
2157 2578 2212 2634 in
2239 2576 2641 2647 esspoliatione
2670 2577 2922 2646 corporis
2965 2577 3182 2644 carnis,
3216 2579 3309 2633 sed
3339 2579 3397 2635 in

129 2710 173 2753 et
198 2699 471 2753 invisibilia
496 2740 512 2764 ,
579 2696 697 2750 sive
722 2691 935 2759 throni,
965 2691 1087 2747 sive
1115 2684 1548 2750 dominationes,
1582 2682 1698 2737 sive
1800 2671 2216 2729 circumcisione
2240 2669 2446 2724 Christi
2479 2686 2493 2722 :
2526 2669 2831 2739 consepulti
2853 2669 2906 2726 ei
2933 2669 2989 2725 in
3017 2670 3311 2739 baptismo,
3342 2673 3397 2727 in

128 2792 429 2861 principatus
454 2832 470 2856 ,
499 2761 622 2844 sive
650 2795 950 2857 potestates
976 2801 987 2836 :
1030 2781 1211 2835 omnia
1238 2793 1337 2848 per
1358 2777 1531 2847 ipsum
1560 2782 1615 2829 et
1644 2774 1697 2828 in
1800 2781 1907 2837 quo
1933 2773 1990 2821 et
2019 2763 2403 2821 resurrexistis
2445 2776 2543 2830 per
2588 2761 2749 2818 ﬁdem
2787 2762 3125 2833 operationis
3154 2762 3272 2832 Dei,
3304 2764 3399 2835 qui

130 2854 229 2950 ipso
255 2854 426 2939 creata
456 2854 591 2936 sunt
618 2854 735 2934 :tet
764 2879 882 2948 ipse
910 2883 995 2931 est
1024 2882 1150 2928 ante
1174 2885 1395 2934 omnes,
1442 2876 1495 2923 ct
1516 2867 1698 2921 omnia
1801 2859 2081 2914 suscitavit
2111 2856 2258 2910 illum
2290 2869 2322 2908 a
2343 2855 2591 2912 mortuis.
2626 2854 2696 2910 Et
2715 2868 2845 2920 vos.
2877 2869 2999 2909 cum
3027 2855 3228 2910 mortui
3249 2870 3401 2913 esse-

129 2948 173 3029 in
215 2976 324 3046 ipso
360 2980 638 3030 constant.
682 2970 751 3025 Et
782 2971 899 3039 ipse
925 2975 1009 3023 est
1047 2974 1209 3035 caput
1239 2960 1484 3032 corporis
1513 2958 1701 3015 Eccle-

1808 2952 1873 3007 tis
1895 2952 1948 3005 in
1975 2950 2193 3006 delictis
2213 2989 2227 3014 ,
2260 2958 2316 3004 et
2344 2949 2609 3018 praeputio
2646 2948 2828 3004 carnis
2853 2955 3081 3013 vestrae,
3116 2949 3403 3006 conviviﬁ-

128 3038 248 3134 site,
281 3068 364 3139 qui
389 3075 473 3123 est
498 3063 830 3137 principium
854 3102 868 3127 ,
910 3057 1301 3129 primogenitus
1329 3070 1394 3109 ex
1427 3052 1695 3111 mortuis;
1733 3128 1769 3139 Δ
1802 3043 1945 3098 cavit
1973 3056 2098 3098 cum
2139 3040 2255 3107 illo,
2295 3040 2506 3095 donans
2551 3039 2705 3095 vobis
2747 3038 2931 3096 omnia
2959 3039 3177 3108 delicta,
3206 3040 3402 3098 dolens

130 3169 180 3212 ut
215 3128 373 3214 sit'in
414 3128 701 3214 omnibus
726 3155 844 3224 ipse
893 3128 1186 3222 primatum
1231 3156 1445 3201 tenens.
1486 3144 1621 3210 Quia
1645 3143 1699 3198 in
1725 3128 1771 3190 C
1804 3132 1953 3204 quod
1983 3131 2245 3188 adversus
2269 3146 2370 3188 nos
2390 3141 2508 3187 erat
2535 3131 2957 3202 chirographum
2994 3131 3223 3201 decreti,
3254 3134 3403 3203 quod

131 3252 232 3320 ipso
258 3252 618 3322 complacuit,
667 3223 885 3302 omnem
926 3241 1321 3315 plenitudinem
1354 3237 1700 3293 inhabitare:

1808 3236 1925 3283 erat
1948 3227 2279 3282 contrarium
2308 3225 2487 3292 nobis,
2514 3236 2569 3282 et
2600 3226 2776 3295 ipsum
2806 3224 2927 3280 tulit
2953 3224 3023 3279 de
3052 3223 3251 3292 medio,
3278 3225 3405 3282 afﬁ-

130 3318 173 3397 et
195 3361 284 3414 per
311 3318 429 3401 eum
473 3341 844 3400 reconciliare
864 3337 1048 3394 omnia
1089 3338 1143 3390 in
1184 3333 1388 3405 ipsum,
1412 3328 1704 3401 paciﬁcans
1804 3333 1939 3389 gens
1967 3318 2098 3374 illud
2137 3318 2312 3385 cruci,
2345 3327 2401 3373 et
2427 3320 2737 3389 exspolians
2766 3318 3126 3389 principatus,
3158 3329 3214 3375 et
3243 3328 3400 3390 pote-

131 3450 212 3505 per
239 3440 551 3507 sanguinem
584 3433 764 3489 crucis
788 3432 907 3501 ejus
933 3473 948 3497 ,
996 3428 1110 3483 sive
1146 3441 1264 3497 quae
1292 3426 1345 3480 in
1374 3425 1562 3489 terris,
1588 3422 1705 3477 sive

129 3543 232 3598 quae
258 3530 309 3584 in
332 3529 484 3585 ctelis
509 3534 666 3583 sunt.
697 3524 765 3578 Et
792 3536 890 3578 vos
911 3534 1033 3576 cum
1060 3518 1253 3575 essetis
1272 3514 1558 3585 aliquando
1579 3513 1707 3569 alie-

132 3623 247 3690 nati,
274 3632 329 3679 et
369 3620 585 3678 inimici
632 3633 795 3676 sensu
827 3618 879 3672 in
920 3612 1178 3684 operibus
1216 3611 1407 3667 malis:
1439 3623 1583 3664 nunc
1613 3623 1708 3663 au-

131 3722 225 3770 tem
267 3714 656 3773 reconciliavit
703 3714 757 3768 in
800 3724 1033 3781 corpore
1070 3706 1255 3763 carnis
1284 3707 1402 3777 ejus
1430 3720 1526 3775 per
1552 3718 1706 3760 mor-

132 3810 245 3873 tem,
272 3806 524 3862 exblbere
560 3818 662 3859 vos
688 3810 935 3868 sanctos,
970 3807 1024 3855 et
1052 3797 1454 3861 immaculatos,
1486 3802 1544 3850 et
1573 3794 1710 3850 irre-

133 3898 508 3965 prehensibiles
560 3909 747 3951 coram
795 3895 952 3964 ipso:
996 3891 1041 3947 si
1082 3897 1266 3945 tamen
1301 3886 1629 3959 permanetis
1653 3886 1709 3941 in

135 3990 223 4045 ﬁde
262 3992 460 4047 fundati
486 4034 503 4059 ,
537 3997 603 4044 et
631 3987 897 4044 stabiles:
929 3993 985 4041 et
1010 3982 1314 4038 immobiles
1344 3994 1375 4035 a
1407 3994 1504 4049 spe
1534 3980 1712 4034 Evan-

132 4085 240 4151 gelii
266 4128 279 4149 ,
324 4085 465 4155 quod
493 4083 734 4140 audistis
757 4122 773 4147 ,
825 4079 967 4149 quod
1010 4077 1361 4148 praedicatum
1394 4082 1475 4129 est
1506 4072 1561 4127 in
1592 4072 1713 4126 uni-

136 4190 275 4231 versa
301 4186 572 4245 creatura,
607 4187 728 4244 quae
749 4170 854 4227 sub
875 4169 1015 4225 coelo
1042 4176 1166 4234 est,
1208 4164 1363 4237 cujus
1391 4164 1565 4221 factus
1592 4176 1711 4219 sum

139 4283 225 4339 ego
252 4269 443 4325 Paulus
487 4267 761 4324 minister.
803 4263 905 4330 Qui
946 4276 1085 4316 nunc
1122 4257 1332 4329 gaudeo
1354 4257 1418 4327 in
1450 4254 1714 4325 passioni-

140 4359 229 4414 bus
254 4376 345 4431 pro
368 4361 545 4425 vobis,
570 4368 627 4414 et
654 4354 925 4427 adimpleo
947 4369 1010 4409 ea
1034 4366 1153 4422 qua:
1180 4350 1376 4405 desunt
1400 4345 1711 4418 passionum

139 4448 359 4520 Christi,
390 4453 445 4507 in
476 4464 645 4507 carne
674 4462 794 4503 mea
824 4487 839 4513 ,
886 4460 987 4517 pro
1014 4456 1245 4517 corpore
1266 4441 1407 4511 ejus,
1450 4437 1594 4510 quod
1630 4442 1716 4493 est

1806 3418 1999 3477 states,
2033 3410 2273 3465 traduxit
2298 3410 2665 3478 conﬁdenter,
2697 3411 2883 3481 palam
2908 3411 3253 3480 triumphans
3280 3411 3405 3469 illos

1808 3501 1864 3558 in
1893 3503 2210 3572 semetipso.
2234 3501 2407 3557 Nemo
2434 3516 2563 3572 ergo
2588 3517 2685 3558 vos
2712 3502 2924 3572 judicet
2960 3503 3013 3557 in
3044 3502 3201 3569 cibo,
3231 3513 3325 3561 aut
3349 3505 3405 3560 in

1809 3601 1961 3663 potu,
1996 3603 2088 3649 aut
2132 3594 2185 3648 in
2225 3603 2378 3664 parte
2422 3592 2529 3648 diei
2578 3593 2722 3660 festi,
2768 3601 2867 3649 aut
2915 3594 3255 3662 neomenite,
3310 3603 3406 3650 aut

1807 3685 2156 3747 sabbatorum
2195 3702 2207 3739 :
2246 3700 2368 3756 qua:
2416 3695 2545 3741 sunt
2584 3687 2773 3743 umbra
2830 3685 3136 3745 futurorum
3162 3703 3177 3742 :
3203 3700 3406 3756 corpus

1809 3785 1989 3831 autem
2018 3775 2238 3832 Christi.
2271 3776 2443 3832 Nemo
2462 3791 2559 3831 vos
2588 3778 2848 3844 seducet,
2881 3778 3069 3834 volens
3095 3779 3151 3833 in
3178 3778 3403 3835 humili-

1815 3876 1942 3932 tate,
1965 3876 2021 3922 et
2044 3868 2305 3937 religione
2325 3868 2663 3936 angelorum,
2683 3882 2803 3938 quae
2824 3882 2933 3925 non
2946 3869 3403 3940 viditambulans,

1813 3957 2014 4017 frustra
2042 3957 2259 4017 inﬂatus
2281 3971 2446 4015 sensu
2489 3960 2670 4015 carnis
2700 3974 2832 4025 suae,
2859 3968 2918 4016 et
2952 3976 3059 4017 non
3090 3970 3285 4019 tenens
3314 3978 3407 4019 ca-

1815 4060 1929 4123 put,
1964 4065 2035 4106 ει
2058 4064 2164 4123 quo
2187 4058 2358 4105 totum
2380 4065 2578 4122 corpus
2598 4092 2615 4119 ,
2646 4068 2746 4123 per
2775 4068 2947 4111 nexus
2980 4063 3038 4111 et
3070 4058 3409 4127 conjunctio-

1816 4158 1915 4199 nes
1963 4142 2436 4198 subministratum
2500 4154 2555 4199 et
2621 4154 3033 4215 constructum,
3102 4150 3303 4206 crescit
3352 4150 3409 4204 in

1816 4242 2168 4303 augmentum
2194 4232 2313 4288 Dei.
2344 4232 2400 4289 Si
2422 4249 2553 4306 ergo
2583 4239 2785 4292 mortui
2808 4239 2943 4293 estis
2962 4254 3085 4295 cum
3106 4240 3323 4295 Christo
3340 4240 3411 4293 ab

1816 4324 2103 4380 elementis
2129 4324 2291 4394 hujus
2313 4328 2501 4382 mundi
2524 4346 2535 4381 :
2557 4330 2685 4398 quid
2712 4330 2888 4384 adhuc
2912 4340 3187 4399 tamquam
3214 4332 3408 4386 viven-

1818 4426 1904 4474 tes
1933 4418 1987 4474 in
2010 4418 2213 4476 mundo
2239 4419 2569 4477 decernitis?
2594 4421 2669 4478 Ne
2688 4423 2995 4491 tetigeritis,
3025 4437 3201 4492 neque
3226 4432 3411 4492 gusta-

143 4512 396 4597 Ecclesia:
445 4542 606 4612 cujus
650 4538 827 4594 factus
856 4512 977 4592 sum
1006 4512 1385 4605 ego'minister
1416 4528 1710 4585 secundum
1737 4512 1793 4573 Ῑ)
1817 4513 2005 4569 “Pilis
2026 4554 2042 4580 9
2077 4528 2256 4582 neque
2287 4516 2762 4570 ῦοηίτθθιθνθΐίῑίε
2783 4532 2795 4568 τ
2820 4530 2942 4584 (ωδε
2973 4523 3100 4569 sum
3139 4517 3321 4570 Omnia
3358 4518 3412 4571 ίη

143 4606 590 4701 dispensationem
638 4631 732 4685 Dei
759 4670 775 4696 ,
818 4643 941 4699 quae
986 4627 1112 4680 data
1157 4631 1240 4680 est
1262 4622 1393 4677 mihi
1427 4623 1481 4677 in
1512 4636 1631 4688 vos,
1660 4628 1720 4677 ut
1819 4608 2097 4664 interitum
2122 4606 2242 4677 ipso
2270 4622 2393 4673 usu,
2423 4608 2719 4662 secundum
2748 4616 3019 4677 praecepta
3048 4616 3105 4663 et
3132 4608 3415 4663 doctrinas

144 4720 382 4791 impleam
425 4725 655 4781 verbum
702 4722 836 4776 Dei:
874 4719 1189 4790 mysterium
1241 4714 1383 4786 quod
1421 4712 1715 4770 abscondi-
1822 4710 2104 4765 hominum
2140 4727 2153 4764 :
2187 4726 2308 4780 quae
2334 4719 2460 4765 sunt
2488 4711 2757 4765 rationem
2800 4707 3015 4777 quidem
3049 4707 3299 4764 habentia
3329 4722 3417 4762 sa-

144 4820 245 4869 tum
275 4814 369 4871 fuit
417 4833 447 4879 a
487 4815 707 4877 seculis
731 4857 746 4879 ,
777 4822 831 4869 et
854 4810 1297 4883 generationibus
1317 4851 1332 4875 ,
1364 4823 1509 4867 nunc
1538 4818 1717 4869 autem
1823 4807 2037 4876 pientite
2068 4808 2119 4862 in
2156 4804 2546 4874 superstitione
2568 4844 2583 4868 ,
2616 4812 2671 4858 et
2718 4800 3052 4870 humilitate,
3081 4812 3136 4857 et
3164 4816 3273 4855 non
3301 4799 3329 4836 ι)
3355 4799 3424 4855 ad

146 4906 532 4963 manifestatum
582 4918 668 4963 est
703 4908 904 4962 sanetis
936 4906 1053 4975 ejus
1077 4946 1093 4971 ,
1140 4903 1340 4975 quibus
1378 4904 1545 4958 voluit
1576 4908 1719 4960 Deus
1824 4899 2153 4970 parcendum
2185 4896 2437 4966 corpori,
2462 4910 2569 4950 non
2600 4896 2652 4948 in
2685 4896 2889 4949 honore
2912 4895 3092 4964 aliquo
3125 4894 3190 4948 ad
3223 4894 3419 4948 saturi-

151 5007 295 5053 notas
316 4999 492 5056 facere
514 5001 735 5055 divitias
762 4999 948 5070 glorite
969 4996 1296 5053 sacramenti
1327 4995 1486 5065 hujus
1512 4996 1565 5050 in
1592 5010 1725 5067 gen—
1827 5004 1990 5051 tatem
2013 4993 2216 5047 carnis.

147 5087 298 5154 tibus,
329 5093 468 5161 quod
496 5100 581 5147 est
601 5090 874 5156 Christus,
909 5090 963 5143 in
987 5087 1142 5143 vobis
1172 5102 1298 5157 spes
1321 5087 1531 5157 glorize,
1563 5102 1723 5157 quem
1900 5086 2048 5159 [Cap.
2080 5083 2191 5154 ll|.]
2225 5082 2389 5152 Igitur
2408 5121 2424 5147 ,
2472 5081 2516 5134 si
2575 5078 3000 5133 consurrexistis
3024 5092 3145 5132 cum
3174 5077 3417 5142 Christo,

150 5194 241 5233 nos
270 5186 673 5245 annuntiamus,
708 5182 1065 5251 corripientes
1093 5195 1310 5237 omnem
1343 5180 1647 5245 hominem,
1673 5183 1728 5233 et
1830 5195 1947 5249 quae
1976 5190 2189 5231 sursum
2220 5172 2610 5241 suntquaerite,
2636 5170 2729 5223 ubi
2751 5168 3003 5224 Christus
3031 5178 3113 5223 est
3132 5169 3183 5222 in
3198 5169 3421 5223 dextera

152 5272 396 5332 docentes
425 5292 643 5339 omnem
666 5277 938 5335 hominem
970 5277 1024 5333 in
1053 5275 1200 5341 omni
1227 5274 1515 5344 sapientia,
1550 5281 1608 5328 ut
1635 5288 1729 5327 ex-
1830 5270 1929 5327 Dei
1955 5268 2152 5325 sedens
2183 5284 2196 5320 :
2230 5279 2350 5335 quae
2368 5278 2585 5319 sursum
2618 5272 2742 5321 sunt
2764 5262 2959 5331 sapite,
2988 5276 3093 5315 non
3116 5275 3236 5330 quae
3262 5272 3425 5327 super

155 5365 417 5425 hiheamus
460 5385 678 5429 omnem
735 5371 1008 5431 hominem
1052 5368 1354 5440 perfectum
1410 5370 1461 5422 in
1507 5366 1726 5422 Christo
1832 5372 2057 5418 terram.
2087 5356 2283 5414 Mortui
2312 5356 2458 5411 enim
2486 5354 2643 5421 estis,
2670 5354 2849 5409 etvita
2879 5362 3059 5408 vestra
3090 5360 3173 5407 est
3197 5351 3427 5404 obsecu-

1844 5606 1894 5661 in
1920 5604 2123 5661 Graecis
2147 5602 2394 5658 melioris
2422 5608 2563 5655 notae
2599 5598 2880 5654 codicibus
2911 5597 3153 5669 reperire
3180 5606 3283 5669 est.

224 5621 246 5648 ⁸
283 5612 561 5671 Palatinus
589 5617 726 5677 idem
757 5632 859 5672 ms.
891 5657 906 5682 ,
948 5615 1193 5671 habemus
1221 5612 1653 5681 redemptionem,
1687 5619 1737 5664 et
1844 5612 1894 5661 in
1920 5612 2123 5661 Graecis
2147 5612 2394 5658 melioris
2422 5612 2563 5655 n0tae
2599 5612 2880 5654 coutcmus
2911 5612 3153 5669 reperire
3180 5612 3228 5651 es

224 5684 497 5740 niasionem
550 5697 877 5742 peccatorum
910 5731 925 5742 .
986 5686 1324 5742 lntermcdiis
1368 5681 1553 5739 verbis
1577 5721 1593 5742 ,
1645 5697 1736 5742 per
1911 5676 1939 5716 ι’
1986 5677 2110 5742 Με..
2134 5683 2181 5731 et
2208 5674 2275 5728 ad
2306 5688 2407 5726 nou
2431 5669 2922 5742 parcendum-Gn,
2946 5673 3031 5726 καὶ
3058 5668 3228 5742 augurii

2071 5715 2110 5743 .,
2134 5691 2181 5731 et
2208 5691 2275 5728 aa
2306 5691 2407 5726 non
2431 5691 2922 5742 parcenaum.~ur.,
2946 5691 3031 5726 καί
3058 5691 3319 5743 αφιιοιως.

159 5684 497 5740 remissionem
550 5681 925 5755 peccatorum,
986 5686 1324 5742 lntermcdiis
1368 5681 1553 5739 verbis
1577 5721 1593 5747 ,
1645 5697 1736 5750 per

160 5757 450 5822 sanguinem
477 5760 594 5828 ejus
618 5800 633 5827 ,
672 5758 1053 5832 pmtermissis
1077 5798 1093 5824 .
1136 5771 1258 5827 quae
1296 5755 1514 5825 quidem
1560 5766 1737 5823 neque
