3946 6198
552 263 648 319 79f

1554 258 1611 312 S.
1657 251 2040 311 HIERONYSII
2080 251 2308 310 DIVI-NA
2347 249 2824 307 BIBLIO‘I'HECA.
3730 254 3815 312 19°.

555 378 663 430 tlita
697 390 820 430 cum
849 373 1069 429 Christo
1105 375 1155 427 in
1199 371 1329 426 Deo.
1363 370 1498 424 Cum
1533 370 1783 424 Christus
1825 370 2154 437 apparuerit,
2187 371 2230 426 Α
2263 365 2405 433 quod
2429 381 2458 417 a
2491 365 2716 418 Domino
2749 364 3024 433 accipietis
3047 365 3476 421 retributionem
3497 364 3812 425 hzrcditatis.

558 481 664 522 vita
698 479 894 530 vestra,
933 479 1059 520 tunc
1087 475 1141 518 et
1165 480 1262 518 vos
1294 464 1624 533 apparebitis
1653 477 1776 516 cum
1806 463 1922 530 ipso
1949 461 2001 513 in
2032 459 2148 527 glo-

559 558 657 613 ria.
693 556 1010 613 Mortificate
1036 570 1166 626 ergo
1192 556 1434 610 membra
1461 564 1664 619 vestra,
1686 567 1807 622 qua:
1837 560 1962 605 sunt
1990 563 2150 618 super

561 660 790 715 terram;
850 649 1298 710 fornicationem,
1353 646 1780 709 immunditiam,
1830 643 2148 707 libidinem,

556 740 1052 811 concupiscentiam
1086 739 1314 805 malam,
1345 749 1400 794 et
1437 736 1753 800 avaritiam,
1795 751 1919 805 quae
1966 744 2049 790 est
2081 733 2152 786 si-

558 836 918 889 mulacrorum
975 834 1211 887 servitus
1245 853 1257 888 :
1287 843 1502 900 propter
1552 845 1674 898 qua:
1725 828 1875 882 venit
1924 827 2004 880 ira
2058 824 2150 878 Dei

553 939 717 994 super
748 923 890 978 filios
916 922 1313 978 incredulitatis
1348 941 1358 975 :
1392 921 1446 975 itt
1478 920 1673 990 quibus
1699 929 1754 973 et
1785 933 1878 970 vos
1909 917 2152 972 ambula-

554 1016 653 1071 stis
688 1014 1011 1084 aliquando,
1052 1028 1173 1068 cum
1219 1014 1474 1067 viveretis
1522 1012 1573 1065 in
1617 1009 1743 1064 illis.
1788 1006 1941 1062 Nunc
1968 1017 2150 1062 autem

552 1106 804 1178 deponite
825 1116 880 1162 et
907 1122 1004 1162 vos
1043 1107 1249 1170 omnia,
1286 1107 1420 1158 iram
1445 1146 1459 1168 ,
1503 1101 1962 1174 indignationem,
2000 1099 2156 1154 mali-

554 1205 716 1266 tiam,
747 1200 1174 1271 blasphemiam,
1208 1208 1426 1268 turpem
1471 1211 1780 1251 sermonem
1820 1195 1889 1250 de
1929 1209 2027 1248 ore
2064 1207 2154 1246 ve-

553 1306 690 1351 stro.
718 1295 896 1349 Nolite
926 1292 1140 1347 mentiri
1173 1291 1406 1345 invicem
1426 1331 1440 1356 ,
1476 1287 1849 1358 exspoliantes
1887 1299 1984 1340 vos
2013 1294 2158 1339 vete-

553 1405 666 1445 rem
701 1388 976 1442 hominem
1027 1401 1149 1440 cum
1197 1385 1407 1439 actibus
1448 1383 1565 1437 suis
1594 1381 1724 1453 [Με.
1772 1379 1943 1452 ejus],
1977 1388 2031 1434 et
2074 1378 2154 1432 in-

555 1481 784 1535 duentes
817 1494 1015 1533 novum
1038 1517 1056 1541 ,
1086 1493 1213 1534 eum
1253 1478 1346 1548 qui
1371 1485 1669 1531 renovatur
1696 1475 1749 1528 in
1781 1473 2109 1543 agnitionem
2136 1515 2150 1537 ,

555 1570 858 1626 secundum
892 1571 1182 1640 imaginem
1210 1568 1327 1638 ejus
1351 1567 1443 1638 qui
1482 1566 1686 1622 creavit
1718 1567 1887 1620 illum.
1920 1564 2019 1620 Ubi
2049 1579 2155 1620 non

554 1675 637 1717 est
662 1662 903 1732 gentilis,
936 1671 991 1716 et
1019 1660 1269 1724 Iudaeus,
1298 1661 1648 1714 circumcisio
1669 1700 1683 1722 ,
1713 1669 1764 1713 et
1792 1659 2114 1728 praeputium
2140 1698 2154 1721 ,

2256 456 2482 510 Domino
2510 453 2731 509 Christo
2758 453 2982 510 servits.
3005 453 3107 522 Qui
3135 453 3283 510 enim
3313 455 3572 526 injuriam
3604 455 3815 524 facit,re-

2250 548 2414 617 cipiet
2444 547 2494 600 id
2523 546 2670 616 quod
2714 546 2899 616 inique
2937 547 3137 618 gessit,
3169 557 3225 602 et
3251 562 3361 602 non
3389 557 3478 604 est
3507 564 3817 619 personarum

2251 641 2498 709 acceptio
2529 638 2670 709 apud
2705 638 2899 694 Deum.

2328 733 2570 800 Domini,
2603 732 2746 804 quod
2773 733 2980 801 justum
3009 741 3093 788 est
3121 743 3178 787 et
3221 748 3472 804 equum,
3522 736 3689 790 servis
3713 753 3824 808 prae-

2253 839 2391 885 state
2423 849 2436 884 :
2468 830 2709 884 scientes
2763 828 2907 898 quod
2957 838 3010 883 et
3062 844 3160 882 vos
3208 828 3502 884 Dominum
3560 831 3752 888 habetis
3782 835 3821 888 in

2254 925 2416 979 C(BIO.
2448 921 2698 978 Orationi
2727 921 2949 986 instate,
2981 919 3275 991 vigilantes
3302 921 3357 976 in
3385 936 3452 977 ea
3483 923 3536 975 in
3566 926 3821 993 gratiarum

2254 1016 2467 1068 actione
2497 1032 2509 1066 :
2538 1024 2762 1069 orantes
2789 1013 2951 1067 simul
2981 1025 3036 1066 et
3070 1027 3168 1082 pro
3194 1011 3454 1079 nobis,ut
3484 1013 3624 1070 Deus
3649 1018 3821 1086 aperiat

2261 1109 2418 1161 nobis
2475 1109 2673 1162 ostium
2738 1105 3009 1160 sermonis
3053 1105 3120 1159 ad
3166 1105 3497 1176 loquendum
3551 1110 3822 1180 mysterium

2257 1201 2454 1255 Christi
2484 1201 2729 1271 (propter
2751 1199 2894 1269 quod
2927 1199 3090 1253 etiam
3118 1201 3336 1254 vinctus
3363 1201 3534 1270 sum),
3565 1211 3622 1257 ut
3639 1206 3825 1260 manife-

2257 1305 2395 1350 stem
2427 1293 2557 1348 illud
2589 1292 2660 1346 ita
2696 1302 2758 1346 ut
2781 1300 2997 1362 oportet
3027 1307 3114 1347 me
3142 1291 3314 1362 loqui.
3361 1293 3420 1348 in
3467 1294 3711 1364 sapientia
3734 1311 3825 1352 am-

2259 1385 2441 1441 bulate
2485 1385 2551 1438 ad
2607 1399 2703 1440 eos
2743 1385 2835 1454 qui
2885 1382 3020 1438 foris
3066 1395 3213 1449 sunt,
3260 1396 3476 1455 tempus
3517 1388 3823 1444 redimentes.

2260 1475 2452 1530 Sermo
2499 1483 2682 1528 vester
2712 1487 2930 1542 semper
2955 1474 3008 1527 in
3039 1474 3211 1544 gratia
3238 1474 3355 1529 sale
3398 1477 3471 1529 sit
3497 1476 3754 1545 conditus,
3782 1488 3825 1532 ut

2260 1567 2445 1621 sciatis
2476 1565 2755 1634 quomodo
2786 1575 3037 1634 Oportcat
3065 1579 3164 1621 vos
3187 1565 3481 1634 unicuique
3511 1569 3823 1638 respondere.

2261 1659 2392 1728 Quae
2418 1659 2564 1715 circa
2598 1674 2684 1714 me
2725 1667 2870 1725 sunt,
2905 1659 3090 1713 omnia
3122 1660 3283 1713 vobis
3312 1669 3437 1715 nota
3470 1659 3615 1716 faciet
3651 1661 3824 1735 Tychi-

559 1753 851 1818 Barbarus,
877 1764 932 1806 et
957 1753 1179 1823 Scytha,
1208 1768 1422 1818 servus,
1450 1761 1503 1806 et
1532 1750 1671 1804 liber
1702 1768 1715 1803 :
1746 1750 1839 1804 sed
1870 1749 2075 1816 omnia,
2106 1759 2158 1803 et
2189 1751 2236 1810 B
2263 1770 2360 1810 cus
2381 1797 2396 1820 ,
2423 1754 2781 1809 cltarissinius
2812 1753 3013 1820 frater,
3039 1763 3096 1809 et
3126 1753 3303 1808 fidelis
3349 1753 3586 1808 minister
3608 1796 3620 1819 ,
3646 1764 3696 1810 et
3713 1769 3830 1809 cun-

558 1846 612 1900 in
664 1845 915 1899 omnibus
959 1845 1235 1899 Christus.
1269 1843 1481 1898 Induite
1529 1858 1621 1896 vos
1659 1857 1788 1911 ergo
1823 1843 1962 1896 sicut
2003 1841 2167 1896 electi

559 1939 686 2000 Dei,
719 1938 926 2000 sancti,
967 1948 1021 1992 et
1057 1938 1272 2005 dilecti,
1303 1937 1511 1992 viscera
1549 1936 1971 1998 misericordiae,
2013 1936 2166 1991 beni-

555 2029 843 2098 gnitatem,
870 2027 1256 2093 humilitatem,
1282 2027 1631 2092 modestiam,
1657 2027 1970 2096 patientiam
1999 2041 2014 2078 :
2038 2040 2166 2094 sup-

559 2130 844 2190 portantes
885 2120 1161 2186 invicem,
1208 2129 1262 2175 et
1311 2118 1578 2174 donantes
1623 2117 2059 2187 vobismetipsis,
2116 2117 2161 2171 si

562 2213 686 2282 quis
715 2211 979 2266 adversus
1000 2210 1235 2281 aliquem
1268 2209 1429 2266 habet
1455 2210 1734 2281 querelam
1763 2227 1776 2263 :
1808 2210 1949 2265 sicut
1976 2221 2030 2266 et
2057 2209 2163 2264 Do-

560 2306 742 2360 minus
765 2303 992 2360 donavit
1025 2304 1204 2371 vobis,
1235 2304 1308 2358 ita
1336 2315 1390 2359 et
1417 2318 1534 2359 vos.
1568 2304 1744 2372 Super
1764 2302 1946 2358 omnia
1977 2312 2158 2359 autem

557 2399 704 2466 haec,
739 2397 1065 2452 charitatem
1097 2398 1328 2461 habete,
1372 2397 1515 2465 quod
1547 2405 1632 2452 est
1678 2396 1953 2450 vinculum
1987 2395 2162 2464 perfe-

556 2493 756 2548 ctionis
782 2510 795 2546 :
826 2503 883 2546 et
920 2507 1022 2562 pax
1050 2491 1250 2548 Christi
1273 2491 1516 2546 exsultet
1549 2491 1599 2544 in
1637 2489 1895 2545 cordibus
1926 2489 2122 2544 vestris
2143 2529 2158 2553 ,

557 2587 610 2641 in
631 2601 733 2657 qua
757 2595 811 2642 et
832 2589 1008 2642 vocati
1037 2587 1172 2642 estis
1193 2587 1244 2640 in
1277 2601 1384 2640 uno
1405 2599 1635 2654 corpore
1668 2601 1682 2640 :
1717 2593 1770 2639 et
1789 2585 1926 2654 grati
1957 2594 2155 2640 estote.

559 2677 794 2733 Verbum
818 2675 1021 2733 Christi
1048 2677 1256 2733 habitet
1278 2679 1330 2732 in
1365 2675 1521 2732 vobis
1537 2675 1901 2740 abundanter,
1931 2675 1982 2728 in
2009 2675 2155 2730 omni

555 2771 847 2840 sapientia,
893 2769 1178 2836 docentes,
1221 2779 1275 2825 et
1304 2777 1717 2824 commonentes
1757 2769 2152 2837 vosmetipsos,

556 2865 800 2935 psalmis,
831 2862 1082 2935 hymnis,
1114 2872 1169 2918 et
1197 2861 1424 2918 canticis
1453 2860 1860 2930 Spiritualibus,
1896 2861 1949 2915 in
1980 2862 2153 2931 gratia

557 2966 841 3012 cantantes
873 2958 926 3012 itt
971 2957 1227 3013 cordibus
1258 2956 1455 3011 vestris
1476 2953 1610 3009 Deo.
1649 2953 1823 3009 Omne
1857 2953 2154 3022 quodcum-

558 3065 663 3119 que
693 3051 869 3104 facitis
899 3049 952 3104 in
988 3050 1153 3105 verbo
1185 3061 1274 3105 aut
1323 3050 1375 3104 in
1406 3063 1603 3118 opere,
1637 3047 1818 3104 omnia
1853 3050 1905 3103 in
1936 3049 2154 3104 nomine

2268 1860 2462 1900 servus
2490 1846 2545 1900 in
2579 1845 2809 1900 Domino
2841 1862 2854 1897 :
2883 1859 3046 1915 quem
3074 1843 3200 1899 misi
3228 1843 3296 1898 ad
3326 1858 3424 1900 vos
3452 1844 3519 1899 ad
3542 1845 3638 1900 hoc
3655 1846 3826 1915 ipsum,

2267 1946 2326 1990 ut
2349 1945 2644 2005 cognoscat
2669 1949 2793 2004 qua:
2819 1935 2963 1989 circa
2988 1948 3084 1988 vos
3111 1943 3267 1999 sunt,
3290 1943 3345 1990 et
3367 1934 3671 1991 consoletur
3690 1934 3827 1990 corda

2266 2040 2468 2096 vestra,
2487 2045 2609 2084 cum
2635 2030 2893 2084 Ouesimo
2922 2027 3251 2083 charissima
3268 2070 3284 2094 ,
3307 2038 3363 2082 et
3388 2028 3534 2084 fideli
3565 2029 3734 2094 fratre,
3756 2029 3827 2098 qui

2265 2142 2332 2180 ex
2360 2124 2515 2180 vobis
2540 2134 2646 2179 est.
2687 2122 2881 2178 Omnia
2907 2168 2921 2192 ,
2951 2137 3074 2194 quae
3103 2123 3190 2178 hic
3218 2132 3480 2194 aguntur,
3514 2133 3638 2178 nota
3664 2123 3826 2178 facient

2265 2217 2440 2272 vobis.
2470 2215 2681 2274 Salutat
2713 2229 2806 2268 vos
2833 2213 3186 2269 Aristarchus
3211 2216 3566 2285 concaptivus
3595 2229 3731 2270 meus
3751 2257 3763 2279 ,
3787 2223 3827 2268 et

2267 2311 2479 2364 Marcus
2533 2305 2898 2362 consobrinus
2948 2307 3240 2373 Barnabae,
3297 2307 3368 2360 de
3415 2321 3528 2374 quo
3579 2306 3824 2376 accepistis

2263 2400 2519 2454 mandata
2549 2415 2562 2452 :
2588 2399 2634 2452 si
2661 2398 2873 2452 venerit
2899 2398 2964 2450 ad
2987 2411 3106 2463 vos,
3135 2397 3370 2467 excipite
3394 2398 3546 2452 illum
3575 2417 3585 2449 :
3612 2407 3666 2453 et
3679 2397 3824 2456 Iesus.

2261 2494 2352 2562 qui
2394 2493 2591 2547 dicitur
2638 2491 2824 2546 Justus
2864 2509 2877 2542 :
2911 2491 3003 2559 qui
3042 2501 3172 2546 sunt
3203 2505 3271 2546 ex
3309 2492 3721 2546 circumcisione
3744 2533 3758 2556 ,
3784 2490 3825 2548 hi

2261 2585 2362 2640 soli
2388 2596 2513 2639 sunt
2534 2583 2812 2652 adjutores
2841 2583 2946 2637 mei
2973 2582 3025 2637 in
3043 2597 3210 2652 regno
3240 2583 3356 2648 Dei,
3375 2585 3466 2649 qui
3491 2582 3621 2636 mihi
3645 2585 3822 2639 fuerunt

2259 2677 2477 2732 solatio.
2505 2675 2716 2732 Salutat
2740 2689 2838 2730 vos
2866 2673 3172 2744 Epaphras,
3205 2674 3293 2743 qui
3323 2689 3392 2729 ex
3416 2673 3575 2728 vobis
3599 2682 3675 2728 est
3696 2717 3710 2739 ,
3731 2688 3827 2726 ser-

2259 2782 2358 2822 vus
2384 2766 2585 2821 Christi
2616 2764 2770 2832 Iesu,
2803 2779 3022 2836 semper
3051 2764 3318 2820 sollicitus
3349 2777 3451 2833 pro
3487 2763 3636 2818 vobis
3662 2764 3707 2816 in
3731 2776 3828 2815 ora—

2260 2859 2517 2925 tionibus,
2549 2868 2606 2912 ut
2632 2857 2791 2913 stetis
2835 2855 3086 2927 perfecti,
3118 2867 3173 2911 et
3213 2855 3358 2924 pleni
3398 2855 3450 2908 in
3482 2855 3631 2910 omni
3667 2854 3828 2907 volun-

2259 2967 2369 3014 tate
2398 2957 2515 3012 Dei.
2544 2954 2938 3012 Testimonium
2961 2953 3106 3008 enim
3127 2952 3204 3012 illi
3233 2950 3519 3022 perhibeo,
3539 2949 3676 3021 quod
3695 2948 3827 3003 habet

2261 3052 2490 3108 multum
2522 3049 2762 3104 laborem
2804 3063 2906 3118 pro
2935 3044 3092 3102 vobis
3117 3057 3175 3102 et
3211 3060 3309 3115 pro
3348 3045 3414 3100 iis
3446 3045 3535 3115 qui
3560 3053 3680 3099 sunt
3716 3043 3828 3098 Lao-

560 3116 773 3195 Domini
794 3142 925 3196 Jestt
950 3140 1172 3206 Christi,
1199 3144 1399 3212 gratias
1426 3116 1651 3213 agentes
1673 3143 1785 3198 Deo
1804 3151 1859 3198 et
1887 3141 2031 3197 Patri
2063 3157 2158 3212 per
2182 3116 2229 3180 ο
2263 3144 2445 3210 dicite,
2487 3150 2543 3198 et
2571 3141 2662 3213 qui
2697 3116 2994 3210 Hierapoli.
3029 3138 3244 3195 Salutat
3272 3151 3370 3192 vos
3413 3136 3586 3192 Lucas
3620 3135 3827 3190 medicus

562 3233 758 3302 ipsum.
790 3232 1072 3298 Mulieres,
1100 3235 1333 3289 subditae
1365 3245 1541 3290 estote
1567 3235 1719 3300 viris,
1750 3235 1890 3290 sicut
1917 3243 2155 3305 oportet,

562 3325 614 3378 in
659 3323 906 3377 Domino.
950 3323 1097 3390 Viri,
1131 3325 1342 3396 diligite
1379 3341 1575 3381 uxores
1604 3337 1836 3392 vestras,
1885 3336 1941 3381 et
1993 3327 2158 3382 nolite

561 3416 732 3469 amari
785 3430 906 3470 esse
955 3417 1021 3468 ad
1073 3416 1212 3471 illas.
1249 3416 1404 3480 Filii,
1445 3417 1660 3473 obedite
1701 3419 2014 3487 parentibus
2062 3433 2160 3488 per

561 3509 745 3562 omnia
778 3524 792 3560 :
821 3507 924 3564 hoc
961 3509 1104 3562 enim
1139 3508 1394 3577 placitum
1439 3510 1605 3564 estin
1640 3511 1889 3564 Domino.
1938 3511 2157 3577 Patres,

562 3602 732 3658 nolite
761 3601 828 3657 ad
874 3601 1298 3674 indignationem
1329 3617 1628 3672 provocare
1658 3600 1798 3657 ﬁlios
1820 3611 2064 3669 vestros,
2100 3613 2156 3656 ut

560 3711 666 3750 non
694 3694 888 3766 pusillo
913 3697 1099 3750 animo
1123 3695 1272 3750 fiant.
1294 3695 1470 3758 Servi,
1489 3693 1707 3750 obedite
1730 3710 1825 3764 per
1851 3695 2030 3749 omnia
2059 3696 2156 3749 do-

560 3788 724 3843 minis
745 3779 1089 3852 carnalibus,
1123 3801 1230 3843 non
1270 3787 1338 3842 ad
1384 3785 1602 3841 oculum
1636 3785 1969 3853 servientes,
2005 3786 2157 3856 quasi

559 3879 873 3935 hominibus
899 3881 1206 3950 placentes,
1234 3880 1328 3936 sed
1377 3881 1430 3936 in
1471 3880 1820 3950 simplicitate
1843 3879 2056 3946 cordis,
2093 3881 2154 3934 ti-

561 3980 773 4027 mentes
801 3971 990 4027 Deum.
1013 3971 1403 4044 Quodcumque
1428 3972 1625 4037 facitis,
1653 3989 1720 4029 ex
1749 3974 1935 4029 animo
1963 3990 2157 4045 cpera-

559 4064 722 4129 mini,
779 4064 918 4118 sicut
965 4065 1222 4131 Domino,
1274 4076 1326 4122 ct
1383 4081 1489 4122 non
1529 4067 1836 4123 hominibus
1877 4071 2156 4126 :scientes

2261 3238 2642 3302 charissimus,
2687 3243 2744 3289 et
2791 3234 3012 3290 Demas.
3039 3231 3283 3288 Salutate
3321 3231 3550 3295 fratres,
3591 3229 3675 3300 qui
3726 3236 3826 3283 sunt

2265 3328 2537 3386 Laodicia:
2559 3369 2574 3394 ,
2606 3337 2662 3382 et
2687 3326 2990 3397 Nympham
3013 3369 3028 3394 ,
3061 3333 3116 3380 et
3140 3339 3261 3394 qua:
3288 3323 3343 3378 in
3383 3321 3546 3377 domo
3581 3322 3691 3390 ejus
3730 3329 3824 3383 est,

2265 3421 2590 3476 Ecclesiam.
2635 3417 2706 3473 Et
2745 3433 2870 3473 cum
2917 3417 3053 3473 lecta
3103 3415 3263 3472 fuerit
3296 3415 3440 3485 apud
3491 3429 3586 3470 vos
3623 3411 3823 3484 epistula

2267 3515 2404 3582 haec,
2442 3516 2601 3569 facite
2630 3522 2691 3568 ut
2719 3523 2774 3566 et
2795 3513 2847 3568 in
2881 3510 3296 3566 Laodicensium
3327 3509 3574 3564 Ecclesia
3603 3509 3821 3576 legatur:

2263 3616 2318 3660 et
2345 3619 2487 3670 eam,
2515 3618 2638 3674 quze
2666 3602 3083 3658 Laodicensium
3111 3612 3218 3669 est,
3242 3616 3338 3656 vos
3365 3600 3575 3670 legatis.
3603 3599 3666 3653 Et
3686 3596 3822 3652 dicite

2263 3695 2536 3765 Archippo
2562 3713 2575 3748 :
2607 3694 2740 3750 Vide
2783 3693 3150 3748 ministerium
3169 3738 3182 3758 ,
3213 3691 3361 3763 quod
3387 3690 3640 3760 accepisti
3669 3691 3716 3744 in
3736 3687 3821 3740 Do-

2262 3789 2434 3852 mino,
2472 3797 2529 3843 ut
2565 3785 2699 3842 illud
2721 3786 2966 3856 impleas.
3006 3783 3274 3840 Saltttafio
3322 3798 3446 3838 mea
3484 3796 3638 3837 manu
3677 3780 3817 3835 Pauli.

2264 3879 2533 3934 Memores
2586 3887 2760 3934 estote
2809 3875 3153 3932 vinculorum
3205 3889 3475 3930 meorum.
3532 3871 3701 3930 Gratia
3744 3883 3821 3921 vn-

2265 3971 2498 4027 biscum.
2531 3972 2720 4024 Amen.

1450 4187 1677 4257 Explicit
1707 4189 1945 4260 Epistola
1974 4191 2040 4246 Β.
2066 4191 2226 4246 Pauli
2252 4191 2476 4264 apostoli
2502 4190 2571 4244 ad
2602 4187 2948 4244 Colossemes.

563 4319 3797 4346 ______________________________________________—

1314 4434 1484 4549 Β.
1559 4433 2132 4550 PAULI
2203 4431 3106 4551 APOS’I‘OLI

2064 4634 2356 4698 INCIPIT

663 4778 1545 4921 EPISTOLA
1633 4789 1886 4919 AD
1974 4777 3729 4919 THESSALONICENSES

1972 5005 2446 5090 PRIMA.

1933 5168 2451 5194 ψ-

613 5301 767 5374 lCap.
793 5295 864 5369 1.]
897 5295 1092 5350 Paulus
1115 5334 1130 5360 ,
1163 5302 1218 5349 et
1244 5290 1520 5360 Silvanus,
1545 5300 1601 5347 et
1649 5291 1973 5347 Timotheus
1993 5335 2006 5357 ,
2037 5291 2142 5345 Ec-
2167 5295 2224 5358 D
2247 5305 2298 5349 et
2329 5290 2672 5347 sustinentia:
2701 5289 2819 5362 spei
2850 5288 3063 5345 Domini
3105 5287 3276 5343 nostri
3298 5287 3428 5345 Jesu
3455 5286 3668 5354 Christi,
3696 5292 3796 5338 ante

534 5395 718 5449 clesitc
747 5387 1341 5451 Thessalonicensium,
1369 5387 1420 5440 in
1467 5385 1578 5442 Deo
1605 5385 1784 5452 Patre,
1819 5396 1876 5440 ct
1902 5385 2139 5439 Domino

532 5485 663 5540 Jesu
703 5481 940 5538 Christo.
979 5479 1164 5537 Gratia
1197 5478 1370 5541 vobis,
1398 5487 1448 5532 et
1495 5493 1620 5547 pix.
1651 5476 1867 5534 Gratias
1914 5478 2126 5548 agimus

528 5579 641 5633 Deo
683 5589 902 5646 semper
933 5589 1033 5645 pro
1089 5570 1348 5627 omnibus
1393 5570 1571 5631 vobis,
1601 5571 1918 5625 memoriam
1966 5569 2134 5624 vestri

527 5671 789 5726 facientes
821 5669 873 5722 in
911 5664 1258 5722 orationibus
1287 5665 1492 5718 nostris
1536 5664 1654 5718 sine
1701 5663 2128 5730 intermissione,

517 5773 789 5816 memores
808 5760 988 5827 aperis
1010 5757 1135 5812 fidei
1158 5766 1373 5822 vestrae,
1391 5764 1445 5810 et
1467 5755 1694 5820 laboris,
1715 5764 1772 5810 et
1798 5755 2113 5825 charitatis,

2249 5387 2415 5440 Deum
2439 5393 2494 5439 et
2521 5395 2729 5454 patrem
2764 5391 3011 5437 nostrum
3047 5398 3060 5436 :
3091 5381 3354 5444 scientes,
3375 5381 3570 5436 fratres
3593 5377 3754 5436 dilecti
3775 5390 3795 5426 a

2245 5479 2380 5545 Deo,
2405 5477 2727 5532 electionem
2759 5483 2996 5530 vestram
3025 5474 3179 5544 :quia
3206 5473 3559 5544 Evangelium
3590 5480 3795 5528 nostrum

2242 5586 2351 5625 non
2377 5570 2474 5624 fuit
2500 5568 2565 5622 ad
2601 5581 2696 5622 vos
2723 5567 2776 5621 in
2802 5582 3056 5622 sermone
3079 5576 3311 5630 tantum,
3340 5567 3435 5622 sed
3457 5576 3511 5622 et
3539 5571 3588 5622 in
3612 5566 3793 5623 virtute,

2237 5671 2294 5717 et
2341 5665 2392 5716 in
2429 5661 2630 5730 Spiritu
2682 5669 2898 5726 sancto,
2923 5659 3055 5715 etin
3102 5658 3443 5730 plenitudine
3476 5659 3657 5722 multa,
3683 5657 3794 5710 sicut

2235 5756 2386 5813 scitis
2417 5755 2604 5827 quales
2638 5753 2897 5811 fuerimus
2937 5755 2989 5812 in
3017 5756 3166 5812 vobis
3199 5765 3423 5828 propter
3460 5771 3574 5812 vos.
3612 5754 3673 5811 Et
3711 5761 3784 5805 vos
