  <div class='ocr_page' id='page_1' title='image "/cluster/home/n/w/nwhite01/storage/ocr_20150623/29/uva.x000826564/420.png"; bbox 0 0 3946 6198; ppageno 0'>
   <div class='ocr_carea' id='block_1_1' title="bbox 130 231 3401 348">
    <p class='ocr_par' dir='ltr' id='par_1_1' title="bbox 130 231 3401 348">
     <span class='ocr_line' id='line_1_1' title="bbox 130 231 3401 348; baseline -0.017 -1"><span class='ocrx_word' id='word_1_1' title='bbox 130 291 228 348; x_wconf 68' lang='lat'><strong>793</strong></span> <span class='ocrx_word' id='word_1_2' title='bbox 749 268 1084 332; x_wconf 85' lang='lat' dir='ltr'><strong>EPISTOLA</strong></span> <span class='ocrx_word' id='word_1_3' title='bbox 1122 267 1185 324; x_wconf 86' lang='grc' dir='ltr'><strong>Β.</strong></span> <span class='ocrx_word' id='word_1_4' title='bbox 1225 260 1434 322; x_wconf 81' lang='lat' dir='ltr'><strong>PAULI</strong></span> <span class='ocrx_word' id='word_1_5' title='bbox 1474 248 1811 315; x_wconf 80' lang='lat' dir='ltr'><strong>APOS&#39;I‘OLI</strong></span> <span class='ocrx_word' id='word_1_6' title='bbox 1850 247 1942 306; x_wconf 84' lang='lat' dir='ltr'><strong>AD</strong></span> <span class='ocrx_word' id='word_1_7' title='bbox 1979 237 2675 305; x_wconf 79' lang='lat' dir='ltr'><strong>THESSALONICENSES</strong></span> <span class='ocrx_word' id='word_1_8' title='bbox 2712 238 2756 297; x_wconf 90' lang='lat' dir='ltr'><strong>I.</strong></span> <span class='ocrx_word' id='word_1_9' title='bbox 3293 231 3401 292; x_wconf 62' lang='lat'><strong>19‘</strong></span> 
     </span>
    </p>
   </div>
   <div class='ocr_carea' id='block_1_2' title="bbox 133 348 3389 462">
    <p class='ocr_par' dir='ltr' id='par_1_2' title="bbox 133 348 3389 462">
     <span class='ocr_line' id='line_1_2' title="bbox 133 348 3389 462; baseline -0.018 -1"><span class='ocrx_word' id='word_1_10' title='bbox 133 408 423 462; x_wconf 70' lang='lat' dir='ltr'><strong>imitatores</strong></span> <span class='ocrx_word' id='word_1_11' title='bbox 467 394 630 451; x_wconf 89' lang='lat' dir='ltr'><strong>nostri</strong></span> <span class='ocrx_word' id='word_1_12' title='bbox 658 391 781 447; x_wconf 88' lang='lat' dir='ltr'><strong>facti</strong></span> <span class='ocrx_word' id='word_1_13' title='bbox 813 390 967 453; x_wconf 83' lang='lat' dir='ltr'><strong>estis,</strong></span> <span class='ocrx_word' id='word_1_14' title='bbox 998 398 1049 442; x_wconf 90' lang='lat' dir='ltr'><strong>et</strong></span> <span class='ocrx_word' id='word_1_15' title='bbox 1078 383 1322 443; x_wconf 78' lang='lat' dir='ltr'><strong>homini,</strong></span> <span class='ocrx_word' id='word_1_16' title='bbox 1354 377 1689 446; x_wconf 65' lang='lat' dir='ltr'><strong>excipientes</strong></span> <span class='ocrx_word' id='word_1_17' title='bbox 1720 374 1769 432; x_wconf 79' lang='grc' dir='ltr'>Α</span> <span class='ocrx_word' id='word_1_18' title='bbox 1799 371 1938 424; x_wconf 90' lang='lat' dir='ltr'><strong>niam</strong></span> <span class='ocrx_word' id='word_1_19' title='bbox 1972 365 2241 420; x_wconf 85' lang='lat' dir='ltr'><strong>voluimus</strong></span> <span class='ocrx_word' id='word_1_20' title='bbox 2267 362 2450 418; x_wconf 90' lang='lat' dir='ltr'><strong>venire</strong></span> <span class='ocrx_word' id='word_1_21' title='bbox 2487 360 2552 414; x_wconf 90' lang='lat' dir='ltr'><strong>ad</strong></span> <span class='ocrx_word' id='word_1_22' title='bbox 2599 373 2732 412; x_wconf 88' lang='lat' dir='ltr'><strong>vos:</strong></span> <span class='ocrx_word' id='word_1_23' title='bbox 2766 369 2869 427; x_wconf 89' lang='lat' dir='ltr'><strong>ego</strong></span> <span class='ocrx_word' id='word_1_24' title='bbox 2911 352 3132 425; x_wconf 85' lang='lat' dir='ltr'><strong>quidem</strong></span> <span class='ocrx_word' id='word_1_25' title='bbox 3171 348 3389 413; x_wconf 84' lang='lat' dir='ltr'><strong>Paulus,</strong></span> 
     </span>
     <span class='ocr_line' id='line_1_3' title="bbox 2031 440 3389 462; baseline 0 0"><span class='ocrx_word' id='word_1_26' title='bbox 2031 458 2042 462; x_wconf 86' lang='lat'><em>_</em></span> <span class='ocrx_word' id='word_1_27' title='bbox 2187 457 2197 462; x_wconf 80' lang='lat'><strong>-</strong></span> <span class='ocrx_word' id='word_1_28' title='bbox 2511 451 2564 462; x_wconf 76' lang='grc' dir='ltr'>ι.</span> <span class='ocrx_word' id='word_1_29' title='bbox 2715 449 2747 462; x_wconf 78' lang='grc' dir='ltr'>ιο</span> <span class='ocrx_word' id='word_1_30' title='bbox 2792 448 2822 462; x_wconf 64' lang='grc' dir='ltr'><strong>ι.</strong></span> <span class='ocrx_word' id='word_1_31' title='bbox 2990 446 3022 462; x_wconf 80' lang='lat' dir='ltr'><strong>n</strong></span> <span class='ocrx_word' id='word_1_32' title='bbox 3068 455 3214 462; x_wconf 59' lang='lat'><strong>.-,.--</strong></span> <span class='ocrx_word' id='word_1_33' title='bbox 3267 440 3389 462; x_wconf 60' lang='grc' dir='ltr'><strong>Λ--.-</strong></span> 
     </span>
    </p>
   </div>
   <div class='ocr_carea' id='block_1_3' title="bbox 131 440 3399 554">
    <p class='ocr_par' dir='ltr' id='par_1_3' title="bbox 131 440 3399 554">
     <span class='ocr_line' id='line_1_4' title="bbox 135 440 1495 462; baseline -0.02 -2"><span class='ocrx_word' id='word_1_34' title='bbox 135 440 423 462; x_wconf 67' lang='grc' dir='ltr'>Ιιιιιιαιυιυσ</span> <span class='ocrx_word' id='word_1_35' title='bbox 469 440 630 451; x_wconf 68' lang='lat' dir='ltr'><strong>II&quot;-&#39;---</strong></span> <span class='ocrx_word' id='word_1_36' title='bbox 660 440 781 447; x_wconf 70' lang='grc' dir='ltr'><strong>-ν-ν--</strong></span> <span class='ocrx_word' id='word_1_37' title='bbox 817 440 966 453; x_wconf 51' lang='grc' dir='ltr'><strong>νυν-ττ</strong></span> <span class='ocrx_word' id='word_1_38' title='bbox 1005 440 1047 442; x_wconf 34' lang='lat' dir='ltr'><strong>ﬁs</strong></span> <span class='ocrx_word' id='word_1_39' title='bbox 1314 440 1319 443; x_wconf 83' lang='lat'>_</span> <span class='ocrx_word' id='word_1_40' title='bbox 1484 440 1495 446; x_wconf 80' lang='lat'>_</span> 
     </span>
     <span class='ocr_line' id='line_1_5' title="bbox 131 440 3399 554; baseline -0.019 0"><span class='ocrx_word' id='word_1_41' title='bbox 131 497 351 554; x_wconf 82' lang='lat' dir='ltr'><strong>verbum</strong></span> <span class='ocrx_word' id='word_1_42' title='bbox 382 493 429 546; x_wconf 93' lang='lat' dir='ltr'><strong>in</strong></span> <span class='ocrx_word' id='word_1_43' title='bbox 468 487 812 543; x_wconf 78' lang='lat' dir='ltr'><strong>tribulatione</strong></span> <span class='ocrx_word' id='word_1_44' title='bbox 845 482 1036 543; x_wconf 88' lang='lat' dir='ltr'><strong>multa,</strong></span> <span class='ocrx_word' id='word_1_45' title='bbox 1066 493 1187 533; x_wconf 91' lang='lat' dir='ltr'><strong>cum</strong></span> <span class='ocrx_word' id='word_1_46' title='bbox 1229 473 1427 545; x_wconf 89' lang='lat' dir='ltr'><strong>gaudio</strong></span> <span class='ocrx_word' id='word_1_47' title='bbox 1459 467 1698 538; x_wconf 83' lang='lat' dir='ltr'><strong>Spiritus</strong></span> <span class='ocrx_word' id='word_1_48' title='bbox 1803 471 1857 517; x_wconf 90' lang='lat' dir='ltr'><strong>et</strong></span> <span class='ocrx_word' id='word_1_49' title='bbox 1880 458 2066 525; x_wconf 80' lang='lat' dir='ltr'><strong>semel,</strong></span> <span class='ocrx_word' id='word_1_50' title='bbox 2100 470 2153 511; x_wconf 90' lang='lat' dir='ltr'><strong>et</strong></span> <span class='ocrx_word' id='word_1_51' title='bbox 2185 457 2403 522; x_wconf 86' lang='lat' dir='ltr'><strong>iterum,</strong></span> <span class='ocrx_word' id='word_1_52' title='bbox 2430 452 2525 508; x_wconf 91' lang='lat' dir='ltr'><strong>sed</strong></span> <span class='ocrx_word' id='word_1_53' title='bbox 2550 448 2831 519; x_wconf 83' lang='lat' dir='ltr'><strong>impedivit</strong></span> <span class='ocrx_word' id='word_1_54' title='bbox 2861 462 2959 501; x_wconf 91' lang='lat' dir='ltr'><strong>uos</strong></span> <span class='ocrx_word' id='word_1_55' title='bbox 2990 446 3238 500; x_wconf 82' lang='lat' dir='ltr'><strong>Satanas.</strong></span> <span class='ocrx_word' id='word_1_56' title='bbox 3267 440 3399 508; x_wconf 65' lang='lat' dir='ltr'><strong>Quae</strong></span> 
     </span>
     <span class='ocr_line' id='line_1_6' title="bbox 1989 532 3378 554; baseline -0.021 15"><span class='ocrx_word' id='word_1_57' title='bbox 1989 552 1998 554; x_wconf 84' lang='grc'><strong><em>“</em></strong></span> <span class='ocrx_word' id='word_1_58' title='bbox 2748 541 2779 554; x_wconf 76' lang='grc' dir='ltr'><strong>ιι</strong></span> <span class='ocrx_word' id='word_1_59' title='bbox 3005 547 3016 554; x_wconf 49' lang='grc' dir='ltr'><strong>Δ</strong></span> <span class='ocrx_word' id='word_1_60' title='bbox 3093 549 3244 554; x_wconf 38' lang='grc' dir='ltr'><strong>ᾼ-ΑΗΔ</strong></span> <span class='ocrx_word' id='word_1_61' title='bbox 3294 532 3378 554; x_wconf 58' lang='grc' dir='ltr'><strong>-.Δ</strong></span> 
     </span>
    </p>
   </div>
   <div class='ocr_carea' id='block_1_4' title="bbox 130 532 3406 648">
    <p class='ocr_par' dir='ltr' id='par_1_4' title="bbox 130 532 3406 648">
     <span class='ocr_line' id='line_1_7' title="bbox 136 532 1517 554; baseline -0.021 -2"><span class='ocrx_word' id='word_1_62' title='bbox 136 532 351 554; x_wconf 63' lang='grc' dir='ltr'>νῦιυυιιι</span> <span class='ocrx_word' id='word_1_63' title='bbox 383 532 429 546; x_wconf 82' lang='grc' dir='ltr'><strong>ιιι</strong></span> <span class='ocrx_word' id='word_1_64' title='bbox 470 532 811 543; x_wconf 60' lang='grc' dir='ltr'><strong>ιισνυ---μ---ν</strong></span> <span class='ocrx_word' id='word_1_65' title='bbox 846 532 975 536; x_wconf 22' lang='grc' dir='ltr'><strong>---κνῆ</strong></span> <span class='ocrx_word' id='word_1_66' title='bbox 1024 532 1036 543; x_wconf 59' lang='grc' dir='ltr'><strong>ν</strong></span> <span class='ocrx_word' id='word_1_67' title='bbox 1080 532 1087 533; x_wconf 57' lang='lat'><strong><em>,</em></strong></span> <span class='ocrx_word' id='word_1_68' title='bbox 1230 532 1258 545; x_wconf 72' lang='grc' dir='ltr'><strong>υ</strong></span> <span class='ocrx_word' id='word_1_69' title='bbox 1504 532 1517 538; x_wconf 44' lang='grc' dir='ltr'>ν</span> 
     </span>
     <span class='ocr_line' id='line_1_8' title="bbox 130 532 3406 648; baseline -0.019 -1"><span class='ocrx_word' id='word_1_70' title='bbox 130 588 298 648; x_wconf 83' lang='lat' dir='ltr'><strong>sancti</strong></span> <span class='ocrx_word' id='word_1_71' title='bbox 330 604 342 640; x_wconf 91' lang='lat'>:</span> <span class='ocrx_word' id='word_1_72' title='bbox 374 587 439 639; x_wconf 82' lang='lat' dir='ltr'><strong>ita</strong></span> <span class='ocrx_word' id='word_1_73' title='bbox 482 590 534 635; x_wconf 94' lang='lat' dir='ltr'><strong>ut</strong></span> <span class='ocrx_word' id='word_1_74' title='bbox 574 578 697 634; x_wconf 89' lang='lat' dir='ltr'><strong>facti</strong></span> <span class='ocrx_word' id='word_1_75' title='bbox 724 576 844 633; x_wconf 88' lang='lat' dir='ltr'><strong>sitis</strong></span> <span class='ocrx_word' id='word_1_76' title='bbox 873 575 1042 629; x_wconf 87' lang='lat' dir='ltr'><strong>forma</strong></span> <span class='ocrx_word' id='word_1_77' title='bbox 1068 568 1325 625; x_wconf 90' lang='lat' dir='ltr'><strong>omnibus</strong></span> <span class='ocrx_word' id='word_1_78' title='bbox 1351 559 1700 619; x_wconf 82' lang='lat' dir='ltr'><strong>credentibus</strong></span> <span class='ocrx_word' id='word_1_79' title='bbox 1802 563 1884 609; x_wconf 90' lang='lat' dir='ltr'><strong>est</strong></span> <span class='ocrx_word' id='word_1_80' title='bbox 1917 552 2060 606; x_wconf 90' lang='lat' dir='ltr'><strong>enim</strong></span> <span class='ocrx_word' id='word_1_81' title='bbox 2093 559 2277 604; x_wconf 80' lang='lat' dir='ltr'><strong>nostra</strong></span> <span class='ocrx_word' id='word_1_82' title='bbox 2324 560 2471 615; x_wconf 86' lang='lat' dir='ltr'><strong>spes,</strong></span> <span class='ocrx_word' id='word_1_83' title='bbox 2501 553 2590 597; x_wconf 90' lang='lat' dir='ltr'><strong>aut</strong></span> <span class='ocrx_word' id='word_1_84' title='bbox 2622 541 2899 611; x_wconf 76' lang='lat' dir='ltr'><strong>gaudium,</strong></span> <span class='ocrx_word' id='word_1_85' title='bbox 2932 547 3023 591; x_wconf 93' lang='lat' dir='ltr'><strong>aut</strong></span> <span class='ocrx_word' id='word_1_86' title='bbox 3053 549 3251 591; x_wconf 78' lang='lat' dir='ltr'><strong>corona</strong></span> <span class='ocrx_word' id='word_1_87' title='bbox 3291 532 3406 604; x_wconf 88' lang='lat' dir='ltr'><strong>glo-</strong></span> 
     </span>
     <span class='ocr_line' id='line_1_9' title="bbox 1836 626 3368 648; baseline -0.02 31"><span class='ocrx_word' id='word_1_88' title='bbox 1836 646 1842 648; x_wconf 26' lang='grc' dir='ltr'><em>Α</em></span> <span class='ocrx_word' id='word_1_89' title='bbox 1918 645 1932 648; x_wconf 73' lang='grc'><strong>’</strong></span> <span class='ocrx_word' id='word_1_90' title='bbox 1965 643 2003 648; x_wconf 64' lang='grc'><strong>’³</strong></span> <span class='ocrx_word' id='word_1_91' title='bbox 2379 647 2383 648; x_wconf 50' lang='grc'><strong><em>⁷</em></strong></span> <span class='ocrx_word' id='word_1_92' title='bbox 2454 638 2490 648; x_wconf 83' lang='lat'>&quot;</span> <span class='ocrx_word' id='word_1_93' title='bbox 2592 634 2604 646; x_wconf 90' lang='lat'>&#39;</span> <span class='ocrx_word' id='word_1_94' title='bbox 2867 642 2878 648; x_wconf 85' lang='lat'><strong><em>-</em></strong></span> <span class='ocrx_word' id='word_1_95' title='bbox 3036 631 3205 648; x_wconf 63' lang='lat'><strong>1----__.</strong></span> <span class='ocrx_word' id='word_1_96' title='bbox 3240 626 3368 648; x_wconf 53' lang='grc' dir='ltr'><strong>[πως</strong></span> 
     </span>
    </p>
   </div>
   <div class='ocr_carea' id='block_1_5' title="bbox 131 626 3399 739">
    <p class='ocr_par' dir='ltr' id='par_1_5' title="bbox 131 626 3399 739">
     <span class='ocr_line' id='line_1_10' title="bbox 131 626 987 648; baseline -0.023 -2"><span class='ocrx_word' id='word_1_97' title='bbox 131 626 298 648; x_wconf 65' lang='lat' dir='ltr'><strong>sa&quot;...</strong></span> <span class='ocrx_word' id='word_1_98' title='bbox 330 628 342 640; x_wconf 94' lang='lat'><strong>.</strong></span> <span class='ocrx_word' id='word_1_99' title='bbox 376 626 439 639; x_wconf 68' lang='grc' dir='ltr'><strong>..μ</strong></span> <span class='ocrx_word' id='word_1_100' title='bbox 574 626 697 634; x_wconf 67' lang='grc' dir='ltr'><strong>.--η</strong></span> <span class='ocrx_word' id='word_1_101' title='bbox 725 626 841 633; x_wconf 83' lang='lat'>_-_-_</span> <span class='ocrx_word' id='word_1_102' title='bbox 982 626 987 627; x_wconf 62' lang='lat'><strong>,</strong></span> 
     </span>
     <span class='ocr_line' id='line_1_11' title="bbox 131 626 3399 739; baseline -0.018 -1"><span class='ocrx_word' id='word_1_103' title='bbox 131 685 179 739; x_wconf 91' lang='lat' dir='ltr'><strong>iu</strong></span> <span class='ocrx_word' id='word_1_104' title='bbox 208 675 534 738; x_wconf 74' lang='lat' dir='ltr'><strong>Macedonia,</strong></span> <span class='ocrx_word' id='word_1_105' title='bbox 567 680 621 727; x_wconf 91' lang='lat' dir='ltr'><strong>et</strong></span> <span class='ocrx_word' id='word_1_106' title='bbox 660 670 715 724; x_wconf 91' lang='lat' dir='ltr'><strong>in</strong></span> <span class='ocrx_word' id='word_1_107' title='bbox 758 667 980 723; x_wconf 88' lang='lat' dir='ltr'><strong>Achaia.</strong></span> <span class='ocrx_word' id='word_1_108' title='bbox 1014 665 1057 719; x_wconf 85' lang='lat' dir='ltr'><strong>A</strong></span> <span class='ocrx_word' id='word_1_109' title='bbox 1084 660 1236 715; x_wconf 86' lang='lat' dir='ltr'><strong>vobis</strong></span> <span class='ocrx_word' id='word_1_110' title='bbox 1264 656 1411 713; x_wconf 90' lang='lat' dir='ltr'><strong>enim</strong></span> <span class='ocrx_word' id='word_1_111' title='bbox 1448 650 1699 708; x_wconf 74' lang='lat' dir='ltr'><strong>diﬂ&#39;ama-</strong></span> <span class='ocrx_word' id='word_1_112' title='bbox 1804 645 1937 700; x_wconf 70' lang='lat' dir='ltr'><strong>riae?</strong></span> <span class='ocrx_word' id='word_1_113' title='bbox 1962 643 2151 699; x_wconf 84' lang='lat' dir='ltr'><strong>Nonne</strong></span> <span class='ocrx_word' id='word_1_114' title='bbox 2181 656 2279 695; x_wconf 87' lang='lat' dir='ltr'><strong>vos</strong></span> <span class='ocrx_word' id='word_1_115' title='bbox 2300 647 2425 693; x_wconf 87' lang='lat' dir='ltr'><strong>ante</strong></span> <span class='ocrx_word' id='word_1_116' title='bbox 2454 634 2737 690; x_wconf 89' lang='lat' dir='ltr'><strong>Dominum</strong></span> <span class='ocrx_word' id='word_1_117' title='bbox 2764 642 3005 687; x_wconf 82' lang='lat' dir='ltr'><strong>nostrum</strong></span> <span class='ocrx_word' id='word_1_118' title='bbox 3028 631 3210 686; x_wconf 87' lang='lat' dir='ltr'><strong>Jesum</strong></span> <span class='ocrx_word' id='word_1_119' title='bbox 3240 626 3399 682; x_wconf 91' lang='lat' dir='ltr'><strong>Chri-</strong></span> 
     </span>
    </p>
   </div>
   <div class='ocr_carea' id='block_1_6' title="bbox 131 720 3399 829">
    <p class='ocr_par' dir='ltr' id='par_1_6' title="bbox 131 720 3399 829">
     <span class='ocr_line' id='line_1_12' title="bbox 131 720 3399 829; baseline -0.017 0"><span class='ocrx_word' id='word_1_120' title='bbox 131 784 211 829; x_wconf 88' lang='lat' dir='ltr'><strong>tus</strong></span> <span class='ocrx_word' id='word_1_121' title='bbox 234 780 314 826; x_wconf 91' lang='lat' dir='ltr'><strong>est</strong></span> <span class='ocrx_word' id='word_1_122' title='bbox 341 780 517 823; x_wconf 86' lang='lat' dir='ltr'><strong>sermo</strong></span> <span class='ocrx_word' id='word_1_123' title='bbox 538 761 773 825; x_wconf 79' lang='lat' dir='ltr'><strong>Domini,</strong></span> <span class='ocrx_word' id='word_1_124' title='bbox 802 775 907 814; x_wconf 92' lang='lat' dir='ltr'><strong>non</strong></span> <span class='ocrx_word' id='word_1_125' title='bbox 928 759 1103 811; x_wconf 91' lang='lat' dir='ltr'><strong>solum</strong></span> <span class='ocrx_word' id='word_1_126' title='bbox 1132 754 1183 808; x_wconf 92' lang='lat' dir='ltr'><strong>iu</strong></span> <span class='ocrx_word' id='word_1_127' title='bbox 1207 748 1543 810; x_wconf 80' lang='lat' dir='ltr'><strong>Macedonia,</strong></span> <span class='ocrx_word' id='word_1_128' title='bbox 1569 754 1622 800; x_wconf 91' lang='lat' dir='ltr'><strong>et</strong></span> <span class='ocrx_word' id='word_1_129' title='bbox 1646 742 1701 797; x_wconf 90' lang='lat' dir='ltr'><strong>in</strong></span> <span class='ocrx_word' id='word_1_130' title='bbox 1804 751 1946 797; x_wconf 88' lang='lat' dir='ltr'><strong>stum</strong></span> <span class='ocrx_word' id='word_1_131' title='bbox 1971 740 2100 796; x_wconf 89' lang='lat' dir='ltr'><strong>estis</strong></span> <span class='ocrx_word' id='word_1_132' title='bbox 2146 738 2201 792; x_wconf 90' lang='lat' dir='ltr'><strong>in</strong></span> <span class='ocrx_word' id='word_1_133' title='bbox 2243 737 2478 790; x_wconf 88' lang='lat' dir='ltr'><strong>adventu</strong></span> <span class='ocrx_word' id='word_1_134' title='bbox 2517 732 2679 801; x_wconf 73' lang='lat' dir='ltr'><strong>eius?</strong></span> <span class='ocrx_word' id='word_1_135' title='bbox 2712 744 2810 785; x_wconf 88' lang='lat' dir='ltr'><strong>vos</strong></span> <span class='ocrx_word' id='word_1_136' title='bbox 2855 727 3000 784; x_wconf 89' lang='lat' dir='ltr'><strong>enim</strong></span> <span class='ocrx_word' id='word_1_137' title='bbox 3059 724 3189 779; x_wconf 76' lang='lat' dir='ltr'><strong>esus</strong></span> <span class='ocrx_word' id='word_1_138' title='bbox 3228 720 3399 793; x_wconf 82' lang='lat' dir='ltr'><strong>gloria</strong></span> 
     </span>
    </p>
   </div>
   <div class='ocr_carea' id='block_1_7' title="bbox 131 827 2376 928">
    <p class='ocr_par' dir='ltr' id='par_1_7' title="bbox 131 827 2376 928">
     <span class='ocr_line' id='line_1_13' title="bbox 131 827 2376 928; baseline -0.018 -7"><span class='ocrx_word' id='word_1_139' title='bbox 131 863 343 928; x_wconf 89' lang='lat' dir='ltr'><strong>Achaia,</strong></span> <span class='ocrx_word' id='word_1_140' title='bbox 372 858 467 915; x_wconf 89' lang='lat' dir='ltr'><strong>sed</strong></span> <span class='ocrx_word' id='word_1_141' title='bbox 500 865 555 913; x_wconf 92' lang='lat' dir='ltr'><strong>et</strong></span> <span class='ocrx_word' id='word_1_142' title='bbox 585 856 640 910; x_wconf 90' lang='lat' dir='ltr'><strong>in</strong></span> <span class='ocrx_word' id='word_1_143' title='bbox 675 852 823 909; x_wconf 92' lang='lat' dir='ltr'><strong>omni</strong></span> <span class='ocrx_word' id='word_1_144' title='bbox 864 851 985 906; x_wconf 92' lang='lat' dir='ltr'><strong>loco</strong></span> <span class='ocrx_word' id='word_1_145' title='bbox 1029 848 1163 903; x_wconf 91' lang='lat' dir='ltr'><strong>ﬁdes</strong></span> <span class='ocrx_word' id='word_1_146' title='bbox 1204 855 1406 906; x_wconf 85' lang='lat' dir='ltr'><strong>vestra,</strong></span> <span class='ocrx_word' id='word_1_147' title='bbox 1458 854 1580 910; x_wconf 65' lang='lat' dir='ltr'><strong>qua:</strong></span> <span class='ocrx_word' id='word_1_148' title='bbox 1620 846 1703 890; x_wconf 90' lang='lat' dir='ltr'><strong>est</strong></span> <span class='ocrx_word' id='word_1_149' title='bbox 1807 842 1993 889; x_wconf 88' lang='lat' dir='ltr'><strong>nostra</strong></span> <span class='ocrx_word' id='word_1_150' title='bbox 2021 840 2072 885; x_wconf 91' lang='lat' dir='ltr'><strong>et</strong></span> <span class='ocrx_word' id='word_1_151' title='bbox 2102 827 2376 901; x_wconf 80' lang='lat' dir='ltr'><strong>gaudium.</strong></span> 
     </span>
    </p>
   </div>
   <div class='ocr_carea' id='block_1_8' title="bbox 131 937 1706 1023">
    <p class='ocr_par' dir='ltr' id='par_1_8' title="bbox 131 937 1706 1023">
     <span class='ocr_line' id='line_1_14' title="bbox 131 937 1706 1023; baseline -0.021 -6"><span class='ocrx_word' id='word_1_152' title='bbox 131 960 194 1017; x_wconf 87' lang='lat' dir='ltr'><strong>ad</strong></span> <span class='ocrx_word' id='word_1_153' title='bbox 216 958 404 1023; x_wconf 91' lang='lat' dir='ltr'><strong>Deum,</strong></span> <span class='ocrx_word' id='word_1_154' title='bbox 446 950 683 1023; x_wconf 90' lang='lat' dir='ltr'><strong>profecta</strong></span> <span class='ocrx_word' id='word_1_155' title='bbox 726 956 831 1012; x_wconf 88' lang='lat' dir='ltr'><strong>est,</strong></span> <span class='ocrx_word' id='word_1_156' title='bbox 864 947 936 1001; x_wconf 85' lang='lat' dir='ltr'><strong>ita</strong></span> <span class='ocrx_word' id='word_1_157' title='bbox 967 954 1025 999; x_wconf 90' lang='lat' dir='ltr'><strong>ut</strong></span> <span class='ocrx_word' id='word_1_158' title='bbox 1052 957 1158 997; x_wconf 89' lang='lat' dir='ltr'><strong>non</strong></span> <span class='ocrx_word' id='word_1_159' title='bbox 1192 940 1262 995; x_wconf 88' lang='lat' dir='ltr'><strong>sit</strong></span> <span class='ocrx_word' id='word_1_160' title='bbox 1290 937 1450 991; x_wconf 90' lang='lat' dir='ltr'><strong>nobis</strong></span> <span class='ocrx_word' id='word_1_161' title='bbox 1481 944 1706 988; x_wconf 89' lang='lat' dir='ltr'><strong>necesse</strong></span> 
     </span>
    </p>
   </div>
   <div class='ocr_carea' id='block_1_9' title="bbox 135 1024 1708 1123">
    <p class='ocr_par' dir='ltr' id='par_1_9' title="bbox 135 1024 1708 1123">
     <span class='ocr_line' id='line_1_15' title="bbox 135 1024 1708 1123; baseline -0.019 -16"><span class='ocrx_word' id='word_1_162' title='bbox 135 1052 410 1123; x_wconf 80' lang='lat' dir='ltr'><strong>quidquam</strong></span> <span class='ocrx_word' id='word_1_163' title='bbox 455 1047 620 1115; x_wconf 88' lang='lat' dir='ltr'><strong>loqui.</strong></span> <span class='ocrx_word' id='word_1_164' title='bbox 646 1042 752 1113; x_wconf 91' lang='lat' dir='ltr'><strong>Ipsi</strong></span> <span class='ocrx_word' id='word_1_165' title='bbox 784 1040 926 1095; x_wconf 90' lang='lat' dir='ltr'><strong>enim</strong></span> <span class='ocrx_word' id='word_1_166' title='bbox 950 1037 1018 1092; x_wconf 92' lang='lat' dir='ltr'><strong>de</strong></span> <span class='ocrx_word' id='word_1_167' title='bbox 1050 1034 1207 1090; x_wconf 89' lang='lat' dir='ltr'><strong>nobis</strong></span> <span class='ocrx_word' id='word_1_168' title='bbox 1238 1030 1367 1105; x_wconf 83' lang='lat' dir='ltr'><strong>[Ms.</strong></span> <span class='ocrx_word' id='word_1_169' title='bbox 1395 1024 1573 1095; x_wconf 87' lang='lat' dir='ltr'><strong>vobis]</strong></span> <span class='ocrx_word' id='word_1_170' title='bbox 1611 1039 1708 1078; x_wconf 89' lang='lat' dir='ltr'><strong>an—</strong></span> 
     </span>
    </p>
   </div>
   <div class='ocr_carea' id='block_1_10' title="bbox 136 1123 1710 1212">
    <p class='ocr_par' dir='ltr' id='par_1_10' title="bbox 136 1123 1710 1212">
     <span class='ocr_line' id='line_1_16' title="bbox 136 1123 1710 1212; baseline -0.018 -10"><span class='ocrx_word' id='word_1_171' title='bbox 136 1145 372 1203; x_wconf 88' lang='lat' dir='ltr'><strong>nuntiant</strong></span> <span class='ocrx_word' id='word_1_172' title='bbox 422 1140 635 1212; x_wconf 90' lang='lat' dir='ltr'><strong>qualem</strong></span> <span class='ocrx_word' id='word_1_173' title='bbox 676 1136 955 1191; x_wconf 87' lang='lat' dir='ltr'><strong>introitum</strong></span> <span class='ocrx_word' id='word_1_174' title='bbox 991 1128 1339 1185; x_wconf 85' lang='lat' dir='ltr'><strong>habuerimus</strong></span> <span class='ocrx_word' id='word_1_175' title='bbox 1380 1123 1445 1178; x_wconf 88' lang='lat' dir='ltr'><strong>ad</strong></span> <span class='ocrx_word' id='word_1_176' title='bbox 1482 1136 1578 1175; x_wconf 92' lang='lat' dir='ltr'><strong>vos</strong></span> <span class='ocrx_word' id='word_1_177' title='bbox 1610 1135 1624 1172; x_wconf 89' lang='lat'><strong>:</strong></span> <span class='ocrx_word' id='word_1_178' title='bbox 1655 1128 1710 1174; x_wconf 88' lang='lat' dir='ltr'><strong>et</strong></span> 
     </span>
    </p>
   </div>
   <div class='ocr_carea' id='block_1_11' title="bbox 138 1214 1710 1312">
    <p class='ocr_par' dir='ltr' id='par_1_11' title="bbox 138 1214 1710 1312">
     <span class='ocr_line' id='line_1_17' title="bbox 138 1214 1710 1312; baseline -0.017 -16"><span class='ocrx_word' id='word_1_179' title='bbox 138 1238 394 1312; x_wconf 89' lang='lat' dir='ltr'><strong>quomodo</strong></span> <span class='ocrx_word' id='word_1_180' title='bbox 411 1233 660 1291; x_wconf 79' lang='lat' dir='ltr'><strong>conversi</strong></span> <span class='ocrx_word' id='word_1_181' title='bbox 682 1231 814 1287; x_wconf 85' lang='lat' dir='ltr'><strong>estis</strong></span> <span class='ocrx_word' id='word_1_182' title='bbox 830 1227 897 1282; x_wconf 90' lang='lat' dir='ltr'><strong>ad</strong></span> <span class='ocrx_word' id='word_1_183' title='bbox 916 1228 1081 1281; x_wconf 89' lang='lat' dir='ltr'><strong>Deum</strong></span> <span class='ocrx_word' id='word_1_184' title='bbox 1106 1238 1135 1277; x_wconf 91' lang='lat' dir='ltr'><strong>a</strong></span> <span class='ocrx_word' id='word_1_185' title='bbox 1157 1217 1485 1285; x_wconf 87' lang='lat' dir='ltr'><strong>simulacris,</strong></span> <span class='ocrx_word' id='word_1_186' title='bbox 1500 1214 1710 1271; x_wconf 87' lang='lat' dir='ltr'><strong>servire</strong></span> 
     </span>
    </p>
   </div>
   <div class='ocr_carea' id='block_1_12' title="bbox 137 1310 1712 1394">
    <p class='ocr_par' dir='ltr' id='par_1_12' title="bbox 137 1310 1712 1394">
     <span class='ocr_line' id='line_1_18' title="bbox 137 1310 1712 1394; baseline -0.018 -4"><span class='ocrx_word' id='word_1_187' title='bbox 137 1310 237 1389; x_wconf 85' lang='lat' dir='ltr'><strong>Deo</strong></span> <span class='ocrx_word' id='word_1_188' title='bbox 254 1333 393 1394; x_wconf 89' lang='lat' dir='ltr'><strong>vivo,</strong></span> <span class='ocrx_word' id='word_1_189' title='bbox 420 1338 475 1382; x_wconf 87' lang='lat' dir='ltr'><strong>et</strong></span> <span class='ocrx_word' id='word_1_190' title='bbox 503 1342 654 1392; x_wconf 91' lang='lat' dir='ltr'><strong>vero,</strong></span> <span class='ocrx_word' id='word_1_191' title='bbox 694 1336 747 1380; x_wconf 89' lang='lat' dir='ltr'><strong>et</strong></span> <span class='ocrx_word' id='word_1_192' title='bbox 767 1329 1085 1391; x_wconf 75' lang='lat' dir='ltr'><strong>exspectare</strong></span> <span class='ocrx_word' id='word_1_193' title='bbox 1109 1315 1301 1374; x_wconf 83' lang='lat' dir='ltr'><strong>Filium</strong></span> <span class='ocrx_word' id='word_1_194' title='bbox 1324 1315 1443 1382; x_wconf 90' lang='lat' dir='ltr'><strong>ejus</strong></span> <span class='ocrx_word' id='word_1_195' title='bbox 1464 1312 1532 1366; x_wconf 91' lang='lat' dir='ltr'><strong>de</strong></span> <span class='ocrx_word' id='word_1_196' title='bbox 1558 1310 1712 1366; x_wconf 64' lang='lat' dir='ltr'><strong>catis</strong></span> 
     </span>
    </p>
   </div>
   <div class='ocr_carea' id='block_1_13' title="bbox 140 1402 1712 1495">
    <p class='ocr_par' dir='ltr' id='par_1_13' title="bbox 140 1402 1712 1495">
     <span class='ocr_line' id='line_1_19' title="bbox 140 1402 1712 1495; baseline -0.016 -15"><span class='ocrx_word' id='word_1_197' title='bbox 140 1430 316 1495; x_wconf 84' lang='lat' dir='ltr'><strong>(quem</strong></span> <span class='ocrx_word' id='word_1_198' title='bbox 364 1423 646 1480; x_wconf 80' lang='lat' dir='ltr'><strong>suscitavit</strong></span> <span class='ocrx_word' id='word_1_199' title='bbox 690 1433 758 1474; x_wconf 82' lang='lat' dir='ltr'><strong>ex</strong></span> <span class='ocrx_word' id='word_1_200' title='bbox 807 1412 1058 1481; x_wconf 89' lang='lat' dir='ltr'><strong>mortuis)</strong></span> <span class='ocrx_word' id='word_1_201' title='bbox 1101 1411 1320 1476; x_wconf 87' lang='lat' dir='ltr'><strong>Jesum,</strong></span> <span class='ocrx_word' id='word_1_202' title='bbox 1378 1405 1467 1477; x_wconf 90' lang='lat' dir='ltr'><strong>qui</strong></span> <span class='ocrx_word' id='word_1_203' title='bbox 1514 1402 1712 1473; x_wconf 86' lang='lat' dir='ltr'><strong>eripuit</strong></span> 
     </span>
    </p>
   </div>
   <div class='ocr_carea' id='block_1_14' title="bbox 138 1517 700 1576">
    <p class='ocr_par' dir='ltr' id='par_1_14' title="bbox 138 1517 700 1576">
     <span class='ocr_line' id='line_1_20' title="bbox 138 1517 700 1576; baseline -0.016 -1"><span class='ocrx_word' id='word_1_204' title='bbox 138 1535 230 1576; x_wconf 92' lang='lat' dir='ltr'><strong>nos</strong></span> <span class='ocrx_word' id='word_1_205' title='bbox 250 1518 315 1573; x_wconf 90' lang='lat' dir='ltr'><strong>ab</strong></span> <span class='ocrx_word' id='word_1_206' title='bbox 343 1517 423 1571; x_wconf 91' lang='lat' dir='ltr'><strong>ira</strong></span> <span class='ocrx_word' id='word_1_207' title='bbox 453 1522 700 1570; x_wconf 89' lang='lat' dir='ltr'><strong>ventura.</strong></span> 
     </span>
    </p>
   </div>
   <div class='ocr_carea' id='block_1_15' title="bbox 203 1593 1747 1685">
    <p class='ocr_par' dir='ltr' id='par_1_15' title="bbox 203 1593 1747 1685">
     <span class='ocr_line' id='line_1_21' title="bbox 203 1593 1747 1685; baseline -0.016 -19"><span class='ocrx_word' id='word_1_208' title='bbox 203 1611 344 1685; x_wconf 84' lang='lat' dir='ltr'><strong>[Cap.</strong></span> <span class='ocrx_word' id='word_1_209' title='bbox 381 1607 469 1680; x_wconf 78' lang='lat' dir='ltr'><strong>II.)</strong></span> <span class='ocrx_word' id='word_1_210' title='bbox 508 1606 643 1662; x_wconf 85' lang='lat' dir='ltr'><strong>Nam</strong></span> <span class='ocrx_word' id='word_1_211' title='bbox 687 1603 785 1672; x_wconf 90' lang='lat' dir='ltr'><strong>ipsi</strong></span> <span class='ocrx_word' id='word_1_212' title='bbox 830 1601 1002 1666; x_wconf 77' lang='lat' dir='ltr'><strong>scitis,</strong></span> <span class='ocrx_word' id='word_1_213' title='bbox 1036 1600 1249 1657; x_wconf 89' lang='lat' dir='ltr'><strong>fratres.</strong></span> <span class='ocrx_word' id='word_1_214' title='bbox 1277 1593 1557 1649; x_wconf 88' lang='lat' dir='ltr'><strong>introitum</strong></span> <span class='ocrx_word' id='word_1_215' title='bbox 1588 1604 1747 1645; x_wconf 68' lang='grc' dir='ltr'>ποθ-ι</span> 
     </span>
    </p>
   </div>
   <div class='ocr_carea' id='block_1_16' title="bbox 140 1684 1714 1770">
    <p class='ocr_par' dir='ltr' id='par_1_16' title="bbox 140 1684 1714 1770">
     <span class='ocr_line' id='line_1_22' title="bbox 140 1684 1714 1770; baseline -0.015 -10"><span class='ocrx_word' id='word_1_216' title='bbox 140 1684 270 1760; x_wconf 84' lang='lat' dir='ltr'><strong>trum</strong></span> <span class='ocrx_word' id='word_1_217' title='bbox 299 1702 365 1757; x_wconf 88' lang='lat' dir='ltr'><strong>ad</strong></span> <span class='ocrx_word' id='word_1_218' title='bbox 399 1715 514 1766; x_wconf 89' lang='lat' dir='ltr'><strong>vos,</strong></span> <span class='ocrx_word' id='word_1_219' title='bbox 542 1698 671 1770; x_wconf 89' lang='lat' dir='ltr'><strong>quia</strong></span> <span class='ocrx_word' id='word_1_220' title='bbox 701 1711 808 1750; x_wconf 91' lang='lat' dir='ltr'><strong>non</strong></span> <span class='ocrx_word' id='word_1_221' title='bbox 831 1694 1008 1750; x_wconf 89' lang='lat' dir='ltr'><strong>inanis</strong></span> <span class='ocrx_word' id='word_1_222' title='bbox 1032 1692 1132 1747; x_wconf 90' lang='lat' dir='ltr'><strong>fuit</strong></span> <span class='ocrx_word' id='word_1_223' title='bbox 1164 1708 1179 1746; x_wconf 87' lang='lat'><strong>:</strong></span> <span class='ocrx_word' id='word_1_224' title='bbox 1211 1690 1308 1743; x_wconf 90' lang='lat' dir='ltr'><strong>sed</strong></span> <span class='ocrx_word' id='word_1_225' title='bbox 1336 1696 1462 1742; x_wconf 90' lang='lat' dir='ltr'><strong>ante</strong></span> <span class='ocrx_word' id='word_1_226' title='bbox 1484 1684 1629 1756; x_wconf 87' lang='lat' dir='ltr'><strong>passi</strong></span> <span class='ocrx_word' id='word_1_227' title='bbox 1663 1693 1714 1749; x_wconf 72' lang='grc' dir='ltr'><strong>η,</strong></span> 
     </span>
    </p>
   </div>
   <div class='ocr_carea' id='block_1_17' title="bbox 141 1778 1716 1860">
    <p class='ocr_par' dir='ltr' id='par_1_17' title="bbox 141 1778 1716 1860">
     <span class='ocr_line' id='line_1_23' title="bbox 141 1778 1716 1860; baseline -0.015 -6"><span class='ocrx_word' id='word_1_228' title='bbox 141 1811 188 1854; x_wconf 92' lang='lat' dir='ltr'><strong>et</strong></span> <span class='ocrx_word' id='word_1_229' title='bbox 212 1794 551 1854; x_wconf 83' lang='lat' dir='ltr'><strong>contumeliis</strong></span> <span class='ocrx_word' id='word_1_230' title='bbox 571 1792 751 1847; x_wconf 84' lang='lat' dir='ltr'><strong>affecti</strong></span> <span class='ocrx_word' id='word_1_231' title='bbox 785 1790 943 1860; x_wconf 58' lang='lat' dir='ltr'><strong>(sicut</strong></span> <span class='ocrx_word' id='word_1_232' title='bbox 971 1785 1146 1854; x_wconf 87' lang='lat' dir='ltr'><strong>scitis)</strong></span> <span class='ocrx_word' id='word_1_233' title='bbox 1178 1786 1230 1839; x_wconf 94' lang='lat' dir='ltr'><strong>in</strong></span> <span class='ocrx_word' id='word_1_234' title='bbox 1260 1783 1546 1851; x_wconf 84' lang='lat' dir='ltr'><strong>Philippis,</strong></span> <span class='ocrx_word' id='word_1_235' title='bbox 1578 1778 1716 1833; x_wconf 87' lang='lat' dir='ltr'><strong>fidu-</strong></span> 
     </span>
    </p>
   </div>
   <div class='ocr_carea' id='block_1_18' title="bbox 142 1876 1716 1951">
    <p class='ocr_par' dir='ltr' id='par_1_18' title="bbox 142 1876 1716 1951">
     <span class='ocr_line' id='line_1_24' title="bbox 142 1876 1716 1951; baseline -0.012 -3"><span class='ocrx_word' id='word_1_236' title='bbox 142 1894 266 1948; x_wconf 87' lang='lat' dir='ltr'><strong>ciam</strong></span> <span class='ocrx_word' id='word_1_237' title='bbox 292 1892 583 1946; x_wconf 85' lang='lat' dir='ltr'><strong>habuimus</strong></span> <span class='ocrx_word' id='word_1_238' title='bbox 610 1888 663 1942; x_wconf 95' lang='lat' dir='ltr'><strong>in</strong></span> <span class='ocrx_word' id='word_1_239' title='bbox 688 1886 801 1941; x_wconf 92' lang='lat' dir='ltr'><strong>Deo</strong></span> <span class='ocrx_word' id='word_1_240' title='bbox 828 1893 1039 1946; x_wconf 87' lang='lat' dir='ltr'><strong>nostro,</strong></span> <span class='ocrx_word' id='word_1_241' title='bbox 1068 1880 1214 1951; x_wconf 85' lang='lat' dir='ltr'><strong>loqui</strong></span> <span class='ocrx_word' id='word_1_242' title='bbox 1248 1878 1313 1933; x_wconf 93' lang='lat' dir='ltr'><strong>ad</strong></span> <span class='ocrx_word' id='word_1_243' title='bbox 1339 1892 1439 1931; x_wconf 83' lang='lat' dir='ltr'><strong>vos</strong></span> <span class='ocrx_word' id='word_1_244' title='bbox 1470 1876 1716 1944; x_wconf 83' lang='lat' dir='ltr'><strong>Evange-</strong></span> 
     </span>
    </p>
   </div>
   <div class='ocr_carea' id='block_1_19' title="bbox 141 1970 1717 2040">
    <p class='ocr_par' dir='ltr' id='par_1_19' title="bbox 141 1970 1717 2040">
     <span class='ocr_line' id='line_1_25' title="bbox 141 1970 1717 2040; baseline -0.015 1"><span class='ocrx_word' id='word_1_245' title='bbox 141 1986 259 2040; x_wconf 88' lang='lat' dir='ltr'><strong>littm</strong></span> <span class='ocrx_word' id='word_1_246' title='bbox 282 1984 370 2040; x_wconf 87' lang='lat' dir='ltr'><strong>Dei</strong></span> <span class='ocrx_word' id='word_1_247' title='bbox 405 1984 457 2037; x_wconf 94' lang='lat' dir='ltr'><strong>in</strong></span> <span class='ocrx_word' id='word_1_248' title='bbox 481 1981 653 2037; x_wconf 88' lang='lat' dir='ltr'><strong>multa</strong></span> <span class='ocrx_word' id='word_1_249' title='bbox 687 1976 1075 2034; x_wconf 85' lang='lat' dir='ltr'><strong>sollicitudine.</strong></span> <span class='ocrx_word' id='word_1_250' title='bbox 1107 1971 1425 2027; x_wconf 81' lang='lat' dir='ltr'><strong>Exhortatio</strong></span> <span class='ocrx_word' id='word_1_251' title='bbox 1454 1970 1594 2023; x_wconf 90' lang='lat' dir='ltr'><strong>enim</strong></span> <span class='ocrx_word' id='word_1_252' title='bbox 1618 1982 1717 2021; x_wconf 82' lang='lat' dir='ltr'><strong>no-</strong></span> 
     </span>
    </p>
   </div>
   <div class='ocr_carea' id='block_1_20' title="bbox 146 2059 1716 2137">
    <p class='ocr_par' dir='ltr' id='par_1_20' title="bbox 146 2059 1716 2137">
     <span class='ocr_line' id='line_1_26' title="bbox 146 2059 1716 2137; baseline -0.015 -4"><span class='ocrx_word' id='word_1_253' title='bbox 146 2087 246 2137; x_wconf 87' lang='lat' dir='ltr'><strong>stra</strong></span> <span class='ocrx_word' id='word_1_254' title='bbox 272 2091 373 2131; x_wconf 91' lang='lat' dir='ltr'><strong>non</strong></span> <span class='ocrx_word' id='word_1_255' title='bbox 404 2074 471 2129; x_wconf 91' lang='lat' dir='ltr'><strong>de</strong></span> <span class='ocrx_word' id='word_1_256' title='bbox 499 2086 717 2133; x_wconf 88' lang='lat' dir='ltr'><strong>errore,</strong></span> <span class='ocrx_word' id='word_1_257' title='bbox 748 2083 927 2137; x_wconf 87' lang='lat' dir='ltr'><strong>neque</strong></span> <span class='ocrx_word' id='word_1_258' title='bbox 956 2069 1024 2122; x_wconf 89' lang='lat' dir='ltr'><strong>de</strong></span> <span class='ocrx_word' id='word_1_259' title='bbox 1056 2062 1420 2127; x_wconf 89' lang='lat' dir='ltr'><strong>immunditia,</strong></span> <span class='ocrx_word' id='word_1_260' title='bbox 1450 2074 1626 2128; x_wconf 90' lang='lat' dir='ltr'><strong>neque</strong></span> <span class='ocrx_word' id='word_1_261' title='bbox 1663 2059 1716 2111; x_wconf 94' lang='lat' dir='ltr'><strong>in</strong></span> 
     </span>
    </p>
   </div>
   <div class='ocr_carea' id='block_1_21' title="bbox 145 2152 1723 2237">
    <p class='ocr_par' dir='ltr' id='par_1_21' title="bbox 145 2152 1723 2237">
     <span class='ocr_line' id='line_1_27' title="bbox 145 2152 1723 2237; baseline -0.014 -12"><span class='ocrx_word' id='word_1_262' title='bbox 145 2170 279 2237; x_wconf 90' lang='lat' dir='ltr'><strong>dolo,</strong></span> <span class='ocrx_word' id='word_1_263' title='bbox 311 2167 404 2223; x_wconf 89' lang='lat' dir='ltr'><strong>sed</strong></span> <span class='ocrx_word' id='word_1_264' title='bbox 433 2168 578 2222; x_wconf 83' lang='lat' dir='ltr'><strong>sicut</strong></span> <span class='ocrx_word' id='word_1_265' title='bbox 606 2164 815 2235; x_wconf 88' lang='lat' dir='ltr'><strong>probati</strong></span> <span class='ocrx_word' id='word_1_266' title='bbox 847 2176 1037 2217; x_wconf 88' lang='lat' dir='ltr'><strong>sumus</strong></span> <span class='ocrx_word' id='word_1_267' title='bbox 1065 2174 1094 2213; x_wconf 91' lang='lat' dir='ltr'><strong>a</strong></span> <span class='ocrx_word' id='word_1_268' title='bbox 1138 2160 1271 2223; x_wconf 90' lang='lat' dir='ltr'><strong>Deo,</strong></span> <span class='ocrx_word' id='word_1_269' title='bbox 1305 2165 1362 2210; x_wconf 89' lang='lat' dir='ltr'><strong>ut</strong></span> <span class='ocrx_word' id='word_1_270' title='bbox 1404 2152 1723 2209; x_wconf 89' lang='lat' dir='ltr'><strong>crederetur</strong></span> 
     </span>
    </p>
   </div>
   <div class='ocr_carea' id='block_1_22' title="bbox 148 2245 1713 2331">
    <p class='ocr_par' dir='ltr' id='par_1_22' title="bbox 148 2245 1713 2331">
     <span class='ocr_line' id='line_1_28' title="bbox 148 2245 1713 2331; baseline -0.013 -13"><span class='ocrx_word' id='word_1_271' title='bbox 148 2265 289 2319; x_wconf 91' lang='lat' dir='ltr'><strong>nobis</strong></span> <span class='ocrx_word' id='word_1_272' title='bbox 308 2260 663 2331; x_wconf 82' lang='lat' dir='ltr'><strong>Evangelium</strong></span> <span class='ocrx_word' id='word_1_273' title='bbox 700 2276 713 2312; x_wconf 89' lang='lat'><strong>:</strong></span> <span class='ocrx_word' id='word_1_274' title='bbox 744 2258 816 2311; x_wconf 94' lang='lat' dir='ltr'><strong>ita</strong></span> <span class='ocrx_word' id='word_1_275' title='bbox 840 2255 1133 2326; x_wconf 90' lang='lat' dir='ltr'><strong>loquimur,</strong></span> <span class='ocrx_word' id='word_1_276' title='bbox 1161 2266 1271 2307; x_wconf 91' lang='lat' dir='ltr'><strong>non</strong></span> <span class='ocrx_word' id='word_1_277' title='bbox 1300 2248 1453 2321; x_wconf 90' lang='lat' dir='ltr'><strong>quasi</strong></span> <span class='ocrx_word' id='word_1_278' title='bbox 1482 2245 1713 2301; x_wconf 88' lang='lat' dir='ltr'><strong>homini-</strong></span> 
     </span>
    </p>
   </div>
   <div class='ocr_carea' id='block_1_23' title="bbox 149 2340 1720 2425">
    <p class='ocr_par' dir='ltr' id='par_1_23' title="bbox 149 2340 1720 2425">
     <span class='ocr_line' id='line_1_29' title="bbox 149 2340 1720 2425; baseline -0.011 -15"><span class='ocrx_word' id='word_1_279' title='bbox 149 2356 237 2410; x_wconf 89' lang='lat' dir='ltr'><strong>bus</strong></span> <span class='ocrx_word' id='word_1_280' title='bbox 276 2354 585 2425; x_wconf 87' lang='lat' dir='ltr'><strong>placentes,</strong></span> <span class='ocrx_word' id='word_1_281' title='bbox 629 2349 722 2405; x_wconf 90' lang='lat' dir='ltr'><strong>sed</strong></span> <span class='ocrx_word' id='word_1_282' title='bbox 770 2349 902 2415; x_wconf 82' lang='lat' dir='ltr'><strong>Deo,</strong></span> <span class='ocrx_word' id='word_1_283' title='bbox 928 2348 1018 2417; x_wconf 89' lang='lat' dir='ltr'><strong>qui</strong></span> <span class='ocrx_word' id='word_1_284' title='bbox 1069 2344 1263 2415; x_wconf 89' lang='lat' dir='ltr'><strong>probat</strong></span> <span class='ocrx_word' id='word_1_285' title='bbox 1308 2340 1471 2397; x_wconf 89' lang='lat' dir='ltr'><strong>corda</strong></span> <span class='ocrx_word' id='word_1_286' title='bbox 1513 2348 1720 2393; x_wconf 92' lang='lat' dir='ltr'><strong>nostra.</strong></span> 
     </span>
    </p>
   </div>
   <div class='ocr_carea' id='block_1_24' title="bbox 151 2429 1727 2517">
    <p class='ocr_par' dir='ltr' id='par_1_24' title="bbox 151 2429 1727 2517">
     <span class='ocr_line' id='line_1_30' title="bbox 151 2429 1727 2517; baseline -0.013 -16"><span class='ocrx_word' id='word_1_287' title='bbox 151 2445 320 2517; x_wconf 79' lang='lat' dir='ltr'><strong>Neque</strong></span> <span class='ocrx_word' id='word_1_288' title='bbox 345 2449 490 2500; x_wconf 87' lang='lat' dir='ltr'><strong>enim</strong></span> <span class='ocrx_word' id='word_1_289' title='bbox 520 2440 818 2512; x_wconf 90' lang='lat' dir='ltr'><strong>aliquando</strong></span> <span class='ocrx_word' id='word_1_290' title='bbox 849 2438 1047 2494; x_wconf 89' lang='lat' dir='ltr'><strong>fuimus</strong></span> <span class='ocrx_word' id='word_1_291' title='bbox 1089 2437 1140 2491; x_wconf 93' lang='lat' dir='ltr'><strong>in</strong></span> <span class='ocrx_word' id='word_1_292' title='bbox 1174 2447 1428 2490; x_wconf 89' lang='lat' dir='ltr'><strong>sermone</strong></span> <span class='ocrx_word' id='word_1_293' title='bbox 1462 2429 1727 2485; x_wconf 88' lang='lat' dir='ltr'><strong>adulatio-</strong></span> 
     </span>
    </p>
   </div>
   <div class='ocr_carea' id='block_1_25' title="bbox 150 2522 1729 2601">
    <p class='ocr_par' dir='ltr' id='par_1_25' title="bbox 150 2522 1729 2601">
     <span class='ocr_line' id='line_1_31' title="bbox 150 2522 1729 2601; baseline -0.011 -9"><span class='ocrx_word' id='word_1_294' title='bbox 150 2538 245 2601; x_wconf 87' lang='lat' dir='ltr'><strong>nis,</strong></span> <span class='ocrx_word' id='word_1_295' title='bbox 279 2536 409 2591; x_wconf 90' lang='lat' dir='ltr'><strong>sicut</strong></span> <span class='ocrx_word' id='word_1_296' title='bbox 440 2536 601 2591; x_wconf 85' lang='lat' dir='ltr'><strong>scitis</strong></span> <span class='ocrx_word' id='word_1_297' title='bbox 628 2551 641 2585; x_wconf 81' lang='grc' dir='ltr'><strong><em>τ</em></strong></span> <span class='ocrx_word' id='word_1_298' title='bbox 677 2546 853 2601; x_wconf 90' lang='lat' dir='ltr'><strong>neque</strong></span> <span class='ocrx_word' id='word_1_299' title='bbox 886 2532 938 2585; x_wconf 91' lang='lat' dir='ltr'><strong>in</strong></span> <span class='ocrx_word' id='word_1_300' title='bbox 967 2529 1255 2585; x_wconf 90' lang='lat' dir='ltr'><strong>occasione</strong></span> <span class='ocrx_word' id='word_1_301' title='bbox 1287 2524 1547 2585; x_wconf 42' lang='lat' dir='ltr'><strong>avaritiae.</strong></span> <span class='ocrx_word' id='word_1_302' title='bbox 1584 2522 1729 2575; x_wconf 89' lang='lat' dir='ltr'><strong>Deus</strong></span> 
     </span>
    </p>
   </div>
   <div class='ocr_carea' id='block_1_26' title="bbox 152 2615 1730 2695">
    <p class='ocr_par' dir='ltr' id='par_1_26' title="bbox 152 2615 1730 2695">
     <span class='ocr_line' id='line_1_32' title="bbox 152 2615 1730 2695; baseline -0.012 -12"><span class='ocrx_word' id='word_1_303' title='bbox 152 2628 291 2683; x_wconf 88' lang='lat' dir='ltr'><strong>testis</strong></span> <span class='ocrx_word' id='word_1_304' title='bbox 312 2638 413 2691; x_wconf 90' lang='lat' dir='ltr'><strong>est,</strong></span> <span class='ocrx_word' id='word_1_305' title='bbox 446 2643 551 2683; x_wconf 90' lang='lat' dir='ltr'><strong>nec</strong></span> <span class='ocrx_word' id='word_1_306' title='bbox 585 2633 889 2695; x_wconf 79' lang='lat' dir='ltr'><strong>quzerentes</strong></span> <span class='ocrx_word' id='word_1_307' title='bbox 921 2623 989 2677; x_wconf 92' lang='lat' dir='ltr'><strong>ab</strong></span> <span class='ocrx_word' id='word_1_308' title='bbox 1015 2619 1326 2676; x_wconf 91' lang='lat' dir='ltr'><strong>hominibus</strong></span> <span class='ocrx_word' id='word_1_309' title='bbox 1352 2615 1577 2687; x_wconf 80' lang='lat' dir='ltr'><strong>gloriam</strong></span> <span class='ocrx_word' id='word_1_310' title='bbox 1597 2655 1610 2674; x_wconf 83' lang='lat'><strong>,</strong></span> <span class='ocrx_word' id='word_1_311' title='bbox 1635 2628 1730 2665; x_wconf 90' lang='lat' dir='ltr'><strong>ne-</strong></span> 
     </span>
    </p>
   </div>
   <div class='ocr_carea' id='block_1_27' title="bbox 154 2705 1730 2790">
    <p class='ocr_par' dir='ltr' id='par_1_27' title="bbox 154 2705 1730 2790">
     <span class='ocr_line' id='line_1_33' title="bbox 154 2705 1730 2790; baseline -0.009 -17"><span class='ocrx_word' id='word_1_312' title='bbox 154 2736 245 2790; x_wconf 89' lang='lat' dir='ltr'><strong>que</strong></span> <span class='ocrx_word' id='word_1_313' title='bbox 283 2736 309 2775; x_wconf 90' lang='lat' dir='ltr'><strong>a</strong></span> <span class='ocrx_word' id='word_1_314' title='bbox 351 2721 527 2786; x_wconf 88' lang='lat' dir='ltr'><strong>vobis,</strong></span> <span class='ocrx_word' id='word_1_315' title='bbox 579 2732 753 2787; x_wconf 86' lang='lat' dir='ltr'><strong>neque</strong></span> <span class='ocrx_word' id='word_1_316' title='bbox 782 2716 851 2770; x_wconf 90' lang='lat' dir='ltr'><strong>ab</strong></span> <span class='ocrx_word' id='word_1_317' title='bbox 890 2715 1030 2769; x_wconf 90' lang='lat' dir='ltr'><strong>aliis.</strong></span> <span class='ocrx_word' id='word_1_318' title='bbox 1072 2712 1208 2767; x_wconf 88' lang='lat' dir='ltr'><strong>Cum</strong></span> <span class='ocrx_word' id='word_1_319' title='bbox 1246 2722 1530 2779; x_wconf 71' lang='lat' dir='ltr'><strong>possemus</strong></span> <span class='ocrx_word' id='word_1_320' title='bbox 1577 2705 1730 2759; x_wconf 81' lang='lat' dir='ltr'><strong>vobis</strong></span> 
     </span>
    </p>
   </div>
   <div class='ocr_carea' id='block_1_28' title="bbox 152 2804 1727 2880">
    <p class='ocr_par' dir='ltr' id='par_1_28' title="bbox 152 2804 1727 2880">
     <span class='ocr_line' id='line_1_34' title="bbox 152 2804 1727 2880; baseline -0.009 -12"><span class='ocrx_word' id='word_1_321' title='bbox 152 2817 285 2871; x_wconf 91' lang='lat' dir='ltr'><strong>oneri</strong></span> <span class='ocrx_word' id='word_1_322' title='bbox 315 2831 436 2871; x_wconf 91' lang='lat' dir='ltr'><strong>esse</strong></span> <span class='ocrx_word' id='word_1_323' title='bbox 457 2826 515 2869; x_wconf 85' lang='grc' dir='ltr'><strong>ιιι</strong></span> <span class='ocrx_word' id='word_1_324' title='bbox 546 2812 751 2868; x_wconf 85' lang='lat' dir='ltr'><strong>Christi</strong></span> <span class='ocrx_word' id='word_1_325' title='bbox 778 2809 1015 2880; x_wconf 91' lang='lat' dir='ltr'><strong>apostoli</strong></span> <span class='ocrx_word' id='word_1_326' title='bbox 1044 2826 1059 2863; x_wconf 88' lang='lat'><strong>:</strong></span> <span class='ocrx_word' id='word_1_327' title='bbox 1096 2806 1187 2862; x_wconf 89' lang='lat' dir='ltr'><strong>sed</strong></span> <span class='ocrx_word' id='word_1_328' title='bbox 1224 2804 1355 2860; x_wconf 88' lang='lat' dir='ltr'><strong>facti</strong></span> <span class='ocrx_word' id='word_1_329' title='bbox 1384 2818 1568 2856; x_wconf 84' lang='lat' dir='ltr'><strong>sumus</strong></span> <span class='ocrx_word' id='word_1_330' title='bbox 1600 2815 1727 2872; x_wconf 81' lang='lat' dir='ltr'><strong>par-</strong></span> 
     </span>
    </p>
   </div>
   <div class='ocr_carea' id='block_1_29' title="bbox 151 2894 1733 2969">
    <p class='ocr_par' dir='ltr' id='par_1_29' title="bbox 151 2894 1733 2969">
     <span class='ocr_line' id='line_1_35' title="bbox 151 2894 1733 2969; baseline -0.01 -7"><span class='ocrx_word' id='word_1_331' title='bbox 151 2908 245 2964; x_wconf 80' lang='lat' dir='ltr'><strong>Vuli</strong></span> <span class='ocrx_word' id='word_1_332' title='bbox 290 2909 341 2964; x_wconf 92' lang='lat' dir='ltr'><strong>in</strong></span> <span class='ocrx_word' id='word_1_333' title='bbox 387 2907 578 2963; x_wconf 88' lang='lat' dir='ltr'><strong>medio</strong></span> <span class='ocrx_word' id='word_1_334' title='bbox 621 2913 888 2967; x_wconf 80' lang='lat' dir='ltr'><strong>vestrum,</strong></span> <span class='ocrx_word' id='word_1_335' title='bbox 936 2909 1208 2969; x_wconf 87' lang='lat' dir='ltr'><strong>tamquam</strong></span> <span class='ocrx_word' id='word_1_336' title='bbox 1241 2898 1286 2951; x_wconf 90' lang='lat' dir='ltr'><strong>si</strong></span> <span class='ocrx_word' id='word_1_337' title='bbox 1320 2894 1503 2949; x_wconf 80' lang='lat' dir='ltr'><strong>nutrix</strong></span> <span class='ocrx_word' id='word_1_338' title='bbox 1555 2894 1733 2947; x_wconf 90' lang='lat' dir='ltr'><strong>foveat</strong></span> 
     </span>
    </p>
   </div>
   <div class='ocr_carea' id='block_1_30' title="bbox 153 2987 1733 3059">
    <p class='ocr_par' dir='ltr' id='par_1_30' title="bbox 153 2987 1733 3059">
     <span class='ocr_line' id='line_1_36' title="bbox 153 2987 1733 3059; baseline -0.012 -2"><span class='ocrx_word' id='word_1_339' title='bbox 153 3003 281 3058; x_wconf 88' lang='lat' dir='ltr'><strong>ﬁlios</strong></span> <span class='ocrx_word' id='word_1_340' title='bbox 309 3018 453 3058; x_wconf 68' lang='lat' dir='ltr'><strong>suos.</strong></span> <span class='ocrx_word' id='word_1_341' title='bbox 487 3004 571 3055; x_wconf 87' lang='lat' dir='ltr'><strong>Ita</strong></span> <span class='ocrx_word' id='word_1_342' title='bbox 605 2998 983 3054; x_wconf 89' lang='lat' dir='ltr'><strong>desiderantes</strong></span> <span class='ocrx_word' id='word_1_343' title='bbox 1024 3008 1120 3046; x_wconf 88' lang='lat' dir='ltr'><strong>vos</strong></span> <span class='ocrx_word' id='word_1_344' title='bbox 1165 2990 1384 3059; x_wconf 88' lang='lat' dir='ltr'><strong>cupide,</strong></span> <span class='ocrx_word' id='word_1_345' title='bbox 1418 2987 1733 3041; x_wconf 82' lang='lat' dir='ltr'><strong>volebamus</strong></span> 
     </span>
    </p>
   </div>
   <div class='ocr_carea' id='block_1_31' title="bbox 155 3077 1731 3155">
    <p class='ocr_par' dir='ltr' id='par_1_31' title="bbox 155 3077 1731 3155">
     <span class='ocr_line' id='line_1_37' title="bbox 155 3077 1731 3155; baseline -0.013 -6"><span class='ocrx_word' id='word_1_346' title='bbox 155 3095 348 3151; x_wconf 87' lang='lat' dir='ltr'><strong>tradere</strong></span> <span class='ocrx_word' id='word_1_347' title='bbox 376 3094 533 3149; x_wconf 86' lang='lat' dir='ltr'><strong>vobis</strong></span> <span class='ocrx_word' id='word_1_348' title='bbox 563 3106 671 3146; x_wconf 91' lang='lat' dir='ltr'><strong>non</strong></span> <span class='ocrx_word' id='word_1_349' title='bbox 712 3089 890 3144; x_wconf 91' lang='lat' dir='ltr'><strong>solum</strong></span> <span class='ocrx_word' id='word_1_350' title='bbox 924 3083 1273 3155; x_wconf 88' lang='lat' dir='ltr'><strong>Evangelium</strong></span> <span class='ocrx_word' id='word_1_351' title='bbox 1300 3080 1421 3145; x_wconf 89' lang='lat' dir='ltr'><strong>Dei,</strong></span> <span class='ocrx_word' id='word_1_352' title='bbox 1448 3078 1541 3133; x_wconf 88' lang='lat' dir='ltr'><strong>sed</strong></span> <span class='ocrx_word' id='word_1_353' title='bbox 1566 3077 1731 3131; x_wconf 89' lang='lat' dir='ltr'><strong>etiam</strong></span> 
     </span>
    </p>
   </div>
   <div class='ocr_carea' id='block_1_32' title="bbox 154 3169 1731 3250">
    <p class='ocr_par' dir='ltr' id='par_1_32' title="bbox 154 3169 1731 3250">
     <span class='ocr_line' id='line_1_38' title="bbox 154 3169 1731 3250; baseline -0.011 -11"><span class='ocrx_word' id='word_1_354' title='bbox 154 3188 345 3242; x_wconf 88' lang='lat' dir='ltr'><strong>animas</strong></span> <span class='ocrx_word' id='word_1_355' title='bbox 369 3196 590 3240; x_wconf 85' lang='lat' dir='ltr'><strong>nostras</strong></span> <span class='ocrx_word' id='word_1_356' title='bbox 626 3201 639 3238; x_wconf 90' lang='lat'>:</span> <span class='ocrx_word' id='word_1_357' title='bbox 674 3181 927 3250; x_wconf 90' lang='lat' dir='ltr'><strong>quoniam</strong></span> <span class='ocrx_word' id='word_1_358' title='bbox 964 3174 1269 3233; x_wconf 86' lang='lat' dir='ltr'><strong>charissimi</strong></span> <span class='ocrx_word' id='word_1_359' title='bbox 1306 3171 1463 3226; x_wconf 91' lang='lat' dir='ltr'><strong>nobis</strong></span> <span class='ocrx_word' id='word_1_360' title='bbox 1493 3169 1621 3223; x_wconf 90' lang='lat' dir='ltr'><strong>facti</strong></span> <span class='ocrx_word' id='word_1_361' title='bbox 1644 3182 1731 3223; x_wconf 85' lang='lat' dir='ltr'><strong>es-</strong></span> 
     </span>
    </p>
   </div>
   <div class='ocr_carea' id='block_1_33' title="bbox 154 3262 1735 3337">
    <p class='ocr_par' dir='ltr' id='par_1_33' title="bbox 154 3262 1735 3337">
     <span class='ocr_line' id='line_1_39' title="bbox 154 3262 1735 3337; baseline -0.011 -6"><span class='ocrx_word' id='word_1_362' title='bbox 154 3279 232 3334; x_wconf 86' lang='lat' dir='ltr'><strong>tis.</strong></span> <span class='ocrx_word' id='word_1_363' title='bbox 266 3279 523 3334; x_wconf 80' lang='lat' dir='ltr'><strong>Memores</strong></span> <span class='ocrx_word' id='word_1_364' title='bbox 572 3275 717 3330; x_wconf 92' lang='lat' dir='ltr'><strong>enim</strong></span> <span class='ocrx_word' id='word_1_365' title='bbox 760 3274 916 3337; x_wconf 87' lang='lat' dir='ltr'><strong>estis,</strong></span> <span class='ocrx_word' id='word_1_366' title='bbox 958 3272 1177 3327; x_wconf 83' lang='lat' dir='ltr'><strong>fratres.</strong></span> <span class='ocrx_word' id='word_1_367' title='bbox 1203 3264 1408 3320; x_wconf 90' lang='lat' dir='ltr'><strong>laboris</strong></span> <span class='ocrx_word' id='word_1_368' title='bbox 1454 3262 1643 3325; x_wconf 87' lang='lat' dir='ltr'><strong>nostri,</strong></span> <span class='ocrx_word' id='word_1_369' title='bbox 1680 3269 1735 3314; x_wconf 91' lang='lat' dir='ltr'><strong>et</strong></span> 
     </span>
    </p>
   </div>
   <div class='ocr_carea' id='block_1_34' title="bbox 153 3364 1729 3442">
    <p class='ocr_par' dir='ltr' id='par_1_34' title="bbox 153 3364 1729 3442">
     <span class='ocr_line' id='line_1_40' title="bbox 153 3364 1729 3442; baseline -0.011 -18"><span class='ocrx_word' id='word_1_370' title='bbox 153 3369 460 3442; x_wconf 88' lang='lat' dir='ltr'><strong>fatigationis</strong></span> <span class='ocrx_word' id='word_1_371' title='bbox 488 3388 501 3424; x_wconf 89' lang='lat'>:</span> <span class='ocrx_word' id='word_1_372' title='bbox 546 3375 713 3421; x_wconf 88' lang='lat' dir='ltr'><strong>nocte</strong></span> <span class='ocrx_word' id='word_1_373' title='bbox 745 3380 808 3419; x_wconf 85' lang='lat' dir='ltr'><strong>ac</strong></span> <span class='ocrx_word' id='word_1_374' title='bbox 851 3364 936 3417; x_wconf 90' lang='lat' dir='ltr'><strong>die</strong></span> <span class='ocrx_word' id='word_1_375' title='bbox 968 3370 1278 3431; x_wconf 80' lang='lat' dir='ltr'><strong>Operantes,</strong></span> <span class='ocrx_word' id='word_1_376' title='bbox 1314 3372 1382 3412; x_wconf 90' lang='lat' dir='ltr'><strong>ne</strong></span> <span class='ocrx_word' id='word_1_377' title='bbox 1413 3369 1573 3426; x_wconf 92' lang='lat' dir='ltr'><strong>quem</strong></span> <span class='ocrx_word' id='word_1_378' title='bbox 1605 3367 1729 3409; x_wconf 89' lang='lat' dir='ltr'><strong>ves-</strong></span> 
     </span>
    </p>
   </div>
   <div class='ocr_carea' id='block_1_35' title="bbox 155 3445 1733 3533">
    <p class='ocr_par' dir='ltr' id='par_1_35' title="bbox 155 3445 1733 3533">
     <span class='ocr_line' id='line_1_41' title="bbox 155 3445 1733 3533; baseline -0.01 -19"><span class='ocrx_word' id='word_1_379' title='bbox 155 3471 280 3517; x_wconf 89' lang='lat' dir='ltr'><strong>trum</strong></span> <span class='ocrx_word' id='word_1_380' title='bbox 309 3455 1122 3533; x_wconf 67' lang='lat' dir='ltr'><strong>gravaremus,pr:edlcavimns</strong></span> <span class='ocrx_word' id='word_1_381' title='bbox 1153 3451 1281 3524; x_wconf 82' lang='lat' dir='ltr'><strong>[Ms.</strong></span> <span class='ocrx_word' id='word_1_382' title='bbox 1308 3447 1475 3517; x_wconf 75' lang='lat' dir='ltr'><strong>enim)</strong></span> <span class='ocrx_word' id='word_1_383' title='bbox 1502 3448 1553 3500; x_wconf 92' lang='lat' dir='ltr'><strong>in</strong></span> <span class='ocrx_word' id='word_1_384' title='bbox 1576 3445 1733 3500; x_wconf 86' lang='lat' dir='ltr'><strong>vobis</strong></span> 
     </span>
    </p>
   </div>
   <div class='ocr_carea' id='block_1_36' title="bbox 153 3541 1735 3625">
    <p class='ocr_par' dir='ltr' id='par_1_36' title="bbox 153 3541 1735 3625">
     <span class='ocr_line' id='line_1_42' title="bbox 153 3541 1735 3625; baseline -0.011 -16"><span class='ocrx_word' id='word_1_385' title='bbox 153 3554 484 3625; x_wconf 85' lang='lat' dir='ltr'><strong>Evangelium</strong></span> <span class='ocrx_word' id='word_1_386' title='bbox 539 3551 667 3606; x_wconf 87' lang='lat' dir='ltr'><strong>Dei.</strong></span> <span class='ocrx_word' id='word_1_387' title='bbox 704 3549 811 3603; x_wconf 82' lang='lat' dir='ltr'><strong>Vos</strong></span> <span class='ocrx_word' id='word_1_388' title='bbox 859 3555 1026 3601; x_wconf 89' lang='lat' dir='ltr'><strong>testes</strong></span> <span class='ocrx_word' id='word_1_389' title='bbox 1065 3545 1216 3609; x_wconf 88' lang='lat' dir='ltr'><strong>estis,</strong></span> <span class='ocrx_word' id='word_1_390' title='bbox 1262 3550 1318 3597; x_wconf 92' lang='lat' dir='ltr'><strong>et</strong></span> <span class='ocrx_word' id='word_1_391' title='bbox 1352 3541 1526 3599; x_wconf 87' lang='lat' dir='ltr'><strong>Deus,</strong></span> <span class='ocrx_word' id='word_1_392' title='bbox 1570 3552 1735 3608; x_wconf 90' lang='lat' dir='ltr'><strong>quam</strong></span> 
     </span>
    </p>
   </div>
   <div class='ocr_carea' id='block_1_37' title="bbox 153 3630 1735 3715">
    <p class='ocr_par' dir='ltr' id='par_1_37' title="bbox 153 3630 1735 3715">
     <span class='ocr_line' id='line_1_43' title="bbox 153 3630 1735 3715; baseline -0.01 -14"><span class='ocrx_word' id='word_1_393' title='bbox 153 3659 342 3715; x_wconf 87' lang='lat' dir='ltr'><strong>sancte,</strong></span> <span class='ocrx_word' id='word_1_394' title='bbox 374 3659 429 3703; x_wconf 89' lang='lat' dir='ltr'><strong>et</strong></span> <span class='ocrx_word' id='word_1_395' title='bbox 453 3649 630 3715; x_wconf 86' lang='lat' dir='ltr'><strong>juste,</strong></span> <span class='ocrx_word' id='word_1_396' title='bbox 664 3652 714 3698; x_wconf 88' lang='lat' dir='ltr'><strong>et</strong></span> <span class='ocrx_word' id='word_1_397' title='bbox 747 3642 861 3695; x_wconf 92' lang='lat' dir='ltr'><strong>sine</strong></span> <span class='ocrx_word' id='word_1_398' title='bbox 884 3639 1129 3711; x_wconf 87' lang='lat' dir='ltr'><strong>querela,</strong></span> <span class='ocrx_word' id='word_1_399' title='bbox 1152 3636 1327 3702; x_wconf 90' lang='lat' dir='ltr'><strong>vobis,</strong></span> <span class='ocrx_word' id='word_1_400' title='bbox 1353 3634 1443 3705; x_wconf 85' lang='lat' dir='ltr'><strong>qui</strong></span> <span class='ocrx_word' id='word_1_401' title='bbox 1475 3630 1735 3688; x_wconf 84' lang='lat' dir='ltr'><strong>credidis-</strong></span> 
     </span>
    </p>
   </div>
   <div class='ocr_carea' id='block_1_38' title="bbox 156 3732 1737 3804">
    <p class='ocr_par' dir='ltr' id='par_1_38' title="bbox 156 3732 1737 3804">
     <span class='ocr_line' id='line_1_44' title="bbox 156 3732 1737 3804; baseline -0.009 -12"><span class='ocrx_word' id='word_1_402' title='bbox 156 3740 235 3804; x_wconf 87' lang='lat' dir='ltr'><strong>tis,</strong></span> <span class='ocrx_word' id='word_1_403' title='bbox 262 3741 486 3794; x_wconf 90' lang='lat' dir='ltr'><strong>fuimus:</strong></span> <span class='ocrx_word' id='word_1_404' title='bbox 516 3738 666 3792; x_wconf 87' lang='lat' dir='ltr'><strong>sicut</strong></span> <span class='ocrx_word' id='word_1_405' title='bbox 689 3735 860 3799; x_wconf 90' lang='lat' dir='ltr'><strong>scitis,</strong></span> <span class='ocrx_word' id='word_1_406' title='bbox 893 3732 1125 3803; x_wconf 90' lang='lat' dir='ltr'><strong>qualiter</strong></span> <span class='ocrx_word' id='word_1_407' title='bbox 1153 3740 1592 3798; x_wconf 89' lang='lat' dir='ltr'><strong>unumquemque</strong></span> <span class='ocrx_word' id='word_1_408' title='bbox 1615 3739 1737 3778; x_wconf 85' lang='lat' dir='ltr'><strong>ves-</strong></span> 
     </span>
    </p>
   </div>
   <div class='ocr_carea' id='block_1_39' title="bbox 154 3824 1731 3902">
    <p class='ocr_par' dir='ltr' id='par_1_39' title="bbox 154 3824 1731 3902">
     <span class='ocr_line' id='line_1_45' title="bbox 154 3824 1731 3902; baseline -0.009 -18"><span class='ocrx_word' id='word_1_409' title='bbox 154 3842 281 3887; x_wconf 87' lang='lat' dir='ltr'><strong>trum</strong></span> <span class='ocrx_word' id='word_1_410' title='bbox 296 3832 455 3902; x_wconf 91' lang='lat' dir='ltr'><strong>(sicut</strong></span> <span class='ocrx_word' id='word_1_411' title='bbox 483 3839 648 3901; x_wconf 83' lang='lat' dir='ltr'><strong>pater</strong></span> <span class='ocrx_word' id='word_1_412' title='bbox 666 3828 802 3882; x_wconf 87' lang='lat' dir='ltr'><strong>filios</strong></span> <span class='ocrx_word' id='word_1_413' title='bbox 824 3824 977 3895; x_wconf 88' lang='lat' dir='ltr'><strong>suos)</strong></span> <span class='ocrx_word' id='word_1_414' title='bbox 1002 3824 1366 3893; x_wconf 85' lang='lat' dir='ltr'><strong>deprecantes</strong></span> <span class='ocrx_word' id='word_1_415' title='bbox 1392 3836 1488 3873; x_wconf 90' lang='lat' dir='ltr'><strong>vos</strong></span> <span class='ocrx_word' id='word_1_416' title='bbox 1517 3827 1573 3873; x_wconf 90' lang='lat' dir='ltr'><strong>et</strong></span> <span class='ocrx_word' id='word_1_417' title='bbox 1599 3832 1731 3871; x_wconf 86' lang='lat' dir='ltr'><strong>con-</strong></span> 
     </span>
    </p>
   </div>
   <div class='ocr_carea' id='block_1_40' title="bbox 151 3912 1737 3991">
    <p class='ocr_par' dir='ltr' id='par_1_40' title="bbox 151 3912 1737 3991">
     <span class='ocr_line' id='line_1_46' title="bbox 151 3912 1737 3991; baseline -0.009 -12"><span class='ocrx_word' id='word_1_418' title='bbox 151 3925 398 3991; x_wconf 89' lang='lat' dir='ltr'><strong>solantes,</strong></span> <span class='ocrx_word' id='word_1_419' title='bbox 450 3921 735 3980; x_wconf 72' lang='lat' dir='ltr'><strong>testificati</strong></span> <span class='ocrx_word' id='word_1_420' title='bbox 784 3934 993 3990; x_wconf 90' lang='lat' dir='ltr'><strong>sumus,</strong></span> <span class='ocrx_word' id='word_1_421' title='bbox 1048 3926 1108 3972; x_wconf 90' lang='lat' dir='ltr'><strong>ut</strong></span> <span class='ocrx_word' id='word_1_422' title='bbox 1152 3913 1509 3970; x_wconf 84' lang='lat' dir='ltr'><strong>ambularetis</strong></span> <span class='ocrx_word' id='word_1_423' title='bbox 1576 3912 1737 3980; x_wconf 90' lang='lat' dir='ltr'><strong>digne</strong></span> 
     </span>
    </p>
   </div>
   <div class='ocr_carea' id='block_1_41' title="bbox 153 4004 1735 4086">
    <p class='ocr_par' dir='ltr' id='par_1_41' title="bbox 153 4004 1735 4086">
     <span class='ocr_line' id='line_1_47' title="bbox 153 4004 1735 4086; baseline -0.01 -15"><span class='ocrx_word' id='word_1_424' title='bbox 153 4013 281 4083; x_wconf 88' lang='lat' dir='ltr'><strong>Deo,</strong></span> <span class='ocrx_word' id='word_1_425' title='bbox 309 4016 393 4086; x_wconf 91' lang='lat' dir='ltr'><strong>qui</strong></span> <span class='ocrx_word' id='word_1_426' title='bbox 437 4013 665 4071; x_wconf 90' lang='lat' dir='ltr'><strong>vocavit</strong></span> <span class='ocrx_word' id='word_1_427' title='bbox 696 4026 793 4068; x_wconf 90' lang='lat' dir='ltr'><strong>vos</strong></span> <span class='ocrx_word' id='word_1_428' title='bbox 824 4012 879 4066; x_wconf 92' lang='lat' dir='ltr'><strong>in</strong></span> <span class='ocrx_word' id='word_1_429' title='bbox 910 4024 1069 4064; x_wconf 88' lang='lat' dir='ltr'><strong>suum</strong></span> <span class='ocrx_word' id='word_1_430' title='bbox 1115 4022 1339 4075; x_wconf 80' lang='lat' dir='ltr'><strong>regnum</strong></span> <span class='ocrx_word' id='word_1_431' title='bbox 1384 4015 1439 4060; x_wconf 91' lang='lat' dir='ltr'><strong>et</strong></span> <span class='ocrx_word' id='word_1_432' title='bbox 1479 4004 1735 4074; x_wconf 82' lang='lat' dir='ltr'><strong>gloriam.</strong></span> 
     </span>
    </p>
   </div>
   <div class='ocr_carea' id='block_1_42' title="bbox 151 4096 1733 4179">
    <p class='ocr_par' dir='ltr' id='par_1_42' title="bbox 151 4096 1733 4179">
     <span class='ocr_line' id='line_1_48' title="bbox 151 4096 1733 4179; baseline -0.009 -18"><span class='ocrx_word' id='word_1_433' title='bbox 151 4107 267 4163; x_wconf 79' lang='lat' dir='ltr'><strong>Ideo</strong></span> <span class='ocrx_word' id='word_1_434' title='bbox 294 4117 347 4164; x_wconf 88' lang='lat' dir='ltr'><strong>et</strong></span> <span class='ocrx_word' id='word_1_435' title='bbox 376 4124 473 4163; x_wconf 90' lang='lat' dir='ltr'><strong>nos</strong></span> <span class='ocrx_word' id='word_1_436' title='bbox 512 4104 725 4179; x_wconf 83' lang='lat' dir='ltr'><strong>gratias</strong></span> <span class='ocrx_word' id='word_1_437' title='bbox 754 4105 963 4174; x_wconf 88' lang='lat' dir='ltr'><strong>agimus</strong></span> <span class='ocrx_word' id='word_1_438' title='bbox 996 4101 1105 4156; x_wconf 90' lang='lat' dir='ltr'><strong>Deo</strong></span> <span class='ocrx_word' id='word_1_439' title='bbox 1144 4100 1261 4154; x_wconf 91' lang='lat' dir='ltr'><strong>siue</strong></span> <span class='ocrx_word' id='word_1_440' title='bbox 1288 4096 1694 4152; x_wconf 89' lang='lat' dir='ltr'><strong>intermissione</strong></span> <span class='ocrx_word' id='word_1_441' title='bbox 1720 4111 1733 4147; x_wconf 87' lang='lat'><strong>:</strong></span> 
     </span>
    </p>
   </div>
   <div class='ocr_carea' id='block_1_43' title="bbox 156 4187 1737 4269">
    <p class='ocr_par' dir='ltr' id='par_1_43' title="bbox 156 4187 1737 4269">
     <span class='ocr_line' id='line_1_49' title="bbox 156 4187 1737 4269; baseline -0.008 -15"><span class='ocrx_word' id='word_1_442' title='bbox 156 4202 390 4269; x_wconf 86' lang='lat' dir='ltr'><strong>quoniam</strong></span> <span class='ocrx_word' id='word_1_443' title='bbox 416 4216 539 4256; x_wconf 91' lang='lat' dir='ltr'><strong>cum</strong></span> <span class='ocrx_word' id='word_1_444' title='bbox 576 4197 931 4265; x_wconf 83' lang='lat' dir='ltr'><strong>accepissetis</strong></span> <span class='ocrx_word' id='word_1_445' title='bbox 960 4209 989 4248; x_wconf 90' lang='lat' dir='ltr'><strong>a</strong></span> <span class='ocrx_word' id='word_1_446' title='bbox 1034 4193 1190 4247; x_wconf 91' lang='lat' dir='ltr'><strong>nobis</strong></span> <span class='ocrx_word' id='word_1_447' title='bbox 1240 4189 1468 4244; x_wconf 88' lang='lat' dir='ltr'><strong>verbum</strong></span> <span class='ocrx_word' id='word_1_448' title='bbox 1520 4187 1737 4243; x_wconf 89' lang='lat' dir='ltr'><strong>auditus</strong></span> 
     </span>
    </p>
   </div>
   <div class='ocr_carea' id='block_1_44' title="bbox 158 4280 1735 4363">
    <p class='ocr_par' dir='ltr' id='par_1_44' title="bbox 158 4280 1735 4363">
     <span class='ocr_line' id='line_1_50' title="bbox 158 4280 1735 4363; baseline -0.006 -18"><span class='ocrx_word' id='word_1_449' title='bbox 158 4292 266 4360; x_wconf 85' lang='lat' dir='ltr'><strong>Dei,</strong></span> <span class='ocrx_word' id='word_1_450' title='bbox 294 4294 589 4363; x_wconf 91' lang='lat' dir='ltr'><strong>accepistis</strong></span> <span class='ocrx_word' id='word_1_451' title='bbox 614 4290 784 4356; x_wconf 85' lang='lat' dir='ltr'><strong>&#39;illud,</strong></span> <span class='ocrx_word' id='word_1_452' title='bbox 818 4304 923 4344; x_wconf 92' lang='lat' dir='ltr'><strong>non</strong></span> <span class='ocrx_word' id='word_1_453' title='bbox 955 4297 1015 4342; x_wconf 90' lang='lat' dir='ltr'><strong>ut</strong></span> <span class='ocrx_word' id='word_1_454' title='bbox 1046 4286 1269 4341; x_wconf 89' lang='lat' dir='ltr'><strong>verbum</strong></span> <span class='ocrx_word' id='word_1_455' title='bbox 1314 4282 1612 4347; x_wconf 85' lang='lat' dir='ltr'><strong>hominum,</strong></span> <span class='ocrx_word' id='word_1_456' title='bbox 1641 4280 1735 4335; x_wconf 93' lang='lat' dir='ltr'><strong>sed</strong></span> 
     </span>
    </p>
   </div>
   <div class='ocr_carea' id='block_1_45' title="bbox 158 4372 1735 4453">
    <p class='ocr_par' dir='ltr' id='par_1_45' title="bbox 158 4372 1735 4453">
     <span class='ocr_line' id='line_1_51' title="bbox 158 4372 1735 4453; baseline -0.006 -17"><span class='ocrx_word' id='word_1_457' title='bbox 158 4382 308 4452; x_wconf 88' lang='lat' dir='ltr'><strong>(sicut</strong></span> <span class='ocrx_word' id='word_1_458' title='bbox 338 4394 422 4441; x_wconf 88' lang='lat' dir='ltr'><strong>est</strong></span> <span class='ocrx_word' id='word_1_459' title='bbox 447 4382 603 4453; x_wconf 81' lang='lat' dir='ltr'><strong>vere)</strong></span> <span class='ocrx_word' id='word_1_460' title='bbox 631 4382 859 4437; x_wconf 88' lang='lat' dir='ltr'><strong>verbum</strong></span> <span class='ocrx_word' id='word_1_461' title='bbox 894 4380 1012 4443; x_wconf 90' lang='lat' dir='ltr'><strong>Dei,</strong></span> <span class='ocrx_word' id='word_1_462' title='bbox 1045 4378 1133 4446; x_wconf 89' lang='lat' dir='ltr'><strong>qui</strong></span> <span class='ocrx_word' id='word_1_463' title='bbox 1165 4382 1428 4444; x_wconf 87' lang='lat' dir='ltr'><strong>operatur</strong></span> <span class='ocrx_word' id='word_1_464' title='bbox 1453 4373 1509 4428; x_wconf 89' lang='lat' dir='ltr'><strong>in</strong></span> <span class='ocrx_word' id='word_1_465' title='bbox 1556 4372 1735 4439; x_wconf 90' lang='lat' dir='ltr'><strong>vobis,</strong></span> 
     </span>
    </p>
   </div>
   <div class='ocr_carea' id='block_1_46' title="bbox 157 4466 1728 4543">
    <p class='ocr_par' dir='ltr' id='par_1_46' title="bbox 157 4466 1728 4543">
     <span class='ocr_line' id='line_1_52' title="bbox 157 4466 1728 4543; baseline -0.006 -14"><span class='ocrx_word' id='word_1_466' title='bbox 157 4477 238 4543; x_wconf 89' lang='lat' dir='ltr'><strong>qui</strong></span> <span class='ocrx_word' id='word_1_467' title='bbox 262 4477 590 4534; x_wconf 86' lang='lat' dir='ltr'><strong>credidistis.</strong></span> <span class='ocrx_word' id='word_1_468' title='bbox 626 4475 734 4529; x_wconf 88' lang='lat' dir='ltr'><strong>Vos</strong></span> <span class='ocrx_word' id='word_1_469' title='bbox 764 4475 908 4531; x_wconf 90' lang='lat' dir='ltr'><strong>enim</strong></span> <span class='ocrx_word' id='word_1_470' title='bbox 958 4473 1261 4527; x_wconf 89' lang='lat' dir='ltr'><strong>imitatores</strong></span> <span class='ocrx_word' id='word_1_471' title='bbox 1292 4468 1417 4523; x_wconf 88' lang='lat' dir='ltr'><strong>facti</strong></span> <span class='ocrx_word' id='word_1_472' title='bbox 1443 4467 1598 4531; x_wconf 86' lang='lat' dir='ltr'><strong>estis,</strong></span> <span class='ocrx_word' id='word_1_473' title='bbox 1619 4466 1728 4520; x_wconf 89' lang='lat' dir='ltr'><strong>fra-</strong></span> 
     </span>
    </p>
   </div>
   <div class='ocr_carea' id='block_1_47' title="bbox 161 4558 1736 4637">
    <p class='ocr_par' dir='ltr' id='par_1_47' title="bbox 161 4558 1736 4637">
     <span class='ocr_line' id='line_1_53' title="bbox 161 4558 1736 4637; baseline -0.003 -17"><span class='ocrx_word' id='word_1_474' title='bbox 161 4576 283 4633; x_wconf 90' lang='lat' dir='ltr'><strong>tres,</strong></span> <span class='ocrx_word' id='word_1_475' title='bbox 316 4570 683 4627; x_wconf 87' lang='lat' dir='ltr'><strong>Ecclesiarum</strong></span> <span class='ocrx_word' id='word_1_476' title='bbox 715 4569 835 4634; x_wconf 87' lang='lat' dir='ltr'><strong>Dei,</strong></span> <span class='ocrx_word' id='word_1_477' title='bbox 868 4580 989 4637; x_wconf 60' lang='lat' dir='ltr'><strong>quae</strong></span> <span class='ocrx_word' id='word_1_478' title='bbox 1026 4575 1152 4620; x_wconf 88' lang='lat' dir='ltr'><strong>sunt</strong></span> <span class='ocrx_word' id='word_1_479' title='bbox 1198 4565 1250 4618; x_wconf 93' lang='lat' dir='ltr'><strong>in</strong></span> <span class='ocrx_word' id='word_1_480' title='bbox 1277 4562 1461 4618; x_wconf 75' lang='lat' dir='ltr'><strong>Judma</strong></span> <span class='ocrx_word' id='word_1_481' title='bbox 1491 4562 1545 4616; x_wconf 90' lang='lat' dir='ltr'><strong>in</strong></span> <span class='ocrx_word' id='word_1_482' title='bbox 1573 4558 1736 4616; x_wconf 92' lang='lat' dir='ltr'><strong>Chri-</strong></span> 
     </span>
    </p>
   </div>
   <div class='ocr_carea' id='block_1_48' title="bbox 162 4653 1737 4733">
    <p class='ocr_par' dir='ltr' id='par_1_48' title="bbox 162 4653 1737 4733">
     <span class='ocr_line' id='line_1_54' title="bbox 162 4653 1737 4733; baseline -0.005 -19"><span class='ocrx_word' id='word_1_483' title='bbox 162 4669 238 4714; x_wconf 71' lang='grc' dir='ltr'><strong>διο</strong></span> <span class='ocrx_word' id='word_1_484' title='bbox 260 4659 419 4726; x_wconf 80' lang='lat' dir='ltr'><strong>Iesu;</strong></span> <span class='ocrx_word' id='word_1_485' title='bbox 453 4663 576 4733; x_wconf 91' lang='lat' dir='ltr'><strong>quia</strong></span> <span class='ocrx_word' id='word_1_486' title='bbox 610 4660 799 4715; x_wconf 91' lang='lat' dir='ltr'><strong>eadem</strong></span> <span class='ocrx_word' id='word_1_487' title='bbox 827 4660 968 4728; x_wconf 89' lang='lat' dir='ltr'><strong>passi</strong></span> <span class='ocrx_word' id='word_1_488' title='bbox 996 4658 1127 4713; x_wconf 90' lang='lat' dir='ltr'><strong>estis</strong></span> <span class='ocrx_word' id='word_1_489' title='bbox 1148 4665 1203 4712; x_wconf 89' lang='lat' dir='ltr'><strong>et</strong></span> <span class='ocrx_word' id='word_1_490' title='bbox 1225 4670 1321 4711; x_wconf 82' lang='lat' dir='ltr'><strong>vos</strong></span> <span class='ocrx_word' id='word_1_491' title='bbox 1353 4669 1381 4708; x_wconf 91' lang='lat' dir='ltr'><strong>a</strong></span> <span class='ocrx_word' id='word_1_492' title='bbox 1411 4653 1737 4709; x_wconf 88' lang='lat' dir='ltr'><strong>contribuli-</strong></span> 
     </span>
    </p>
   </div>
   <div class='ocr_carea' id='block_1_49' title="bbox 162 4744 1737 4839">
    <p class='ocr_par' dir='ltr' id='par_1_49' title="bbox 162 4744 1737 4839">
     <span class='ocr_line' id='line_1_55' title="bbox 162 4744 1737 4839; baseline -0.003 -37"><span class='ocrx_word' id='word_1_493' title='bbox 162 4747 252 4805; x_wconf 87' lang='lat' dir='ltr'><strong>bus</strong></span> <span class='ocrx_word' id='word_1_494' title='bbox 278 4755 495 4818; x_wconf 86' lang='lat' dir='ltr'><strong>vestris,</strong></span> <span class='ocrx_word' id='word_1_495' title='bbox 524 4752 671 4839; x_wconf 63' lang='lat' dir='ltr'><strong>sicpt</strong></span> <span class='ocrx_word' id='word_1_496' title='bbox 701 4760 751 4808; x_wconf 91' lang='lat' dir='ltr'><strong>et</strong></span> <span class='ocrx_word' id='word_1_497' title='bbox 782 4751 881 4821; x_wconf 91' lang='lat' dir='ltr'><strong>ipsi</strong></span> <span class='ocrx_word' id='word_1_498' title='bbox 911 4765 939 4804; x_wconf 89' lang='lat' dir='ltr'><strong>a</strong></span> <span class='ocrx_word' id='word_1_499' title='bbox 966 4748 1169 4804; x_wconf 83' lang='lat' dir='ltr'><strong>Judacis</strong></span> <span class='ocrx_word' id='word_1_500' title='bbox 1204 4766 1216 4801; x_wconf 93' lang='lat'>:</span> <span class='ocrx_word' id='word_1_501' title='bbox 1246 4747 1332 4816; x_wconf 90' lang='lat' dir='ltr'><strong>qui</strong></span> <span class='ocrx_word' id='word_1_502' title='bbox 1363 4754 1419 4801; x_wconf 89' lang='lat' dir='ltr'><strong>et</strong></span> <span class='ocrx_word' id='word_1_503' title='bbox 1450 4744 1737 4800; x_wconf 91' lang='lat' dir='ltr'><strong>Dominum</strong></span> 
     </span>
    </p>
   </div>
   <div class='ocr_carea' id='block_1_50' title="bbox 163 4837 1742 4915">
    <p class='ocr_par' dir='ltr' id='par_1_50' title="bbox 163 4837 1742 4915">
     <span class='ocr_line' id='line_1_56' title="bbox 163 4837 1742 4915; baseline -0.004 -17"><span class='ocrx_word' id='word_1_504' title='bbox 163 4844 463 4901; x_wconf 90' lang='lat' dir='ltr'><strong>occiderunt</strong></span> <span class='ocrx_word' id='word_1_505' title='bbox 508 4837 720 4915; x_wconf 82' lang='lat' dir='ltr'><strong>Jesum,</strong></span> <span class='ocrx_word' id='word_1_506' title='bbox 764 4853 821 4899; x_wconf 92' lang='lat' dir='ltr'><strong>et</strong></span> <span class='ocrx_word' id='word_1_507' title='bbox 870 4843 1185 4913; x_wconf 86' lang='lat' dir='ltr'><strong>prophetas,</strong></span> <span class='ocrx_word' id='word_1_508' title='bbox 1215 4850 1269 4896; x_wconf 94' lang='lat' dir='ltr'><strong>et</strong></span> <span class='ocrx_word' id='word_1_509' title='bbox 1321 4855 1421 4895; x_wconf 91' lang='lat' dir='ltr'><strong>nos</strong></span> <span class='ocrx_word' id='word_1_510' title='bbox 1467 4837 1742 4909; x_wconf 89' lang='lat' dir='ltr'><strong>persecuti</strong></span> 
     </span>
    </p>
   </div>
   <div class='ocr_carea' id='block_1_51' title="bbox 163 4930 1739 5009">
    <p class='ocr_par' dir='ltr' id='par_1_51' title="bbox 163 4930 1739 5009">
     <span class='ocr_line' id='line_1_57' title="bbox 163 4930 1739 5009; baseline -0.003 -21"><span class='ocrx_word' id='word_1_511' title='bbox 163 4946 296 5002; x_wconf 86' lang='lat' dir='ltr'><strong>sunt,</strong></span> <span class='ocrx_word' id='word_1_512' title='bbox 327 4947 380 4995; x_wconf 90' lang='lat' dir='ltr'><strong>et</strong></span> <span class='ocrx_word' id='word_1_513' title='bbox 411 4940 521 4995; x_wconf 90' lang='lat' dir='ltr'><strong>Deo</strong></span> <span class='ocrx_word' id='word_1_514' title='bbox 553 4954 656 4995; x_wconf 93' lang='lat' dir='ltr'><strong>non</strong></span> <span class='ocrx_word' id='word_1_515' title='bbox 683 4940 895 5009; x_wconf 90' lang='lat' dir='ltr'><strong>placent</strong></span> <span class='ocrx_word' id='word_1_516' title='bbox 918 4935 1048 5009; x_wconf 73' lang='grc' dir='ltr'><strong>[Μι.</strong></span> <span class='ocrx_word' id='word_1_517' title='bbox 1085 4930 1444 5005; x_wconf 87' lang='lat' dir='ltr'><strong>placuerunt],</strong></span> <span class='ocrx_word' id='word_1_518' title='bbox 1476 4940 1532 4988; x_wconf 92' lang='lat' dir='ltr'><strong>et</strong></span> <span class='ocrx_word' id='word_1_519' title='bbox 1559 4930 1739 4987; x_wconf 89' lang='lat' dir='ltr'><strong>omni-</strong></span> 
     </span>
    </p>
   </div>
   <div class='ocr_carea' id='block_1_52' title="bbox 164 5022 1732 5100">
    <p class='ocr_par' dir='ltr' id='par_1_52' title="bbox 164 5022 1732 5100">
     <span class='ocr_line' id='line_1_58' title="bbox 164 5022 1732 5100; baseline -0.005 -17"><span class='ocrx_word' id='word_1_520' title='bbox 164 5027 259 5086; x_wconf 90' lang='lat' dir='ltr'><strong>bus</strong></span> <span class='ocrx_word' id='word_1_521' title='bbox 284 5032 596 5088; x_wconf 89' lang='lat' dir='ltr'><strong>hominibus</strong></span> <span class='ocrx_word' id='word_1_522' title='bbox 621 5031 1005 5089; x_wconf 89' lang='lat' dir='ltr'><strong>adversantur:</strong></span> <span class='ocrx_word' id='word_1_523' title='bbox 1033 5026 1389 5100; x_wconf 88' lang='lat' dir='ltr'><strong>prohibentes</strong></span> <span class='ocrx_word' id='word_1_524' title='bbox 1425 5038 1527 5079; x_wconf 91' lang='lat' dir='ltr'><strong>nos</strong></span> <span class='ocrx_word' id='word_1_525' title='bbox 1556 5022 1732 5094; x_wconf 85' lang='lat' dir='ltr'><strong>genti-</strong></span> 
     </span>
    </p>
   </div>
   <div class='ocr_carea' id='block_1_53' title="bbox 165 5119 1744 5198">
    <p class='ocr_par' dir='ltr' id='par_1_53' title="bbox 165 5119 1744 5198">
     <span class='ocr_line' id='line_1_59' title="bbox 165 5119 1744 5198; baseline -0.006 -21"><span class='ocrx_word' id='word_1_526' title='bbox 165 5122 258 5179; x_wconf 88' lang='lat' dir='ltr'><strong>bus</strong></span> <span class='ocrx_word' id='word_1_527' title='bbox 300 5126 466 5198; x_wconf 89' lang='lat' dir='ltr'><strong>loqui,</strong></span> <span class='ocrx_word' id='word_1_528' title='bbox 510 5135 571 5181; x_wconf 88' lang='lat' dir='ltr'><strong>ut</strong></span> <span class='ocrx_word' id='word_1_529' title='bbox 618 5125 779 5181; x_wconf 72' lang='lat' dir='ltr'><strong>salvae</strong></span> <span class='ocrx_word' id='word_1_530' title='bbox 817 5125 970 5192; x_wconf 89' lang='lat' dir='ltr'><strong>ﬁant,</strong></span> <span class='ocrx_word' id='word_1_531' title='bbox 1004 5131 1065 5177; x_wconf 89' lang='lat' dir='ltr'><strong>ut</strong></span> <span class='ocrx_word' id='word_1_532' title='bbox 1106 5119 1365 5188; x_wconf 88' lang='lat' dir='ltr'><strong>impleant</strong></span> <span class='ocrx_word' id='word_1_533' title='bbox 1404 5124 1620 5187; x_wconf 91' lang='lat' dir='ltr'><strong>peccata</strong></span> <span class='ocrx_word' id='word_1_534' title='bbox 1645 5128 1744 5170; x_wconf 92' lang='lat' dir='ltr'><strong>sua</strong></span> 
     </span>
    </p>
   </div>
   <div class='ocr_carea' id='block_1_54' title="bbox 166 5207 1741 5289">
    <p class='ocr_par' dir='ltr' id='par_1_54' title="bbox 166 5207 1741 5289">
     <span class='ocr_line' id='line_1_60' title="bbox 166 5207 1741 5289; baseline -0.008 -17"><span class='ocrx_word' id='word_1_535' title='bbox 166 5229 406 5287; x_wconf 88' lang='lat' dir='ltr'><strong>semper:</strong></span> <span class='ocrx_word' id='word_1_536' title='bbox 442 5217 691 5289; x_wconf 89' lang='lat' dir='ltr'><strong>pervenit</strong></span> <span class='ocrx_word' id='word_1_537' title='bbox 731 5217 876 5272; x_wconf 90' lang='lat' dir='ltr'><strong>enim</strong></span> <span class='ocrx_word' id='word_1_538' title='bbox 920 5215 1000 5270; x_wconf 90' lang='lat' dir='ltr'><strong>ira</strong></span> <span class='ocrx_word' id='word_1_539' title='bbox 1040 5213 1133 5268; x_wconf 88' lang='lat' dir='ltr'><strong>Dei</strong></span> <span class='ocrx_word' id='word_1_540' title='bbox 1164 5225 1329 5282; x_wconf 88' lang='lat' dir='ltr'><strong>super</strong></span> <span class='ocrx_word' id='word_1_541' title='bbox 1353 5209 1473 5265; x_wconf 91' lang='lat' dir='ltr'><strong>illos</strong></span> <span class='ocrx_word' id='word_1_542' title='bbox 1493 5222 1664 5278; x_wconf 88' lang='lat' dir='ltr'><strong>usque</strong></span> <span class='ocrx_word' id='word_1_543' title='bbox 1688 5207 1741 5261; x_wconf 93' lang='lat' dir='ltr'><strong>in</strong></span> 
     </span>
    </p>
   </div>
   <div class='ocr_carea' id='block_1_55' title="bbox 168 5301 1745 5378">
    <p class='ocr_par' dir='ltr' id='par_1_55' title="bbox 168 5301 1745 5378">
     <span class='ocr_line' id='line_1_61' title="bbox 168 5301 1745 5378; baseline -0.006 -17"><span class='ocrx_word' id='word_1_544' title='bbox 168 5307 339 5365; x_wconf 88' lang='lat' dir='ltr'><strong>finem.</strong></span> <span class='ocrx_word' id='word_1_545' title='bbox 358 5311 465 5367; x_wconf 84' lang='lat' dir='ltr'><strong>Nos</strong></span> <span class='ocrx_word' id='word_1_546' title='bbox 495 5319 694 5378; x_wconf 89' lang='lat' dir='ltr'><strong>autem,</strong></span> <span class='ocrx_word' id='word_1_547' title='bbox 714 5309 929 5375; x_wconf 83' lang='lat' dir='ltr'><strong>fratres,</strong></span> <span class='ocrx_word' id='word_1_548' title='bbox 952 5306 1179 5363; x_wconf 87' lang='lat' dir='ltr'><strong>desolati</strong></span> <span class='ocrx_word' id='word_1_549' title='bbox 1211 5322 1239 5359; x_wconf 91' lang='lat' dir='ltr'><strong>a</strong></span> <span class='ocrx_word' id='word_1_550' title='bbox 1268 5303 1419 5359; x_wconf 86' lang='lat' dir='ltr'><strong>vobis</strong></span> <span class='ocrx_word' id='word_1_551' title='bbox 1446 5301 1511 5355; x_wconf 88' lang='lat' dir='ltr'><strong>ad</strong></span> <span class='ocrx_word' id='word_1_552' title='bbox 1534 5310 1745 5367; x_wconf 89' lang='lat' dir='ltr'><strong>tempus</strong></span> 
     </span>
    </p>
   </div>
   <div class='ocr_carea' id='block_1_56' title="bbox 172 5390 1744 5474">
    <p class='ocr_par' dir='ltr' id='par_1_56' title="bbox 172 5390 1744 5474">
     <span class='ocr_line' id='line_1_62' title="bbox 172 5390 1744 5474; baseline -0.008 -18"><span class='ocrx_word' id='word_1_553' title='bbox 172 5398 327 5465; x_wconf 69' lang='lat' dir='ltr'><strong>horae.</strong></span> <span class='ocrx_word' id='word_1_554' title='bbox 359 5411 600 5474; x_wconf 85' lang='lat' dir='ltr'><strong>aspectu,</strong></span> <span class='ocrx_word' id='word_1_555' title='bbox 625 5418 734 5458; x_wconf 94' lang='lat' dir='ltr'><strong>non</strong></span> <span class='ocrx_word' id='word_1_556' title='bbox 758 5401 945 5469; x_wconf 90' lang='lat' dir='ltr'><strong>corde,</strong></span> <span class='ocrx_word' id='word_1_557' title='bbox 974 5396 1335 5456; x_wconf 90' lang='lat' dir='ltr'><strong>abundantius</strong></span> <span class='ocrx_word' id='word_1_558' title='bbox 1365 5390 1744 5449; x_wconf 87' lang='lat' dir='ltr'><strong>festinavimus</strong></span> 
     </span>
    </p>
   </div>
   <div class='ocr_carea' id='block_1_57' title="bbox 171 5484 1747 5553">
    <p class='ocr_par' dir='ltr' id='par_1_57' title="bbox 171 5484 1747 5553">
     <span class='ocr_line' id='line_1_63' title="bbox 171 5484 1747 5553; baseline -0.005 -9"><span class='ocrx_word' id='word_1_559' title='bbox 171 5490 347 5550; x_wconf 86' lang='lat' dir='ltr'><strong>faciem</strong></span> <span class='ocrx_word' id='word_1_560' title='bbox 376 5504 613 5551; x_wconf 89' lang='lat' dir='ltr'><strong>vestram</strong></span> <span class='ocrx_word' id='word_1_561' title='bbox 659 5495 846 5551; x_wconf 90' lang='lat' dir='ltr'><strong>videre</strong></span> <span class='ocrx_word' id='word_1_562' title='bbox 889 5507 1011 5550; x_wconf 91' lang='lat' dir='ltr'><strong>cum</strong></span> <span class='ocrx_word' id='word_1_563' title='bbox 1057 5490 1231 5549; x_wconf 90' lang='lat' dir='ltr'><strong>multo</strong></span> <span class='ocrx_word' id='word_1_564' title='bbox 1268 5484 1542 5545; x_wconf 87' lang='lat' dir='ltr'><strong>desiderio</strong></span> <span class='ocrx_word' id='word_1_565' title='bbox 1574 5495 1747 5553; x_wconf 87' lang='lat' dir='ltr'><strong>:quo-</strong></span> 
     </span>
    </p>
   </div>
   <div class='ocr_carea' id='block_1_58' title="bbox 243 5682 1728 5755">
    <p class='ocr_par' dir='ltr' id='par_1_58' title="bbox 243 5682 1728 5755">
     <span class='ocr_line' id='line_1_64' title="bbox 243 5682 1728 5755; baseline -0.011 -2"><span class='ocrx_word' id='word_1_566' title='bbox 243 5702 266 5730; x_wconf 78' lang='grc'>⁸</span> <span class='ocrx_word' id='word_1_567' title='bbox 289 5696 546 5753; x_wconf 86' lang='lat' dir='ltr'><strong>Secundis</strong></span> <span class='ocrx_word' id='word_1_568' title='bbox 575 5702 719 5755; x_wconf 86' lang='lat' dir='ltr'><strong>curis</strong></span> <span class='ocrx_word' id='word_1_569' title='bbox 759 5697 971 5754; x_wconf 89' lang='lat' dir='ltr'><strong>additur</strong></span> <span class='ocrx_word' id='word_1_570' title='bbox 1017 5697 1071 5751; x_wconf 92' lang='lat' dir='ltr'><strong>in</strong></span> <span class='ocrx_word' id='word_1_571' title='bbox 1104 5694 1353 5749; x_wconf 87' lang='lat' dir='ltr'><strong>Palatino</strong></span> <span class='ocrx_word' id='word_1_572' title='bbox 1385 5703 1515 5754; x_wconf 91' lang='lat' dir='ltr'><strong>ms.,</strong></span> <span class='ocrx_word' id='word_1_573' title='bbox 1543 5682 1728 5751; x_wconf 84' lang='lat' dir='ltr'><strong>multa,</strong></span> 
     </span>
    </p>
   </div>
   <div class='ocr_carea' id='block_1_59' title="bbox 176 5766 1419 5839">
    <p class='ocr_par' dir='ltr' id='par_1_59' title="bbox 176 5766 1419 5839">
     <span class='ocr_line' id='line_1_65' title="bbox 176 5766 1419 5839; baseline -0.01 -11"><span class='ocrx_word' id='word_1_574' title='bbox 176 5779 287 5837; x_wconf 73' lang='lat' dir='ltr'><strong>quae</strong></span> <span class='ocrx_word' id='word_1_575' title='bbox 313 5782 415 5825; x_wconf 83' lang='lat' dir='ltr'><strong>vox</strong></span> <span class='ocrx_word' id='word_1_576' title='bbox 442 5778 621 5827; x_wconf 86' lang='lat' dir='ltr'><strong>tamen</strong></span> <span class='ocrx_word' id='word_1_577' title='bbox 645 5786 672 5826; x_wconf 89' lang='lat' dir='ltr'><strong>a</strong></span> <span class='ocrx_word' id='word_1_578' title='bbox 701 5770 889 5827; x_wconf 66' lang='lat' dir='ltr'><strong>Graeco</strong></span> <span class='ocrx_word' id='word_1_579' title='bbox 924 5770 1043 5839; x_wconf 89' lang='lat' dir='ltr'><strong>ipso</strong></span> <span class='ocrx_word' id='word_1_580' title='bbox 1067 5776 1213 5824; x_wconf 83' lang='lat' dir='ltr'><strong>textu</strong></span> <span class='ocrx_word' id='word_1_581' title='bbox 1246 5766 1419 5820; x_wconf 89' lang='lat' dir='ltr'><strong>abest.</strong></span> 
     </span>
    </p>
   </div>
   <div class='ocr_carea' id='block_1_60' title="bbox 1880 905 3397 998">
    <p class='ocr_par' dir='ltr' id='par_1_60' title="bbox 1880 905 3397 998">
     <span class='ocr_line' id='line_1_66' title="bbox 1880 905 3397 998; baseline -0.014 -19"><span class='ocrx_word' id='word_1_582' title='bbox 1880 926 2032 998; x_wconf 74' lang='grc' dir='ltr'><strong>[ϐαρ.</strong></span> <span class='ocrx_word' id='word_1_583' title='bbox 2062 922 2176 994; x_wconf 76' lang='lat' dir='ltr'><strong>III.)</strong></span> <span class='ocrx_word' id='word_1_584' title='bbox 2198 922 2424 991; x_wconf 85' lang='lat' dir='ltr'><strong>Propter</strong></span> <span class='ocrx_word' id='word_1_585' title='bbox 2444 916 2587 988; x_wconf 90' lang='lat' dir='ltr'><strong>qucd</strong></span> <span class='ocrx_word' id='word_1_586' title='bbox 2631 930 2738 970; x_wconf 88' lang='lat' dir='ltr'><strong>non</strong></span> <span class='ocrx_word' id='word_1_587' title='bbox 2782 912 3116 969; x_wconf 70' lang='lat' dir='ltr'><strong>sustinentes</strong></span> <span class='ocrx_word' id='word_1_588' title='bbox 3144 905 3397 976; x_wconf 87' lang='lat' dir='ltr'><strong>amplius,</strong></span> 
     </span>
    </p>
   </div>
   <div class='ocr_carea' id='block_1_61' title="bbox 1810 998 3405 1088">
    <p class='ocr_par' dir='ltr' id='par_1_61' title="bbox 1810 998 3405 1088">
     <span class='ocr_line' id='line_1_67' title="bbox 1810 998 3405 1088; baseline -0.014 -16"><span class='ocrx_word' id='word_1_589' title='bbox 1810 1017 2008 1088; x_wconf 89' lang='lat' dir='ltr'><strong>placuit</strong></span> <span class='ocrx_word' id='word_1_590' title='bbox 2052 1016 2210 1071; x_wconf 91' lang='lat' dir='ltr'><strong>nobis</strong></span> <span class='ocrx_word' id='word_1_591' title='bbox 2254 1025 2538 1068; x_wconf 90' lang='lat' dir='ltr'><strong>remanere</strong></span> <span class='ocrx_word' id='word_1_592' title='bbox 2576 1006 2824 1072; x_wconf 88' lang='lat' dir='ltr'><strong>Athenis,</strong></span> <span class='ocrx_word' id='word_1_593' title='bbox 2856 1004 2987 1058; x_wconf 91' lang='lat' dir='ltr'><strong>solis</strong></span> <span class='ocrx_word' id='word_1_594' title='bbox 3019 1020 3031 1055; x_wconf 89' lang='lat'>:</span> <span class='ocrx_word' id='word_1_595' title='bbox 3061 1010 3116 1057; x_wconf 87' lang='lat' dir='ltr'><strong>et</strong></span> <span class='ocrx_word' id='word_1_596' title='bbox 3160 998 3405 1053; x_wconf 90' lang='lat' dir='ltr'><strong>misimus</strong></span> 
     </span>
    </p>
   </div>
   <div class='ocr_carea' id='block_1_62' title="bbox 1810 1091 3403 1170">
    <p class='ocr_par' dir='ltr' id='par_1_62' title="bbox 1810 1091 3403 1170">
     <span class='ocr_line' id='line_1_68' title="bbox 1810 1091 3403 1170; baseline -0.015 0"><span class='ocrx_word' id='word_1_597' title='bbox 1810 1114 2156 1170; x_wconf 80' lang='lat' dir='ltr'><strong>Timotheum</strong></span> <span class='ocrx_word' id='word_1_598' title='bbox 2191 1111 2409 1165; x_wconf 88' lang='lat' dir='ltr'><strong>fratrem</strong></span> <span class='ocrx_word' id='word_1_599' title='bbox 2454 1114 2720 1163; x_wconf 87' lang='lat' dir='ltr'><strong>nostrum,</strong></span> <span class='ocrx_word' id='word_1_600' title='bbox 2749 1110 2802 1156; x_wconf 89' lang='lat' dir='ltr'><strong>et</strong></span> <span class='ocrx_word' id='word_1_601' title='bbox 2845 1099 3145 1154; x_wconf 89' lang='lat' dir='ltr'><strong>ministrum</strong></span> <span class='ocrx_word' id='word_1_602' title='bbox 3198 1093 3290 1150; x_wconf 86' lang='lat' dir='ltr'><strong>Dei</strong></span> <span class='ocrx_word' id='word_1_603' title='bbox 3349 1091 3403 1147; x_wconf 89' lang='lat' dir='ltr'><strong>in</strong></span> 
     </span>
    </p>
   </div>
   <div class='ocr_carea' id='block_1_63' title="bbox 1812 1186 3404 1279">
    <p class='ocr_par' dir='ltr' id='par_1_63' title="bbox 1812 1186 3404 1279">
     <span class='ocr_line' id='line_1_69' title="bbox 1812 1186 3404 1279; baseline -0.016 -14"><span class='ocrx_word' id='word_1_604' title='bbox 1812 1209 2104 1279; x_wconf 82' lang='lat' dir='ltr'><strong>Evangelio</strong></span> <span class='ocrx_word' id='word_1_605' title='bbox 2140 1205 2361 1268; x_wconf 85' lang='lat' dir='ltr'><strong>Christi,</strong></span> <span class='ocrx_word' id='word_1_606' title='bbox 2408 1202 2474 1256; x_wconf 90' lang='lat' dir='ltr'><strong>ad</strong></span> <span class='ocrx_word' id='word_1_607' title='bbox 2518 1194 2920 1254; x_wconf 89' lang='lat' dir='ltr'><strong>conﬁrmandos</strong></span> <span class='ocrx_word' id='word_1_608' title='bbox 2952 1207 3069 1255; x_wconf 87' lang='lat' dir='ltr'><strong>vos,</strong></span> <span class='ocrx_word' id='word_1_609' title='bbox 3103 1200 3157 1245; x_wconf 92' lang='lat' dir='ltr'><strong>et</strong></span> <span class='ocrx_word' id='word_1_610' title='bbox 3202 1186 3404 1242; x_wconf 65' lang='lat' dir='ltr'><strong>exhor-</strong></span> 
     </span>
    </p>
   </div>
   <div class='ocr_carea' id='block_1_64' title="bbox 1814 1277 3405 1370">
    <p class='ocr_par' dir='ltr' id='par_1_64' title="bbox 1814 1277 3405 1370">
     <span class='ocr_line' id='line_1_70' title="bbox 1814 1277 3405 1370; baseline -0.018 -12"><span class='ocrx_word' id='word_1_611' title='bbox 1814 1277 2007 1359; x_wconf 80' lang='lat' dir='ltr'><strong>tandus</strong></span> <span class='ocrx_word' id='word_1_612' title='bbox 2037 1314 2132 1370; x_wconf 91' lang='lat' dir='ltr'><strong>pro</strong></span> <span class='ocrx_word' id='word_1_613' title='bbox 2160 1297 2263 1352; x_wconf 84' lang='lat' dir='ltr'><strong>fide</strong></span> <span class='ocrx_word' id='word_1_614' title='bbox 2288 1303 2465 1351; x_wconf 80' lang='lat' dir='ltr'><strong>vestra</strong></span> <span class='ocrx_word' id='word_1_615' title='bbox 2501 1309 2514 1346; x_wconf 92' lang='lat'>:</span> <span class='ocrx_word' id='word_1_616' title='bbox 2547 1299 2603 1345; x_wconf 90' lang='lat' dir='ltr'><strong>ut</strong></span> <span class='ocrx_word' id='word_1_617' title='bbox 2641 1303 2801 1345; x_wconf 91' lang='lat' dir='ltr'><strong>nemo</strong></span> <span class='ocrx_word' id='word_1_618' title='bbox 2833 1292 3113 1341; x_wconf 87' lang='lat' dir='ltr'><strong>moveatur</strong></span> <span class='ocrx_word' id='word_1_619' title='bbox 3145 1280 3198 1335; x_wconf 92' lang='lat' dir='ltr'><strong>in</strong></span> <span class='ocrx_word' id='word_1_620' title='bbox 3229 1277 3405 1333; x_wconf 88' lang='lat' dir='ltr'><strong>tribu-</strong></span> 
     </span>
    </p>
   </div>
   <div class='ocr_carea' id='block_1_65' title="bbox 1814 1371 3401 1459">
    <p class='ocr_par' dir='ltr' id='par_1_65' title="bbox 1814 1371 3401 1459">
     <span class='ocr_line' id='line_1_71' title="bbox 1814 1371 3401 1459; baseline -0.017 -8"><span class='ocrx_word' id='word_1_621' title='bbox 1814 1395 2108 1451; x_wconf 86' lang='lat' dir='ltr'><strong>lationibus</strong></span> <span class='ocrx_word' id='word_1_622' title='bbox 2156 1391 2273 1445; x_wconf 90' lang='lat' dir='ltr'><strong>istis</strong></span> <span class='ocrx_word' id='word_1_623' title='bbox 2307 1405 2322 1444; x_wconf 88' lang='lat'>:</span> <span class='ocrx_word' id='word_1_624' title='bbox 2356 1387 2455 1459; x_wconf 91' lang='lat' dir='ltr'><strong>ipsi</strong></span> <span class='ocrx_word' id='word_1_625' title='bbox 2484 1386 2628 1442; x_wconf 91' lang='lat' dir='ltr'><strong>enim</strong></span> <span class='ocrx_word' id='word_1_626' title='bbox 2673 1382 2821 1438; x_wconf 90' lang='lat' dir='ltr'><strong>scitis</strong></span> <span class='ocrx_word' id='word_1_627' title='bbox 2853 1377 2996 1449; x_wconf 91' lang='lat' dir='ltr'><strong>quod</strong></span> <span class='ocrx_word' id='word_1_628' title='bbox 3028 1376 3079 1430; x_wconf 92' lang='lat' dir='ltr'><strong>in</strong></span> <span class='ocrx_word' id='word_1_629' title='bbox 3113 1374 3215 1429; x_wconf 90' lang='lat' dir='ltr'><strong>hoc</strong></span> <span class='ocrx_word' id='word_1_630' title='bbox 3241 1371 3401 1443; x_wconf 87' lang='lat' dir='ltr'><strong>positi</strong></span> 
     </span>
    </p>
   </div>
   <div class='ocr_carea' id='block_1_66' title="bbox 1816 1465 3405 1550">
    <p class='ocr_par' dir='ltr' id='par_1_66' title="bbox 1816 1465 3405 1550">
     <span class='ocr_line' id='line_1_72' title="bbox 1816 1465 3405 1550; baseline -0.016 -6"><span class='ocrx_word' id='word_1_631' title='bbox 1816 1503 2022 1545; x_wconf 91' lang='lat' dir='ltr'><strong>sumus.</strong></span> <span class='ocrx_word' id='word_1_632' title='bbox 2071 1485 2204 1541; x_wconf 82' lang='lat' dir='ltr'><strong>Nam</strong></span> <span class='ocrx_word' id='word_1_633' title='bbox 2235 1495 2289 1539; x_wconf 88' lang='lat' dir='ltr'><strong>et</strong></span> <span class='ocrx_word' id='word_1_634' title='bbox 2316 1497 2437 1537; x_wconf 93' lang='lat' dir='ltr'><strong>cum</strong></span> <span class='ocrx_word' id='word_1_635' title='bbox 2466 1480 2606 1550; x_wconf 83' lang='lat' dir='ltr'><strong>apud</strong></span> <span class='ocrx_word' id='word_1_636' title='bbox 2639 1491 2738 1531; x_wconf 92' lang='lat' dir='ltr'><strong>vos</strong></span> <span class='ocrx_word' id='word_1_637' title='bbox 2765 1488 3031 1537; x_wconf 90' lang='lat' dir='ltr'><strong>essemus,</strong></span> <span class='ocrx_word' id='word_1_638' title='bbox 3066 1465 3405 1540; x_wconf 72' lang='lat' dir='ltr'><strong>praediceba-</strong></span> 
     </span>
    </p>
   </div>
   <div class='ocr_carea' id='block_1_67' title="bbox 1817 1558 3405 1647">
    <p class='ocr_par' dir='ltr' id='par_1_67' title="bbox 1817 1558 3405 1647">
     <span class='ocr_line' id='line_1_73' title="bbox 1817 1558 3405 1647; baseline -0.017 -10"><span class='ocrx_word' id='word_1_639' title='bbox 1817 1597 1938 1637; x_wconf 92' lang='lat' dir='ltr'><strong>mus</strong></span> <span class='ocrx_word' id='word_1_640' title='bbox 1958 1578 2111 1635; x_wconf 88' lang='lat' dir='ltr'><strong>vobis</strong></span> <span class='ocrx_word' id='word_1_641' title='bbox 2131 1588 2386 1647; x_wconf 82' lang='lat' dir='ltr'><strong>passuros</strong></span> <span class='ocrx_word' id='word_1_642' title='bbox 2415 1588 2512 1627; x_wconf 90' lang='lat' dir='ltr'><strong>nos</strong></span> <span class='ocrx_word' id='word_1_643' title='bbox 2535 1567 2929 1630; x_wconf 85' lang='lat' dir='ltr'><strong>tribulationes,</strong></span> <span class='ocrx_word' id='word_1_644' title='bbox 2954 1563 3094 1617; x_wconf 90' lang='lat' dir='ltr'><strong>sicut</strong></span> <span class='ocrx_word' id='word_1_645' title='bbox 3121 1568 3175 1614; x_wconf 87' lang='lat' dir='ltr'><strong>et</strong></span> <span class='ocrx_word' id='word_1_646' title='bbox 3204 1558 3405 1613; x_wconf 88' lang='lat' dir='ltr'><strong>factum</strong></span> 
     </span>
    </p>
   </div>
   <div class='ocr_carea' id='block_1_68' title="bbox 1819 1650 3413 1741">
    <p class='ocr_par' dir='ltr' id='par_1_68' title="bbox 1819 1650 3413 1741">
     <span class='ocr_line' id='line_1_74' title="bbox 1819 1650 3413 1741; baseline -0.016 -11"><span class='ocrx_word' id='word_1_647' title='bbox 1819 1689 1922 1741; x_wconf 91' lang='lat' dir='ltr'><strong>est,</strong></span> <span class='ocrx_word' id='word_1_648' title='bbox 1954 1681 2009 1728; x_wconf 90' lang='lat' dir='ltr'><strong>et</strong></span> <span class='ocrx_word' id='word_1_649' title='bbox 2054 1668 2229 1726; x_wconf 90' lang='lat' dir='ltr'><strong>scitis.</strong></span> <span class='ocrx_word' id='word_1_650' title='bbox 2275 1667 2568 1737; x_wconf 84' lang='lat' dir='ltr'><strong>Propterea</strong></span> <span class='ocrx_word' id='word_1_651' title='bbox 2597 1673 2652 1718; x_wconf 92' lang='lat' dir='ltr'><strong>et</strong></span> <span class='ocrx_word' id='word_1_652' title='bbox 2692 1675 2791 1731; x_wconf 85' lang='lat' dir='ltr'><strong>ego</strong></span> <span class='ocrx_word' id='word_1_653' title='bbox 2842 1657 3078 1728; x_wconf 87' lang='lat' dir='ltr'><strong>amplius</strong></span> <span class='ocrx_word' id='word_1_654' title='bbox 3109 1668 3215 1709; x_wconf 94' lang='lat' dir='ltr'><strong>uon</strong></span> <span class='ocrx_word' id='word_1_655' title='bbox 3247 1650 3413 1708; x_wconf 79' lang='lat' dir='ltr'><strong>susti-</strong></span> 
     </span>
    </p>
   </div>
   <div class='ocr_carea' id='block_1_69' title="bbox 1745 1742 3413 1829">
    <p class='ocr_par' dir='ltr' id='par_1_69' title="bbox 1745 1742 3413 1829">
     <span class='ocr_line' id='line_1_75' title="bbox 1745 1742 3413 1829; baseline -0.011 -12"><span class='ocrx_word' id='word_1_656' title='bbox 1745 1758 1793 1817; x_wconf 91' lang='lat' dir='ltr'><strong>B</strong></span> <span class='ocrx_word' id='word_1_657' title='bbox 1822 1781 1978 1829; x_wconf 90' lang='lat' dir='ltr'><strong>nens,</strong></span> <span class='ocrx_word' id='word_1_658' title='bbox 1997 1762 2120 1818; x_wconf 90' lang='lat' dir='ltr'><strong>misi</strong></span> <span class='ocrx_word' id='word_1_659' title='bbox 2147 1761 2211 1815; x_wconf 91' lang='lat' dir='ltr'><strong>ad</strong></span> <span class='ocrx_word' id='word_1_660' title='bbox 2235 1754 2665 1829; x_wconf 88' lang='lat' dir='ltr'><strong>cognoscendam</strong></span> <span class='ocrx_word' id='word_1_661' title='bbox 2691 1753 2851 1808; x_wconf 89' lang='lat' dir='ltr'><strong>ﬁdem</strong></span> <span class='ocrx_word' id='word_1_662' title='bbox 2880 1759 3116 1805; x_wconf 89' lang='lat' dir='ltr'><strong>vestram</strong></span> <span class='ocrx_word' id='word_1_663' title='bbox 3141 1763 3156 1801; x_wconf 93' lang='lat'><strong>:</strong></span> <span class='ocrx_word' id='word_1_664' title='bbox 3185 1761 3253 1801; x_wconf 92' lang='lat' dir='ltr'><strong>ne</strong></span> <span class='ocrx_word' id='word_1_665' title='bbox 3271 1742 3413 1800; x_wconf 85' lang='lat' dir='ltr'><strong>forte</strong></span> 
     </span>
    </p>
   </div>
   <div class='ocr_carea' id='block_1_70' title="bbox 1824 1836 3412 1922">
    <p class='ocr_par' dir='ltr' id='par_1_70' title="bbox 1824 1836 3412 1922">
     <span class='ocr_line' id='line_1_76' title="bbox 1824 1836 3412 1922; baseline -0.016 -7"><span class='ocrx_word' id='word_1_666' title='bbox 1824 1857 2120 1915; x_wconf 84' lang='lat' dir='ltr'><strong>tentaverit</strong></span> <span class='ocrx_word' id='word_1_667' title='bbox 2164 1867 2260 1909; x_wconf 90' lang='lat' dir='ltr'><strong>vos</strong></span> <span class='ocrx_word' id='word_1_668' title='bbox 2307 1852 2374 1916; x_wconf 88' lang='lat' dir='ltr'><strong>is,</strong></span> <span class='ocrx_word' id='word_1_669' title='bbox 2398 1850 2491 1922; x_wconf 92' lang='lat' dir='ltr'><strong>qui</strong></span> <span class='ocrx_word' id='word_1_670' title='bbox 2545 1855 2735 1913; x_wconf 90' lang='lat' dir='ltr'><strong>tentat,</strong></span> <span class='ocrx_word' id='word_1_671' title='bbox 2774 1854 2828 1900; x_wconf 91' lang='lat' dir='ltr'><strong>et</strong></span> <span class='ocrx_word' id='word_1_672' title='bbox 2884 1842 3057 1897; x_wconf 90' lang='lat' dir='ltr'><strong>inanis</strong></span> <span class='ocrx_word' id='word_1_673' title='bbox 3118 1840 3212 1893; x_wconf 87' lang='lat' dir='ltr'><strong>ﬁat</strong></span> <span class='ocrx_word' id='word_1_674' title='bbox 3261 1836 3412 1891; x_wconf 88' lang='lat' dir='ltr'><strong>labor</strong></span> 
     </span>
    </p>
   </div>
   <div class='ocr_carea' id='block_1_71' title="bbox 1823 1932 3404 2010">
    <p class='ocr_par' dir='ltr' id='par_1_71' title="bbox 1823 1932 3404 2010">
     <span class='ocr_line' id='line_1_77' title="bbox 1823 1932 3404 2010; baseline -0.017 0"><span class='ocrx_word' id='word_1_675' title='bbox 1823 1963 2031 2010; x_wconf 86' lang='lat' dir='ltr'><strong>noster.</strong></span> <span class='ocrx_word' id='word_1_676' title='bbox 2070 1950 2222 2006; x_wconf 87' lang='lat' dir='ltr'><strong>Nunc</strong></span> <span class='ocrx_word' id='word_1_677' title='bbox 2263 1955 2443 2002; x_wconf 89' lang='lat' dir='ltr'><strong>autem</strong></span> <span class='ocrx_word' id='word_1_678' title='bbox 2490 1942 2743 1998; x_wconf 89' lang='lat' dir='ltr'><strong>veniente</strong></span> <span class='ocrx_word' id='word_1_679' title='bbox 2786 1936 3075 1993; x_wconf 84' lang='lat' dir='ltr'><strong>Timotheo</strong></span> <span class='ocrx_word' id='word_1_680' title='bbox 3109 1932 3178 1988; x_wconf 91' lang='lat' dir='ltr'><strong>ad</strong></span> <span class='ocrx_word' id='word_1_681' title='bbox 3227 1944 3326 1987; x_wconf 89' lang='lat' dir='ltr'><strong>nos</strong></span> <span class='ocrx_word' id='word_1_682' title='bbox 3372 1944 3404 1983; x_wconf 90' lang='lat' dir='ltr'><strong>a</strong></span> 
     </span>
    </p>
   </div>
   <div class='ocr_carea' id='block_1_72' title="bbox 1824 2028 3415 2110">
    <p class='ocr_par' dir='ltr' id='par_1_72' title="bbox 1824 2028 3415 2110">
     <span class='ocr_line' id='line_1_78' title="bbox 1824 2028 3415 2110; baseline -0.014 -10"><span class='ocrx_word' id='word_1_683' title='bbox 1824 2045 1997 2110; x_wconf 86' lang='lat' dir='ltr'><strong>vobis,</strong></span> <span class='ocrx_word' id='word_1_684' title='bbox 2029 2052 2079 2100; x_wconf 88' lang='lat' dir='ltr'><strong>et</strong></span> <span class='ocrx_word' id='word_1_685' title='bbox 2112 2042 2466 2096; x_wconf 84' lang='lat' dir='ltr'><strong>annuntiante</strong></span> <span class='ocrx_word' id='word_1_686' title='bbox 2490 2035 2649 2091; x_wconf 86' lang='lat' dir='ltr'><strong>nobis</strong></span> <span class='ocrx_word' id='word_1_687' title='bbox 2682 2032 2837 2087; x_wconf 89' lang='lat' dir='ltr'><strong>ﬁdem</strong></span> <span class='ocrx_word' id='word_1_688' title='bbox 2864 2038 2919 2086; x_wconf 89' lang='lat' dir='ltr'><strong>et</strong></span> <span class='ocrx_word' id='word_1_689' title='bbox 2938 2028 3258 2085; x_wconf 85' lang='lat' dir='ltr'><strong>charitatem</strong></span> <span class='ocrx_word' id='word_1_690' title='bbox 3289 2036 3415 2078; x_wconf 81' lang='lat' dir='ltr'><strong>ves-</strong></span> 
     </span>
    </p>
   </div>
   <div class='ocr_carea' id='block_1_73' title="bbox 1826 2124 3421 2206">
    <p class='ocr_par' dir='ltr' id='par_1_73' title="bbox 1826 2124 3421 2206">
     <span class='ocr_line' id='line_1_79' title="bbox 1826 2124 3421 2206; baseline -0.014 -10"><span class='ocrx_word' id='word_1_691' title='bbox 1826 2149 1986 2206; x_wconf 90' lang='lat' dir='ltr'><strong>tram,</strong></span> <span class='ocrx_word' id='word_1_692' title='bbox 2010 2147 2067 2194; x_wconf 90' lang='lat' dir='ltr'><strong>et</strong></span> <span class='ocrx_word' id='word_1_693' title='bbox 2102 2136 2225 2206; x_wconf 88' lang='lat' dir='ltr'><strong>quia</strong></span> <span class='ocrx_word' id='word_1_694' title='bbox 2254 2132 2575 2188; x_wconf 88' lang='lat' dir='ltr'><strong>memoriam</strong></span> <span class='ocrx_word' id='word_1_695' title='bbox 2610 2127 2779 2183; x_wconf 88' lang='lat' dir='ltr'><strong>nostri</strong></span> <span class='ocrx_word' id='word_1_696' title='bbox 2809 2124 3024 2179; x_wconf 88' lang='lat' dir='ltr'><strong>habetis</strong></span> <span class='ocrx_word' id='word_1_697' title='bbox 3050 2125 3247 2177; x_wconf 83' lang='lat' dir='ltr'><strong>bon’am</strong></span> <span class='ocrx_word' id='word_1_698' title='bbox 3275 2133 3421 2174; x_wconf 88' lang='lat' dir='ltr'><strong>sem-</strong></span> 
     </span>
    </p>
   </div>
   <div class='ocr_carea' id='block_1_74' title="bbox 1826 2219 3418 2303">
    <p class='ocr_par' dir='ltr' id='par_1_74' title="bbox 1826 2219 3418 2303">
     <span class='ocr_line' id='line_1_80' title="bbox 1826 2219 3418 2303; baseline -0.014 -16"><span class='ocrx_word' id='word_1_699' title='bbox 1826 2248 1943 2303; x_wconf 90' lang='lat' dir='ltr'><strong>per,</strong></span> <span class='ocrx_word' id='word_1_700' title='bbox 1974 2228 2347 2284; x_wconf 90' lang='lat' dir='ltr'><strong>desiderantes</strong></span> <span class='ocrx_word' id='word_1_701' title='bbox 2396 2238 2493 2279; x_wconf 90' lang='lat' dir='ltr'><strong>nos</strong></span> <span class='ocrx_word' id='word_1_702' title='bbox 2541 2222 2745 2285; x_wconf 89' lang='lat' dir='ltr'><strong>videre,</strong></span> <span class='ocrx_word' id='word_1_703' title='bbox 2783 2219 2926 2275; x_wconf 90' lang='lat' dir='ltr'><strong>sicut</strong></span> <span class='ocrx_word' id='word_1_704' title='bbox 2953 2227 3007 2272; x_wconf 91' lang='lat' dir='ltr'><strong>et</strong></span> <span class='ocrx_word' id='word_1_705' title='bbox 3046 2231 3145 2270; x_wconf 83' lang='lat' dir='ltr'><strong>nos</strong></span> <span class='ocrx_word' id='word_1_706' title='bbox 3201 2224 3418 2284; x_wconf 90' lang='lat' dir='ltr'><strong>quoque</strong></span> 
     </span>
    </p>
   </div>
   <div class='ocr_carea' id='block_1_75' title="bbox 1827 2300 3418 2377">
    <p class='ocr_par' dir='ltr' id='par_1_75' title="bbox 1827 2300 3418 2377">
     <span class='ocr_line' id='line_1_81' title="bbox 1827 2300 3418 2377; baseline -0.014 0"><span class='ocrx_word' id='word_1_707' title='bbox 1827 2338 1962 2377; x_wconf 88' lang='lat' dir='ltr'><strong>vos:</strong></span> <span class='ocrx_word' id='word_1_708' title='bbox 1990 2321 2115 2375; x_wconf 87' lang='lat' dir='ltr'><strong>ideo</strong></span> <span class='ocrx_word' id='word_1_709' title='bbox 2145 2316 2409 2373; x_wconf 64' lang='lat' dir='ltr'><strong>constilati</strong></span> <span class='ocrx_word' id='word_1_710' title='bbox 2442 2309 2883 2376; x_wconf 86' lang='lat' dir='ltr'><strong>sumus,fratres,</strong></span> <span class='ocrx_word' id='word_1_711' title='bbox 2907 2309 2960 2363; x_wconf 93' lang='lat' dir='ltr'><strong>in</strong></span> <span class='ocrx_word' id='word_1_712' title='bbox 2986 2306 3164 2373; x_wconf 90' lang='lat' dir='ltr'><strong>vobis,</strong></span> <span class='ocrx_word' id='word_1_713' title='bbox 3187 2305 3241 2358; x_wconf 92' lang='lat' dir='ltr'><strong>in</strong></span> <span class='ocrx_word' id='word_1_714' title='bbox 3272 2300 3418 2357; x_wconf 92' lang='lat' dir='ltr'><strong>omni</strong></span> 
     </span>
    </p>
   </div>
   <div class='ocr_carea' id='block_1_76' title="bbox 1829 2399 3415 2473">
    <p class='ocr_par' dir='ltr' id='par_1_76' title="bbox 1829 2399 3415 2473">
     <span class='ocr_line' id='line_1_82' title="bbox 1829 2399 3415 2473; baseline -0.016 -1"><span class='ocrx_word' id='word_1_715' title='bbox 1829 2415 2154 2473; x_wconf 84' lang='lat' dir='ltr'><strong>necessitate</strong></span> <span class='ocrx_word' id='word_1_716' title='bbox 2177 2422 2231 2467; x_wconf 92' lang='lat' dir='ltr'><strong>et</strong></span> <span class='ocrx_word' id='word_1_717' title='bbox 2262 2408 2610 2465; x_wconf 85' lang='lat' dir='ltr'><strong>tribulatione</strong></span> <span class='ocrx_word' id='word_1_718' title='bbox 2629 2413 2832 2468; x_wconf 88' lang='lat' dir='ltr'><strong>nostra,</strong></span> <span class='ocrx_word' id='word_1_719' title='bbox 2852 2416 2945 2472; x_wconf 92' lang='lat' dir='ltr'><strong>per</strong></span> <span class='ocrx_word' id='word_1_720' title='bbox 2968 2399 3129 2454; x_wconf 83' lang='lat' dir='ltr'><strong>fidem</strong></span> <span class='ocrx_word' id='word_1_721' title='bbox 3157 2404 3415 2460; x_wconf 85' lang='lat' dir='ltr'><strong>vestram,</strong></span> 
     </span>
    </p>
   </div>
   <div class='ocr_carea' id='block_1_77' title="bbox 1830 2486 3422 2578">
    <p class='ocr_par' dir='ltr' id='par_1_77' title="bbox 1830 2486 3422 2578">
     <span class='ocr_line' id='line_1_83' title="bbox 1830 2486 3422 2578; baseline -0.013 -15"><span class='ocrx_word' id='word_1_722' title='bbox 1830 2509 2085 2578; x_wconf 87' lang='lat' dir='ltr'><strong>quoniam</strong></span> <span class='ocrx_word' id='word_1_723' title='bbox 2148 2520 2292 2559; x_wconf 91' lang='lat' dir='ltr'><strong>nunc</strong></span> <span class='ocrx_word' id='word_1_724' title='bbox 2345 2501 2599 2561; x_wconf 89' lang='lat' dir='ltr'><strong>vivimus,</strong></span> <span class='ocrx_word' id='word_1_725' title='bbox 2632 2497 2676 2551; x_wconf 87' lang='lat' dir='ltr'><strong>si</strong></span> <span class='ocrx_word' id='word_1_726' title='bbox 2708 2509 2804 2550; x_wconf 90' lang='lat' dir='ltr'><strong>vos</strong></span> <span class='ocrx_word' id='word_1_727' title='bbox 2860 2493 3016 2547; x_wconf 86' lang='lat' dir='ltr'><strong>statis</strong></span> <span class='ocrx_word' id='word_1_728' title='bbox 3071 2490 3126 2545; x_wconf 92' lang='lat' dir='ltr'><strong>in</strong></span> <span class='ocrx_word' id='word_1_729' title='bbox 3168 2486 3422 2543; x_wconf 86' lang='lat' dir='ltr'><strong>Domino.</strong></span> 
     </span>
    </p>
   </div>
   <div class='ocr_carea' id='block_1_78' title="bbox 1830 2580 3424 2670">
    <p class='ocr_par' dir='ltr' id='par_1_78' title="bbox 1830 2580 3424 2670">
     <span class='ocr_line' id='line_1_84' title="bbox 1830 2580 3424 2670; baseline -0.016 -13"><span class='ocrx_word' id='word_1_730' title='bbox 1830 2605 2001 2670; x_wconf 86' lang='lat' dir='ltr'><strong>Quam</strong></span> <span class='ocrx_word' id='word_1_731' title='bbox 2033 2600 2175 2654; x_wconf 90' lang='lat' dir='ltr'><strong>enim</strong></span> <span class='ocrx_word' id='word_1_732' title='bbox 2218 2596 2512 2667; x_wconf 81' lang='lat' dir='ltr'><strong>gratiarum</strong></span> <span class='ocrx_word' id='word_1_733' title='bbox 2554 2590 2824 2645; x_wconf 86' lang='lat' dir='ltr'><strong>actionem</strong></span> <span class='ocrx_word' id='word_1_734' title='bbox 2862 2596 3152 2654; x_wconf 89' lang='lat' dir='ltr'><strong>possumus</strong></span> <span class='ocrx_word' id='word_1_735' title='bbox 3191 2580 3305 2634; x_wconf 90' lang='lat' dir='ltr'><strong>Deo</strong></span> <span class='ocrx_word' id='word_1_736' title='bbox 3338 2593 3424 2633; x_wconf 89' lang='lat' dir='ltr'><strong>re-</strong></span> 
     </span>
    </p>
   </div>
   <div class='ocr_carea' id='block_1_79' title="bbox 1833 2672 3417 2761">
    <p class='ocr_par' dir='ltr' id='par_1_79' title="bbox 1833 2672 3417 2761">
     <span class='ocr_line' id='line_1_85' title="bbox 1833 2672 3417 2761; baseline -0.015 -12"><span class='ocrx_word' id='word_1_737' title='bbox 1833 2695 2074 2749; x_wconf 85' lang='lat' dir='ltr'><strong>tribuere</strong></span> <span class='ocrx_word' id='word_1_738' title='bbox 2116 2704 2214 2761; x_wconf 88' lang='lat' dir='ltr'><strong>pro</strong></span> <span class='ocrx_word' id='word_1_739' title='bbox 2258 2686 2432 2754; x_wconf 88' lang='lat' dir='ltr'><strong>vobis,</strong></span> <span class='ocrx_word' id='word_1_740' title='bbox 2465 2687 2519 2738; x_wconf 91' lang='lat' dir='ltr'><strong>iu</strong></span> <span class='ocrx_word' id='word_1_741' title='bbox 2555 2682 2700 2736; x_wconf 92' lang='lat' dir='ltr'><strong>omni</strong></span> <span class='ocrx_word' id='word_1_742' title='bbox 2732 2677 2949 2749; x_wconf 90' lang='lat' dir='ltr'><strong>gaudio,</strong></span> <span class='ocrx_word' id='word_1_743' title='bbox 2982 2690 3089 2745; x_wconf 88' lang='lat' dir='ltr'><strong>quo</strong></span> <span class='ocrx_word' id='word_1_744' title='bbox 3118 2672 3417 2744; x_wconf 87' lang='lat' dir='ltr'><strong>gaudemus</strong></span> 
     </span>
    </p>
   </div>
   <div class='ocr_carea' id='block_1_80' title="bbox 1834 2765 3428 2858">
    <p class='ocr_par' dir='ltr' id='par_1_80' title="bbox 1834 2765 3428 2858">
     <span class='ocr_line' id='line_1_86' title="bbox 1834 2765 3428 2858; baseline -0.015 -16"><span class='ocrx_word' id='word_1_745' title='bbox 1834 2793 2053 2858; x_wconf 90' lang='lat' dir='ltr'><strong>propter</strong></span> <span class='ocrx_word' id='word_1_746' title='bbox 2080 2798 2177 2838; x_wconf 90' lang='lat' dir='ltr'><strong>vos</strong></span> <span class='ocrx_word' id='word_1_747' title='bbox 2205 2791 2330 2837; x_wconf 88' lang='lat' dir='ltr'><strong>ante</strong></span> <span class='ocrx_word' id='word_1_748' title='bbox 2363 2780 2531 2834; x_wconf 90' lang='lat' dir='ltr'><strong>Deum</strong></span> <span class='ocrx_word' id='word_1_749' title='bbox 2565 2784 2828 2839; x_wconf 91' lang='lat' dir='ltr'><strong>nostrum,</strong></span> <span class='ocrx_word' id='word_1_750' title='bbox 2866 2776 3026 2825; x_wconf 92' lang='lat' dir='ltr'><strong>nocte</strong></span> <span class='ocrx_word' id='word_1_751' title='bbox 3054 2783 3121 2823; x_wconf 89' lang='lat' dir='ltr'><strong>ac</strong></span> <span class='ocrx_word' id='word_1_752' title='bbox 3141 2766 3229 2821; x_wconf 90' lang='lat' dir='ltr'><strong>die</strong></span> <span class='ocrx_word' id='word_1_753' title='bbox 3255 2765 3428 2819; x_wconf 86' lang='lat' dir='ltr'><strong>abuu-</strong></span> 
     </span>
    </p>
   </div>
   <div class='ocr_carea' id='block_1_81' title="bbox 1834 2863 3428 2939">
    <p class='ocr_par' dir='ltr' id='par_1_81' title="bbox 1834 2863 3428 2939">
     <span class='ocr_line' id='line_1_87' title="bbox 1834 2863 3428 2939; baseline -0.016 -2"><span class='ocrx_word' id='word_1_754' title='bbox 1834 2880 2051 2937; x_wconf 85' lang='lat' dir='ltr'><strong>dantius</strong></span> <span class='ocrx_word' id='word_1_755' title='bbox 2109 2885 2348 2939; x_wconf 90' lang='lat' dir='ltr'><strong>orantes,</strong></span> <span class='ocrx_word' id='word_1_756' title='bbox 2394 2882 2451 2926; x_wconf 92' lang='lat' dir='ltr'><strong>ut</strong></span> <span class='ocrx_word' id='word_1_757' title='bbox 2496 2868 2781 2924; x_wconf 87' lang='lat' dir='ltr'><strong>videamus</strong></span> <span class='ocrx_word' id='word_1_758' title='bbox 2830 2863 3027 2919; x_wconf 85' lang='lat' dir='ltr'><strong>faciem</strong></span> <span class='ocrx_word' id='word_1_759' title='bbox 3075 2866 3333 2923; x_wconf 88' lang='lat' dir='ltr'><strong>vestram,</strong></span> <span class='ocrx_word' id='word_1_760' title='bbox 3372 2866 3428 2912; x_wconf 89' lang='lat' dir='ltr'><strong>et</strong></span> 
     </span>
    </p>
   </div>
   <div class='ocr_carea' id='block_1_82' title="bbox 1836 2953 3430 3041">
    <p class='ocr_par' dir='ltr' id='par_1_82' title="bbox 1836 2953 3430 3041">
     <span class='ocr_line' id='line_1_88' title="bbox 1836 2953 3430 3041; baseline -0.016 -12"><span class='ocrx_word' id='word_1_761' title='bbox 1836 2973 2206 3041; x_wconf 87' lang='lat' dir='ltr'><strong>compleamus</strong></span> <span class='ocrx_word' id='word_1_762' title='bbox 2233 2983 2298 3025; x_wconf 84' lang='lat' dir='ltr'><strong>ea</strong></span> <span class='ocrx_word' id='word_1_763' title='bbox 2329 2982 2447 3037; x_wconf 75' lang='lat' dir='ltr'><strong>(pne</strong></span> <span class='ocrx_word' id='word_1_764' title='bbox 2493 2964 2689 3018; x_wconf 87' lang='lat' dir='ltr'><strong>desunt</strong></span> <span class='ocrx_word' id='word_1_765' title='bbox 2727 2959 2852 3015; x_wconf 87' lang='lat' dir='ltr'><strong>ﬁdei</strong></span> <span class='ocrx_word' id='word_1_766' title='bbox 2906 2954 3136 3012; x_wconf 62' lang='lat' dir='ltr'><strong>vestrae?</strong></span> <span class='ocrx_word' id='word_1_767' title='bbox 3167 2953 3289 3023; x_wconf 85' lang='lat' dir='ltr'><strong>Ipse</strong></span> <span class='ocrx_word' id='word_1_768' title='bbox 3334 2964 3430 3004; x_wconf 81' lang='lat' dir='ltr'><strong>au-</strong></span> 
     </span>
    </p>
   </div>
   <div class='ocr_carea' id='block_1_83' title="bbox 1839 3043 3427 3123">
    <p class='ocr_par' dir='ltr' id='par_1_83' title="bbox 1839 3043 3427 3123">
     <span class='ocr_line' id='line_1_89' title="bbox 1839 3043 3427 3123; baseline -0.015 -1"><span class='ocrx_word' id='word_1_769' title='bbox 1839 3077 1946 3123; x_wconf 90' lang='lat' dir='ltr'><strong>tem</strong></span> <span class='ocrx_word' id='word_1_770' title='bbox 1987 3066 2129 3119; x_wconf 91' lang='lat' dir='ltr'><strong>Deus</strong></span> <span class='ocrx_word' id='word_1_771' title='bbox 2155 3073 2208 3117; x_wconf 91' lang='lat' dir='ltr'><strong>et</strong></span> <span class='ocrx_word' id='word_1_772' title='bbox 2242 3062 2399 3114; x_wconf 89' lang='lat' dir='ltr'><strong>Pater</strong></span> <span class='ocrx_word' id='word_1_773' title='bbox 2438 3064 2648 3122; x_wconf 89' lang='lat' dir='ltr'><strong>noster,</strong></span> <span class='ocrx_word' id='word_1_774' title='bbox 2674 3064 2731 3109; x_wconf 92' lang='lat' dir='ltr'><strong>et</strong></span> <span class='ocrx_word' id='word_1_775' title='bbox 2767 3050 3029 3106; x_wconf 90' lang='lat' dir='ltr'><strong>Dominus</strong></span> <span class='ocrx_word' id='word_1_776' title='bbox 3060 3056 3245 3102; x_wconf 89' lang='lat' dir='ltr'><strong>noster</strong></span> <span class='ocrx_word' id='word_1_777' title='bbox 3267 3043 3427 3099; x_wconf 83' lang='lat' dir='ltr'><strong>Jesus</strong></span> 
     </span>
    </p>
   </div>
   <div class='ocr_carea' id='block_1_84' title="bbox 1759 3138 3426 3222">
    <p class='ocr_par' dir='ltr' id='par_1_84' title="bbox 1759 3138 3426 3222">
     <span class='ocr_line' id='line_1_90' title="bbox 1759 3138 3426 3222; baseline -0.016 -6"><span class='ocrx_word' id='word_1_778' title='bbox 1759 3138 1804 3200; x_wconf 67' lang='grc' dir='ltr'>Ο</span> <span class='ocrx_word' id='word_1_779' title='bbox 1837 3159 2103 3219; x_wconf 85' lang='lat' dir='ltr'><strong>Christus,</strong></span> <span class='ocrx_word' id='word_1_780' title='bbox 2136 3153 2332 3222; x_wconf 88' lang='lat' dir='ltr'><strong>dirigat</strong></span> <span class='ocrx_word' id='word_1_781' title='bbox 2372 3150 2515 3204; x_wconf 91' lang='lat' dir='ltr'><strong>viam</strong></span> <span class='ocrx_word' id='word_1_782' title='bbox 2558 3157 2795 3202; x_wconf 87' lang='lat' dir='ltr'><strong>nostram</strong></span> <span class='ocrx_word' id='word_1_783' title='bbox 2830 3142 2897 3198; x_wconf 90' lang='lat' dir='ltr'><strong>ad</strong></span> <span class='ocrx_word' id='word_1_784' title='bbox 2930 3157 3045 3196; x_wconf 90' lang='lat' dir='ltr'><strong>vos.</strong></span> <span class='ocrx_word' id='word_1_785' title='bbox 3086 3138 3196 3193; x_wconf 83' lang='lat' dir='ltr'><strong>Vos</strong></span> <span class='ocrx_word' id='word_1_786' title='bbox 3244 3145 3426 3191; x_wconf 91' lang='lat' dir='ltr'><strong>autem</strong></span> 
     </span>
    </p>
   </div>
   <div class='ocr_carea' id='block_1_85' title="bbox 1842 3228 3428 3314">
    <p class='ocr_par' dir='ltr' id='par_1_85' title="bbox 1842 3228 3428 3314">
     <span class='ocr_line' id='line_1_91' title="bbox 1842 3228 3428 3314; baseline -0.018 -7"><span class='ocrx_word' id='word_1_787' title='bbox 1842 3252 2099 3307; x_wconf 82' lang='lat' dir='ltr'><strong>Dominus</strong></span> <span class='ocrx_word' id='word_1_788' title='bbox 2136 3244 2478 3314; x_wconf 82' lang='lat' dir='ltr'><strong>multiplicet,</strong></span> <span class='ocrx_word' id='word_1_789' title='bbox 2513 3250 2568 3295; x_wconf 92' lang='lat' dir='ltr'><strong>et</strong></span> <span class='ocrx_word' id='word_1_790' title='bbox 2602 3237 2881 3293; x_wconf 89' lang='lat' dir='ltr'><strong>abundare</strong></span> <span class='ocrx_word' id='word_1_791' title='bbox 2912 3233 3075 3288; x_wconf 79' lang='lat' dir='ltr'><strong>faciat</strong></span> <span class='ocrx_word' id='word_1_792' title='bbox 3103 3228 3428 3284; x_wconf 87' lang='lat' dir='ltr'><strong>charitatem</strong></span> 
     </span>
    </p>
   </div>
   <div class='ocr_carea' id='block_1_86' title="bbox 1836 3316 3431 3398">
    <p class='ocr_par' dir='ltr' id='par_1_86' title="bbox 1836 3316 3431 3398">
     <span class='ocr_line' id='line_1_92' title="bbox 1836 3316 3431 3398; baseline -0.018 0"><span class='ocrx_word' id='word_1_793' title='bbox 1836 3342 1864 3380; x_wconf 68' lang='grc' dir='ltr'>ι)</span> <span class='ocrx_word' id='word_1_794' title='bbox 1897 3348 2131 3396; x_wconf 87' lang='lat' dir='ltr'><strong>vestram</strong></span> <span class='ocrx_word' id='word_1_795' title='bbox 2167 3338 2219 3391; x_wconf 95' lang='lat' dir='ltr'><strong>in</strong></span> <span class='ocrx_word' id='word_1_796' title='bbox 2258 3336 2510 3398; x_wconf 70' lang='lat' dir='ltr'><strong>invicem,</strong></span> <span class='ocrx_word' id='word_1_797' title='bbox 2544 3341 2596 3386; x_wconf 91' lang='lat' dir='ltr'><strong>et</strong></span> <span class='ocrx_word' id='word_1_798' title='bbox 2642 3330 2694 3383; x_wconf 92' lang='lat' dir='ltr'><strong>in</strong></span> <span class='ocrx_word' id='word_1_799' title='bbox 2734 3339 2946 3389; x_wconf 91' lang='lat' dir='ltr'><strong>omnes,</strong></span> <span class='ocrx_word' id='word_1_800' title='bbox 2974 3316 3431 3392; x_wconf 88' lang='lat' dir='ltr'><strong>quemadmodum</strong></span> 
     </span>
    </p>
   </div>
   <div class='ocr_carea' id='block_1_87' title="bbox 1838 3409 3422 3489">
    <p class='ocr_par' dir='ltr' id='par_1_87' title="bbox 1838 3409 3422 3489">
     <span class='ocr_line' id='line_1_93' title="bbox 1838 3409 3422 3489; baseline -0.018 0"><span class='ocrx_word' id='word_1_801' title='bbox 1838 3443 1893 3489; x_wconf 93' lang='lat' dir='ltr'><strong>et</strong></span> <span class='ocrx_word' id='word_1_802' title='bbox 1943 3447 2041 3487; x_wconf 91' lang='lat' dir='ltr'><strong>nos</strong></span> <span class='ocrx_word' id='word_1_803' title='bbox 2073 3432 2123 3484; x_wconf 91' lang='lat' dir='ltr'><strong>in</strong></span> <span class='ocrx_word' id='word_1_804' title='bbox 2156 3429 2308 3483; x_wconf 89' lang='lat' dir='ltr'><strong>vobis</strong></span> <span class='ocrx_word' id='word_1_805' title='bbox 2342 3445 2354 3481; x_wconf 89' lang='lat'><strong>:</strong></span> <span class='ocrx_word' id='word_1_806' title='bbox 2385 3425 2448 3478; x_wconf 89' lang='lat' dir='ltr'><strong>ad</strong></span> <span class='ocrx_word' id='word_1_807' title='bbox 2481 3417 2849 3478; x_wconf 78' lang='lat' dir='ltr'><strong>confirmanda</strong></span> <span class='ocrx_word' id='word_1_808' title='bbox 2887 3413 3051 3470; x_wconf 89' lang='lat' dir='ltr'><strong>corda</strong></span> <span class='ocrx_word' id='word_1_809' title='bbox 3083 3421 3259 3467; x_wconf 84' lang='lat' dir='ltr'><strong>vestra</strong></span> <span class='ocrx_word' id='word_1_810' title='bbox 3302 3409 3422 3462; x_wconf 89' lang='lat' dir='ltr'><strong>sine</strong></span> 
     </span>
    </p>
   </div>
   <div class='ocr_carea' id='block_1_88' title="bbox 1836 3510 3426 3597">
    <p class='ocr_par' dir='ltr' id='par_1_88' title="bbox 1836 3510 3426 3597">
     <span class='ocr_line' id='line_1_94' title="bbox 1836 3510 3426 3597; baseline -0.018 -15"><span class='ocrx_word' id='word_1_811' title='bbox 1836 3525 2057 3597; x_wconf 90' lang='lat' dir='ltr'><strong>querela</strong></span> <span class='ocrx_word' id='word_1_812' title='bbox 2086 3523 2138 3577; x_wconf 92' lang='lat' dir='ltr'><strong>in</strong></span> <span class='ocrx_word' id='word_1_813' title='bbox 2168 3520 2475 3579; x_wconf 89' lang='lat' dir='ltr'><strong>sanctitate,</strong></span> <span class='ocrx_word' id='word_1_814' title='bbox 2495 3528 2619 3569; x_wconf 88' lang='lat' dir='ltr'><strong>ante</strong></span> <span class='ocrx_word' id='word_1_815' title='bbox 2641 3513 2810 3567; x_wconf 85' lang='lat' dir='ltr'><strong>Deum</strong></span> <span class='ocrx_word' id='word_1_816' title='bbox 2832 3520 2887 3566; x_wconf 90' lang='lat' dir='ltr'><strong>et</strong></span> <span class='ocrx_word' id='word_1_817' title='bbox 2914 3510 3126 3562; x_wconf 83' lang='lat' dir='ltr'><strong>Patrem</strong></span> <span class='ocrx_word' id='word_1_818' title='bbox 3158 3512 3426 3565; x_wconf 58' lang='lat' dir='ltr'><strong>uestrum,</strong></span> 
     </span>
    </p>
   </div>
   <div class='ocr_carea' id='block_1_89' title="bbox 1840 3593 3431 3675">
    <p class='ocr_par' dir='ltr' id='par_1_89' title="bbox 1840 3593 3431 3675">
     <span class='ocr_line' id='line_1_95' title="bbox 1840 3593 3431 3675; baseline -0.019 0"><span class='ocrx_word' id='word_1_819' title='bbox 1840 3622 1891 3675; x_wconf 93' lang='lat' dir='ltr'><strong>in</strong></span> <span class='ocrx_word' id='word_1_820' title='bbox 1920 3619 2153 3673; x_wconf 88' lang='lat' dir='ltr'><strong>adventu</strong></span> <span class='ocrx_word' id='word_1_821' title='bbox 2183 3611 2402 3669; x_wconf 86' lang='lat' dir='ltr'><strong>Domini</strong></span> <span class='ocrx_word' id='word_1_822' title='bbox 2425 3609 2597 3665; x_wconf 91' lang='lat' dir='ltr'><strong>nostri</strong></span> <span class='ocrx_word' id='word_1_823' title='bbox 2629 3606 2759 3661; x_wconf 80' lang='lat' dir='ltr'><strong>Jesu</strong></span> <span class='ocrx_word' id='word_1_824' title='bbox 2790 3600 2995 3659; x_wconf 85' lang='lat' dir='ltr'><strong>Christi</strong></span> <span class='ocrx_word' id='word_1_825' title='bbox 3021 3614 3143 3655; x_wconf 92' lang='lat' dir='ltr'><strong>cum</strong></span> <span class='ocrx_word' id='word_1_826' title='bbox 3175 3593 3431 3650; x_wconf 85' lang='lat' dir='ltr'><strong>omnibus</strong></span> 
     </span>
    </p>
   </div>
   <div class='ocr_carea' id='block_1_90' title="bbox 1838 3708 2430 3780">
    <p class='ocr_par' dir='ltr' id='par_1_90' title="bbox 1838 3708 2430 3780">
     <span class='ocr_line' id='line_1_96' title="bbox 1838 3708 2430 3780; baseline -0.017 -13"><span class='ocrx_word' id='word_1_827' title='bbox 1838 3713 2044 3767; x_wconf 89' lang='lat' dir='ltr'><strong>sanctis</strong></span> <span class='ocrx_word' id='word_1_828' title='bbox 2068 3710 2200 3780; x_wconf 61' lang='lat' dir='ltr'><strong>ejus.</strong></span> <span class='ocrx_word' id='word_1_829' title='bbox 2236 3708 2430 3762; x_wconf 68' lang='lat' dir='ltr'><strong>Amen.</strong></span> 
     </span>
    </p>
   </div>
   <div class='ocr_carea' id='block_1_91' title="bbox 1912 3788 3435 3874">
    <p class='ocr_par' dir='ltr' id='par_1_91' title="bbox 1912 3788 3435 3874">
     <span class='ocr_line' id='line_1_97' title="bbox 1912 3788 3435 3874; baseline -0.016 -18"><span class='ocrx_word' id='word_1_830' title='bbox 1912 3802 2064 3874; x_wconf 64' lang='lat' dir='ltr'><strong>)Cap.</strong></span> <span class='ocrx_word' id='word_1_831' title='bbox 2102 3798 2215 3869; x_wconf 73' lang='lat' dir='ltr'><strong>IV.)</strong></span> <span class='ocrx_word' id='word_1_832' title='bbox 2248 3800 2323 3852; x_wconf 88' lang='lat' dir='ltr'><strong>De</strong></span> <span class='ocrx_word' id='word_1_833' title='bbox 2364 3806 2562 3849; x_wconf 73' lang='lat' dir='ltr'><strong>cretero</strong></span> <span class='ocrx_word' id='word_1_834' title='bbox 2608 3805 2762 3859; x_wconf 82' lang='lat' dir='ltr'><strong>ergo,</strong></span> <span class='ocrx_word' id='word_1_835' title='bbox 2794 3788 3006 3851; x_wconf 90' lang='lat' dir='ltr'><strong>fratres,</strong></span> <span class='ocrx_word' id='word_1_836' title='bbox 3038 3793 3294 3852; x_wconf 85' lang='lat' dir='ltr'><strong>rogamus</strong></span> <span class='ocrx_word' id='word_1_837' title='bbox 3336 3794 3435 3834; x_wconf 82' lang='lat' dir='ltr'><strong>vos</strong></span> 
     </span>
    </p>
   </div>
   <div class='ocr_carea' id='block_1_92' title="bbox 1841 3870 3433 3948">
    <p class='ocr_par' dir='ltr' id='par_1_92' title="bbox 1841 3870 3433 3948">
     <span class='ocr_line' id='line_1_98' title="bbox 1841 3870 3433 3948; baseline -0.016 1"><span class='ocrx_word' id='word_1_838' title='bbox 1841 3906 1894 3948; x_wconf 92' lang='lat' dir='ltr'><strong>et</strong></span> <span class='ocrx_word' id='word_1_839' title='bbox 1914 3870 2271 3948; x_wconf 76' lang='lat' dir='ltr'><strong>obsecramus</strong></span> <span class='ocrx_word' id='word_1_840' title='bbox 2318 3887 2369 3940; x_wconf 92' lang='lat' dir='ltr'><strong>iu</strong></span> <span class='ocrx_word' id='word_1_841' title='bbox 2420 3885 2652 3939; x_wconf 87' lang='lat' dir='ltr'><strong>Domino</strong></span> <span class='ocrx_word' id='word_1_842' title='bbox 2695 3880 2847 3945; x_wconf 86' lang='lat' dir='ltr'><strong>.lesu,</strong></span> <span class='ocrx_word' id='word_1_843' title='bbox 2874 3886 2931 3931; x_wconf 93' lang='lat' dir='ltr'><strong>ut</strong></span> <span class='ocrx_word' id='word_1_844' title='bbox 2972 3870 3433 3946; x_wconf 87' lang='lat' dir='ltr'><strong>quemadmodum</strong></span> 
     </span>
    </p>
   </div>
   <div class='ocr_carea' id='block_1_93' title="bbox 1840 3964 3432 4056">
    <p class='ocr_par' dir='ltr' id='par_1_93' title="bbox 1840 3964 3432 4056">
     <span class='ocr_line' id='line_1_99' title="bbox 1840 3964 3432 4056; baseline -0.017 -15"><span class='ocrx_word' id='word_1_845' title='bbox 1840 3985 2129 4056; x_wconf 84' lang='lat' dir='ltr'><strong>accepistis</strong></span> <span class='ocrx_word' id='word_1_846' title='bbox 2157 3999 2183 4034; x_wconf 91' lang='lat' dir='ltr'><strong>a</strong></span> <span class='ocrx_word' id='word_1_847' title='bbox 2216 3980 2397 4045; x_wconf 86' lang='lat' dir='ltr'><strong>nobis,</strong></span> <span class='ocrx_word' id='word_1_848' title='bbox 2429 3974 2697 4047; x_wconf 87' lang='lat' dir='ltr'><strong>quomodo</strong></span> <span class='ocrx_word' id='word_1_849' title='bbox 2728 3980 2976 4042; x_wconf 81' lang='lat' dir='ltr'><strong>Oporteat</strong></span> <span class='ocrx_word' id='word_1_850' title='bbox 3005 3982 3101 4022; x_wconf 90' lang='lat' dir='ltr'><strong>vos</strong></span> <span class='ocrx_word' id='word_1_851' title='bbox 3130 3964 3432 4031; x_wconf 83' lang='lat' dir='ltr'><strong>ambulare,</strong></span> 
     </span>
    </p>
   </div>
   <div class='ocr_carea' id='block_1_94' title="bbox 1840 4058 3434 4149">
    <p class='ocr_par' dir='ltr' id='par_1_94' title="bbox 1840 4058 3434 4149">
     <span class='ocr_line' id='line_1_100' title="bbox 1840 4058 3434 4149; baseline -0.016 -13"><span class='ocrx_word' id='word_1_852' title='bbox 1840 4090 1894 4136; x_wconf 90' lang='lat' dir='ltr'><strong>et</strong></span> <span class='ocrx_word' id='word_1_853' title='bbox 1922 4080 2139 4149; x_wconf 87' lang='lat' dir='ltr'><strong>placere</strong></span> <span class='ocrx_word' id='word_1_854' title='bbox 2172 4076 2301 4138; x_wconf 87' lang='lat' dir='ltr'><strong>Deo,</strong></span> <span class='ocrx_word' id='word_1_855' title='bbox 2325 4073 2403 4127; x_wconf 90' lang='lat' dir='ltr'><strong>sic</strong></span> <span class='ocrx_word' id='word_1_856' title='bbox 2432 4079 2489 4125; x_wconf 91' lang='lat' dir='ltr'><strong>et</strong></span> <span class='ocrx_word' id='word_1_857' title='bbox 2515 4066 2822 4131; x_wconf 88' lang='lat' dir='ltr'><strong>ambulctis,</strong></span> <span class='ocrx_word' id='word_1_858' title='bbox 2849 4072 2906 4118; x_wconf 88' lang='lat' dir='ltr'><strong>ut</strong></span> <span class='ocrx_word' id='word_1_859' title='bbox 2933 4060 3220 4116; x_wconf 87' lang='lat' dir='ltr'><strong>abuutletis</strong></span> <span class='ocrx_word' id='word_1_860' title='bbox 3241 4058 3434 4127; x_wconf 84' lang='lat' dir='ltr'><strong>magis.</strong></span> 
     </span>
    </p>
   </div>
   <div class='ocr_carea' id='block_1_95' title="bbox 1844 4148 3439 4235">
    <p class='ocr_par' dir='ltr' id='par_1_95' title="bbox 1844 4148 3439 4235">
     <span class='ocr_line' id='line_1_101' title="bbox 1844 4148 3439 4235; baseline -0.018 -6"><span class='ocrx_word' id='word_1_861' title='bbox 1844 4148 2004 4229; x_wconf 85' lang='lat' dir='ltr'><strong>Scitis</strong></span> <span class='ocrx_word' id='word_1_862' title='bbox 2028 4169 2171 4225; x_wconf 90' lang='lat' dir='ltr'><strong>enim</strong></span> <span class='ocrx_word' id='word_1_863' title='bbox 2205 4183 2322 4235; x_wconf 71' lang='lat' dir='ltr'><strong>qua:</strong></span> <span class='ocrx_word' id='word_1_864' title='bbox 2356 4169 2627 4234; x_wconf 62' lang='lat' dir='ltr'><strong>praecepta</strong></span> <span class='ocrx_word' id='word_1_865' title='bbox 2658 4157 2903 4215; x_wconf 89' lang='lat' dir='ltr'><strong>dederim</strong></span> <span class='ocrx_word' id='word_1_866' title='bbox 2943 4153 3099 4209; x_wconf 75' lang='lat' dir='ltr'><strong>Voltis</strong></span> <span class='ocrx_word' id='word_1_867' title='bbox 3130 4166 3225 4222; x_wconf 88' lang='lat' dir='ltr'><strong>per</strong></span> <span class='ocrx_word' id='word_1_868' title='bbox 3253 4148 3439 4203; x_wconf 83' lang='lat' dir='ltr'><strong>Domi-</strong></span> 
     </span>
    </p>
   </div>
   <div class='ocr_carea' id='block_1_96' title="bbox 1844 4239 3435 4320">
    <p class='ocr_par' dir='ltr' id='par_1_96' title="bbox 1844 4239 3435 4320">
     <span class='ocr_line' id='line_1_102' title="bbox 1844 4239 3435 4320; baseline -0.019 0"><span class='ocrx_word' id='word_1_869' title='bbox 1844 4282 1969 4320; x_wconf 88' lang='lat' dir='ltr'><strong>num</strong></span> <span class='ocrx_word' id='word_1_870' title='bbox 2001 4262 2206 4318; x_wconf 78' lang='lat' dir='ltr'><strong>Iesum.</strong></span> <span class='ocrx_word' id='word_1_871' title='bbox 2244 4259 2368 4312; x_wconf 61' lang='lat' dir='ltr'><strong>Ilaec</strong></span> <span class='ocrx_word' id='word_1_872' title='bbox 2394 4264 2484 4311; x_wconf 90' lang='lat' dir='ltr'><strong>est</strong></span> <span class='ocrx_word' id='word_1_873' title='bbox 2532 4253 2674 4308; x_wconf 90' lang='lat' dir='ltr'><strong>enim</strong></span> <span class='ocrx_word' id='word_1_874' title='bbox 2708 4250 2953 4304; x_wconf 86' lang='lat' dir='ltr'><strong>voluntas</strong></span> <span class='ocrx_word' id='word_1_875' title='bbox 2985 4245 3100 4309; x_wconf 90' lang='lat' dir='ltr'><strong>Dei,</strong></span> <span class='ocrx_word' id='word_1_876' title='bbox 3129 4239 3435 4295; x_wconf 85' lang='lat' dir='ltr'><strong>sanctifica-</strong></span> 
     </span>
    </p>
   </div>
   <div class='ocr_carea' id='block_1_97' title="bbox 1845 4330 3438 4413">
    <p class='ocr_par' dir='ltr' id='par_1_97' title="bbox 1845 4330 3438 4413">
     <span class='ocr_line' id='line_1_103' title="bbox 1845 4330 3438 4413; baseline -0.019 0"><span class='ocrx_word' id='word_1_877' title='bbox 1845 4360 1919 4413; x_wconf 88' lang='lat' dir='ltr'><strong>tio</strong></span> <span class='ocrx_word' id='word_1_878' title='bbox 1951 4367 2128 4412; x_wconf 89' lang='lat' dir='ltr'><strong>vestra</strong></span> <span class='ocrx_word' id='word_1_879' title='bbox 2160 4372 2170 4406; x_wconf 91' lang='lat'>:</span> <span class='ocrx_word' id='word_1_880' title='bbox 2204 4362 2259 4406; x_wconf 89' lang='lat' dir='ltr'><strong>ut</strong></span> <span class='ocrx_word' id='word_1_881' title='bbox 2291 4347 2606 4403; x_wconf 86' lang='lat' dir='ltr'><strong>abstineatis</strong></span> <span class='ocrx_word' id='word_1_882' title='bbox 2637 4358 2731 4398; x_wconf 91' lang='lat' dir='ltr'><strong>vos</strong></span> <span class='ocrx_word' id='word_1_883' title='bbox 2754 4360 2779 4393; x_wconf 72' lang='grc' dir='ltr'><strong>ιι</strong></span> <span class='ocrx_word' id='word_1_884' title='bbox 2809 4337 3184 4395; x_wconf 88' lang='lat' dir='ltr'><strong>fornicatione,</strong></span> <span class='ocrx_word' id='word_1_885' title='bbox 3210 4340 3269 4384; x_wconf 91' lang='lat' dir='ltr'><strong>ut</strong></span> <span class='ocrx_word' id='word_1_886' title='bbox 3300 4330 3438 4383; x_wconf 81' lang='lat' dir='ltr'><strong>sciat</strong></span> 
     </span>
    </p>
   </div>
   <div class='ocr_carea' id='block_1_98' title="bbox 1844 4420 3438 4520">
    <p class='ocr_par' dir='ltr' id='par_1_98' title="bbox 1844 4420 3438 4520">
     <span class='ocr_line' id='line_1_104' title="bbox 1844 4420 3438 4520; baseline -0.021 -15"><span class='ocrx_word' id='word_1_887' title='bbox 1844 4449 2213 4520; x_wconf 82' lang='lat' dir='ltr'><strong>unusquisque</strong></span> <span class='ocrx_word' id='word_1_888' title='bbox 2237 4450 2478 4497; x_wconf 88' lang='lat' dir='ltr'><strong>vestrum</strong></span> <span class='ocrx_word' id='word_1_889' title='bbox 2511 4452 2604 4490; x_wconf 89' lang='lat' dir='ltr'><strong>vas</strong></span> <span class='ocrx_word' id='word_1_890' title='bbox 2631 4448 2786 4490; x_wconf 88' lang='lat' dir='ltr'><strong>suum</strong></span> <span class='ocrx_word' id='word_1_891' title='bbox 2814 4428 3095 4500; x_wconf 87' lang='lat' dir='ltr'><strong>possidere</strong></span> <span class='ocrx_word' id='word_1_892' title='bbox 3120 4422 3173 4477; x_wconf 89' lang='lat' dir='ltr'><strong>in</strong></span> <span class='ocrx_word' id='word_1_893' title='bbox 3197 4420 3438 4475; x_wconf 81' lang='lat' dir='ltr'><strong>sanctiﬁ-</strong></span> 
     </span>
    </p>
   </div>
   <div class='ocr_carea' id='block_1_99' title="bbox 1770 4513 3439 4598">
    <p class='ocr_par' dir='ltr' id='par_1_99' title="bbox 1770 4513 3439 4598">
     <span class='ocr_line' id='line_1_105' title="bbox 1770 4513 3439 4598; baseline -0.02 1"><span class='ocrx_word' id='word_1_894' title='bbox 1770 4524 1819 4585; x_wconf 79' lang='grc' dir='ltr'><strong>Ῐ)</strong></span> <span class='ocrx_word' id='word_1_895' title='bbox 1846 4544 2059 4597; x_wconf 87' lang='lat' dir='ltr'><strong>catione</strong></span> <span class='ocrx_word' id='word_1_896' title='bbox 2110 4513 2164 4594; x_wconf 84' lang='lat' dir='ltr'><strong>et</strong></span> <span class='ocrx_word' id='word_1_897' title='bbox 2195 4536 2433 4598; x_wconf 89' lang='lat' dir='ltr'><strong>honore;</strong></span> <span class='ocrx_word' id='word_1_898' title='bbox 2469 4545 2576 4584; x_wconf 91' lang='lat' dir='ltr'><strong>non</strong></span> <span class='ocrx_word' id='word_1_899' title='bbox 2621 4529 2673 4581; x_wconf 93' lang='lat' dir='ltr'><strong>in</strong></span> <span class='ocrx_word' id='word_1_900' title='bbox 2709 4523 2961 4593; x_wconf 87' lang='lat' dir='ltr'><strong>passione</strong></span> <span class='ocrx_word' id='word_1_901' title='bbox 2985 4514 3266 4576; x_wconf 88' lang='lat' dir='ltr'><strong>desiderii,</strong></span> <span class='ocrx_word' id='word_1_902' title='bbox 3299 4513 3439 4567; x_wconf 88' lang='lat' dir='ltr'><strong>sicut</strong></span> 
     </span>
    </p>
   </div>
   <div class='ocr_carea' id='block_1_100' title="bbox 1847 4612 3438 4707">
    <p class='ocr_par' dir='ltr' id='par_1_100' title="bbox 1847 4612 3438 4707">
     <span class='ocr_line' id='line_1_106' title="bbox 1847 4612 3438 4707; baseline -0.021 -14"><span class='ocrx_word' id='word_1_903' title='bbox 1847 4646 1901 4693; x_wconf 92' lang='lat' dir='ltr'><strong>et</strong></span> <span class='ocrx_word' id='word_1_904' title='bbox 1928 4644 2138 4707; x_wconf 86' lang='lat' dir='ltr'><strong>gentes,</strong></span> <span class='ocrx_word' id='word_1_905' title='bbox 2165 4646 2289 4702; x_wconf 73' lang='lat' dir='ltr'><strong>qua:</strong></span> <span class='ocrx_word' id='word_1_906' title='bbox 2317 4629 2565 4699; x_wconf 89' lang='lat' dir='ltr'><strong>ignorant</strong></span> <span class='ocrx_word' id='word_1_907' title='bbox 2593 4622 2758 4676; x_wconf 91' lang='lat' dir='ltr'><strong>Deum</strong></span> <span class='ocrx_word' id='word_1_908' title='bbox 2794 4635 2807 4671; x_wconf 90' lang='lat'>:</span> <span class='ocrx_word' id='word_1_909' title='bbox 2831 4624 2886 4671; x_wconf 92' lang='lat' dir='ltr'><strong>et</strong></span> <span class='ocrx_word' id='word_1_910' title='bbox 2908 4629 2974 4669; x_wconf 92' lang='lat' dir='ltr'><strong>ne</strong></span> <span class='ocrx_word' id='word_1_911' title='bbox 3001 4612 3123 4680; x_wconf 91' lang='lat' dir='ltr'><strong>quis</strong></span> <span class='ocrx_word' id='word_1_912' title='bbox 3150 4622 3438 4679; x_wconf 84' lang='lat' dir='ltr'><strong>supergre-</strong></span> 
     </span>
    </p>
   </div>
   <div class='ocr_carea' id='block_1_101' title="bbox 1848 4704 3429 4795">
    <p class='ocr_par' dir='ltr' id='par_1_101' title="bbox 1848 4704 3429 4795">
     <span class='ocr_line' id='line_1_107' title="bbox 1848 4704 3429 4795; baseline -0.022 -10"><span class='ocrx_word' id='word_1_913' title='bbox 1848 4704 2045 4795; x_wconf 71' lang='lat' dir='ltr'><strong>diatur,</strong></span> <span class='ocrx_word' id='word_1_914' title='bbox 2068 4739 2243 4795; x_wconf 89' lang='lat' dir='ltr'><strong>neque</strong></span> <span class='ocrx_word' id='word_1_915' title='bbox 2264 4716 2654 4777; x_wconf 78' lang='lat' dir='ltr'><strong>circumvenial</strong></span> <span class='ocrx_word' id='word_1_916' title='bbox 2674 4712 2727 4767; x_wconf 92' lang='lat' dir='ltr'><strong>in</strong></span> <span class='ocrx_word' id='word_1_917' title='bbox 2752 4708 2970 4779; x_wconf 87' lang='lat' dir='ltr'><strong>negotio</strong></span> <span class='ocrx_word' id='word_1_918' title='bbox 2992 4704 3211 4760; x_wconf 85' lang='lat' dir='ltr'><strong>fratrem</strong></span> <span class='ocrx_word' id='word_1_919' title='bbox 3236 4715 3392 4756; x_wconf 90' lang='lat' dir='ltr'><strong>suum</strong></span> <span class='ocrx_word' id='word_1_920' title='bbox 3415 4716 3429 4752; x_wconf 90' lang='lat'><strong>:</strong></span> 
     </span>
    </p>
   </div>
   <div class='ocr_carea' id='block_1_102' title="bbox 1847 4795 3440 4892">
    <p class='ocr_par' dir='ltr' id='par_1_102' title="bbox 1847 4795 3440 4892">
     <span class='ocr_line' id='line_1_108' title="bbox 1847 4795 3440 4892; baseline -0.018 -16"><span class='ocrx_word' id='word_1_921' title='bbox 1847 4821 2105 4892; x_wconf 89' lang='lat' dir='ltr'><strong>quoniam</strong></span> <span class='ocrx_word' id='word_1_922' title='bbox 2133 4816 2331 4872; x_wconf 81' lang='lat' dir='ltr'><strong>vindex</strong></span> <span class='ocrx_word' id='word_1_923' title='bbox 2363 4823 2445 4868; x_wconf 90' lang='lat' dir='ltr'><strong>est</strong></span> <span class='ocrx_word' id='word_1_924' title='bbox 2491 4810 2746 4865; x_wconf 90' lang='lat' dir='ltr'><strong>Dominus</strong></span> <span class='ocrx_word' id='word_1_925' title='bbox 2776 4804 2844 4858; x_wconf 91' lang='lat' dir='ltr'><strong>de</strong></span> <span class='ocrx_word' id='word_1_926' title='bbox 2873 4801 2958 4856; x_wconf 89' lang='lat' dir='ltr'><strong>his</strong></span> <span class='ocrx_word' id='word_1_927' title='bbox 2994 4797 3270 4861; x_wconf 73' lang='lat' dir='ltr'><strong>omnibus,</strong></span> <span class='ocrx_word' id='word_1_928' title='bbox 3297 4795 3440 4849; x_wconf 91' lang='lat' dir='ltr'><strong>sicut</strong></span> 
     </span>
    </p>
   </div>
   <div class='ocr_carea' id='block_1_103' title="bbox 1847 4888 3441 4987">
    <p class='ocr_par' dir='ltr' id='par_1_103' title="bbox 1847 4888 3441 4987">
     <span class='ocr_line' id='line_1_109' title="bbox 1847 4888 3441 4987; baseline -0.018 -16"><span class='ocrx_word' id='word_1_929' title='bbox 1847 4913 2199 4987; x_wconf 67' lang='lat' dir='ltr'><strong>praediximus</strong></span> <span class='ocrx_word' id='word_1_930' title='bbox 2258 4908 2433 4971; x_wconf 75' lang='lat' dir='ltr'><strong>vobis,</strong></span> <span class='ocrx_word' id='word_1_931' title='bbox 2468 4914 2519 4958; x_wconf 91' lang='lat' dir='ltr'><strong>et</strong></span> <span class='ocrx_word' id='word_1_932' title='bbox 2563 4896 2835 4955; x_wconf 86' lang='lat' dir='ltr'><strong>testificati</strong></span> <span class='ocrx_word' id='word_1_933' title='bbox 2869 4906 3074 4950; x_wconf 89' lang='lat' dir='ltr'><strong>sumus.</strong></span> <span class='ocrx_word' id='word_1_934' title='bbox 3127 4889 3242 4944; x_wconf 87' lang='lat' dir='ltr'><strong>Non</strong></span> <span class='ocrx_word' id='word_1_935' title='bbox 3296 4888 3441 4943; x_wconf 73' lang='grc' dir='ltr'>οιιίηι</span> 
     </span>
    </p>
   </div>
   <div class='ocr_carea' id='block_1_104' title="bbox 1847 4982 3445 5063">
    <p class='ocr_par' dir='ltr' id='par_1_104' title="bbox 1847 4982 3445 5063">
     <span class='ocr_line' id='line_1_110' title="bbox 1847 4982 3445 5063; baseline -0.018 -1"><span class='ocrx_word' id='word_1_936' title='bbox 1847 5005 2065 5063; x_wconf 84' lang='lat' dir='ltr'><strong>vocavit</strong></span> <span class='ocrx_word' id='word_1_937' title='bbox 2092 5015 2191 5057; x_wconf 92' lang='lat' dir='ltr'><strong>nos</strong></span> <span class='ocrx_word' id='word_1_938' title='bbox 2214 5000 2356 5055; x_wconf 91' lang='lat' dir='ltr'><strong>Deus</strong></span> <span class='ocrx_word' id='word_1_939' title='bbox 2386 5000 2437 5051; x_wconf 94' lang='lat' dir='ltr'><strong>in</strong></span> <span class='ocrx_word' id='word_1_940' title='bbox 2467 4990 2887 5055; x_wconf 91' lang='lat' dir='ltr'><strong>immunditiam,</strong></span> <span class='ocrx_word' id='word_1_941' title='bbox 2918 4986 3014 5043; x_wconf 92' lang='lat' dir='ltr'><strong>sed</strong></span> <span class='ocrx_word' id='word_1_942' title='bbox 3049 4988 3100 5038; x_wconf 90' lang='lat' dir='ltr'><strong>in</strong></span> <span class='ocrx_word' id='word_1_943' title='bbox 3141 4982 3445 5037; x_wconf 84' lang='lat' dir='ltr'><strong>sanctiﬁca-</strong></span> 
     </span>
    </p>
   </div>
   <div class='ocr_carea' id='block_1_105' title="bbox 1850 5078 3443 5162">
    <p class='ocr_par' dir='ltr' id='par_1_105' title="bbox 1850 5078 3443 5162">
     <span class='ocr_line' id='line_1_111' title="bbox 1850 5078 3443 5162; baseline -0.018 -6"><span class='ocrx_word' id='word_1_944' title='bbox 1850 5102 2074 5155; x_wconf 92' lang='lat' dir='ltr'><strong>tionem.</strong></span> <span class='ocrx_word' id='word_1_945' title='bbox 2097 5094 2280 5162; x_wconf 89' lang='lat' dir='ltr'><strong>Itaque</strong></span> <span class='ocrx_word' id='word_1_946' title='bbox 2309 5090 2397 5161; x_wconf 89' lang='lat' dir='ltr'><strong>qui</strong></span> <span class='ocrx_word' id='word_1_947' title='bbox 2446 5090 2559 5141; x_wconf 76' lang='lat' dir='ltr'><strong>lucc</strong></span> <span class='ocrx_word' id='word_1_948' title='bbox 2587 5083 2816 5154; x_wconf 90' lang='lat' dir='ltr'><strong>spernit,</strong></span> <span class='ocrx_word' id='word_1_949' title='bbox 2848 5095 2953 5135; x_wconf 91' lang='lat' dir='ltr'><strong>non</strong></span> <span class='ocrx_word' id='word_1_950' title='bbox 2987 5078 3258 5133; x_wconf 88' lang='lat' dir='ltr'><strong>hominem</strong></span> <span class='ocrx_word' id='word_1_951' title='bbox 3285 5088 3443 5140; x_wconf 88' lang='lat' dir='ltr'><strong>sper-</strong></span> 
     </span>
    </p>
   </div>
   <div class='ocr_carea' id='block_1_106' title="bbox 1850 5175 3432 5257">
    <p class='ocr_par' dir='ltr' id='par_1_106' title="bbox 1850 5175 3432 5257">
     <span class='ocr_line' id='line_1_112' title="bbox 1850 5175 3432 5257; baseline -0.02 -7"><span class='ocrx_word' id='word_1_952' title='bbox 1850 5196 1949 5257; x_wconf 93' lang='lat' dir='ltr'><strong>uit,</strong></span> <span class='ocrx_word' id='word_1_953' title='bbox 1983 5189 2076 5247; x_wconf 90' lang='lat' dir='ltr'><strong>sed</strong></span> <span class='ocrx_word' id='word_1_954' title='bbox 2103 5188 2270 5242; x_wconf 91' lang='lat' dir='ltr'><strong>Deum</strong></span> <span class='ocrx_word' id='word_1_955' title='bbox 2300 5202 2311 5237; x_wconf 91' lang='lat'><strong>:</strong></span> <span class='ocrx_word' id='word_1_956' title='bbox 2337 5183 2428 5254; x_wconf 90' lang='lat' dir='ltr'><strong>qui</strong></span> <span class='ocrx_word' id='word_1_957' title='bbox 2454 5182 2615 5236; x_wconf 91' lang='lat' dir='ltr'><strong>etiam</strong></span> <span class='ocrx_word' id='word_1_958' title='bbox 2644 5178 2792 5232; x_wconf 90' lang='lat' dir='ltr'><strong>dedit</strong></span> <span class='ocrx_word' id='word_1_959' title='bbox 2821 5175 3089 5245; x_wconf 90' lang='lat' dir='ltr'><strong>Spiritum</strong></span> <span class='ocrx_word' id='word_1_960' title='bbox 3121 5186 3277 5225; x_wconf 90' lang='lat' dir='ltr'><strong>suum</strong></span> <span class='ocrx_word' id='word_1_961' title='bbox 3306 5182 3432 5221; x_wconf 90' lang='lat' dir='ltr'><strong>sau-</strong></span> 
     </span>
    </p>
   </div>
   <div class='ocr_carea' id='block_1_107' title="bbox 1850 5262 3441 5344">
    <p class='ocr_par' dir='ltr' id='par_1_107' title="bbox 1850 5262 3441 5344">
     <span class='ocr_line' id='line_1_113' title="bbox 1850 5262 3441 5344; baseline -0.02 -1"><span class='ocrx_word' id='word_1_962' title='bbox 1850 5297 1994 5344; x_wconf 88' lang='lat' dir='ltr'><strong>ctutu</strong></span> <span class='ocrx_word' id='word_1_963' title='bbox 2026 5284 2077 5337; x_wconf 92' lang='lat' dir='ltr'><strong>in</strong></span> <span class='ocrx_word' id='word_1_964' title='bbox 2112 5280 2284 5335; x_wconf 91' lang='lat' dir='ltr'><strong>nobis.</strong></span> <span class='ocrx_word' id='word_1_965' title='bbox 2322 5276 2400 5331; x_wconf 91' lang='lat' dir='ltr'><strong>De</strong></span> <span class='ocrx_word' id='word_1_966' title='bbox 2434 5272 2699 5328; x_wconf 84' lang='lat' dir='ltr'><strong>charitate</strong></span> <span class='ocrx_word' id='word_1_967' title='bbox 2743 5277 2921 5321; x_wconf 89' lang='lat' dir='ltr'><strong>autem</strong></span> <span class='ocrx_word' id='word_1_968' title='bbox 2951 5262 3303 5321; x_wconf 86' lang='lat' dir='ltr'><strong>fraternitatis</strong></span> <span class='ocrx_word' id='word_1_969' title='bbox 3334 5274 3441 5313; x_wconf 82' lang='lat' dir='ltr'><strong>non</strong></span> 
     </span>
    </p>
   </div>
   <div class='ocr_carea' id='block_1_108' title="bbox 1852 5354 3446 5435">
    <p class='ocr_par' dir='ltr' id='par_1_108' title="bbox 1852 5354 3446 5435">
     <span class='ocr_line' id='line_1_114' title="bbox 1852 5354 3446 5435; baseline -0.019 0"><span class='ocrx_word' id='word_1_970' title='bbox 1852 5389 2075 5435; x_wconf 87' lang='lat' dir='ltr'><strong>necesse</strong></span> <span class='ocrx_word' id='word_1_971' title='bbox 2124 5371 2385 5425; x_wconf 88' lang='lat' dir='ltr'><strong>habemus</strong></span> <span class='ocrx_word' id='word_1_972' title='bbox 2432 5364 2676 5420; x_wconf 85' lang='lat' dir='ltr'><strong>scribere</strong></span> <span class='ocrx_word' id='word_1_973' title='bbox 2724 5360 2877 5413; x_wconf 89' lang='lat' dir='ltr'><strong>vobis</strong></span> <span class='ocrx_word' id='word_1_974' title='bbox 2908 5376 2922 5422; x_wconf 86' lang='lat'><strong>;</strong></span> <span class='ocrx_word' id='word_1_975' title='bbox 2956 5357 3065 5427; x_wconf 92' lang='lat' dir='ltr'><strong>ipsi</strong></span> <span class='ocrx_word' id='word_1_976' title='bbox 3105 5354 3251 5410; x_wconf 92' lang='lat' dir='ltr'><strong>enim</strong></span> <span class='ocrx_word' id='word_1_977' title='bbox 3289 5366 3386 5405; x_wconf 88' lang='lat' dir='ltr'><strong>vos</strong></span> <span class='ocrx_word' id='word_1_978' title='bbox 3413 5366 3446 5405; x_wconf 87' lang='lat' dir='ltr'><strong>a</strong></span> 
     </span>
    </p>
   </div>
   <div class='ocr_carea' id='block_1_109' title="bbox 1855 5441 3443 5529">
    <p class='ocr_par' dir='ltr' id='par_1_109' title="bbox 1855 5441 3443 5529">
     <span class='ocr_line' id='line_1_115' title="bbox 1855 5441 3443 5529; baseline -0.021 0"><span class='ocrx_word' id='word_1_979' title='bbox 1855 5475 1969 5529; x_wconf 90' lang='lat' dir='ltr'><strong>Deo</strong></span> <span class='ocrx_word' id='word_1_980' title='bbox 1999 5461 2287 5527; x_wconf 72' lang='lat' dir='ltr'><strong>didicistis,</strong></span> <span class='ocrx_word' id='word_1_981' title='bbox 2315 5471 2370 5514; x_wconf 91' lang='lat' dir='ltr'><strong>ut</strong></span> <span class='ocrx_word' id='word_1_982' title='bbox 2396 5456 2634 5526; x_wconf 83' lang='lat' dir='ltr'><strong>diligatis</strong></span> <span class='ocrx_word' id='word_1_983' title='bbox 2672 5452 2925 5507; x_wconf 87' lang='lat' dir='ltr'><strong>invicem.</strong></span> <span class='ocrx_word' id='word_1_984' title='bbox 2957 5449 3169 5505; x_wconf 88' lang='lat' dir='ltr'><strong>Etenim</strong></span> <span class='ocrx_word' id='word_1_985' title='bbox 3196 5443 3331 5499; x_wconf 90' lang='lat' dir='ltr'><strong>illud</strong></span> <span class='ocrx_word' id='word_1_986' title='bbox 3361 5441 3443 5496; x_wconf 87' lang='lat' dir='ltr'><strong>fa-</strong></span> 
     </span>
    </p>
   </div>
   <div class='ocr_carea' id='block_1_110' title="bbox 1913 5655 3442 5731">
    <p class='ocr_par' dir='ltr' id='par_1_110' title="bbox 1913 5655 3442 5731">
     <span class='ocr_line' id='line_1_116' title="bbox 1913 5655 3442 5731; baseline -0.009 -5"><span class='ocrx_word' id='word_1_987' title='bbox 1913 5675 1941 5715; x_wconf 85' lang='lat' dir='ltr'><strong>b</strong></span> <span class='ocrx_word' id='word_1_988' title='bbox 1972 5673 2280 5729; x_wconf 86' lang='lat' dir='ltr'><strong>Pronomen</strong></span> <span class='ocrx_word' id='word_1_989' title='bbox 2309 5657 2703 5731; x_wconf 77' lang='lat' dir='ltr'><strong>vestram,quod</strong></span> <span class='ocrx_word' id='word_1_990' title='bbox 2721 5666 2778 5714; x_wconf 93' lang='lat' dir='ltr'><strong>et</strong></span> <span class='ocrx_word' id='word_1_991' title='bbox 2800 5671 2829 5711; x_wconf 90' lang='lat' dir='ltr'><strong>a</strong></span> <span class='ocrx_word' id='word_1_992' title='bbox 2859 5655 3053 5712; x_wconf 64' lang='lat' dir='ltr'><strong>Graeco</strong></span> <span class='ocrx_word' id='word_1_993' title='bbox 3082 5665 3229 5711; x_wconf 79' lang='lat' dir='ltr'><strong>textu</strong></span> <span class='ocrx_word' id='word_1_994' title='bbox 3262 5655 3442 5724; x_wconf 82' lang='lat' dir='ltr'><strong>abest,</strong></span> 
     </span>
    </p>
   </div>
   <div class='ocr_carea' id='block_1_111' title="bbox 1850 5735 2615 5803">
    <p class='ocr_par' dir='ltr' id='par_1_111' title="bbox 1850 5735 2615 5803">
     <span class='ocr_line' id='line_1_117' title="bbox 1850 5735 2615 5803; baseline -0.018 0"><span class='ocrx_word' id='word_1_995' title='bbox 1850 5748 1903 5803; x_wconf 91' lang='lat' dir='ltr'><strong>in</strong></span> <span class='ocrx_word' id='word_1_996' title='bbox 1935 5740 2176 5800; x_wconf 88' lang='lat' dir='ltr'><strong>Palatino</strong></span> <span class='ocrx_word' id='word_1_997' title='bbox 2201 5752 2304 5794; x_wconf 89' lang='lat' dir='ltr'><strong>ms.</strong></span> <span class='ocrx_word' id='word_1_998' title='bbox 2336 5735 2615 5792; x_wconf 86' lang='lat' dir='ltr'><strong>retieetur.</strong></span> 
     </span>
    </p>
   </div>
  </div>
