  <div class='ocr_page' id='page_1' title='image "/cluster/home/n/w/nwhite01/storage/ocr_20150623/29/uva.x000826564/421.png"; bbox 0 0 3946 6198; ppageno 0'>
   <div class='ocr_carea' id='block_1_1' title="bbox 501 218 608 276">
    <p class='ocr_par' dir='ltr' id='par_1_1' title="bbox 501 218 608 276">
     <span class='ocr_line' id='line_1_1' title="bbox 501 218 608 276; baseline -0.019 0"><span class='ocrx_word' id='word_1_1' title='bbox 501 218 608 276; x_wconf 77' lang='lat'><strong>795</strong></span> 
     </span>
    </p>
   </div>
   <div class='ocr_carea' id='block_1_2' title="bbox 1503 212 2766 274">
    <p class='ocr_par' dir='ltr' id='par_1_2' title="bbox 1503 212 2766 274">
     <span class='ocr_line' id='line_1_2' title="bbox 1503 212 2766 274; baseline 0.001 -3"><span class='ocrx_word' id='word_1_2' title='bbox 1503 216 1562 274; x_wconf 68' lang='lat'><strong>8.</strong></span> <span class='ocrx_word' id='word_1_3' title='bbox 1606 213 1979 273; x_wconf 68' lang='lat' dir='ltr'><strong>HIEBONYMI</strong></span> <span class='ocrx_word' id='word_1_4' title='bbox 2020 213 2247 272; x_wconf 73' lang='lat' dir='ltr'><strong>Mva</strong></span> <span class='ocrx_word' id='word_1_5' title='bbox 2287 212 2766 274; x_wconf 74' lang='lat' dir='ltr'><strong>BIBLIO&#39;HIEC&#39;A.</strong></span> 
     </span>
    </p>
   </div>
   <div class='ocr_carea' id='block_1_3' title="bbox 3706 214 3802 272">
    <p class='ocr_par' dir='ltr' id='par_1_3' title="bbox 3706 214 3802 272">
     <span class='ocr_line' id='line_1_3' title="bbox 3706 214 3802 272; baseline 0 -2"><span class='ocrx_word' id='word_1_6' title='bbox 3706 214 3802 272; x_wconf 67' lang='grc' dir='ltr'><strong>τω</strong></span> 
     </span>
    </p>
   </div>
   <div class='ocr_carea' id='block_1_4' title="bbox 507 327 3801 402">
    <p class='ocr_par' dir='ltr' id='par_1_4' title="bbox 507 327 3801 402">
     <span class='ocr_line' id='line_1_4' title="bbox 507 327 3801 402; baseline -0.002 -10"><span class='ocrx_word' id='word_1_7' title='bbox 507 338 629 392; x_wconf 90' lang='lat' dir='ltr'><strong>citis</strong></span> <span class='ocrx_word' id='word_1_8' title='bbox 661 337 714 391; x_wconf 90' lang='lat' dir='ltr'><strong>in</strong></span> <span class='ocrx_word' id='word_1_9' title='bbox 744 350 934 392; x_wconf 90' lang='lat' dir='ltr'><strong>omnes</strong></span> <span class='ocrx_word' id='word_1_10' title='bbox 966 337 1163 391; x_wconf 85' lang='lat' dir='ltr'><strong>fratres</strong></span> <span class='ocrx_word' id='word_1_11' title='bbox 1194 336 1245 389; x_wconf 87' lang='lat' dir='ltr'><strong>in</strong></span> <span class='ocrx_word' id='word_1_12' title='bbox 1279 335 1532 389; x_wconf 85' lang='lat' dir='ltr'><strong>universa</strong></span> <span class='ocrx_word' id='word_1_13' title='bbox 1565 331 1897 387; x_wconf 75' lang='lat' dir='ltr'><strong>Macedonia.</strong></span> <span class='ocrx_word' id='word_1_14' title='bbox 1923 331 2102 402; x_wconf 80' lang='lat' dir='ltr'><strong>Roga-</strong></span> <span class='ocrx_word' id='word_1_15' title='bbox 2133 333 2184 392; x_wconf 79' lang='grc' dir='ltr'>Α</span> <span class='ocrx_word' id='word_1_16' title='bbox 2209 329 2527 385; x_wconf 87' lang='lat' dir='ltr'><strong>dormiunt:</strong></span> <span class='ocrx_word' id='word_1_17' title='bbox 2569 338 2625 386; x_wconf 90' lang='lat' dir='ltr'><strong>et</strong></span> <span class='ocrx_word' id='word_1_18' title='bbox 2650 330 2742 401; x_wconf 85' lang='lat' dir='ltr'><strong>qui</strong></span> <span class='ocrx_word' id='word_1_19' title='bbox 2774 327 2913 385; x_wconf 97' lang='lat' dir='ltr'><strong>ebrii</strong></span> <span class='ocrx_word' id='word_1_20' title='bbox 2943 336 3100 396; x_wconf 83' lang='lat' dir='ltr'><strong>sunt,</strong></span> <span class='ocrx_word' id='word_1_21' title='bbox 3147 337 3309 386; x_wconf 82' lang='lat' dir='ltr'><strong>nocte</strong></span> <span class='ocrx_word' id='word_1_22' title='bbox 3339 328 3480 388; x_wconf 81' lang='lat' dir='ltr'><strong>ebrii</strong></span> <span class='ocrx_word' id='word_1_23' title='bbox 3518 337 3670 386; x_wconf 85' lang='lat' dir='ltr'><strong>sunt.</strong></span> <span class='ocrx_word' id='word_1_24' title='bbox 3711 329 3801 386; x_wconf 77' lang='lat' dir='ltr'><strong>Nos</strong></span> 
     </span>
    </p>
   </div>
   <div class='ocr_carea' id='block_1_5' title="bbox 509 423 2104 495">
    <p class='ocr_par' dir='ltr' id='par_1_5' title="bbox 509 423 2104 495">
     <span class='ocr_line' id='line_1_5' title="bbox 509 423 2104 495; baseline -0.003 -12"><span class='ocrx_word' id='word_1_25' title='bbox 509 445 628 484; x_wconf 85' lang='lat' dir='ltr'><strong>mus</strong></span> <span class='ocrx_word' id='word_1_26' title='bbox 658 438 837 484; x_wconf 90' lang='lat' dir='ltr'><strong>autem</strong></span> <span class='ocrx_word' id='word_1_27' title='bbox 866 443 986 491; x_wconf 84' lang='lat' dir='ltr'><strong>vos,</strong></span> <span class='ocrx_word' id='word_1_28' title='bbox 1018 427 1234 490; x_wconf 83' lang='lat' dir='ltr'><strong>fratres,</strong></span> <span class='ocrx_word' id='word_1_29' title='bbox 1264 435 1324 480; x_wconf 91' lang='lat' dir='ltr'><strong>ut</strong></span> <span class='ocrx_word' id='word_1_30' title='bbox 1354 424 1641 481; x_wconf 88' lang='lat' dir='ltr'><strong>abundetis</strong></span> <span class='ocrx_word' id='word_1_31' title='bbox 1665 423 1859 495; x_wconf 90' lang='lat' dir='ltr'><strong>magis,</strong></span> <span class='ocrx_word' id='word_1_32' title='bbox 1891 433 1946 479; x_wconf 89' lang='lat' dir='ltr'><strong>et</strong></span> <span class='ocrx_word' id='word_1_33' title='bbox 1973 437 2104 493; x_wconf 87' lang='lat' dir='ltr'><strong>ope-</strong></span> 
     </span>
    </p>
   </div>
   <div class='ocr_carea' id='block_1_6' title="bbox 509 515 2104 590">
    <p class='ocr_par' dir='ltr' id='par_1_6' title="bbox 509 515 2104 590">
     <span class='ocr_line' id='line_1_6' title="bbox 509 515 2104 590; baseline -0.004 -13"><span class='ocrx_word' id='word_1_34' title='bbox 509 536 624 577; x_wconf 90' lang='lat' dir='ltr'><strong>ram</strong></span> <span class='ocrx_word' id='word_1_35' title='bbox 656 520 817 586; x_wconf 89' lang='lat' dir='ltr'><strong>detis,</strong></span> <span class='ocrx_word' id='word_1_36' title='bbox 843 528 900 575; x_wconf 92' lang='lat' dir='ltr'><strong>ut</strong></span> <span class='ocrx_word' id='word_1_37' title='bbox 946 519 1114 590; x_wconf 87' lang='lat' dir='ltr'><strong>quieti</strong></span> <span class='ocrx_word' id='word_1_38' title='bbox 1165 520 1308 584; x_wconf 81' lang='lat' dir='ltr'><strong>silis,</strong></span> <span class='ocrx_word' id='word_1_39' title='bbox 1341 528 1397 573; x_wconf 91' lang='lat' dir='ltr'><strong>et</strong></span> <span class='ocrx_word' id='word_1_40' title='bbox 1427 526 1485 573; x_wconf 84' lang='lat' dir='ltr'><strong>ut</strong></span> <span class='ocrx_word' id='word_1_41' title='bbox 1534 528 1774 571; x_wconf 87' lang='lat' dir='ltr'><strong>vestrum</strong></span> <span class='ocrx_word' id='word_1_42' title='bbox 1823 515 2104 587; x_wconf 77' lang='lat' dir='ltr'><strong>negotium</strong></span> 
     </span>
    </p>
   </div>
   <div class='ocr_carea' id='block_1_7' title="bbox 509 611 2112 685">
    <p class='ocr_par' dir='ltr' id='par_1_7' title="bbox 509 611 2112 685">
     <span class='ocr_line' id='line_1_7' title="bbox 509 611 2112 685; baseline -0.002 -15"><span class='ocrx_word' id='word_1_43' title='bbox 509 618 699 684; x_wconf 77' lang='lat' dir='ltr'><strong>agatis,</strong></span> <span class='ocrx_word' id='word_1_44' title='bbox 731 625 787 671; x_wconf 90' lang='lat' dir='ltr'><strong>et</strong></span> <span class='ocrx_word' id='word_1_45' title='bbox 817 615 1115 685; x_wconf 92' lang='lat' dir='ltr'><strong>operamini</strong></span> <span class='ocrx_word' id='word_1_46' title='bbox 1167 614 1419 669; x_wconf 91' lang='lat' dir='ltr'><strong>manibus</strong></span> <span class='ocrx_word' id='word_1_47' title='bbox 1457 614 1656 668; x_wconf 76' lang='lat' dir='ltr'><strong>vestris</strong></span> <span class='ocrx_word' id='word_1_48' title='bbox 1679 656 1694 680; x_wconf 89' lang='lat'><strong>,</strong></span> <span class='ocrx_word' id='word_1_49' title='bbox 1738 611 1877 666; x_wconf 90' lang='lat' dir='ltr'><strong>sicut</strong></span> <span class='ocrx_word' id='word_1_50' title='bbox 1907 624 2112 680; x_wconf 68' lang='lat' dir='ltr'><strong>praece-</strong></span> 
     </span>
    </p>
   </div>
   <div class='ocr_carea' id='block_1_8' title="bbox 513 703 2111 780">
    <p class='ocr_par' dir='ltr' id='par_1_8' title="bbox 513 703 2111 780">
     <span class='ocr_line' id='line_1_8' title="bbox 513 703 2111 780; baseline -0.001 -20"><span class='ocrx_word' id='word_1_51' title='bbox 513 712 688 780; x_wconf 86' lang='lat' dir='ltr'><strong>pimus</strong></span> <span class='ocrx_word' id='word_1_52' title='bbox 722 709 896 774; x_wconf 82' lang='lat' dir='ltr'><strong>vobis,</strong></span> <span class='ocrx_word' id='word_1_53' title='bbox 921 717 975 763; x_wconf 91' lang='lat' dir='ltr'><strong>et</strong></span> <span class='ocrx_word' id='word_1_54' title='bbox 1003 716 1060 761; x_wconf 92' lang='lat' dir='ltr'><strong>ut</strong></span> <span class='ocrx_word' id='word_1_55' title='bbox 1089 708 1314 762; x_wconf 78' lang='lat' dir='ltr'><strong>honeste</strong></span> <span class='ocrx_word' id='word_1_56' title='bbox 1335 705 1626 762; x_wconf 89' lang='lat' dir='ltr'><strong>ambuletis</strong></span> <span class='ocrx_word' id='word_1_57' title='bbox 1656 705 1722 758; x_wconf 88' lang='lat' dir='ltr'><strong>ad</strong></span> <span class='ocrx_word' id='word_1_58' title='bbox 1741 718 1836 758; x_wconf 88' lang='lat' dir='ltr'><strong>eos</strong></span> <span class='ocrx_word' id='word_1_59' title='bbox 1863 704 1953 774; x_wconf 85' lang='lat' dir='ltr'><strong>qui</strong></span> <span class='ocrx_word' id='word_1_60' title='bbox 1979 703 2111 758; x_wconf 88' lang='lat' dir='ltr'><strong>l&#39;oris</strong></span> 
     </span>
    </p>
   </div>
   <div class='ocr_carea' id='block_1_9' title="bbox 517 797 2107 868">
    <p class='ocr_par' dir='ltr' id='par_1_9' title="bbox 517 797 2107 868">
     <span class='ocr_line' id='line_1_9' title="bbox 517 797 2107 868; baseline -0.003 -14"><span class='ocrx_word' id='word_1_61' title='bbox 517 809 643 855; x_wconf 90' lang='lat' dir='ltr'><strong>sunt</strong></span> <span class='ocrx_word' id='word_1_62' title='bbox 677 817 689 851; x_wconf 92' lang='lat'>:</span> <span class='ocrx_word' id='word_1_63' title='bbox 721 809 774 854; x_wconf 90' lang='lat' dir='ltr'><strong>et</strong></span> <span class='ocrx_word' id='word_1_64' title='bbox 811 800 1009 853; x_wconf 84' lang='lat' dir='ltr'><strong>nullius</strong></span> <span class='ocrx_word' id='word_1_65' title='bbox 1034 797 1234 868; x_wconf 88' lang='lat' dir='ltr'><strong>aliquid</strong></span> <span class='ocrx_word' id='word_1_66' title='bbox 1265 797 1612 854; x_wconf 89' lang='lat' dir='ltr'><strong>desideratis.</strong></span> <span class='ocrx_word' id='word_1_67' title='bbox 1639 797 1898 851; x_wconf 86' lang='lat' dir='ltr'><strong>Nolumus</strong></span> <span class='ocrx_word' id='word_1_68' title='bbox 1927 804 2107 850; x_wconf 87' lang='lat' dir='ltr'><strong>autem</strong></span> 
     </span>
    </p>
   </div>
   <div class='ocr_carea' id='block_1_10' title="bbox 512 889 2111 961">
    <p class='ocr_par' dir='ltr' id='par_1_10' title="bbox 512 889 2111 961">
     <span class='ocr_line' id='line_1_10' title="bbox 512 889 2111 961; baseline -0.003 -15"><span class='ocrx_word' id='word_1_69' title='bbox 512 906 607 946; x_wconf 85' lang='lat' dir='ltr'><strong>vos</strong></span> <span class='ocrx_word' id='word_1_70' title='bbox 629 891 908 961; x_wconf 87' lang='lat' dir='ltr'><strong>ignorare,</strong></span> <span class='ocrx_word' id='word_1_71' title='bbox 940 889 1159 956; x_wconf 91' lang='lat' dir='ltr'><strong>fratres,</strong></span> <span class='ocrx_word' id='word_1_72' title='bbox 1186 891 1253 945; x_wconf 90' lang='lat' dir='ltr'><strong>de</strong></span> <span class='ocrx_word' id='word_1_73' title='bbox 1283 889 1699 955; x_wconf 86' lang='lat' dir='ltr'><strong>dormientibus,</strong></span> <span class='ocrx_word' id='word_1_74' title='bbox 1746 900 1801 942; x_wconf 91' lang='lat' dir='ltr'><strong>ut</strong></span> <span class='ocrx_word' id='word_1_75' title='bbox 1841 902 1948 944; x_wconf 90' lang='lat' dir='ltr'><strong>non</strong></span> <span class='ocrx_word' id='word_1_76' title='bbox 1979 902 2111 942; x_wconf 90' lang='lat' dir='ltr'><strong>con—</strong></span> 
     </span>
    </p>
   </div>
   <div class='ocr_carea' id='block_1_11' title="bbox 513 977 2108 1052">
    <p class='ocr_par' dir='ltr' id='par_1_11' title="bbox 513 977 2108 1052">
     <span class='ocr_line' id='line_1_11' title="bbox 513 977 2108 1052; baseline -0.003 -14"><span class='ocrx_word' id='word_1_77' title='bbox 513 983 822 1048; x_wconf 89' lang='lat' dir='ltr'><strong>tristemini,</strong></span> <span class='ocrx_word' id='word_1_78' title='bbox 853 983 994 1038; x_wconf 87' lang='lat' dir='ltr'><strong>sicut</strong></span> <span class='ocrx_word' id='word_1_79' title='bbox 1023 991 1079 1037; x_wconf 91' lang='lat' dir='ltr'><strong>et</strong></span> <span class='ocrx_word' id='word_1_80' title='bbox 1123 983 1306 1037; x_wconf 64' lang='lat' dir='ltr'><strong>caeteri</strong></span> <span class='ocrx_word' id='word_1_81' title='bbox 1345 981 1437 1052; x_wconf 89' lang='lat' dir='ltr'><strong>qui</strong></span> <span class='ocrx_word' id='word_1_82' title='bbox 1474 997 1625 1051; x_wconf 85' lang='lat' dir='ltr'><strong>spem</strong></span> <span class='ocrx_word' id='word_1_83' title='bbox 1659 995 1769 1036; x_wconf 89' lang='lat' dir='ltr'><strong>non</strong></span> <span class='ocrx_word' id='word_1_84' title='bbox 1799 979 2025 1036; x_wconf 88' lang='lat' dir='ltr'><strong>habent.</strong></span> <span class='ocrx_word' id='word_1_85' title='bbox 2054 977 2108 1034; x_wconf 92' lang='lat' dir='ltr'><strong>Si</strong></span> 
     </span>
    </p>
   </div>
   <div class='ocr_carea' id='block_1_12' title="bbox 517 1076 2106 1146">
    <p class='ocr_par' dir='ltr' id='par_1_12' title="bbox 517 1076 2106 1146">
     <span class='ocr_line' id='line_1_12' title="bbox 517 1076 2106 1146; baseline -0.003 -14"><span class='ocrx_word' id='word_1_86' title='bbox 517 1079 660 1132; x_wconf 89' lang='lat' dir='ltr'><strong>enim</strong></span> <span class='ocrx_word' id='word_1_87' title='bbox 709 1077 982 1132; x_wconf 88' lang='lat' dir='ltr'><strong>credimus</strong></span> <span class='ocrx_word' id='word_1_88' title='bbox 1031 1076 1178 1146; x_wconf 90' lang='lat' dir='ltr'><strong>quod</strong></span> <span class='ocrx_word' id='word_1_89' title='bbox 1221 1077 1382 1131; x_wconf 83' lang='lat' dir='ltr'><strong>Jesus</strong></span> <span class='ocrx_word' id='word_1_90' title='bbox 1428 1085 1672 1130; x_wconf 90' lang='lat' dir='ltr'><strong>mortuus</strong></span> <span class='ocrx_word' id='word_1_91' title='bbox 1702 1082 1808 1138; x_wconf 86' lang='lat' dir='ltr'><strong>est,</strong></span> <span class='ocrx_word' id='word_1_92' title='bbox 1840 1083 1896 1129; x_wconf 91' lang='lat' dir='ltr'><strong>et</strong></span> <span class='ocrx_word' id='word_1_93' title='bbox 1925 1088 2106 1128; x_wconf 90' lang='lat' dir='ltr'><strong>resur-</strong></span> 
     </span>
    </p>
   </div>
   <div class='ocr_carea' id='block_1_13' title="bbox 513 1164 2108 1235">
    <p class='ocr_par' dir='ltr' id='par_1_13' title="bbox 513 1164 2108 1235">
     <span class='ocr_line' id='line_1_13' title="bbox 513 1164 2108 1235; baseline -0.004 -10"><span class='ocrx_word' id='word_1_94' title='bbox 513 1169 654 1225; x_wconf 83' lang='lat' dir='ltr'><strong>rexit</strong></span> <span class='ocrx_word' id='word_1_95' title='bbox 685 1185 698 1221; x_wconf 93' lang='lat'><strong>:</strong></span> <span class='ocrx_word' id='word_1_96' title='bbox 733 1169 805 1222; x_wconf 87' lang='lat' dir='ltr'><strong>ita</strong></span> <span class='ocrx_word' id='word_1_97' title='bbox 838 1176 894 1222; x_wconf 83' lang='lat' dir='ltr'><strong>et</strong></span> <span class='ocrx_word' id='word_1_98' title='bbox 932 1168 1075 1222; x_wconf 91' lang='lat' dir='ltr'><strong>Deus</strong></span> <span class='ocrx_word' id='word_1_99' title='bbox 1119 1182 1215 1222; x_wconf 88' lang='lat' dir='ltr'><strong>eos</strong></span> <span class='ocrx_word' id='word_1_100' title='bbox 1262 1167 1353 1235; x_wconf 87' lang='lat' dir='ltr'><strong>qui</strong></span> <span class='ocrx_word' id='word_1_101' title='bbox 1407 1165 1745 1222; x_wconf 87' lang='lat' dir='ltr'><strong>dormierunt</strong></span> <span class='ocrx_word' id='word_1_102' title='bbox 1783 1181 1879 1234; x_wconf 88' lang='lat' dir='ltr'><strong>per</strong></span> <span class='ocrx_word' id='word_1_103' title='bbox 1901 1164 2108 1232; x_wconf 88' lang='lat' dir='ltr'><strong>Jesum,</strong></span> 
     </span>
    </p>
   </div>
   <div class='ocr_carea' id='block_1_14' title="bbox 513 1257 2114 1315">
    <p class='ocr_par' dir='ltr' id='par_1_14' title="bbox 513 1257 2114 1315">
     <span class='ocr_line' id='line_1_14' title="bbox 513 1257 2114 1315; baseline 0 -1"><span class='ocrx_word' id='word_1_104' title='bbox 513 1260 746 1315; x_wconf 81' lang='lat' dir='ltr'><strong>adducet</strong></span> <span class='ocrx_word' id='word_1_105' title='bbox 778 1274 902 1313; x_wconf 92' lang='lat' dir='ltr'><strong>cum</strong></span> <span class='ocrx_word' id='word_1_106' title='bbox 943 1273 1030 1314; x_wconf 88' lang='lat' dir='ltr'><strong>eo.</strong></span> <span class='ocrx_word' id='word_1_107' title='bbox 1066 1258 1178 1313; x_wconf 85' lang='lat' dir='ltr'><strong>Hoc</strong></span> <span class='ocrx_word' id='word_1_108' title='bbox 1205 1259 1347 1313; x_wconf 87' lang='lat' dir='ltr'><strong>enim</strong></span> <span class='ocrx_word' id='word_1_109' title='bbox 1392 1259 1547 1314; x_wconf 83' lang='lat' dir='ltr'><strong>vobis</strong></span> <span class='ocrx_word' id='word_1_110' title='bbox 1587 1258 1819 1315; x_wconf 88' lang='lat' dir='ltr'><strong>dicimus</strong></span> <span class='ocrx_word' id='word_1_111' title='bbox 1850 1257 1905 1311; x_wconf 88' lang='lat' dir='ltr'><strong>in</strong></span> <span class='ocrx_word' id='word_1_112' title='bbox 1943 1257 2114 1314; x_wconf 86' lang='lat' dir='ltr'><strong>verbo</strong></span> 
     </span>
    </p>
   </div>
   <div class='ocr_carea' id='block_1_15' title="bbox 516 1349 2114 1422">
    <p class='ocr_par' dir='ltr' id='par_1_15' title="bbox 516 1349 2114 1422">
     <span class='ocr_line' id='line_1_15' title="bbox 516 1349 2114 1422; baseline -0.003 -13"><span class='ocrx_word' id='word_1_113' title='bbox 516 1353 751 1418; x_wconf 82' lang='lat' dir='ltr'><strong>Domini,</strong></span> <span class='ocrx_word' id='word_1_114' title='bbox 783 1352 907 1422; x_wconf 89' lang='lat' dir='ltr'><strong>quia</strong></span> <span class='ocrx_word' id='word_1_115' title='bbox 949 1367 1066 1418; x_wconf 86' lang='lat' dir='ltr'><strong>nos,</strong></span> <span class='ocrx_word' id='word_1_116' title='bbox 1120 1349 1213 1420; x_wconf 88' lang='lat' dir='ltr'><strong>qui</strong></span> <span class='ocrx_word' id='word_1_117' title='bbox 1261 1351 1510 1418; x_wconf 83' lang='lat' dir='ltr'><strong>vivimus,</strong></span> <span class='ocrx_word' id='word_1_118' title='bbox 1543 1349 1635 1421; x_wconf 87' lang='lat' dir='ltr'><strong>qui</strong></span> <span class='ocrx_word' id='word_1_119' title='bbox 1674 1349 1876 1406; x_wconf 84' lang='lat' dir='ltr'><strong>residui</strong></span> <span class='ocrx_word' id='word_1_120' title='bbox 1927 1363 2114 1404; x_wconf 87' lang='lat' dir='ltr'><strong>sumus</strong></span> 
     </span>
    </p>
   </div>
   <div class='ocr_carea' id='block_1_16' title="bbox 515 1442 2112 1512">
    <p class='ocr_par' dir='ltr' id='par_1_16' title="bbox 515 1442 2112 1512">
     <span class='ocr_line' id='line_1_16' title="bbox 515 1442 2112 1512; baseline -0.001 -14"><span class='ocrx_word' id='word_1_121' title='bbox 515 1448 567 1500; x_wconf 91' lang='lat' dir='ltr'><strong>in</strong></span> <span class='ocrx_word' id='word_1_122' title='bbox 621 1444 912 1500; x_wconf 87' lang='lat' dir='ltr'><strong>adventum</strong></span> <span class='ocrx_word' id='word_1_123' title='bbox 968 1443 1207 1511; x_wconf 89' lang='lat' dir='ltr'><strong>Domini,</strong></span> <span class='ocrx_word' id='word_1_124' title='bbox 1263 1457 1370 1497; x_wconf 90' lang='lat' dir='ltr'><strong>non</strong></span> <span class='ocrx_word' id='word_1_125' title='bbox 1423 1442 1817 1512; x_wconf 76' lang='lat' dir='ltr'><strong>praeveniamus</strong></span> <span class='ocrx_word' id='word_1_126' title='bbox 1866 1455 1982 1506; x_wconf 91' lang='lat' dir='ltr'><strong>eos,</strong></span> <span class='ocrx_word' id='word_1_127' title='bbox 2022 1444 2112 1510; x_wconf 89' lang='lat' dir='ltr'><strong>qui</strong></span> 
     </span>
    </p>
   </div>
   <div class='ocr_carea' id='block_1_17' title="bbox 515 1533 2112 1605">
    <p class='ocr_par' dir='ltr' id='par_1_17' title="bbox 515 1533 2112 1605">
     <span class='ocr_line' id='line_1_17' title="bbox 515 1533 2112 1605; baseline -0.002 -12"><span class='ocrx_word' id='word_1_128' title='bbox 515 1539 876 1594; x_wconf 86' lang='lat' dir='ltr'><strong>dormierunt.</strong></span> <span class='ocrx_word' id='word_1_129' title='bbox 925 1536 1190 1603; x_wconf 85' lang='lat' dir='ltr'><strong>Quoniam</strong></span> <span class='ocrx_word' id='word_1_130' title='bbox 1238 1535 1356 1605; x_wconf 86' lang='lat' dir='ltr'><strong>ipse</strong></span> <span class='ocrx_word' id='word_1_131' title='bbox 1403 1535 1660 1590; x_wconf 90' lang='lat' dir='ltr'><strong>Dominus</strong></span> <span class='ocrx_word' id='word_1_132' title='bbox 1688 1536 1740 1590; x_wconf 91' lang='lat' dir='ltr'><strong>in</strong></span> <span class='ocrx_word' id='word_1_133' title='bbox 1768 1533 1947 1603; x_wconf 84' lang='lat' dir='ltr'><strong>jussu,</strong></span> <span class='ocrx_word' id='word_1_134' title='bbox 1975 1535 2112 1590; x_wconf 88' lang='lat' dir='ltr'><strong>etin</strong></span> 
     </span>
    </p>
   </div>
   <div class='ocr_carea' id='block_1_18' title="bbox 517 1627 2111 1699">
    <p class='ocr_par' dir='ltr' id='par_1_18' title="bbox 517 1627 2111 1699">
     <span class='ocr_line' id='line_1_18' title="bbox 517 1627 2111 1699; baseline -0.003 -15"><span class='ocrx_word' id='word_1_135' title='bbox 517 1645 652 1686; x_wconf 90' lang='lat' dir='ltr'><strong>voce</strong></span> <span class='ocrx_word' id='word_1_136' title='bbox 684 1629 1028 1699; x_wconf 85' lang='lat' dir='ltr'><strong>Archangeli,</strong></span> <span class='ocrx_word' id='word_1_137' title='bbox 1055 1638 1110 1683; x_wconf 89' lang='lat' dir='ltr'><strong>et</strong></span> <span class='ocrx_word' id='word_1_138' title='bbox 1140 1628 1194 1682; x_wconf 93' lang='lat' dir='ltr'><strong>in</strong></span> <span class='ocrx_word' id='word_1_139' title='bbox 1226 1629 1354 1682; x_wconf 89' lang='lat' dir='ltr'><strong>tuba</strong></span> <span class='ocrx_word' id='word_1_140' title='bbox 1384 1628 1477 1684; x_wconf 88' lang='lat' dir='ltr'><strong>Dei</strong></span> <span class='ocrx_word' id='word_1_141' title='bbox 1508 1627 1804 1688; x_wconf 81' lang='lat' dir='ltr'><strong>descendet</strong></span> <span class='ocrx_word' id='word_1_142' title='bbox 1832 1627 1899 1682; x_wconf 88' lang='lat' dir='ltr'><strong>de</strong></span> <span class='ocrx_word' id='word_1_143' title='bbox 1925 1627 2065 1682; x_wconf 87' lang='lat' dir='ltr'><strong>coelo</strong></span> <span class='ocrx_word' id='word_1_144' title='bbox 2095 1644 2111 1686; x_wconf 69' lang='grc' dir='ltr'>ε</span> 
     </span>
    </p>
   </div>
   <div class='ocr_carea' id='block_1_19' title="bbox 2210 423 3799 496">
    <p class='ocr_par' dir='ltr' id='par_1_19' title="bbox 2210 423 3799 496">
     <span class='ocr_line' id='line_1_19' title="bbox 2210 423 3799 496; baseline 0.001 -17"><span class='ocrx_word' id='word_1_145' title='bbox 2210 436 2416 493; x_wconf 89' lang='lat' dir='ltr'><strong>autem,</strong></span> <span class='ocrx_word' id='word_1_146' title='bbox 2447 425 2540 496; x_wconf 89' lang='lat' dir='ltr'><strong>qui</strong></span> <span class='ocrx_word' id='word_1_147' title='bbox 2571 424 2680 480; x_wconf 89' lang='lat' dir='ltr'><strong>diei</strong></span> <span class='ocrx_word' id='word_1_148' title='bbox 2705 439 2914 493; x_wconf 90' lang='lat' dir='ltr'><strong>sumus,</strong></span> <span class='ocrx_word' id='word_1_149' title='bbox 2949 423 3114 479; x_wconf 89' lang='lat' dir='ltr'><strong>sobrii</strong></span> <span class='ocrx_word' id='word_1_150' title='bbox 3144 424 3342 494; x_wconf 87' lang='lat' dir='ltr'><strong>simus,</strong></span> <span class='ocrx_word' id='word_1_151' title='bbox 3384 423 3571 479; x_wconf 88' lang='lat' dir='ltr'><strong>induti</strong></span> <span class='ocrx_word' id='word_1_152' title='bbox 3599 423 3799 482; x_wconf 78' lang='lat' dir='ltr'><strong>loricam</strong></span> 
     </span>
    </p>
   </div>
   <div class='ocr_carea' id='block_1_20' title="bbox 2211 517 3800 590">
    <p class='ocr_par' dir='ltr' id='par_1_20' title="bbox 2211 517 3800 590">
     <span class='ocr_line' id='line_1_20' title="bbox 2211 517 3800 590; baseline 0 -16"><span class='ocrx_word' id='word_1_153' title='bbox 2211 518 2359 590; x_wconf 91' lang='lat' dir='ltr'><strong>ﬁdei,</strong></span> <span class='ocrx_word' id='word_1_154' title='bbox 2392 528 2449 574; x_wconf 92' lang='lat' dir='ltr'><strong>et</strong></span> <span class='ocrx_word' id='word_1_155' title='bbox 2473 519 2776 583; x_wconf 86' lang='lat' dir='ltr'><strong>charitatis,</strong></span> <span class='ocrx_word' id='word_1_156' title='bbox 2810 526 2866 573; x_wconf 89' lang='lat' dir='ltr'><strong>et</strong></span> <span class='ocrx_word' id='word_1_157' title='bbox 2886 517 3094 588; x_wconf 91' lang='lat' dir='ltr'><strong>galeam</strong></span> <span class='ocrx_word' id='word_1_158' title='bbox 3115 531 3265 586; x_wconf 89' lang='lat' dir='ltr'><strong>spem</strong></span> <span class='ocrx_word' id='word_1_159' title='bbox 3294 517 3493 573; x_wconf 88' lang='lat' dir='ltr'><strong>salutis</strong></span> <span class='ocrx_word' id='word_1_160' title='bbox 3522 535 3535 569; x_wconf 93' lang='lat'>:</span> <span class='ocrx_word' id='word_1_161' title='bbox 3568 517 3800 588; x_wconf 81' lang='lat' dir='ltr'><strong>quoniam</strong></span> 
     </span>
    </p>
   </div>
   <div class='ocr_carea' id='block_1_21' title="bbox 2214 607 3800 679">
    <p class='ocr_par' dir='ltr' id='par_1_21' title="bbox 2214 607 3800 679">
     <span class='ocr_line' id='line_1_21' title="bbox 2214 607 3800 679; baseline -0.003 -13"><span class='ocrx_word' id='word_1_162' title='bbox 2214 626 2324 666; x_wconf 92' lang='lat' dir='ltr'><strong>non</strong></span> <span class='ocrx_word' id='word_1_163' title='bbox 2354 610 2534 679; x_wconf 84' lang='lat' dir='ltr'><strong>posuit</strong></span> <span class='ocrx_word' id='word_1_164' title='bbox 2562 624 2664 665; x_wconf 81' lang='lat' dir='ltr'><strong>nos</strong></span> <span class='ocrx_word' id='word_1_165' title='bbox 2693 609 2837 665; x_wconf 87' lang='lat' dir='ltr'><strong>Deus</strong></span> <span class='ocrx_word' id='word_1_166' title='bbox 2868 609 2918 662; x_wconf 91' lang='lat' dir='ltr'><strong>in</strong></span> <span class='ocrx_word' id='word_1_167' title='bbox 2952 608 3086 666; x_wconf 90' lang='lat' dir='ltr'><strong>iram</strong></span> <span class='ocrx_word' id='word_1_168' title='bbox 3107 648 3122 674; x_wconf 94' lang='lat'><strong>,</strong></span> <span class='ocrx_word' id='word_1_169' title='bbox 3167 607 3263 663; x_wconf 91' lang='lat' dir='ltr'><strong>sed</strong></span> <span class='ocrx_word' id='word_1_170' title='bbox 3296 608 3350 663; x_wconf 92' lang='lat' dir='ltr'><strong>in</strong></span> <span class='ocrx_word' id='word_1_171' title='bbox 3396 607 3800 678; x_wconf 81' lang='lat' dir='ltr'><strong>acquisitionem</strong></span> 
     </span>
    </p>
   </div>
   <div class='ocr_carea' id='block_1_22' title="bbox 2212 699 3802 774">
    <p class='ocr_par' dir='ltr' id='par_1_22' title="bbox 2212 699 3802 774">
     <span class='ocr_line' id='line_1_22' title="bbox 2212 699 3802 774; baseline -0.001 -15"><span class='ocrx_word' id='word_1_172' title='bbox 2212 703 2406 759; x_wconf 88' lang='lat' dir='ltr'><strong>salutis</strong></span> <span class='ocrx_word' id='word_1_173' title='bbox 2435 718 2534 774; x_wconf 88' lang='lat' dir='ltr'><strong>per</strong></span> <span class='ocrx_word' id='word_1_174' title='bbox 2564 703 2851 759; x_wconf 91' lang='lat' dir='ltr'><strong>Dominum</strong></span> <span class='ocrx_word' id='word_1_175' title='bbox 2874 711 3120 758; x_wconf 89' lang='lat' dir='ltr'><strong>nostrum</strong></span> <span class='ocrx_word' id='word_1_176' title='bbox 3142 699 3329 756; x_wconf 81' lang='lat' dir='ltr'><strong>Jesum</strong></span> <span class='ocrx_word' id='word_1_177' title='bbox 3359 700 3643 757; x_wconf 85' lang='lat' dir='ltr'><strong>Christum</strong></span> <span class='ocrx_word' id='word_1_178' title='bbox 3669 745 3683 768; x_wconf 90' lang='lat'><strong>,</strong></span> <span class='ocrx_word' id='word_1_179' title='bbox 3725 703 3802 769; x_wconf 87' lang='lat' dir='ltr'><strong>qui</strong></span> 
     </span>
    </p>
   </div>
   <div class='ocr_carea' id='block_1_23' title="bbox 2214 796 3800 866">
    <p class='ocr_par' dir='ltr' id='par_1_23' title="bbox 2214 796 3800 866">
     <span class='ocr_line' id='line_1_23' title="bbox 2214 796 3800 866; baseline 0 -14"><span class='ocrx_word' id='word_1_180' title='bbox 2214 806 2462 852; x_wconf 89' lang='lat' dir='ltr'><strong>mortuus</strong></span> <span class='ocrx_word' id='word_1_181' title='bbox 2493 805 2576 852; x_wconf 91' lang='lat' dir='ltr'><strong>est</strong></span> <span class='ocrx_word' id='word_1_182' title='bbox 2605 811 2701 864; x_wconf 89' lang='lat' dir='ltr'><strong>pro</strong></span> <span class='ocrx_word' id='word_1_183' title='bbox 2728 797 2912 852; x_wconf 88' lang='lat' dir='ltr'><strong>nobis:</strong></span> <span class='ocrx_word' id='word_1_184' title='bbox 2948 806 3007 851; x_wconf 94' lang='lat' dir='ltr'><strong>ut</strong></span> <span class='ocrx_word' id='word_1_185' title='bbox 3035 797 3155 852; x_wconf 83' lang='lat' dir='ltr'><strong>sive</strong></span> <span class='ocrx_word' id='word_1_186' title='bbox 3183 796 3475 866; x_wconf 78' lang='lat' dir='ltr'><strong>vigilemus</strong></span> <span class='ocrx_word' id='word_1_187' title='bbox 3495 839 3510 862; x_wconf 86' lang='lat'><em>.</em></span> <span class='ocrx_word' id='word_1_188' title='bbox 3553 797 3668 852; x_wconf 85' lang='lat' dir='ltr'><strong>sive</strong></span> <span class='ocrx_word' id='word_1_189' title='bbox 3693 796 3800 854; x_wconf 82' lang='lat' dir='ltr'><strong>dor-</strong></span> 
     </span>
    </p>
   </div>
   <div class='ocr_carea' id='block_1_24' title="bbox 2213 888 3801 959">
    <p class='ocr_par' dir='ltr' id='par_1_24' title="bbox 2213 888 3801 959">
     <span class='ocr_line' id='line_1_24' title="bbox 2213 888 3801 959; baseline -0.001 -14"><span class='ocrx_word' id='word_1_190' title='bbox 2213 889 2466 956; x_wconf 90' lang='lat' dir='ltr'><strong>miamus,</strong></span> <span class='ocrx_word' id='word_1_191' title='bbox 2493 888 2656 944; x_wconf 90' lang='lat' dir='ltr'><strong>simul</strong></span> <span class='ocrx_word' id='word_1_192' title='bbox 2687 903 2810 944; x_wconf 92' lang='lat' dir='ltr'><strong>cum</strong></span> <span class='ocrx_word' id='word_1_193' title='bbox 2840 889 2932 944; x_wconf 92' lang='lat' dir='ltr'><strong>illo</strong></span> <span class='ocrx_word' id='word_1_194' title='bbox 2955 891 3226 944; x_wconf 85' lang='lat' dir='ltr'><strong>vivamus.</strong></span> <span class='ocrx_word' id='word_1_195' title='bbox 3261 889 3498 958; x_wconf 84' lang='lat' dir='ltr'><strong>Propter</strong></span> <span class='ocrx_word' id='word_1_196' title='bbox 3522 889 3666 959; x_wconf 85' lang='lat' dir='ltr'><strong>quod</strong></span> <span class='ocrx_word' id='word_1_197' title='bbox 3687 903 3801 944; x_wconf 72' lang='grc' dir='ltr'><strong>ωει-</strong></span> 
     </span>
    </p>
   </div>
   <div class='ocr_carea' id='block_1_25' title="bbox 2213 968 3800 1050">
    <p class='ocr_par' dir='ltr' id='par_1_25' title="bbox 2213 968 3800 1050">
     <span class='ocr_line' id='line_1_25' title="bbox 2213 968 3800 1050; baseline 0.001 -13"><span class='ocrx_word' id='word_1_198' title='bbox 2213 984 2461 1038; x_wconf 89' lang='lat' dir='ltr'><strong>solamini</strong></span> <span class='ocrx_word' id='word_1_199' title='bbox 2495 983 2725 1038; x_wconf 89' lang='lat' dir='ltr'><strong>invicem</strong></span> <span class='ocrx_word' id='word_1_200' title='bbox 2745 1022 2760 1044; x_wconf 90' lang='lat'><strong>.</strong></span> <span class='ocrx_word' id='word_1_201' title='bbox 2800 993 2853 1038; x_wconf 89' lang='lat' dir='ltr'><strong>et</strong></span> <span class='ocrx_word' id='word_1_202' title='bbox 2885 981 3150 1038; x_wconf 68' lang='lat' dir='ltr'><strong>aedificata</strong></span> <span class='ocrx_word' id='word_1_203' title='bbox 3182 968 3504 1038; x_wconf 81' lang='lat' dir='ltr'><strong>alterutrum</strong></span> <span class='ocrx_word' id='word_1_204' title='bbox 3531 1025 3548 1050; x_wconf 83' lang='lat'><strong>,</strong></span> <span class='ocrx_word' id='word_1_205' title='bbox 3597 983 3734 1038; x_wconf 84' lang='lat' dir='ltr'><strong>sicut</strong></span> <span class='ocrx_word' id='word_1_206' title='bbox 3753 993 3800 1040; x_wconf 88' lang='lat' dir='ltr'><strong>et</strong></span> 
     </span>
    </p>
   </div>
   <div class='ocr_carea' id='block_1_26' title="bbox 2215 1073 3798 1144">
    <p class='ocr_par' dir='ltr' id='par_1_26' title="bbox 2215 1073 3798 1144">
     <span class='ocr_line' id='line_1_26' title="bbox 2215 1073 3798 1144; baseline 0.001 -14"><span class='ocrx_word' id='word_1_207' title='bbox 2215 1075 2415 1130; x_wconf 89' lang='lat' dir='ltr'><strong>facitis.</strong></span> <span class='ocrx_word' id='word_1_208' title='bbox 2430 1073 2717 1144; x_wconf 65' lang='lat' dir='ltr'><strong>Rogamus</strong></span> <span class='ocrx_word' id='word_1_209' title='bbox 2740 1083 2921 1129; x_wconf 92' lang='lat' dir='ltr'><strong>autem</strong></span> <span class='ocrx_word' id='word_1_210' title='bbox 2946 1088 3066 1140; x_wconf 88' lang='lat' dir='ltr'><strong>vos,</strong></span> <span class='ocrx_word' id='word_1_211' title='bbox 3091 1074 3306 1140; x_wconf 81' lang='lat' dir='ltr'><strong>fratres,</strong></span> <span class='ocrx_word' id='word_1_212' title='bbox 3334 1083 3394 1128; x_wconf 91' lang='lat' dir='ltr'><strong>ut</strong></span> <span class='ocrx_word' id='word_1_213' title='bbox 3415 1073 3676 1130; x_wconf 85' lang='lat' dir='ltr'><strong>noveritis</strong></span> <span class='ocrx_word' id='word_1_214' title='bbox 3694 1089 3798 1142; x_wconf 83' lang='lat' dir='ltr'><strong>eos,</strong></span> 
     </span>
    </p>
   </div>
   <div class='ocr_carea' id='block_1_27' title="bbox 2217 1167 3796 1239">
    <p class='ocr_par' dir='ltr' id='par_1_27' title="bbox 2217 1167 3796 1239">
     <span class='ocr_line' id='line_1_27' title="bbox 2217 1167 3796 1239; baseline 0.001 -17"><span class='ocrx_word' id='word_1_215' title='bbox 2217 1168 2308 1239; x_wconf 90' lang='lat' dir='ltr'><strong>qui</strong></span> <span class='ocrx_word' id='word_1_216' title='bbox 2337 1168 2588 1224; x_wconf 83' lang='lat' dir='ltr'><strong>laborant</strong></span> <span class='ocrx_word' id='word_1_217' title='bbox 2613 1167 2755 1224; x_wconf 88' lang='lat' dir='ltr'><strong>inter</strong></span> <span class='ocrx_word' id='word_1_218' title='bbox 2784 1182 2899 1233; x_wconf 92' lang='lat' dir='ltr'><strong>vos,</strong></span> <span class='ocrx_word' id='word_1_219' title='bbox 2931 1176 2989 1223; x_wconf 92' lang='lat' dir='ltr'><strong>et</strong></span> <span class='ocrx_word' id='word_1_220' title='bbox 3017 1176 3263 1237; x_wconf 84' lang='lat' dir='ltr'><strong>praesunt</strong></span> <span class='ocrx_word' id='word_1_221' title='bbox 3295 1167 3452 1222; x_wconf 84' lang='lat' dir='ltr'><strong>vobis</strong></span> <span class='ocrx_word' id='word_1_222' title='bbox 3479 1169 3530 1222; x_wconf 90' lang='lat' dir='ltr'><strong>in</strong></span> <span class='ocrx_word' id='word_1_223' title='bbox 3563 1167 3796 1237; x_wconf 89' lang='lat' dir='ltr'><strong>Domino,</strong></span> 
     </span>
    </p>
   </div>
   <div class='ocr_carea' id='block_1_28' title="bbox 2217 1259 3794 1326">
    <p class='ocr_par' dir='ltr' id='par_1_28' title="bbox 2217 1259 3794 1326">
     <span class='ocr_line' id='line_1_28' title="bbox 2217 1259 3794 1326; baseline 0.001 -12"><span class='ocrx_word' id='word_1_224' title='bbox 2217 1270 2271 1315; x_wconf 87' lang='lat' dir='ltr'><strong>et</strong></span> <span class='ocrx_word' id='word_1_225' title='bbox 2299 1267 2526 1315; x_wconf 90' lang='lat' dir='ltr'><strong>monent</strong></span> <span class='ocrx_word' id='word_1_226' title='bbox 2554 1274 2671 1326; x_wconf 91' lang='lat' dir='ltr'><strong>vos,</strong></span> <span class='ocrx_word' id='word_1_227' title='bbox 2702 1269 2762 1314; x_wconf 93' lang='lat' dir='ltr'><strong>ut</strong></span> <span class='ocrx_word' id='word_1_228' title='bbox 2790 1259 3036 1322; x_wconf 80' lang='lat' dir='ltr'><strong>habeatis</strong></span> <span class='ocrx_word' id='word_1_229' title='bbox 3058 1259 3182 1315; x_wconf 89' lang='lat' dir='ltr'><strong>illos</strong></span> <span class='ocrx_word' id='word_1_230' title='bbox 3210 1259 3578 1316; x_wconf 85' lang='lat' dir='ltr'><strong>abundantius</strong></span> <span class='ocrx_word' id='word_1_231' title='bbox 3607 1261 3656 1316; x_wconf 88' lang='lat' dir='ltr'><strong>in</strong></span> <span class='ocrx_word' id='word_1_232' title='bbox 3677 1260 3794 1315; x_wconf 86' lang='lat' dir='ltr'><strong>cha-</strong></span> 
     </span>
    </p>
   </div>
   <div class='ocr_carea' id='block_1_29' title="bbox 2217 1352 3792 1423">
    <p class='ocr_par' dir='ltr' id='par_1_29' title="bbox 2217 1352 3792 1423">
     <span class='ocr_line' id='line_1_29' title="bbox 2217 1352 3792 1423; baseline 0 -15"><span class='ocrx_word' id='word_1_233' title='bbox 2217 1353 2380 1408; x_wconf 90' lang='lat' dir='ltr'><strong>ritate</strong></span> <span class='ocrx_word' id='word_1_234' title='bbox 2409 1361 2628 1422; x_wconf 85' lang='lat' dir='ltr'><strong>propter</strong></span> <span class='ocrx_word' id='word_1_235' title='bbox 2657 1367 2793 1423; x_wconf 91' lang='lat' dir='ltr'><strong>opus</strong></span> <span class='ocrx_word' id='word_1_236' title='bbox 2815 1352 3029 1407; x_wconf 88' lang='lat' dir='ltr'><strong>illorum</strong></span> <span class='ocrx_word' id='word_1_237' title='bbox 3067 1369 3081 1407; x_wconf 90' lang='lat'>:</span> <span class='ocrx_word' id='word_1_238' title='bbox 3125 1365 3317 1422; x_wconf 83' lang='lat' dir='ltr'><strong>paceni</strong></span> <span class='ocrx_word' id='word_1_239' title='bbox 3349 1352 3543 1408; x_wconf 83' lang='lat' dir='ltr'><strong>habete</strong></span> <span class='ocrx_word' id='word_1_240' title='bbox 3563 1367 3682 1407; x_wconf 89' lang='lat' dir='ltr'><strong>cum</strong></span> <span class='ocrx_word' id='word_1_241' title='bbox 3704 1353 3792 1412; x_wconf 90' lang='lat' dir='ltr'><strong>eis.</strong></span> 
     </span>
    </p>
   </div>
   <div class='ocr_carea' id='block_1_30' title="bbox 2218 1447 3798 1518">
    <p class='ocr_par' dir='ltr' id='par_1_30' title="bbox 2218 1447 3798 1518">
     <span class='ocr_line' id='line_1_30' title="bbox 2218 1447 3798 1518; baseline -0.001 -14"><span class='ocrx_word' id='word_1_242' title='bbox 2218 1451 2489 1518; x_wconf 79' lang='lat' dir='ltr'><strong>Rogamus</strong></span> <span class='ocrx_word' id='word_1_243' title='bbox 2515 1458 2692 1503; x_wconf 86' lang='lat' dir='ltr'><strong>autem</strong></span> <span class='ocrx_word' id='word_1_244' title='bbox 2714 1463 2834 1514; x_wconf 86' lang='lat' dir='ltr'><strong>vos,</strong></span> <span class='ocrx_word' id='word_1_245' title='bbox 2849 1449 3066 1511; x_wconf 85' lang='lat' dir='ltr'><strong>fratres,</strong></span> <span class='ocrx_word' id='word_1_246' title='bbox 3087 1447 3345 1518; x_wconf 89' lang='lat' dir='ltr'><strong>corripite</strong></span> <span class='ocrx_word' id='word_1_247' title='bbox 3367 1448 3649 1518; x_wconf 89' lang='lat' dir='ltr'><strong>inquietos,</strong></span> <span class='ocrx_word' id='word_1_248' title='bbox 3678 1462 3798 1502; x_wconf 90' lang='lat' dir='ltr'><strong>con-</strong></span> 
     </span>
    </p>
   </div>
   <div class='ocr_carea' id='block_1_31' title="bbox 2217 1540 3795 1612">
    <p class='ocr_par' dir='ltr' id='par_1_31' title="bbox 2217 1540 3795 1612">
     <span class='ocr_line' id='line_1_31' title="bbox 2217 1540 3795 1612; baseline 0.001 -17"><span class='ocrx_word' id='word_1_249' title='bbox 2217 1541 2468 1596; x_wconf 83' lang='lat' dir='ltr'><strong>solamini</strong></span> <span class='ocrx_word' id='word_1_250' title='bbox 2505 1541 2906 1611; x_wconf 85' lang='lat' dir='ltr'><strong>pusillanimes,</strong></span> <span class='ocrx_word' id='word_1_251' title='bbox 2941 1541 3202 1612; x_wconf 81' lang='lat' dir='ltr'><strong>suscipite</strong></span> <span class='ocrx_word' id='word_1_252' title='bbox 3233 1540 3478 1597; x_wconf 85' lang='lat' dir='ltr'><strong>infirmos</strong></span> <span class='ocrx_word' id='word_1_253' title='bbox 3499 1585 3512 1610; x_wconf 92' lang='lat'><strong>,</strong></span> <span class='ocrx_word' id='word_1_254' title='bbox 3544 1542 3795 1610; x_wconf 78' lang='lat' dir='ltr'><strong>patientes</strong></span> 
     </span>
    </p>
   </div>
   <div class='ocr_carea' id='block_1_32' title="bbox 2218 1634 3794 1707">
    <p class='ocr_par' dir='ltr' id='par_1_32' title="bbox 2218 1634 3794 1707">
     <span class='ocr_line' id='line_1_32' title="bbox 2218 1634 3794 1707; baseline 0 -17"><span class='ocrx_word' id='word_1_255' title='bbox 2218 1643 2394 1691; x_wconf 81' lang='lat' dir='ltr'><strong>estote</strong></span> <span class='ocrx_word' id='word_1_256' title='bbox 2421 1635 2486 1689; x_wconf 91' lang='lat' dir='ltr'><strong>ad</strong></span> <span class='ocrx_word' id='word_1_257' title='bbox 2518 1649 2731 1690; x_wconf 90' lang='lat' dir='ltr'><strong>omnes.</strong></span> <span class='ocrx_word' id='word_1_258' title='bbox 2776 1634 2999 1701; x_wconf 85' lang='lat' dir='ltr'><strong>Videte,</strong></span> <span class='ocrx_word' id='word_1_259' title='bbox 3046 1650 3115 1691; x_wconf 89' lang='lat' dir='ltr'><strong>ne</strong></span> <span class='ocrx_word' id='word_1_260' title='bbox 3158 1636 3284 1705; x_wconf 85' lang='lat' dir='ltr'><strong>quis</strong></span> <span class='ocrx_word' id='word_1_261' title='bbox 3311 1636 3505 1696; x_wconf 70' lang='lat' dir='ltr'><strong>malum</strong></span> <span class='ocrx_word' id='word_1_262' title='bbox 3528 1651 3622 1707; x_wconf 87' lang='lat' dir='ltr'><strong>pro</strong></span> <span class='ocrx_word' id='word_1_263' title='bbox 3653 1635 3794 1690; x_wconf 85' lang='lat' dir='ltr'><strong>malo</strong></span> 
     </span>
    </p>
   </div>
   <div class='ocr_carea' id='block_1_33' title="bbox 519 1719 3795 1798">
    <p class='ocr_par' dir='ltr' id='par_1_33' title="bbox 519 1719 3795 1798">
     <span class='ocr_line' id='line_1_33' title="bbox 519 1719 3795 1798; baseline -0.003 -19"><span class='ocrx_word' id='word_1_264' title='bbox 519 1735 575 1780; x_wconf 89' lang='lat' dir='ltr'><strong>et</strong></span> <span class='ocrx_word' id='word_1_265' title='bbox 607 1725 800 1778; x_wconf 92' lang='lat' dir='ltr'><strong>mortui</strong></span> <span class='ocrx_word' id='word_1_266' title='bbox 825 1726 917 1792; x_wconf 90' lang='lat' dir='ltr'><strong>qui</strong></span> <span class='ocrx_word' id='word_1_267' title='bbox 946 1725 999 1777; x_wconf 92' lang='lat' dir='ltr'><strong>in</strong></span> <span class='ocrx_word' id='word_1_268' title='bbox 1029 1722 1247 1777; x_wconf 77' lang='lat' dir='ltr'><strong>Christo</strong></span> <span class='ocrx_word' id='word_1_269' title='bbox 1269 1730 1415 1787; x_wconf 88' lang='lat' dir='ltr'><strong>sunt,</strong></span> <span class='ocrx_word' id='word_1_270' title='bbox 1436 1733 1720 1791; x_wconf 84' lang='lat' dir='ltr'><strong>resurgant</strong></span> <span class='ocrx_word' id='word_1_271' title='bbox 1747 1721 1928 1790; x_wconf 87' lang='lat' dir='ltr'><strong>primi.</strong></span> <span class='ocrx_word' id='word_1_272' title='bbox 1951 1719 2112 1776; x_wconf 84' lang='lat' dir='ltr'><strong>Dein-</strong></span> <span class='ocrx_word' id='word_1_273' title='bbox 2141 1720 2189 1780; x_wconf 91' lang='lat' dir='ltr'><strong>B</strong></span> <span class='ocrx_word' id='word_1_274' title='bbox 2216 1729 2378 1784; x_wconf 89' lang='lat' dir='ltr'><strong>alicui</strong></span> <span class='ocrx_word' id='word_1_275' title='bbox 2411 1727 2607 1784; x_wconf 81' lang='lat' dir='ltr'><strong>reddat</strong></span> <span class='ocrx_word' id='word_1_276' title='bbox 2634 1746 2646 1782; x_wconf 90' lang='lat'>:</span> <span class='ocrx_word' id='word_1_277' title='bbox 2700 1727 2795 1783; x_wconf 88' lang='lat' dir='ltr'><strong>sed</strong></span> <span class='ocrx_word' id='word_1_278' title='bbox 2825 1742 3042 1798; x_wconf 89' lang='lat' dir='ltr'><strong>semper</strong></span> <span class='ocrx_word' id='word_1_279' title='bbox 3071 1729 3212 1797; x_wconf 89' lang='lat' dir='ltr'><strong>quod</strong></span> <span class='ocrx_word' id='word_1_280' title='bbox 3245 1729 3448 1784; x_wconf 83' lang='lat' dir='ltr'><strong>bonum</strong></span> <span class='ocrx_word' id='word_1_281' title='bbox 3478 1738 3583 1792; x_wconf 66' lang='lat' dir='ltr'><strong>est,</strong></span> <span class='ocrx_word' id='word_1_282' title='bbox 3628 1737 3795 1784; x_wconf 62' lang='lat' dir='ltr'><strong>secta-</strong></span> 
     </span>
    </p>
   </div>
   <div class='ocr_carea' id='block_1_34' title="bbox 517 1815 2114 1887">
    <p class='ocr_par' dir='ltr' id='par_1_34' title="bbox 517 1815 2114 1887">
     <span class='ocr_line' id='line_1_34' title="bbox 517 1815 2114 1887; baseline -0.003 -14"><span class='ocrx_word' id='word_1_283' title='bbox 517 1819 585 1873; x_wconf 91' lang='lat' dir='ltr'><strong>de</strong></span> <span class='ocrx_word' id='word_1_284' title='bbox 616 1833 736 1885; x_wconf 87' lang='lat' dir='ltr'><strong>nos,</strong></span> <span class='ocrx_word' id='word_1_285' title='bbox 760 1819 851 1887; x_wconf 89' lang='lat' dir='ltr'><strong>qui</strong></span> <span class='ocrx_word' id='word_1_286' title='bbox 887 1818 1140 1883; x_wconf 89' lang='lat' dir='ltr'><strong>vivimus,</strong></span> <span class='ocrx_word' id='word_1_287' title='bbox 1173 1815 1267 1885; x_wconf 90' lang='lat' dir='ltr'><strong>qui</strong></span> <span class='ocrx_word' id='word_1_288' title='bbox 1307 1815 1687 1886; x_wconf 87' lang='lat' dir='ltr'><strong>relinquimur,</strong></span> <span class='ocrx_word' id='word_1_289' title='bbox 1728 1815 1890 1871; x_wconf 89' lang='lat' dir='ltr'><strong>simul</strong></span> <span class='ocrx_word' id='word_1_290' title='bbox 1933 1816 2114 1885; x_wconf 89' lang='lat' dir='ltr'><strong>rapic-</strong></span> 
     </span>
    </p>
   </div>
   <div class='ocr_carea' id='block_1_35' title="bbox 518 1909 2110 1977">
    <p class='ocr_par' dir='ltr' id='par_1_35' title="bbox 518 1909 2110 1977">
     <span class='ocr_line' id='line_1_35' title="bbox 518 1909 2110 1977; baseline -0.001 -12"><span class='ocrx_word' id='word_1_291' title='bbox 518 1927 643 1966; x_wconf 90' lang='lat' dir='ltr'><strong>mur</strong></span> <span class='ocrx_word' id='word_1_292' title='bbox 670 1925 793 1965; x_wconf 92' lang='lat' dir='ltr'><strong>cum</strong></span> <span class='ocrx_word' id='word_1_293' title='bbox 827 1911 934 1965; x_wconf 89' lang='lat' dir='ltr'><strong>illis</strong></span> <span class='ocrx_word' id='word_1_294' title='bbox 975 1910 1028 1964; x_wconf 89' lang='lat' dir='ltr'><strong>in</strong></span> <span class='ocrx_word' id='word_1_295' title='bbox 1071 1910 1301 1964; x_wconf 90' lang='lat' dir='ltr'><strong>nubibus</strong></span> <span class='ocrx_word' id='word_1_296' title='bbox 1343 1909 1556 1964; x_wconf 88' lang='lat' dir='ltr'><strong>obviam</strong></span> <span class='ocrx_word' id='word_1_297' title='bbox 1582 1917 1608 1944; x_wconf 77' lang='grc' dir='ltr'>ι</span> <span class='ocrx_word' id='word_1_298' title='bbox 1636 1909 1850 1964; x_wconf 80' lang='lat' dir='ltr'><strong>Christo</strong></span> <span class='ocrx_word' id='word_1_299' title='bbox 1881 1909 1933 1964; x_wconf 93' lang='lat' dir='ltr'><strong>in</strong></span> <span class='ocrx_word' id='word_1_300' title='bbox 1963 1923 2110 1977; x_wconf 87' lang='lat' dir='ltr'><strong>aera,</strong></span> 
     </span>
    </p>
   </div>
   <div class='ocr_carea' id='block_1_36' title="bbox 521 2003 2112 2073">
    <p class='ocr_par' dir='ltr' id='par_1_36' title="bbox 521 2003 2112 2073">
     <span class='ocr_line' id='line_1_36' title="bbox 521 2003 2112 2073; baseline 0 -14"><span class='ocrx_word' id='word_1_301' title='bbox 521 2015 574 2059; x_wconf 92' lang='lat' dir='ltr'><strong>et</strong></span> <span class='ocrx_word' id='word_1_302' title='bbox 611 2005 690 2058; x_wconf 91' lang='lat' dir='ltr'><strong>sic</strong></span> <span class='ocrx_word' id='word_1_303' title='bbox 721 2019 938 2073; x_wconf 87' lang='lat' dir='ltr'><strong>semper</strong></span> <span class='ocrx_word' id='word_1_304' title='bbox 961 2017 1082 2058; x_wconf 91' lang='lat' dir='ltr'><strong>cum</strong></span> <span class='ocrx_word' id='word_1_305' title='bbox 1118 2003 1345 2057; x_wconf 90' lang='lat' dir='ltr'><strong>Domino</strong></span> <span class='ocrx_word' id='word_1_306' title='bbox 1376 2003 1600 2057; x_wconf 89' lang='lat' dir='ltr'><strong>erimus.</strong></span> <span class='ocrx_word' id='word_1_307' title='bbox 1638 2003 1823 2073; x_wconf 83' lang='lat' dir='ltr'><strong>Itaque</strong></span> <span class='ocrx_word' id='word_1_308' title='bbox 1857 2003 2112 2060; x_wconf 83' lang='lat' dir='ltr'><strong>consola-</strong></span> 
     </span>
    </p>
   </div>
   <div class='ocr_carea' id='block_1_37' title="bbox 523 2095 1377 2152">
    <p class='ocr_par' dir='ltr' id='par_1_37' title="bbox 523 2095 1377 2152">
     <span class='ocr_line' id='line_1_37' title="bbox 523 2095 1377 2152; baseline -0.001 0"><span class='ocrx_word' id='word_1_309' title='bbox 523 2097 653 2152; x_wconf 83' lang='lat' dir='ltr'><strong>tnini</strong></span> <span class='ocrx_word' id='word_1_310' title='bbox 688 2096 918 2151; x_wconf 82' lang='lat' dir='ltr'><strong>invicem</strong></span> <span class='ocrx_word' id='word_1_311' title='bbox 951 2095 1001 2150; x_wconf 90' lang='lat' dir='ltr'><strong>in</strong></span> <span class='ocrx_word' id='word_1_312' title='bbox 1033 2095 1210 2151; x_wconf 85' lang='lat' dir='ltr'><strong>verbis</strong></span> <span class='ocrx_word' id='word_1_313' title='bbox 1235 2095 1377 2151; x_wconf 88' lang='lat' dir='ltr'><strong>istis.</strong></span> 
     </span>
    </p>
   </div>
   <div class='ocr_carea' id='block_1_38' title="bbox 592 2187 2122 2260">
    <p class='ocr_par' dir='ltr' id='par_1_38' title="bbox 592 2187 2122 2260">
     <span class='ocr_line' id='line_1_38' title="bbox 592 2187 2122 2260; baseline 0.001 -18"><span class='ocrx_word' id='word_1_314' title='bbox 592 2188 744 2260; x_wconf 74' lang='grc' dir='ltr'><strong>[ϐαρ.</strong></span> <span class='ocrx_word' id='word_1_315' title='bbox 775 2188 866 2258; x_wconf 87' lang='lat' dir='ltr'><strong>V.|</strong></span> <span class='ocrx_word' id='word_1_316' title='bbox 892 2189 966 2242; x_wconf 90' lang='lat' dir='ltr'><strong>De</strong></span> <span class='ocrx_word' id='word_1_317' title='bbox 986 2187 1324 2256; x_wconf 89' lang='lat' dir='ltr'><strong>temporibus</strong></span> <span class='ocrx_word' id='word_1_318' title='bbox 1355 2195 1562 2255; x_wconf 90' lang='lat' dir='ltr'><strong>autem,</strong></span> <span class='ocrx_word' id='word_1_319' title='bbox 1589 2195 1643 2242; x_wconf 90' lang='lat' dir='ltr'><strong>et</strong></span> <span class='ocrx_word' id='word_1_320' title='bbox 1668 2189 1984 2252; x_wconf 88' lang='lat' dir='ltr'><strong>momentis,</strong></span> <span class='ocrx_word' id='word_1_321' title='bbox 2008 2188 2122 2244; x_wconf 85' lang='lat' dir='ltr'><strong>fra-</strong></span> 
     </span>
    </p>
   </div>
   <div class='ocr_carea' id='block_1_39' title="bbox 519 2277 2119 2349">
    <p class='ocr_par' dir='ltr' id='par_1_39' title="bbox 519 2277 2119 2349">
     <span class='ocr_line' id='line_1_39' title="bbox 519 2277 2119 2349; baseline -0.001 -13"><span class='ocrx_word' id='word_1_322' title='bbox 519 2290 664 2344; x_wconf 88' lang='lat' dir='ltr'><strong>tres,</strong></span> <span class='ocrx_word' id='word_1_323' title='bbox 719 2294 826 2333; x_wconf 91' lang='lat' dir='ltr'><strong>non</strong></span> <span class='ocrx_word' id='word_1_324' title='bbox 859 2278 1145 2349; x_wconf 76' lang='lat' dir='ltr'><strong>indigetis,</strong></span> <span class='ocrx_word' id='word_1_325' title='bbox 1189 2287 1247 2333; x_wconf 92' lang='lat' dir='ltr'><strong>ut</strong></span> <span class='ocrx_word' id='word_1_326' title='bbox 1277 2279 1580 2334; x_wconf 86' lang='lat' dir='ltr'><strong>scribamus</strong></span> <span class='ocrx_word' id='word_1_327' title='bbox 1608 2278 1785 2334; x_wconf 89' lang='lat' dir='ltr'><strong>vobis.</strong></span> <span class='ocrx_word' id='word_1_328' title='bbox 1842 2277 1941 2349; x_wconf 90' lang='lat' dir='ltr'><strong>Ipsi</strong></span> <span class='ocrx_word' id='word_1_329' title='bbox 1975 2279 2119 2334; x_wconf 91' lang='lat' dir='ltr'><strong>enim</strong></span> 
     </span>
    </p>
   </div>
   <div class='ocr_carea' id='block_1_40' title="bbox 520 2369 2119 2440">
    <p class='ocr_par' dir='ltr' id='par_1_40' title="bbox 520 2369 2119 2440">
     <span class='ocr_line' id='line_1_40' title="bbox 520 2369 2119 2440; baseline 0.001 -15"><span class='ocrx_word' id='word_1_330' title='bbox 520 2371 813 2440; x_wconf 85' lang='lat' dir='ltr'><strong>diligenter</strong></span> <span class='ocrx_word' id='word_1_331' title='bbox 838 2369 1010 2435; x_wconf 86' lang='lat' dir='ltr'><strong>scitis,</strong></span> <span class='ocrx_word' id='word_1_332' title='bbox 1038 2371 1162 2440; x_wconf 87' lang='lat' dir='ltr'><strong>quia</strong></span> <span class='ocrx_word' id='word_1_333' title='bbox 1186 2369 1301 2426; x_wconf 90' lang='lat' dir='ltr'><strong>dies</strong></span> <span class='ocrx_word' id='word_1_334' title='bbox 1324 2370 1558 2437; x_wconf 89' lang='lat' dir='ltr'><strong>Domini,</strong></span> <span class='ocrx_word' id='word_1_335' title='bbox 1593 2372 1734 2426; x_wconf 86' lang='lat' dir='ltr'><strong>sicut</strong></span> <span class='ocrx_word' id='word_1_336' title='bbox 1755 2370 1840 2426; x_wconf 86' lang='lat' dir='ltr'><strong>fur</strong></span> <span class='ocrx_word' id='word_1_337' title='bbox 1862 2371 1914 2428; x_wconf 89' lang='lat' dir='ltr'><strong>in</strong></span> <span class='ocrx_word' id='word_1_338' title='bbox 1939 2381 2119 2437; x_wconf 89' lang='lat' dir='ltr'><strong>nocte,</strong></span> 
     </span>
    </p>
   </div>
   <div class='ocr_carea' id='block_1_41' title="bbox 521 2462 2122 2533">
    <p class='ocr_par' dir='ltr' id='par_1_41' title="bbox 521 2462 2122 2533">
     <span class='ocr_line' id='line_1_41' title="bbox 521 2462 2122 2533; baseline -0.001 -13"><span class='ocrx_word' id='word_1_339' title='bbox 521 2465 598 2520; x_wconf 90' lang='lat' dir='ltr'><strong>ita</strong></span> <span class='ocrx_word' id='word_1_340' title='bbox 625 2465 806 2519; x_wconf 86' lang='lat' dir='ltr'><strong>veniet</strong></span> <span class='ocrx_word' id='word_1_341' title='bbox 832 2484 845 2520; x_wconf 91' lang='lat'><strong>:</strong></span> <span class='ocrx_word' id='word_1_342' title='bbox 874 2479 995 2518; x_wconf 89' lang='lat' dir='ltr'><strong>cum</strong></span> <span class='ocrx_word' id='word_1_343' title='bbox 1019 2463 1164 2518; x_wconf 92' lang='lat' dir='ltr'><strong>enim</strong></span> <span class='ocrx_word' id='word_1_344' title='bbox 1188 2462 1425 2518; x_wconf 83' lang='lat' dir='ltr'><strong>dixerint</strong></span> <span class='ocrx_word' id='word_1_345' title='bbox 1449 2478 1579 2533; x_wconf 88' lang='lat' dir='ltr'><strong>pax,</strong></span> <span class='ocrx_word' id='word_1_346' title='bbox 1607 2471 1664 2518; x_wconf 91' lang='lat' dir='ltr'><strong>et</strong></span> <span class='ocrx_word' id='word_1_347' title='bbox 1683 2464 1966 2529; x_wconf 80' lang='lat' dir='ltr'><strong>securitas,</strong></span> <span class='ocrx_word' id='word_1_348' title='bbox 1998 2474 2122 2519; x_wconf 90' lang='lat' dir='ltr'><strong>tunc</strong></span> 
     </span>
    </p>
   </div>
   <div class='ocr_carea' id='block_1_42' title="bbox 523 2555 2122 2627">
    <p class='ocr_par' dir='ltr' id='par_1_42' title="bbox 523 2555 2122 2627">
     <span class='ocr_line' id='line_1_42' title="bbox 523 2555 2122 2627; baseline 0 -16"><span class='ocrx_word' id='word_1_349' title='bbox 523 2556 842 2627; x_wconf 90' lang='lat' dir='ltr'><strong>repentinus</strong></span> <span class='ocrx_word' id='word_1_350' title='bbox 871 2555 951 2610; x_wconf 89' lang='lat' dir='ltr'><strong>cis</strong></span> <span class='ocrx_word' id='word_1_351' title='bbox 982 2556 1331 2624; x_wconf 87' lang='lat' dir='ltr'><strong>superveniet</strong></span> <span class='ocrx_word' id='word_1_352' title='bbox 1362 2556 1644 2620; x_wconf 90' lang='lat' dir='ltr'><strong>interitus,</strong></span> <span class='ocrx_word' id='word_1_353' title='bbox 1696 2556 1838 2610; x_wconf 90' lang='lat' dir='ltr'><strong>sicut</strong></span> <span class='ocrx_word' id='word_1_354' title='bbox 1875 2555 2031 2611; x_wconf 92' lang='lat' dir='ltr'><strong>dolor</strong></span> <span class='ocrx_word' id='word_1_355' title='bbox 2068 2557 2122 2611; x_wconf 93' lang='lat' dir='ltr'><strong>in</strong></span> 
     </span>
    </p>
   </div>
   <div class='ocr_carea' id='block_1_43' title="bbox 531 2648 2124 2720">
    <p class='ocr_par' dir='ltr' id='par_1_43' title="bbox 531 2648 2124 2720">
     <span class='ocr_line' id='line_1_43' title="bbox 531 2648 2124 2720; baseline 0.001 -15"><span class='ocrx_word' id='word_1_356' title='bbox 531 2659 684 2706; x_wconf 87' lang='lat' dir='ltr'><strong>utero</strong></span> <span class='ocrx_word' id='word_1_357' title='bbox 714 2649 935 2705; x_wconf 91' lang='lat' dir='ltr'><strong>habenti</strong></span> <span class='ocrx_word' id='word_1_358' title='bbox 963 2648 1091 2720; x_wconf 76' lang='grc' dir='ltr'><strong>[Μδ.</strong></span> <span class='ocrx_word' id='word_1_359' title='bbox 1123 2648 1430 2720; x_wconf 89' lang='lat' dir='ltr'><strong>habentis],</strong></span> <span class='ocrx_word' id='word_1_360' title='bbox 1477 2660 1532 2705; x_wconf 93' lang='lat' dir='ltr'><strong>et</strong></span> <span class='ocrx_word' id='word_1_361' title='bbox 1558 2665 1664 2705; x_wconf 91' lang='lat' dir='ltr'><strong>non</strong></span> <span class='ocrx_word' id='word_1_362' title='bbox 1693 2649 1966 2719; x_wconf 79' lang='lat' dir='ltr'><strong>eﬁ&#39;ugient.</strong></span> <span class='ocrx_word' id='word_1_363' title='bbox 2020 2651 2124 2706; x_wconf 78' lang='lat' dir='ltr'><strong>Vos</strong></span> 
     </span>
    </p>
   </div>
   <div class='ocr_carea' id='block_1_44' title="bbox 526 2741 2121 2810">
    <p class='ocr_par' dir='ltr' id='par_1_44' title="bbox 526 2741 2121 2810">
     <span class='ocr_line' id='line_1_44' title="bbox 526 2741 2121 2810; baseline -0.001 -14"><span class='ocrx_word' id='word_1_364' title='bbox 526 2751 733 2808; x_wconf 89' lang='lat' dir='ltr'><strong>autem,</strong></span> <span class='ocrx_word' id='word_1_365' title='bbox 761 2741 978 2810; x_wconf 86' lang='lat' dir='ltr'><strong>fratres,</strong></span> <span class='ocrx_word' id='word_1_366' title='bbox 1014 2756 1120 2796; x_wconf 92' lang='lat' dir='ltr'><strong>non</strong></span> <span class='ocrx_word' id='word_1_367' title='bbox 1153 2742 1284 2796; x_wconf 86' lang='lat' dir='ltr'><strong>estis</strong></span> <span class='ocrx_word' id='word_1_368' title='bbox 1317 2743 1368 2796; x_wconf 92' lang='lat' dir='ltr'><strong>in</strong></span> <span class='ocrx_word' id='word_1_369' title='bbox 1399 2741 1657 2810; x_wconf 90' lang='lat' dir='ltr'><strong>tenebris,</strong></span> <span class='ocrx_word' id='word_1_370' title='bbox 1688 2751 1746 2798; x_wconf 89' lang='lat' dir='ltr'><strong>ut</strong></span> <span class='ocrx_word' id='word_1_371' title='bbox 1766 2756 1865 2798; x_wconf 87' lang='lat' dir='ltr'><strong>vos</strong></span> <span class='ocrx_word' id='word_1_372' title='bbox 1889 2742 2006 2802; x_wconf 88' lang='lat' dir='ltr'><strong>dies</strong></span> <span class='ocrx_word' id='word_1_373' title='bbox 2034 2743 2121 2798; x_wconf 83' lang='lat' dir='ltr'><strong>illo</strong></span> 
     </span>
    </p>
   </div>
   <div class='ocr_carea' id='block_1_45' title="bbox 529 2833 2122 2904">
    <p class='ocr_par' dir='ltr' id='par_1_45' title="bbox 529 2833 2122 2904">
     <span class='ocr_line' id='line_1_45' title="bbox 529 2833 2122 2904; baseline 0 -14"><span class='ocrx_word' id='word_1_374' title='bbox 529 2845 800 2904; x_wconf 85' lang='lat' dir='ltr'><strong>tamquam</strong></span> <span class='ocrx_word' id='word_1_375' title='bbox 845 2833 933 2888; x_wconf 84' lang='lat' dir='ltr'><strong>fur</strong></span> <span class='ocrx_word' id='word_1_376' title='bbox 969 2833 1438 2902; x_wconf 83' lang='lat' dir='ltr'><strong>cnmprehendat;</strong></span> <span class='ocrx_word' id='word_1_377' title='bbox 1491 2847 1682 2888; x_wconf 91' lang='lat' dir='ltr'><strong>omnes</strong></span> <span class='ocrx_word' id='word_1_378' title='bbox 1719 2833 1864 2888; x_wconf 89' lang='lat' dir='ltr'><strong>enim</strong></span> <span class='ocrx_word' id='word_1_379' title='bbox 1900 2848 1998 2890; x_wconf 86' lang='lat' dir='ltr'><strong>vos</strong></span> <span class='ocrx_word' id='word_1_380' title='bbox 2027 2833 2122 2890; x_wconf 87' lang='lat' dir='ltr'><strong>ﬁlii</strong></span> 
     </span>
    </p>
   </div>
   <div class='ocr_carea' id='block_1_46' title="bbox 526 2924 2126 2996">
    <p class='ocr_par' dir='ltr' id='par_1_46' title="bbox 526 2924 2126 2996">
     <span class='ocr_line' id='line_1_46' title="bbox 526 2924 2126 2996; baseline 0.001 -16"><span class='ocrx_word' id='word_1_381' title='bbox 526 2926 660 2981; x_wconf 91' lang='lat' dir='ltr'><strong>lucis</strong></span> <span class='ocrx_word' id='word_1_382' title='bbox 688 2926 844 2993; x_wconf 83' lang='lat' dir='ltr'><strong>estis,</strong></span> <span class='ocrx_word' id='word_1_383' title='bbox 879 2935 932 2980; x_wconf 92' lang='lat' dir='ltr'><strong>et</strong></span> <span class='ocrx_word' id='word_1_384' title='bbox 963 2924 1056 2980; x_wconf 88' lang='lat' dir='ltr'><strong>ﬁlii</strong></span> <span class='ocrx_word' id='word_1_385' title='bbox 1087 2925 1224 2980; x_wconf 90' lang='lat' dir='ltr'><strong>diei:</strong></span> <span class='ocrx_word' id='word_1_386' title='bbox 1257 2941 1366 2980; x_wconf 90' lang='lat' dir='ltr'><strong>non</strong></span> <span class='ocrx_word' id='word_1_387' title='bbox 1397 2940 1584 2982; x_wconf 90' lang='lat' dir='ltr'><strong>sumus</strong></span> <span class='ocrx_word' id='word_1_388' title='bbox 1607 2927 1804 2993; x_wconf 89' lang='lat' dir='ltr'><strong>noctis,</strong></span> <span class='ocrx_word' id='word_1_389' title='bbox 1837 2941 2017 2996; x_wconf 89' lang='lat' dir='ltr'><strong>neque</strong></span> <span class='ocrx_word' id='word_1_390' title='bbox 2045 2934 2126 2982; x_wconf 87' lang='lat' dir='ltr'><strong>te-</strong></span> 
     </span>
    </p>
   </div>
   <div class='ocr_carea' id='block_1_47' title="bbox 525 3016 2124 3089">
    <p class='ocr_par' dir='ltr' id='par_1_47' title="bbox 525 3016 2124 3089">
     <span class='ocr_line' id='line_1_47' title="bbox 525 3016 2124 3089; baseline 0.001 -17"><span class='ocrx_word' id='word_1_391' title='bbox 525 3019 842 3072; x_wconf 81' lang='lat' dir='ltr'><strong>nebrarum.</strong></span> <span class='ocrx_word' id='word_1_392' title='bbox 864 3017 1028 3089; x_wconf 81' lang='lat' dir='ltr'><strong>igitur</strong></span> <span class='ocrx_word' id='word_1_393' title='bbox 1052 3032 1157 3074; x_wconf 91' lang='lat' dir='ltr'><strong>non</strong></span> <span class='ocrx_word' id='word_1_394' title='bbox 1181 3016 1537 3083; x_wconf 86' lang='lat' dir='ltr'><strong>dormiamus,</strong></span> <span class='ocrx_word' id='word_1_395' title='bbox 1557 3019 1697 3074; x_wconf 90' lang='lat' dir='ltr'><strong>sicut</strong></span> <span class='ocrx_word' id='word_1_396' title='bbox 1716 3027 1771 3074; x_wconf 91' lang='lat' dir='ltr'><strong>et</strong></span> <span class='ocrx_word' id='word_1_397' title='bbox 1791 3018 1996 3088; x_wconf 88' lang='lat' dir='ltr'><strong>caeteri,</strong></span> <span class='ocrx_word' id='word_1_398' title='bbox 2029 3019 2124 3076; x_wconf 87' lang='lat' dir='ltr'><strong>sed</strong></span> 
     </span>
    </p>
   </div>
   <div class='ocr_carea' id='block_1_48' title="bbox 525 3103 2202 3178">
    <p class='ocr_par' dir='ltr' id='par_1_48' title="bbox 525 3103 2202 3178">
     <span class='ocr_line' id='line_1_48' title="bbox 525 3103 2202 3178; baseline 0.004 -17"><span class='ocrx_word' id='word_1_399' title='bbox 525 3109 809 3178; x_wconf 87' lang='lat' dir='ltr'><strong>vigilemus</strong></span> <span class='ocrx_word' id='word_1_400' title='bbox 829 3149 845 3174; x_wconf 92' lang='lat'><strong>,</strong></span> <span class='ocrx_word' id='word_1_401' title='bbox 869 3119 922 3164; x_wconf 90' lang='lat' dir='ltr'><strong>et</strong></span> <span class='ocrx_word' id='word_1_402' title='bbox 943 3109 1114 3164; x_wconf 88' lang='lat' dir='ltr'><strong>sobrii</strong></span> <span class='ocrx_word' id='word_1_403' title='bbox 1139 3110 1328 3164; x_wconf 76' lang='lat' dir='ltr'><strong>simus.</strong></span> <span class='ocrx_word' id='word_1_404' title='bbox 1352 3109 1453 3175; x_wconf 91' lang='lat' dir='ltr'><strong>Qui</strong></span> <span class='ocrx_word' id='word_1_405' title='bbox 1479 3109 1622 3165; x_wconf 90' lang='lat' dir='ltr'><strong>enim</strong></span> <span class='ocrx_word' id='word_1_406' title='bbox 1643 3109 1938 3176; x_wconf 89' lang='lat' dir='ltr'><strong>dormiunt,</strong></span> <span class='ocrx_word' id='word_1_407' title='bbox 1967 3120 2126 3166; x_wconf 90' lang='lat' dir='ltr'><strong>nocte</strong></span> <span class='ocrx_word' id='word_1_408' title='bbox 2155 3103 2202 3167; x_wconf 88' lang='lat' dir='ltr'>C</span> 
     </span>
    </p>
   </div>
   <div class='ocr_carea' id='block_1_49' title="bbox 2222 1817 3796 1890">
    <p class='ocr_par' dir='ltr' id='par_1_49' title="bbox 2222 1817 3796 1890">
     <span class='ocr_line' id='line_1_49' title="bbox 2222 1817 3796 1890; baseline 0 -16"><span class='ocrx_word' id='word_1_409' title='bbox 2222 1820 2351 1876; x_wconf 91' lang='lat' dir='ltr'><strong>mini</strong></span> <span class='ocrx_word' id='word_1_410' title='bbox 2380 1822 2433 1874; x_wconf 92' lang='lat' dir='ltr'><strong>in</strong></span> <span class='ocrx_word' id='word_1_411' title='bbox 2463 1820 2717 1888; x_wconf 89' lang='lat' dir='ltr'><strong>invicem,</strong></span> <span class='ocrx_word' id='word_1_412' title='bbox 2750 1829 2801 1875; x_wconf 92' lang='lat' dir='ltr'><strong>et</strong></span> <span class='ocrx_word' id='word_1_413' title='bbox 2833 1819 2887 1875; x_wconf 89' lang='lat' dir='ltr'><strong>in</strong></span> <span class='ocrx_word' id='word_1_414' title='bbox 2916 1834 3126 1880; x_wconf 87' lang='lat' dir='ltr'><strong>omnes.</strong></span> <span class='ocrx_word' id='word_1_415' title='bbox 3156 1817 3648 1890; x_wconf 60' lang='lat' dir='ltr'><strong>Sempar&#39;gaudete.</strong></span> <span class='ocrx_word' id='word_1_416' title='bbox 3675 1817 3796 1876; x_wconf 89' lang='lat' dir='ltr'><strong>Siue</strong></span> 
     </span>
    </p>
   </div>
   <div class='ocr_carea' id='block_1_50' title="bbox 2224 1909 3794 1981">
    <p class='ocr_par' dir='ltr' id='par_1_50' title="bbox 2224 1909 3794 1981">
     <span class='ocr_line' id='line_1_50' title="bbox 2224 1909 3794 1981; baseline -0.001 -15"><span class='ocrx_word' id='word_1_417' title='bbox 2224 1911 2624 1968; x_wconf 86' lang='lat' dir='ltr'><strong>intermissione</strong></span> <span class='ocrx_word' id='word_1_418' title='bbox 2653 1919 2824 1966; x_wconf 90' lang='lat' dir='ltr'><strong>orate.</strong></span> <span class='ocrx_word' id='word_1_419' title='bbox 2871 1911 2925 1965; x_wconf 94' lang='lat' dir='ltr'><strong>In</strong></span> <span class='ocrx_word' id='word_1_420' title='bbox 2957 1911 3213 1968; x_wconf 87' lang='lat' dir='ltr'><strong>omnibus</strong></span> <span class='ocrx_word' id='word_1_421' title='bbox 3243 1911 3446 1981; x_wconf 85' lang='lat' dir='ltr'><strong>gratias</strong></span> <span class='ocrx_word' id='word_1_422' title='bbox 3482 1911 3654 1981; x_wconf 87' lang='lat' dir='ltr'><strong>agite:</strong></span> <span class='ocrx_word' id='word_1_423' title='bbox 3694 1909 3794 1966; x_wconf 69' lang='lat' dir='ltr'><strong>haec</strong></span> 
     </span>
    </p>
   </div>
   <div class='ocr_carea' id='block_1_51' title="bbox 2222 2001 3794 2071">
    <p class='ocr_par' dir='ltr' id='par_1_51' title="bbox 2222 2001 3794 2071">
     <span class='ocr_line' id='line_1_51' title="bbox 2222 2001 3794 2071; baseline 0 -13"><span class='ocrx_word' id='word_1_424' title='bbox 2222 2013 2304 2058; x_wconf 90' lang='lat' dir='ltr'><strong>est</strong></span> <span class='ocrx_word' id='word_1_425' title='bbox 2331 2003 2476 2064; x_wconf 88' lang='lat' dir='ltr'><strong>enim</strong></span> <span class='ocrx_word' id='word_1_426' title='bbox 2519 2003 2770 2060; x_wconf 82' lang='lat' dir='ltr'><strong>voluntas</strong></span> <span class='ocrx_word' id='word_1_427' title='bbox 2801 2003 2895 2058; x_wconf 91' lang='lat' dir='ltr'><strong>Dei</strong></span> <span class='ocrx_word' id='word_1_428' title='bbox 2939 2003 2992 2058; x_wconf 91' lang='lat' dir='ltr'><strong>in</strong></span> <span class='ocrx_word' id='word_1_429' title='bbox 3020 2002 3239 2062; x_wconf 84' lang='lat' dir='ltr'><strong>Christo</strong></span> <span class='ocrx_word' id='word_1_430' title='bbox 3272 2001 3437 2071; x_wconf 81' lang='lat' dir='ltr'><strong>Jesu,</strong></span> <span class='ocrx_word' id='word_1_431' title='bbox 3479 2004 3531 2058; x_wconf 93' lang='lat' dir='ltr'><strong>in</strong></span> <span class='ocrx_word' id='word_1_432' title='bbox 3563 2001 3794 2058; x_wconf 86' lang='lat' dir='ltr'><strong>omnibus</strong></span> 
     </span>
    </p>
   </div>
   <div class='ocr_carea' id='block_1_52' title="bbox 2221 2094 3796 2166">
    <p class='ocr_par' dir='ltr' id='par_1_52' title="bbox 2221 2094 3796 2166">
     <span class='ocr_line' id='line_1_52' title="bbox 2221 2094 3796 2166; baseline -0.001 -15"><span class='ocrx_word' id='word_1_433' title='bbox 2221 2095 2673 2166; x_wconf 88' lang='lat' dir='ltr'><strong>vobis.Spiritum</strong></span> <span class='ocrx_word' id='word_1_434' title='bbox 2703 2094 2870 2150; x_wconf 88' lang='lat' dir='ltr'><strong>nolite</strong></span> <span class='ocrx_word' id='word_1_435' title='bbox 2897 2097 3269 2165; x_wconf 82' lang='lat' dir='ltr'><strong>exstinguere.</strong></span> <span class='ocrx_word' id='word_1_436' title='bbox 3302 2094 3624 2166; x_wconf 85' lang='lat' dir='ltr'><strong>Prophetias</strong></span> <span class='ocrx_word' id='word_1_437' title='bbox 3649 2095 3796 2150; x_wconf 84' lang='lat' dir='ltr'><strong>nolite</strong></span> 
     </span>
    </p>
   </div>
   <div class='ocr_carea' id='block_1_53' title="bbox 2223 2187 3797 2259">
    <p class='ocr_par' dir='ltr' id='par_1_53' title="bbox 2223 2187 3797 2259">
     <span class='ocr_line' id='line_1_53' title="bbox 2223 2187 3797 2259; baseline -0.003 -15"><span class='ocrx_word' id='word_1_438' title='bbox 2223 2203 2502 2259; x_wconf 88' lang='lat' dir='ltr'><strong>spernere.</strong></span> <span class='ocrx_word' id='word_1_439' title='bbox 2547 2187 2742 2254; x_wconf 79' lang='lat' dir='ltr'><strong>Omnia</strong></span> <span class='ocrx_word' id='word_1_440' title='bbox 2785 2197 2967 2244; x_wconf 89' lang='lat' dir='ltr'><strong>autem</strong></span> <span class='ocrx_word' id='word_1_441' title='bbox 3009 2190 3276 2256; x_wconf 85' lang='lat' dir='ltr'><strong>probate:</strong></span> <span class='ocrx_word' id='word_1_442' title='bbox 3314 2187 3459 2257; x_wconf 91' lang='lat' dir='ltr'><strong>quod</strong></span> <span class='ocrx_word' id='word_1_443' title='bbox 3500 2187 3695 2243; x_wconf 87' lang='lat' dir='ltr'><strong>bonum</strong></span> <span class='ocrx_word' id='word_1_444' title='bbox 3730 2196 3797 2240; x_wconf 78' lang='lat' dir='ltr'><strong>est</strong></span> 
     </span>
    </p>
   </div>
   <div class='ocr_carea' id='block_1_54' title="bbox 2230 2279 3797 2352">
    <p class='ocr_par' dir='ltr' id='par_1_54' title="bbox 2230 2279 3797 2352">
     <span class='ocr_line' id='line_1_54' title="bbox 2230 2279 3797 2352; baseline -0.004 -14"><span class='ocrx_word' id='word_1_445' title='bbox 2230 2291 2432 2338; x_wconf 88' lang='lat' dir='ltr'><strong>tenete.</strong></span> <span class='ocrx_word' id='word_1_446' title='bbox 2466 2280 2550 2336; x_wconf 84' lang='lat' dir='ltr'><strong>Ab</strong></span> <span class='ocrx_word' id='word_1_447' title='bbox 2572 2282 2719 2338; x_wconf 89' lang='lat' dir='ltr'><strong>omni</strong></span> <span class='ocrx_word' id='word_1_448' title='bbox 2751 2281 2934 2352; x_wconf 84' lang='lat' dir='ltr'><strong>specie</strong></span> <span class='ocrx_word' id='word_1_449' title='bbox 2966 2281 3105 2337; x_wconf 90' lang='lat' dir='ltr'><strong>mala</strong></span> <span class='ocrx_word' id='word_1_450' title='bbox 3128 2280 3403 2344; x_wconf 80' lang='lat' dir='ltr'><strong>abstinete</strong></span> <span class='ocrx_word' id='word_1_451' title='bbox 3430 2295 3548 2334; x_wconf 87' lang='lat' dir='ltr'><strong>vos.</strong></span> <span class='ocrx_word' id='word_1_452' title='bbox 3583 2279 3695 2347; x_wconf 88' lang='lat' dir='ltr'><strong>Ipse</strong></span> <span class='ocrx_word' id='word_1_453' title='bbox 3719 2293 3797 2334; x_wconf 88' lang='lat' dir='ltr'><strong>an-</strong></span> 
     </span>
    </p>
   </div>
   <div class='ocr_carea' id='block_1_55' title="bbox 2227 2373 3796 2445">
    <p class='ocr_par' dir='ltr' id='par_1_55' title="bbox 2227 2373 3796 2445">
     <span class='ocr_line' id='line_1_55' title="bbox 2227 2373 3796 2445; baseline -0.003 -15"><span class='ocrx_word' id='word_1_454' title='bbox 2227 2384 2336 2430; x_wconf 87' lang='lat' dir='ltr'><strong>tem</strong></span> <span class='ocrx_word' id='word_1_455' title='bbox 2370 2376 2509 2430; x_wconf 85' lang='lat' dir='ltr'><strong>Deus</strong></span> <span class='ocrx_word' id='word_1_456' title='bbox 2536 2375 2684 2445; x_wconf 88' lang='lat' dir='ltr'><strong>pacis</strong></span> <span class='ocrx_word' id='word_1_457' title='bbox 2711 2374 3020 2430; x_wconf 88' lang='lat' dir='ltr'><strong>sanctiﬁcat</strong></span> <span class='ocrx_word' id='word_1_458' title='bbox 3045 2387 3145 2434; x_wconf 84' lang='lat' dir='ltr'><strong>vos</strong></span> <span class='ocrx_word' id='word_1_459' title='bbox 3165 2388 3262 2444; x_wconf 84' lang='lat' dir='ltr'><strong>per</strong></span> <span class='ocrx_word' id='word_1_460' title='bbox 3281 2373 3502 2434; x_wconf 86' lang='lat' dir='ltr'><strong>omnia:</strong></span> <span class='ocrx_word' id='word_1_461' title='bbox 3532 2381 3591 2427; x_wconf 91' lang='lat' dir='ltr'><strong>ut</strong></span> <span class='ocrx_word' id='word_1_462' title='bbox 3613 2373 3796 2441; x_wconf 79' lang='lat' dir='ltr'><strong>integer</strong></span> 
     </span>
    </p>
   </div>
   <div class='ocr_carea' id='block_1_56' title="bbox 2224 2461 3793 2537">
    <p class='ocr_par' dir='ltr' id='par_1_56' title="bbox 2224 2461 3793 2537">
     <span class='ocr_line' id='line_1_56' title="bbox 2224 2461 3793 2537; baseline -0.004 -17"><span class='ocrx_word' id='word_1_463' title='bbox 2224 2466 2447 2537; x_wconf 88' lang='lat' dir='ltr'><strong>spiritus</strong></span> <span class='ocrx_word' id='word_1_464' title='bbox 2471 2475 2654 2520; x_wconf 90' lang='lat' dir='ltr'><strong>vester</strong></span> <span class='ocrx_word' id='word_1_465' title='bbox 2673 2510 2687 2532; x_wconf 90' lang='lat'><strong>,</strong></span> <span class='ocrx_word' id='word_1_466' title='bbox 2727 2475 2784 2528; x_wconf 78' lang='lat' dir='ltr'><strong>et</strong></span> <span class='ocrx_word' id='word_1_467' title='bbox 2810 2464 2992 2529; x_wconf 85' lang='lat' dir='ltr'><strong>anima</strong></span> <span class='ocrx_word' id='word_1_468' title='bbox 3019 2506 3034 2528; x_wconf 87' lang='lat'><strong>,</strong></span> <span class='ocrx_word' id='word_1_469' title='bbox 3077 2473 3132 2520; x_wconf 89' lang='lat' dir='ltr'><strong>et</strong></span> <span class='ocrx_word' id='word_1_470' title='bbox 3153 2477 3350 2532; x_wconf 87' lang='lat' dir='ltr'><strong>corpus</strong></span> <span class='ocrx_word' id='word_1_471' title='bbox 3373 2465 3496 2520; x_wconf 88' lang='lat' dir='ltr'><strong>sine</strong></span> <span class='ocrx_word' id='word_1_472' title='bbox 3523 2461 3729 2532; x_wconf 85' lang='lat' dir='ltr'><strong>querela</strong></span> <span class='ocrx_word' id='word_1_473' title='bbox 3751 2461 3793 2515; x_wconf 85' lang='lat' dir='ltr'><strong>in</strong></span> 
     </span>
    </p>
   </div>
   <div class='ocr_carea' id='block_1_57' title="bbox 2224 2551 3797 2618">
    <p class='ocr_par' dir='ltr' id='par_1_57' title="bbox 2224 2551 3797 2618">
     <span class='ocr_line' id='line_1_57' title="bbox 2224 2551 3797 2618; baseline -0.004 -8"><span class='ocrx_word' id='word_1_474' title='bbox 2224 2556 2459 2612; x_wconf 86' lang='lat' dir='ltr'><strong>adventu</strong></span> <span class='ocrx_word' id='word_1_475' title='bbox 2485 2555 2700 2617; x_wconf 85' lang='lat' dir='ltr'><strong>Domini</strong></span> <span class='ocrx_word' id='word_1_476' title='bbox 2724 2555 2897 2612; x_wconf 82' lang='lat' dir='ltr'><strong>nostri</strong></span> <span class='ocrx_word' id='word_1_477' title='bbox 2921 2554 3046 2618; x_wconf 80' lang='lat' dir='ltr'><strong>Jasu</strong></span> <span class='ocrx_word' id='word_1_478' title='bbox 3077 2553 3276 2610; x_wconf 89' lang='lat' dir='ltr'><strong>Christi</strong></span> <span class='ocrx_word' id='word_1_479' title='bbox 3313 2562 3583 2608; x_wconf 89' lang='lat' dir='ltr'><strong>servetur.</strong></span> <span class='ocrx_word' id='word_1_480' title='bbox 3623 2551 3797 2607; x_wconf 77' lang='lat' dir='ltr'><strong>Fidelis</strong></span> 
     </span>
    </p>
   </div>
   <div class='ocr_carea' id='block_1_58' title="bbox 2226 2645 3799 2718">
    <p class='ocr_par' dir='ltr' id='par_1_58' title="bbox 2226 2645 3799 2718">
     <span class='ocr_line' id='line_1_58' title="bbox 2226 2645 3799 2718; baseline -0.003 -14"><span class='ocrx_word' id='word_1_481' title='bbox 2226 2657 2330 2715; x_wconf 87' lang='lat' dir='ltr'><strong>est,</strong></span> <span class='ocrx_word' id='word_1_482' title='bbox 2360 2649 2451 2718; x_wconf 93' lang='lat' dir='ltr'><strong>qui</strong></span> <span class='ocrx_word' id='word_1_483' title='bbox 2478 2651 2693 2703; x_wconf 87' lang='lat' dir='ltr'><strong>vocavit</strong></span> <span class='ocrx_word' id='word_1_484' title='bbox 2718 2663 2846 2703; x_wconf 90' lang='lat' dir='ltr'><strong>vos:</strong></span> <span class='ocrx_word' id='word_1_485' title='bbox 2879 2649 2972 2718; x_wconf 92' lang='lat' dir='ltr'><strong>qui</strong></span> <span class='ocrx_word' id='word_1_486' title='bbox 3001 2647 3163 2704; x_wconf 89' lang='lat' dir='ltr'><strong>etiam</strong></span> <span class='ocrx_word' id='word_1_487' title='bbox 3192 2645 3375 2702; x_wconf 84' lang='lat' dir='ltr'><strong>faciet.</strong></span> <span class='ocrx_word' id='word_1_488' title='bbox 3406 2645 3644 2714; x_wconf 88' lang='lat' dir='ltr'><strong>Fratres,</strong></span> <span class='ocrx_word' id='word_1_489' title='bbox 3671 2654 3799 2700; x_wconf 85' lang='lat' dir='ltr'><strong>orate</strong></span> 
     </span>
    </p>
   </div>
   <div class='ocr_carea' id='block_1_59' title="bbox 2226 2738 3794 2812">
    <p class='ocr_par' dir='ltr' id='par_1_59' title="bbox 2226 2738 3794 2812">
     <span class='ocr_line' id='line_1_59' title="bbox 2226 2738 3794 2812; baseline -0.004 -16"><span class='ocrx_word' id='word_1_490' title='bbox 2226 2755 2326 2812; x_wconf 89' lang='lat' dir='ltr'><strong>pro</strong></span> <span class='ocrx_word' id='word_1_491' title='bbox 2351 2740 2530 2796; x_wconf 89' lang='lat' dir='ltr'><strong>nobis.</strong></span> <span class='ocrx_word' id='word_1_492' title='bbox 2581 2739 2824 2798; x_wconf 89' lang='lat' dir='ltr'><strong>Salutate</strong></span> <span class='ocrx_word' id='word_1_493' title='bbox 2854 2739 3050 2796; x_wconf 88' lang='lat' dir='ltr'><strong>fratres</strong></span> <span class='ocrx_word' id='word_1_494' title='bbox 3081 2753 3270 2795; x_wconf 90' lang='lat' dir='ltr'><strong>omnes</strong></span> <span class='ocrx_word' id='word_1_495' title='bbox 3308 2738 3362 2794; x_wconf 92' lang='lat' dir='ltr'><strong>in</strong></span> <span class='ocrx_word' id='word_1_496' title='bbox 3389 2739 3576 2794; x_wconf 88' lang='lat' dir='ltr'><strong>osculo</strong></span> <span class='ocrx_word' id='word_1_497' title='bbox 3606 2745 3794 2792; x_wconf 84' lang='lat' dir='ltr'><strong>sancto.</strong></span> 
     </span>
    </p>
   </div>
   <div class='ocr_carea' id='block_1_60' title="bbox 2230 2828 3796 2903">
    <p class='ocr_par' dir='ltr' id='par_1_60' title="bbox 2230 2828 3796 2903">
     <span class='ocr_line' id='line_1_60' title="bbox 2230 2828 3796 2903; baseline -0.005 -13"><span class='ocrx_word' id='word_1_498' title='bbox 2230 2833 2439 2903; x_wconf 71' lang='lat' dir='ltr'><strong>Adjuro</strong></span> <span class='ocrx_word' id='word_1_499' title='bbox 2471 2846 2566 2887; x_wconf 90' lang='lat' dir='ltr'><strong>vos</strong></span> <span class='ocrx_word' id='word_1_500' title='bbox 2597 2830 2695 2902; x_wconf 85' lang='lat' dir='ltr'><strong>per</strong></span> <span class='ocrx_word' id='word_1_501' title='bbox 2729 2833 3012 2887; x_wconf 89' lang='lat' dir='ltr'><strong>Dominum</strong></span> <span class='ocrx_word' id='word_1_502' title='bbox 3039 2871 3054 2896; x_wconf 88' lang='lat'><strong>,</strong></span> <span class='ocrx_word' id='word_1_503' title='bbox 3105 2840 3163 2886; x_wconf 90' lang='lat' dir='ltr'><strong>ut</strong></span> <span class='ocrx_word' id='word_1_504' title='bbox 3199 2832 3411 2901; x_wconf 88' lang='lat' dir='ltr'><strong>legatur</strong></span> <span class='ocrx_word' id='word_1_505' title='bbox 3452 2830 3672 2900; x_wconf 85' lang='lat' dir='ltr'><strong>epistola</strong></span> <span class='ocrx_word' id='word_1_506' title='bbox 3704 2828 3796 2883; x_wconf 68' lang='lat' dir='ltr'><strong>hac</strong></span> 
     </span>
    </p>
   </div>
   <div class='ocr_carea' id='block_1_61' title="bbox 2228 2920 3796 2986">
    <p class='ocr_par' dir='ltr' id='par_1_61' title="bbox 2228 2920 3796 2986">
     <span class='ocr_line' id='line_1_61' title="bbox 2228 2920 3796 2986; baseline -0.006 -4"><span class='ocrx_word' id='word_1_507' title='bbox 2228 2926 2486 2984; x_wconf 86' lang='lat' dir='ltr'><strong>omnibus</strong></span> <span class='ocrx_word' id='word_1_508' title='bbox 2512 2925 2716 2980; x_wconf 91' lang='lat' dir='ltr'><strong>sanctis</strong></span> <span class='ocrx_word' id='word_1_509' title='bbox 2744 2923 3022 2981; x_wconf 83' lang='lat' dir='ltr'><strong>fratribus.</strong></span> <span class='ocrx_word' id='word_1_510' title='bbox 3053 2924 3241 2981; x_wconf 85' lang='lat' dir='ltr'><strong>Gratia</strong></span> <span class='ocrx_word' id='word_1_511' title='bbox 3267 2923 3486 2980; x_wconf 91' lang='lat' dir='ltr'><strong>Domini</strong></span> <span class='ocrx_word' id='word_1_512' title='bbox 3511 2923 3674 2986; x_wconf 86' lang='lat' dir='ltr'><strong>nostri</strong></span> <span class='ocrx_word' id='word_1_513' title='bbox 3691 2920 3796 2976; x_wconf 82' lang='lat' dir='ltr'><strong>Jesu</strong></span> 
     </span>
    </p>
   </div>
   <div class='ocr_carea' id='block_1_62' title="bbox 2229 3017 3072 3077">
    <p class='ocr_par' dir='ltr' id='par_1_62' title="bbox 2229 3017 3072 3077">
     <span class='ocr_line' id='line_1_62' title="bbox 2229 3017 3072 3077; baseline -0.006 0"><span class='ocrx_word' id='word_1_514' title='bbox 2229 3019 2430 3077; x_wconf 87' lang='lat' dir='ltr'><strong>Christi</strong></span> <span class='ocrx_word' id='word_1_515' title='bbox 2462 3017 2488 3056; x_wconf 66' lang='grc' dir='ltr'><strong>ιι</strong></span> <span class='ocrx_word' id='word_1_516' title='bbox 2521 3018 2822 3077; x_wconf 85' lang='lat' dir='ltr'><strong>vobiscum.</strong></span> <span class='ocrx_word' id='word_1_517' title='bbox 2877 3021 3072 3073; x_wconf 87' lang='lat' dir='ltr'><strong>Amen.</strong></span> 
     </span>
    </p>
   </div>
   <div class='ocr_carea' id='block_1_63' title="bbox 1295 3201 3002 3275">
    <p class='ocr_par' dir='ltr' id='par_1_63' title="bbox 1295 3201 3002 3275">
     <span class='ocr_line' id='line_1_63' title="bbox 1295 3201 3002 3275; baseline 0.003 -20"><span class='ocrx_word' id='word_1_518' title='bbox 1295 3201 1524 3271; x_wconf 68' lang='lat' dir='ltr'><strong>Explica</strong></span> <span class='ocrx_word' id='word_1_519' title='bbox 1546 3201 1788 3273; x_wconf 83' lang='lat' dir='ltr'><strong>Epistola</strong></span> <span class='ocrx_word' id='word_1_520' title='bbox 1810 3202 1875 3258; x_wconf 88' lang='grc' dir='ltr'><strong>Β.</strong></span> <span class='ocrx_word' id='word_1_521' title='bbox 1906 3203 2064 3259; x_wconf 84' lang='lat' dir='ltr'><strong>Pauli</strong></span> <span class='ocrx_word' id='word_1_522' title='bbox 2091 3205 2316 3275; x_wconf 81' lang='lat' dir='ltr'><strong>apostoli</strong></span> <span class='ocrx_word' id='word_1_523' title='bbox 2338 3204 2407 3260; x_wconf 86' lang='lat' dir='ltr'><strong>ad</strong></span> <span class='ocrx_word' id='word_1_524' title='bbox 2436 3203 2920 3261; x_wconf 77' lang='lat' dir='ltr'><strong>Thessalonicenses</strong></span> <span class='ocrx_word' id='word_1_525' title='bbox 2951 3201 3002 3260; x_wconf 89' lang='lat' dir='ltr'><strong>I.</strong></span> 
     </span>
    </p>
   </div>
   <div class='ocr_carea' id='block_1_64' title="bbox 597 3342 2113 3416">
    <p class='ocr_par' dir='ltr' id='par_1_64' title="bbox 597 3342 2113 3416">
     <span class='ocr_line' id='line_1_64' title="bbox 597 3342 2113 3416; baseline 0.002 -19"><span class='ocrx_word' id='word_1_526' title='bbox 597 3354 619 3380; x_wconf 79' lang='grc' dir='ltr'>η</span> <span class='ocrx_word' id='word_1_527' title='bbox 647 3343 754 3416; x_wconf 83' lang='lat' dir='ltr'><strong>Pro</strong></span> <span class='ocrx_word' id='word_1_528' title='bbox 786 3342 1009 3408; x_wconf 82' lang='lat' dir='ltr'><strong>Christo,</strong></span> <span class='ocrx_word' id='word_1_529' title='bbox 1041 3342 1318 3397; x_wconf 88' lang='lat' dir='ltr'><strong>Palatinus</strong></span> <span class='ocrx_word' id='word_1_530' title='bbox 1347 3360 1448 3398; x_wconf 85' lang='lat' dir='ltr'><strong>ins.</strong></span> <span class='ocrx_word' id='word_1_531' title='bbox 1497 3344 1662 3399; x_wconf 86' lang='lat' dir='ltr'><strong>habet</strong></span> <span class='ocrx_word' id='word_1_532' title='bbox 1710 3342 1957 3412; x_wconf 86' lang='lat' dir='ltr'><strong>Domino,</strong></span> <span class='ocrx_word' id='word_1_533' title='bbox 1985 3359 2113 3416; x_wconf 87' lang='lat' dir='ltr'><strong>pro-</strong></span> 
     </span>
    </p>
   </div>
   <div class='ocr_carea' id='block_1_65' title="bbox 523 3415 1128 3489">
    <p class='ocr_par' dir='ltr' id='par_1_65' title="bbox 523 3415 1128 3489">
     <span class='ocr_line' id='line_1_65' title="bbox 523 3415 1128 3489; baseline -0.003 -21"><span class='ocrx_word' id='word_1_534' title='bbox 523 3416 642 3485; x_wconf 78' lang='lat' dir='ltr'><strong>pius</strong></span> <span class='ocrx_word' id='word_1_535' title='bbox 674 3415 885 3479; x_wconf 69' lang='lat' dir='ltr'><strong>Graeco,</strong></span> <span class='ocrx_word' id='word_1_536' title='bbox 924 3416 1128 3489; x_wconf 73' lang='grc' dir='ltr'><strong>κυρίου.</strong></span> 
     </span>
    </p>
   </div>
   <div class='ocr_carea' id='block_1_66' title="bbox 2226 3336 3792 3468">
    <p class='ocr_par' dir='ltr' id='par_1_66' title="bbox 2226 3336 3792 3468">
     <span class='ocr_line' id='line_1_66' title="bbox 2226 3336 3792 3468; baseline -0.006 -70"><span class='ocrx_word' id='word_1_537' title='bbox 2226 3341 2320 3468; x_wconf 41' lang='lat' dir='ltr'><strong>Eb</strong></span> <span class='ocrx_word' id='word_1_538' title='bbox 2355 3343 2498 3399; x_wconf 88' lang='lat' dir='ltr'><strong>Idem</strong></span> <span class='ocrx_word' id='word_1_539' title='bbox 2535 3342 2809 3414; x_wconf 79' lang='lat' dir='ltr'><strong>Palatinus</strong></span> <span class='ocrx_word' id='word_1_540' title='bbox 2838 3357 2942 3398; x_wconf 93' lang='lat' dir='ltr'><strong>ms.</strong></span> <span class='ocrx_word' id='word_1_541' title='bbox 2962 3383 2978 3409; x_wconf 94' lang='lat'><strong>,</strong></span> <span class='ocrx_word' id='word_1_542' title='bbox 3013 3357 3129 3395; x_wconf 84' lang='lat' dir='ltr'><strong>cum</strong></span> <span class='ocrx_word' id='word_1_543' title='bbox 3157 3338 3393 3394; x_wconf 83' lang='lat' dir='ltr'><strong>omnibus</strong></span> <span class='ocrx_word' id='word_1_544' title='bbox 3423 3336 3578 3404; x_wconf 80' lang='lat' dir='ltr'><strong>vobis,</strong></span> <span class='ocrx_word' id='word_1_545' title='bbox 3608 3350 3699 3407; x_wconf 91' lang='lat' dir='ltr'><strong>pro</strong></span> <span class='ocrx_word' id='word_1_546' title='bbox 3722 3349 3792 3387; x_wconf 74' lang='lat' dir='ltr'><strong>ro-</strong></span> 
     </span>
     <span class='ocr_line' id='line_1_67' title="bbox 2259 3431 2445 3468; baseline 0.005 -1"><span class='ocrx_word' id='word_1_547' title='bbox 2259 3431 2445 3468; x_wconf 79' lang='lat' dir='ltr'><strong>iscum.</strong></span> 
     </span>
    </p>
   </div>
   <div class='ocr_carea' id='block_1_67' title="bbox 2259 3431 2445 3468">
    <p class='ocr_par' dir='ltr' id='par_1_67' title="bbox 2259 3431 2445 3468">
     <span class='ocr_line' id='line_1_68' title="bbox 2259 3431 2445 3468; baseline 0.005 -1"><span class='ocrx_word' id='word_1_548' title='bbox 2259 3431 2445 3468; x_wconf 77' lang='lat' dir='ltr'><strong>iscum.</strong></span> 
     </span>
    </p>
   </div>
   <div class='ocr_carea' id='block_1_68' title="bbox 1253 3653 3082 3782">
    <p class='ocr_par' dir='ltr' id='par_1_68' title="bbox 1253 3653 3082 3782">
     <span class='ocr_line' id='line_1_69' title="bbox 1253 3653 3082 3782; baseline -0.001 -13"><span class='ocrx_word' id='word_1_549' title='bbox 1253 3659 1428 3769; x_wconf 82' lang='grc' dir='ltr'><strong>Β.</strong></span> <span class='ocrx_word' id='word_1_550' title='bbox 1505 3653 2075 3782; x_wconf 70' lang='lat' dir='ltr'><strong>PAULI</strong></span> <span class='ocrx_word' id='word_1_551' title='bbox 2157 3653 3082 3769; x_wconf 74' lang='lat' dir='ltr'><strong>APOSTOLI</strong></span> 
     </span>
    </p>
   </div>
   <div class='ocr_carea' id='block_1_69' title="bbox 2029 3822 2320 3925">
    <p class='ocr_par' dir='ltr' id='par_1_69' title="bbox 2029 3822 2320 3925">
     <span class='ocr_line' id='line_1_70' title="bbox 2029 3822 2320 3925; baseline 0 -37"><span class='ocrx_word' id='word_1_552' title='bbox 2029 3822 2320 3925; x_wconf 71' lang='lat' dir='ltr'><strong>tNCtprr</strong></span> 
     </span>
    </p>
   </div>
   <div class='ocr_carea' id='block_1_70' title="bbox 587 3965 3719 4248">
    <p class='ocr_par' dir='ltr' id='par_1_70' title="bbox 587 3965 3719 4248">
     <span class='ocr_line' id='line_1_71' title="bbox 587 3965 3719 4248; baseline -0.008 -134"><span class='ocrx_word' id='word_1_553' title='bbox 587 3967 1523 4114; x_wconf 85' lang='lat' dir='ltr'><strong>.EPISTOLA</strong></span> <span class='ocrx_word' id='word_1_554' title='bbox 1616 3965 3719 4248; x_wconf 36' lang='lat' dir='ltr'><strong>ADSECEEDSASALONICENSES</strong></span> 
     </span>
    </p>
   </div>
   <div class='ocr_carea' id='block_1_71' title="bbox 599 4375 3783 4489">
    <p class='ocr_par' dir='ltr' id='par_1_71' title="bbox 599 4375 3783 4489">
     <span class='ocr_line' id='line_1_72' title="bbox 599 4375 3783 4489; baseline -0.002 -18"><span class='ocrx_word' id='word_1_555' title='bbox 599 4416 752 4489; x_wconf 83' lang='lat' dir='ltr'><strong>[Cap.</strong></span> <span class='ocrx_word' id='word_1_556' title='bbox 783 4409 852 4484; x_wconf 82' lang='lat'><strong>1.]</strong></span> <span class='ocrx_word' id='word_1_557' title='bbox 894 4411 1111 4480; x_wconf 81' lang='lat' dir='ltr'><strong>Paulus,</strong></span> <span class='ocrx_word' id='word_1_558' title='bbox 1147 4417 1203 4466; x_wconf 91' lang='lat' dir='ltr'><strong>et</strong></span> <span class='ocrx_word' id='word_1_559' title='bbox 1230 4409 1516 4480; x_wconf 84' lang='lat' dir='ltr'><strong>Silvanus,</strong></span> <span class='ocrx_word' id='word_1_560' title='bbox 1547 4418 1604 4467; x_wconf 86' lang='lat' dir='ltr'><strong>et</strong></span> <span class='ocrx_word' id='word_1_561' title='bbox 1627 4410 1949 4466; x_wconf 87' lang='lat' dir='ltr'><strong>Timotheus</strong></span> <span class='ocrx_word' id='word_1_562' title='bbox 1970 4451 1985 4477; x_wconf 95' lang='lat'><strong>,</strong></span> <span class='ocrx_word' id='word_1_563' title='bbox 2022 4407 2123 4466; x_wconf 85' lang='lat' dir='ltr'><strong>Ec-</strong></span> <span class='ocrx_word' id='word_1_564' title='bbox 2147 4412 2202 4475; x_wconf 91' lang='grc' dir='ltr'><strong>Ι)</strong></span> <span class='ocrx_word' id='word_1_565' title='bbox 2227 4375 2398 4481; x_wconf 79' lang='lat' dir='ltr'><strong>buare</strong></span> <span class='ocrx_word' id='word_1_566' title='bbox 2439 4410 2841 4476; x_wconf 83' lang='lat' dir='ltr'><strong>tribulationem</strong></span> <span class='ocrx_word' id='word_1_567' title='bbox 2885 4410 2952 4468; x_wconf 90' lang='lat' dir='ltr'><strong>iis</strong></span> <span class='ocrx_word' id='word_1_568' title='bbox 2979 4411 3072 4482; x_wconf 84' lang='lat' dir='ltr'><strong>qui</strong></span> <span class='ocrx_word' id='word_1_569' title='bbox 3110 4425 3208 4472; x_wconf 85' lang='lat' dir='ltr'><strong>vos</strong></span> <span class='ocrx_word' id='word_1_570' title='bbox 3239 4411 3541 4476; x_wconf 76' lang='lat' dir='ltr'><strong>tribulam:</strong></span> <span class='ocrx_word' id='word_1_571' title='bbox 3585 4419 3634 4472; x_wconf 78' lang='lat' dir='ltr'><strong>et</strong></span> <span class='ocrx_word' id='word_1_572' title='bbox 3655 4406 3783 4464; x_wconf 72' lang='lat' dir='ltr'><strong>vobis</strong></span> 
     </span>
    </p>
   </div>
   <div class='ocr_carea' id='block_1_72' title="bbox 529 4501 2129 4571">
    <p class='ocr_par' dir='ltr' id='par_1_72' title="bbox 529 4501 2129 4571">
     <span class='ocr_line' id='line_1_73' title="bbox 529 4501 2129 4571; baseline -0.004 -7"><span class='ocrx_word' id='word_1_573' title='bbox 529 4509 710 4564; x_wconf 77' lang='lat' dir='ltr'><strong>clesize</strong></span> <span class='ocrx_word' id='word_1_574' title='bbox 735 4503 1331 4570; x_wconf 89' lang='lat' dir='ltr'><strong>Thessalonicensium,</strong></span> <span class='ocrx_word' id='word_1_575' title='bbox 1372 4503 1427 4558; x_wconf 91' lang='lat' dir='ltr'><strong>in</strong></span> <span class='ocrx_word' id='word_1_576' title='bbox 1460 4501 1574 4558; x_wconf 92' lang='lat' dir='ltr'><strong>Deo</strong></span> <span class='ocrx_word' id='word_1_577' title='bbox 1601 4505 1763 4559; x_wconf 88' lang='lat' dir='ltr'><strong>Patre</strong></span> <span class='ocrx_word' id='word_1_578' title='bbox 1804 4510 2025 4571; x_wconf 90' lang='lat' dir='ltr'><strong>nostro,</strong></span> <span class='ocrx_word' id='word_1_579' title='bbox 2073 4510 2129 4557; x_wconf 88' lang='lat' dir='ltr'><strong>et</strong></span> 
     </span>
    </p>
   </div>
   <div class='ocr_carea' id='block_1_73' title="bbox 529 4595 2158 4667">
    <p class='ocr_par' dir='ltr' id='par_1_73' title="bbox 529 4595 2158 4667">
     <span class='ocr_line' id='line_1_74' title="bbox 529 4595 2158 4667; baseline -0.002 -12"><span class='ocrx_word' id='word_1_580' title='bbox 529 4599 760 4657; x_wconf 90' lang='lat' dir='ltr'><strong>Domino</strong></span> <span class='ocrx_word' id='word_1_581' title='bbox 781 4597 912 4654; x_wconf 84' lang='lat' dir='ltr'><strong>Jesu</strong></span> <span class='ocrx_word' id='word_1_582' title='bbox 935 4595 1178 4653; x_wconf 86' lang='lat' dir='ltr'><strong>Christo.</strong></span> <span class='ocrx_word' id='word_1_583' title='bbox 1210 4595 1392 4652; x_wconf 90' lang='lat' dir='ltr'><strong>Gratia</strong></span> <span class='ocrx_word' id='word_1_584' title='bbox 1419 4597 1596 4667; x_wconf 87' lang='lat' dir='ltr'><strong>vobis,</strong></span> <span class='ocrx_word' id='word_1_585' title='bbox 1630 4606 1684 4654; x_wconf 91' lang='lat' dir='ltr'><strong>et</strong></span> <span class='ocrx_word' id='word_1_586' title='bbox 1706 4611 1810 4667; x_wconf 86' lang='lat' dir='ltr'><strong>pax</strong></span> <span class='ocrx_word' id='word_1_587' title='bbox 1836 4611 1866 4652; x_wconf 87' lang='lat' dir='ltr'><strong>a</strong></span> <span class='ocrx_word' id='word_1_588' title='bbox 1893 4597 2001 4653; x_wconf 90' lang='lat' dir='ltr'><strong>Deo</strong></span> <span class='ocrx_word' id='word_1_589' title='bbox 2031 4611 2158 4652; x_wconf 66' lang='grc' dir='ltr'><strong>[ιο-ν</strong></span> 
     </span>
    </p>
   </div>
   <div class='ocr_carea' id='block_1_74' title="bbox 527 4687 2128 4761">
    <p class='ocr_par' dir='ltr' id='par_1_74' title="bbox 527 4687 2128 4761">
     <span class='ocr_line' id='line_1_75' title="bbox 527 4687 2128 4761; baseline 0 -15"><span class='ocrx_word' id='word_1_590' title='bbox 527 4699 666 4759; x_wconf 89' lang='lat' dir='ltr'><strong>stro,</strong></span> <span class='ocrx_word' id='word_1_591' title='bbox 695 4701 751 4746; x_wconf 90' lang='lat' dir='ltr'><strong>et</strong></span> <span class='ocrx_word' id='word_1_592' title='bbox 779 4690 1011 4745; x_wconf 91' lang='lat' dir='ltr'><strong>Domino</strong></span> <span class='ocrx_word' id='word_1_593' title='bbox 1032 4689 1162 4745; x_wconf 83' lang='lat' dir='ltr'><strong>Jesu</strong></span> <span class='ocrx_word' id='word_1_594' title='bbox 1184 4687 1423 4744; x_wconf 90' lang='lat' dir='ltr'><strong>Christo.</strong></span> <span class='ocrx_word' id='word_1_595' title='bbox 1447 4688 1660 4745; x_wconf 87' lang='lat' dir='ltr'><strong>Gratias</strong></span> <span class='ocrx_word' id='word_1_596' title='bbox 1688 4704 1847 4761; x_wconf 86' lang='lat' dir='ltr'><strong>agere</strong></span> <span class='ocrx_word' id='word_1_597' title='bbox 1868 4689 2128 4746; x_wconf 83' lang='lat' dir='ltr'><strong>debemus</strong></span> 
     </span>
    </p>
   </div>
   <div class='ocr_carea' id='block_1_75' title="bbox 529 4781 2128 4854">
    <p class='ocr_par' dir='ltr' id='par_1_75' title="bbox 529 4781 2128 4854">
     <span class='ocr_line' id='line_1_76' title="bbox 529 4781 2128 4854; baseline -0.003 -13"><span class='ocrx_word' id='word_1_598' title='bbox 529 4798 747 4854; x_wconf 85' lang='lat' dir='ltr'><strong>semper</strong></span> <span class='ocrx_word' id='word_1_599' title='bbox 773 4783 887 4839; x_wconf 92' lang='lat' dir='ltr'><strong>Deo</strong></span> <span class='ocrx_word' id='word_1_600' title='bbox 914 4797 1016 4853; x_wconf 90' lang='lat' dir='ltr'><strong>pro</strong></span> <span class='ocrx_word' id='word_1_601' title='bbox 1041 4782 1201 4838; x_wconf 87' lang='lat' dir='ltr'><strong>vobis</strong></span> <span class='ocrx_word' id='word_1_602' title='bbox 1225 4822 1240 4847; x_wconf 91' lang='lat'><strong>,</strong></span> <span class='ocrx_word' id='word_1_603' title='bbox 1292 4781 1487 4836; x_wconf 87' lang='lat' dir='ltr'><strong>fratres</strong></span> <span class='ocrx_word' id='word_1_604' title='bbox 1507 4825 1523 4849; x_wconf 96' lang='lat'><strong>,</strong></span> <span class='ocrx_word' id='word_1_605' title='bbox 1573 4783 1642 4838; x_wconf 88' lang='lat' dir='ltr'><strong>ita</strong></span> <span class='ocrx_word' id='word_1_606' title='bbox 1675 4790 1734 4837; x_wconf 89' lang='lat' dir='ltr'><strong>ut</strong></span> <span class='ocrx_word' id='word_1_607' title='bbox 1758 4782 1980 4852; x_wconf 89' lang='lat' dir='ltr'><strong>dignum</strong></span> <span class='ocrx_word' id='word_1_608' title='bbox 2021 4793 2128 4848; x_wconf 90' lang='lat' dir='ltr'><strong>est,</strong></span> 
     </span>
    </p>
   </div>
   <div class='ocr_carea' id='block_1_76' title="bbox 527 4871 2127 4947">
    <p class='ocr_par' dir='ltr' id='par_1_76' title="bbox 527 4871 2127 4947">
     <span class='ocr_line' id='line_1_77' title="bbox 527 4871 2127 4947; baseline -0.003 -16"><span class='ocrx_word' id='word_1_609' title='bbox 527 4876 784 4947; x_wconf 88' lang='lat' dir='ltr'><strong>quoniam</strong></span> <span class='ocrx_word' id='word_1_610' title='bbox 807 4875 1174 4944; x_wconf 81' lang='lat' dir='ltr'><strong>supercrescit</strong></span> <span class='ocrx_word' id='word_1_611' title='bbox 1195 4871 1330 4928; x_wconf 87' lang='lat' dir='ltr'><strong>ﬁdes</strong></span> <span class='ocrx_word' id='word_1_612' title='bbox 1354 4882 1531 4930; x_wconf 88' lang='lat' dir='ltr'><strong>vestra</strong></span> <span class='ocrx_word' id='word_1_613' title='bbox 1553 4916 1569 4941; x_wconf 93' lang='lat'><strong>,</strong></span> <span class='ocrx_word' id='word_1_614' title='bbox 1596 4884 1652 4929; x_wconf 92' lang='lat' dir='ltr'><strong>et</strong></span> <span class='ocrx_word' id='word_1_615' title='bbox 1681 4873 1920 4929; x_wconf 87' lang='lat' dir='ltr'><strong>abttndat</strong></span> <span class='ocrx_word' id='word_1_616' title='bbox 1945 4872 2127 4930; x_wconf 82' lang='lat' dir='ltr'><strong>chari-</strong></span> 
     </span>
    </p>
   </div>
   <div class='ocr_carea' id='block_1_77' title="bbox 530 4965 2124 5037">
    <p class='ocr_par' dir='ltr' id='par_1_77' title="bbox 530 4965 2124 5037">
     <span class='ocr_line' id='line_1_78' title="bbox 530 4965 2124 5037; baseline -0.002 -13"><span class='ocrx_word' id='word_1_617' title='bbox 530 4981 612 5025; x_wconf 85' lang='lat' dir='ltr'><strong>tas</strong></span> <span class='ocrx_word' id='word_1_618' title='bbox 639 4967 1064 5037; x_wconf 88' lang='lat' dir='ltr'><strong>uniuscujusque</strong></span> <span class='ocrx_word' id='word_1_619' title='bbox 1089 4975 1331 5021; x_wconf 88' lang='lat' dir='ltr'><strong>vestrum</strong></span> <span class='ocrx_word' id='word_1_620' title='bbox 1359 4966 1410 5020; x_wconf 92' lang='lat' dir='ltr'><strong>in</strong></span> <span class='ocrx_word' id='word_1_621' title='bbox 1443 4965 1712 5021; x_wconf 90' lang='lat' dir='ltr'><strong>invicem:</strong></span> <span class='ocrx_word' id='word_1_622' title='bbox 1753 4965 1823 5020; x_wconf 83' lang='lat' dir='ltr'><strong>ita</strong></span> <span class='ocrx_word' id='word_1_623' title='bbox 1856 4973 1915 5020; x_wconf 90' lang='lat' dir='ltr'><strong>ut</strong></span> <span class='ocrx_word' id='word_1_624' title='bbox 1939 4974 1993 5020; x_wconf 93' lang='lat' dir='ltr'><strong>et</strong></span> <span class='ocrx_word' id='word_1_625' title='bbox 2025 4980 2124 5021; x_wconf 84' lang='lat' dir='ltr'><strong>nos</strong></span> 
     </span>
    </p>
   </div>
   <div class='ocr_carea' id='block_1_78' title="bbox 532 5058 2124 5134">
    <p class='ocr_par' dir='ltr' id='par_1_78' title="bbox 532 5058 2124 5134">
     <span class='ocr_line' id='line_1_79' title="bbox 532 5058 2124 5134; baseline -0.001 -17"><span class='ocrx_word' id='word_1_626' title='bbox 532 5063 631 5134; x_wconf 91' lang='lat' dir='ltr'><strong>ipsi</strong></span> <span class='ocrx_word' id='word_1_627' title='bbox 655 5063 710 5118; x_wconf 93' lang='lat' dir='ltr'><strong>in</strong></span> <span class='ocrx_word' id='word_1_628' title='bbox 733 5061 888 5117; x_wconf 83' lang='lat' dir='ltr'><strong>vobis</strong></span> <span class='ocrx_word' id='word_1_629' title='bbox 909 5059 1210 5131; x_wconf 86' lang='lat' dir='ltr'><strong>gloriemur</strong></span> <span class='ocrx_word' id='word_1_630' title='bbox 1231 5059 1286 5114; x_wconf 93' lang='lat' dir='ltr'><strong>in</strong></span> <span class='ocrx_word' id='word_1_631' title='bbox 1311 5058 1574 5116; x_wconf 87' lang='lat' dir='ltr'><strong>Ecclesiis</strong></span> <span class='ocrx_word' id='word_1_632' title='bbox 1601 5059 1717 5126; x_wconf 90' lang='lat' dir='ltr'><strong>Dei,</strong></span> <span class='ocrx_word' id='word_1_633' title='bbox 1747 5075 1842 5129; x_wconf 91' lang='lat' dir='ltr'><strong>pro</strong></span> <span class='ocrx_word' id='word_1_634' title='bbox 1865 5058 2124 5130; x_wconf 83' lang='lat' dir='ltr'><strong>patientia</strong></span> 
     </span>
    </p>
   </div>
   <div class='ocr_carea' id='block_1_79' title="bbox 533 5153 2125 5224">
    <p class='ocr_par' dir='ltr' id='par_1_79' title="bbox 533 5153 2125 5224">
     <span class='ocr_line' id='line_1_80' title="bbox 533 5153 2125 5224; baseline -0.003 -12"><span class='ocrx_word' id='word_1_635' title='bbox 533 5167 735 5224; x_wconf 87' lang='lat' dir='ltr'><strong>vestra,</strong></span> <span class='ocrx_word' id='word_1_636' title='bbox 750 5164 806 5212; x_wconf 90' lang='lat' dir='ltr'><strong>et</strong></span> <span class='ocrx_word' id='word_1_637' title='bbox 827 5155 931 5210; x_wconf 90' lang='lat' dir='ltr'><strong>ﬁde</strong></span> <span class='ocrx_word' id='word_1_638' title='bbox 949 5170 964 5220; x_wconf 87' lang='lat'><strong>;</strong></span> <span class='ocrx_word' id='word_1_639' title='bbox 981 5154 1008 5183; x_wconf 82' lang='grc'><strong>⁸</strong></span> <span class='ocrx_word' id='word_1_640' title='bbox 1025 5163 1073 5211; x_wconf 89' lang='lat' dir='ltr'><strong>et</strong></span> <span class='ocrx_word' id='word_1_641' title='bbox 1094 5154 1148 5210; x_wconf 93' lang='lat' dir='ltr'><strong>in</strong></span> <span class='ocrx_word' id='word_1_642' title='bbox 1161 5153 1410 5209; x_wconf 88' lang='lat' dir='ltr'><strong>omnibus</strong></span> <span class='ocrx_word' id='word_1_643' title='bbox 1429 5153 1896 5224; x_wconf 88' lang='lat' dir='ltr'><strong>persecutionibus</strong></span> <span class='ocrx_word' id='word_1_644' title='bbox 1909 5153 2125 5218; x_wconf 89' lang='lat' dir='ltr'><strong>vestris,</strong></span> 
     </span>
    </p>
   </div>
   <div class='ocr_carea' id='block_1_80' title="bbox 529 5244 2126 5328">
    <p class='ocr_par' dir='ltr' id='par_1_80' title="bbox 529 5244 2126 5328">
     <span class='ocr_line' id='line_1_81' title="bbox 529 5244 2126 5328; baseline -0.003 -22"><span class='ocrx_word' id='word_1_645' title='bbox 529 5259 582 5306; x_wconf 88' lang='lat' dir='ltr'><strong>et</strong></span> <span class='ocrx_word' id='word_1_646' title='bbox 611 5246 1076 5312; x_wconf 87' lang='lat' dir='ltr'><strong>tribulationibus,</strong></span> <span class='ocrx_word' id='word_1_647' title='bbox 1109 5258 1245 5314; x_wconf 87' lang='lat' dir='ltr'><strong>quas</strong></span> <span class='ocrx_word' id='word_1_648' title='bbox 1266 5245 1550 5328; x_wconf 81' lang='lat' dir='ltr'><strong>sustinetis</strong></span> <span class='ocrx_word' id='word_1_649' title='bbox 1580 5246 1633 5300; x_wconf 93' lang='lat' dir='ltr'><strong>in</strong></span> <span class='ocrx_word' id='word_1_650' title='bbox 1664 5244 1972 5315; x_wconf 83' lang='lat' dir='ltr'><strong>exemplum</strong></span> <span class='ocrx_word' id='word_1_651' title='bbox 1992 5244 2126 5315; x_wconf 81' lang='lat' dir='ltr'><strong>justi</strong></span> 
     </span>
    </p>
   </div>
   <div class='ocr_carea' id='block_1_81' title="bbox 523 5335 2128 5413">
    <p class='ocr_par' dir='ltr' id='par_1_81' title="bbox 523 5335 2128 5413">
     <span class='ocr_line' id='line_1_82' title="bbox 523 5335 2128 5413; baseline -0.001 -16"><span class='ocrx_word' id='word_1_652' title='bbox 523 5342 713 5411; x_wconf 90' lang='lat' dir='ltr'><strong>judicii</strong></span> <span class='ocrx_word' id='word_1_653' title='bbox 739 5342 854 5413; x_wconf 91' lang='lat' dir='ltr'><strong>Dei,</strong></span> <span class='ocrx_word' id='word_1_654' title='bbox 890 5353 950 5398; x_wconf 90' lang='lat' dir='ltr'><strong>ut</strong></span> <span class='ocrx_word' id='word_1_655' title='bbox 970 5342 1117 5413; x_wconf 88' lang='lat' dir='ltr'><strong>digni</strong></span> <span class='ocrx_word' id='word_1_656' title='bbox 1139 5341 1446 5398; x_wconf 88' lang='lat' dir='ltr'><strong>habeamini</strong></span> <span class='ocrx_word' id='word_1_657' title='bbox 1477 5343 1530 5396; x_wconf 94' lang='lat' dir='ltr'><strong>in</strong></span> <span class='ocrx_word' id='word_1_658' title='bbox 1559 5335 1726 5412; x_wconf 81' lang='lat' dir='ltr'><strong>regno</strong></span> <span class='ocrx_word' id='word_1_659' title='bbox 1748 5340 1864 5409; x_wconf 89' lang='lat' dir='ltr'><strong>Dei,</strong></span> <span class='ocrx_word' id='word_1_660' title='bbox 1893 5355 1990 5412; x_wconf 88' lang='lat' dir='ltr'><strong>pro</strong></span> <span class='ocrx_word' id='word_1_661' title='bbox 2019 5356 2128 5410; x_wconf 91' lang='lat' dir='ltr'><strong>quo</strong></span> 
     </span>
    </p>
   </div>
   <div class='ocr_carea' id='block_1_82' title="bbox 521 5434 2128 5506">
    <p class='ocr_par' dir='ltr' id='par_1_82' title="bbox 521 5434 2128 5506">
     <span class='ocr_line' id='line_1_83' title="bbox 521 5434 2128 5506; baseline 0.001 -17"><span class='ocrx_word' id='word_1_662' title='bbox 521 5446 576 5491; x_wconf 89' lang='lat' dir='ltr'><strong>et</strong></span> <span class='ocrx_word' id='word_1_663' title='bbox 602 5435 867 5505; x_wconf 90' lang='lat' dir='ltr'><strong>patimini.</strong></span> <span class='ocrx_word' id='word_1_664' title='bbox 915 5435 972 5491; x_wconf 92' lang='lat' dir='ltr'><strong>Si</strong></span> <span class='ocrx_word' id='word_1_665' title='bbox 1005 5445 1184 5492; x_wconf 88' lang='lat' dir='ltr'><strong>tamen</strong></span> <span class='ocrx_word' id='word_1_666' title='bbox 1211 5435 1418 5506; x_wconf 91' lang='lat' dir='ltr'><strong>justum</strong></span> <span class='ocrx_word' id='word_1_667' title='bbox 1450 5444 1533 5491; x_wconf 89' lang='lat' dir='ltr'><strong>est</strong></span> <span class='ocrx_word' id='word_1_668' title='bbox 1559 5435 1702 5506; x_wconf 89' lang='lat' dir='ltr'><strong>apud</strong></span> <span class='ocrx_word' id='word_1_669' title='bbox 1733 5434 1902 5491; x_wconf 86' lang='lat' dir='ltr'><strong>Deum</strong></span> <span class='ocrx_word' id='word_1_670' title='bbox 1922 5474 1940 5503; x_wconf 88' lang='lat'><strong>,</strong></span> <span class='ocrx_word' id='word_1_671' title='bbox 1971 5435 2128 5492; x_wconf 58' lang='lat' dir='ltr'><strong>retri—</strong></span> 
     </span>
    </p>
   </div>
   <div class='ocr_carea' id='block_1_83' title="bbox 587 5569 2114 5644">
    <p class='ocr_par' dir='ltr' id='par_1_83' title="bbox 587 5569 2114 5644">
     <span class='ocr_line' id='line_1_84' title="bbox 587 5569 2114 5644; baseline -0.001 -18"><span class='ocrx_word' id='word_1_672' title='bbox 587 5581 612 5610; x_wconf 78' lang='grc' dir='ltr'>ιι</span> <span class='ocrx_word' id='word_1_673' title='bbox 642 5571 904 5627; x_wconf 80' lang='lat' dir='ltr'><strong>Voculam</strong></span> <span class='ocrx_word' id='word_1_674' title='bbox 937 5581 1007 5638; x_wconf 80' lang='lat' dir='ltr'><strong>et,</strong></span> <span class='ocrx_word' id='word_1_675' title='bbox 1035 5587 1156 5644; x_wconf 64' lang='lat' dir='ltr'><strong>qua}</strong></span> <span class='ocrx_word' id='word_1_676' title='bbox 1183 5570 1402 5644; x_wconf 87' lang='lat' dir='ltr'><strong>quidem</strong></span> <span class='ocrx_word' id='word_1_677' title='bbox 1435 5571 1714 5626; x_wconf 87' lang='lat' dir='ltr'><strong>abundare</strong></span> <span class='ocrx_word' id='word_1_678' title='bbox 1735 5569 1968 5638; x_wconf 85' lang='lat' dir='ltr'><strong>videtur,</strong></span> <span class='ocrx_word' id='word_1_679' title='bbox 1990 5583 2114 5626; x_wconf 91' lang='lat' dir='ltr'><strong>cum</strong></span> 
     </span>
    </p>
   </div>
   <div class='ocr_carea' id='block_1_84' title="bbox 517 5641 1845 5712">
    <p class='ocr_par' dir='ltr' id='par_1_84' title="bbox 517 5641 1845 5712">
     <span class='ocr_line' id='line_1_85' title="bbox 517 5641 1845 5712; baseline 0.001 -17"><span class='ocrx_word' id='word_1_680' title='bbox 517 5641 735 5697; x_wconf 78' lang='lat' dir='ltr'><strong>Graecus</strong></span> <span class='ocrx_word' id='word_1_681' title='bbox 765 5653 963 5709; x_wconf 76' lang='lat' dir='ltr'><strong>textus,</strong></span> <span class='ocrx_word' id='word_1_682' title='bbox 995 5641 1106 5698; x_wconf 79' lang='lat' dir='ltr'><strong>tuin</strong></span> <span class='ocrx_word' id='word_1_683' title='bbox 1135 5643 1412 5698; x_wconf 87' lang='lat' dir='ltr'><strong>Palatinus</strong></span> <span class='ocrx_word' id='word_1_684' title='bbox 1442 5658 1544 5695; x_wconf 88' lang='lat' dir='ltr'><strong>ms.</strong></span> <span class='ocrx_word' id='word_1_685' title='bbox 1575 5644 1845 5712; x_wconf 70' lang='lat' dir='ltr'><strong>ignorant.</strong></span> 
     </span>
    </p>
   </div>
   <div class='ocr_carea' id='block_1_85' title="bbox 590 5711 2110 5784">
    <p class='ocr_par' dir='ltr' id='par_1_85' title="bbox 590 5711 2110 5784">
     <span class='ocr_line' id='line_1_86' title="bbox 590 5711 2110 5784; baseline 0.003 -19"><span class='ocrx_word' id='word_1_686' title='bbox 590 5713 614 5748; x_wconf 69' lang='grc' dir='ltr'>ι’</span> <span class='ocrx_word' id='word_1_687' title='bbox 657 5713 862 5767; x_wconf 76' lang='lat' dir='ltr'><strong>Nomen</strong></span> <span class='ocrx_word' id='word_1_688' title='bbox 902 5713 1122 5779; x_wconf 80' lang='lat' dir='ltr'><strong>Christi,</strong></span> <span class='ocrx_word' id='word_1_689' title='bbox 1163 5712 1410 5782; x_wconf 80' lang='lat' dir='ltr'><strong>quaedam</strong></span> <span class='ocrx_word' id='word_1_690' title='bbox 1449 5711 1781 5784; x_wconf 80' lang='lat' dir='ltr'><strong>exemplaria</strong></span> <span class='ocrx_word' id='word_1_691' title='bbox 1817 5711 2008 5770; x_wconf 87' lang='lat' dir='ltr'><strong>Graeca</strong></span> <span class='ocrx_word' id='word_1_692' title='bbox 2054 5721 2110 5769; x_wconf 90' lang='lat' dir='ltr'><strong>et</strong></span> 
     </span>
    </p>
   </div>
   <div class='ocr_carea' id='block_1_86' title="bbox 2230 4501 3783 4576">
    <p class='ocr_par' dir='ltr' id='par_1_86' title="bbox 2230 4501 3783 4576">
     <span class='ocr_line' id='line_1_87' title="bbox 2230 4501 3783 4576; baseline -0.003 -16"><span class='ocrx_word' id='word_1_693' title='bbox 2230 4505 2324 4575; x_wconf 91' lang='lat' dir='ltr'><strong>qui</strong></span> <span class='ocrx_word' id='word_1_694' title='bbox 2358 4504 2687 4568; x_wconf 85' lang='lat' dir='ltr'><strong>tribulamini</strong></span> <span class='ocrx_word' id='word_1_695' title='bbox 2714 4545 2731 4573; x_wconf 90' lang='lat'><strong>,</strong></span> <span class='ocrx_word' id='word_1_696' title='bbox 2777 4505 3021 4576; x_wconf 84' lang='lat' dir='ltr'><strong>requiem</strong></span> <span class='ocrx_word' id='word_1_697' title='bbox 3067 4505 3354 4566; x_wconf 83' lang='lat' dir='ltr'><strong>nobiscum</strong></span> <span class='ocrx_word' id='word_1_698' title='bbox 3402 4509 3458 4566; x_wconf 89' lang='lat' dir='ltr'><strong>in</strong></span> <span class='ocrx_word' id='word_1_699' title='bbox 3498 4501 3783 4566; x_wconf 81' lang='lat' dir='ltr'><strong>revelatioue</strong></span> 
     </span>
    </p>
   </div>
   <div class='ocr_carea' id='block_1_87' title="bbox 2236 4593 3780 4672">
    <p class='ocr_par' dir='ltr' id='par_1_87' title="bbox 2236 4593 3780 4672">
     <span class='ocr_line' id='line_1_88' title="bbox 2236 4593 3780 4672; baseline -0.003 -15"><span class='ocrx_word' id='word_1_700' title='bbox 2236 4602 2450 4662; x_wconf 87' lang='lat' dir='ltr'><strong>Domini</strong></span> <span class='ocrx_word' id='word_1_701' title='bbox 2484 4601 2616 4660; x_wconf 83' lang='lat' dir='ltr'><strong>Jesu</strong></span> <span class='ocrx_word' id='word_1_702' title='bbox 2647 4602 2714 4660; x_wconf 89' lang='lat' dir='ltr'><strong>de</strong></span> <span class='ocrx_word' id='word_1_703' title='bbox 2742 4602 2885 4660; x_wconf 76' lang='lat' dir='ltr'><strong>ctelo</strong></span> <span class='ocrx_word' id='word_1_704' title='bbox 2912 4617 3037 4658; x_wconf 91' lang='lat' dir='ltr'><strong>cum</strong></span> <span class='ocrx_word' id='word_1_705' title='bbox 3069 4602 3288 4672; x_wconf 79' lang='lat' dir='ltr'><strong>Angelis</strong></span> <span class='ocrx_word' id='word_1_706' title='bbox 3324 4604 3538 4660; x_wconf 79' lang='lat' dir='ltr'><strong>virtutis</strong></span> <span class='ocrx_word' id='word_1_707' title='bbox 3565 4601 3696 4670; x_wconf 80' lang='lat' dir='ltr'><strong>ejus,</strong></span> <span class='ocrx_word' id='word_1_708' title='bbox 3735 4593 3780 4646; x_wconf 75' lang='lat' dir='ltr'><strong>in</strong></span> 
     </span>
    </p>
   </div>
   <div class='ocr_carea' id='block_1_88' title="bbox 2235 4681 3782 4768">
    <p class='ocr_par' dir='ltr' id='par_1_88' title="bbox 2235 4681 3782 4768">
     <span class='ocr_line' id='line_1_89' title="bbox 2235 4681 3782 4768; baseline -0.004 -17"><span class='ocrx_word' id='word_1_709' title='bbox 2235 4696 2448 4752; x_wconf 81' lang='lat' dir='ltr'><strong>ﬂamma</strong></span> <span class='ocrx_word' id='word_1_710' title='bbox 2482 4697 2621 4767; x_wconf 87' lang='lat' dir='ltr'><strong>ignis</strong></span> <span class='ocrx_word' id='word_1_711' title='bbox 2666 4696 2848 4753; x_wconf 87' lang='lat' dir='ltr'><strong>dantis</strong></span> <span class='ocrx_word' id='word_1_712' title='bbox 2877 4695 3171 4752; x_wconf 82' lang='lat' dir='ltr'><strong>vindictam</strong></span> <span class='ocrx_word' id='word_1_713' title='bbox 3215 4697 3281 4752; x_wconf 89' lang='lat' dir='ltr'><strong>iis</strong></span> <span class='ocrx_word' id='word_1_714' title='bbox 3312 4695 3442 4768; x_wconf 73' lang='grc' dir='ltr'><strong>[Με.</strong></span> <span class='ocrx_word' id='word_1_715' title='bbox 3472 4696 3540 4752; x_wconf 91' lang='lat' dir='ltr'><strong>de</strong></span> <span class='ocrx_word' id='word_1_716' title='bbox 3568 4687 3663 4760; x_wconf 81' lang='lat' dir='ltr'><strong>bis]</strong></span> <span class='ocrx_word' id='word_1_717' title='bbox 3707 4681 3782 4754; x_wconf 74' lang='lat' dir='ltr'><strong>qui</strong></span> 
     </span>
    </p>
   </div>
   <div class='ocr_carea' id='block_1_89' title="bbox 2237 4775 3782 4858">
    <p class='ocr_par' dir='ltr' id='par_1_89' title="bbox 2237 4775 3782 4858">
     <span class='ocr_line' id='line_1_90' title="bbox 2237 4775 3782 4858; baseline -0.005 -16"><span class='ocrx_word' id='word_1_718' title='bbox 2237 4802 2343 4852; x_wconf 88' lang='lat' dir='ltr'><strong>non</strong></span> <span class='ocrx_word' id='word_1_719' title='bbox 2375 4795 2644 4844; x_wconf 85' lang='lat' dir='ltr'><strong>noverunt</strong></span> <span class='ocrx_word' id='word_1_720' title='bbox 2670 4787 2865 4854; x_wconf 90' lang='lat' dir='ltr'><strong>Deum,</strong></span> <span class='ocrx_word' id='word_1_721' title='bbox 2897 4797 2956 4844; x_wconf 91' lang='lat' dir='ltr'><strong>et</strong></span> <span class='ocrx_word' id='word_1_722' title='bbox 2986 4786 3079 4858; x_wconf 89' lang='lat' dir='ltr'><strong>qui</strong></span> <span class='ocrx_word' id='word_1_723' title='bbox 3110 4801 3217 4844; x_wconf 83' lang='lat' dir='ltr'><strong>non</strong></span> <span class='ocrx_word' id='word_1_724' title='bbox 3245 4787 3504 4846; x_wconf 87' lang='lat' dir='ltr'><strong>obediunt</strong></span> <span class='ocrx_word' id='word_1_725' title='bbox 3535 4775 3782 4849; x_wconf 78' lang='lat' dir='ltr'><strong>Evangelio</strong></span> 
     </span>
    </p>
   </div>
   <div class='ocr_carea' id='block_1_90' title="bbox 2241 4867 3780 4949">
    <p class='ocr_par' dir='ltr' id='par_1_90' title="bbox 2241 4867 3780 4949">
     <span class='ocr_line' id='line_1_91' title="bbox 2241 4867 3780 4949; baseline -0.017 -6"><span class='ocrx_word' id='word_1_726' title='bbox 2241 4880 2453 4942; x_wconf 77' lang='lat' dir='ltr'><strong>Domini</strong></span> <span class='ocrx_word' id='word_1_727' title='bbox 2487 4879 2660 4936; x_wconf 89' lang='lat' dir='ltr'><strong>nostri</strong></span> <span class='ocrx_word' id='word_1_728' title='bbox 2687 4880 2818 4936; x_wconf 84' lang='lat' dir='ltr'><strong>Jestt</strong></span> <span class='ocrx_word' id='word_1_729' title='bbox 2849 4877 2877 4918; x_wconf 69' lang='grc' dir='ltr'><strong>ι)</strong></span> <span class='ocrx_word' id='word_1_730' title='bbox 2906 4878 3131 4936; x_wconf 91' lang='lat' dir='ltr'><strong>Christi.</strong></span> <span class='ocrx_word' id='word_1_731' title='bbox 3172 4878 3271 4946; x_wconf 85' lang='lat' dir='ltr'><strong>Qui</strong></span> <span class='ocrx_word' id='word_1_732' title='bbox 3302 4893 3492 4949; x_wconf 65' lang='lat' dir='ltr'><strong>pinnas</strong></span> <span class='ocrx_word' id='word_1_733' title='bbox 3524 4877 3704 4934; x_wconf 87' lang='lat' dir='ltr'><strong>dabunt</strong></span> <span class='ocrx_word' id='word_1_734' title='bbox 3739 4867 3780 4920; x_wconf 85' lang='lat' dir='ltr'><strong>in</strong></span> 
     </span>
    </p>
   </div>
   <div class='ocr_carea' id='block_1_91' title="bbox 2234 4959 3780 5042">
    <p class='ocr_par' dir='ltr' id='par_1_91' title="bbox 2234 4959 3780 5042">
     <span class='ocr_line' id='line_1_92' title="bbox 2234 4959 3780 5042; baseline -0.005 -13"><span class='ocrx_word' id='word_1_735' title='bbox 2234 4973 2454 5036; x_wconf 84' lang='lat' dir='ltr'><strong>interitu</strong></span> <span class='ocrx_word' id='word_1_736' title='bbox 2481 4983 2716 5030; x_wconf 74' lang='lat' dir='ltr'><strong>aeternas</strong></span> <span class='ocrx_word' id='word_1_737' title='bbox 2746 4988 2776 5032; x_wconf 89' lang='lat' dir='ltr'><strong>tt</strong></span> <span class='ocrx_word' id='word_1_738' title='bbox 2803 4972 2939 5032; x_wconf 84' lang='lat' dir='ltr'><strong>facie</strong></span> <span class='ocrx_word' id='word_1_739' title='bbox 2968 4973 3218 5038; x_wconf 86' lang='lat' dir='ltr'><strong>Domini,</strong></span> <span class='ocrx_word' id='word_1_740' title='bbox 3261 4981 3318 5027; x_wconf 87' lang='lat' dir='ltr'><strong>et</strong></span> <span class='ocrx_word' id='word_1_741' title='bbox 3351 4987 3382 5026; x_wconf 89' lang='lat' dir='ltr'><strong>a</strong></span> <span class='ocrx_word' id='word_1_742' title='bbox 3413 4971 3578 5042; x_wconf 82' lang='lat' dir='ltr'><strong>glaria</strong></span> <span class='ocrx_word' id='word_1_743' title='bbox 3608 4959 3780 5024; x_wconf 69' lang='lat' dir='ltr'><strong>virtuti!</strong></span> 
     </span>
    </p>
   </div>
   <div class='ocr_carea' id='block_1_92' title="bbox 2233 5049 3780 5136">
    <p class='ocr_par' dir='ltr' id='par_1_92' title="bbox 2233 5049 3780 5136">
     <span class='ocr_line' id='line_1_93' title="bbox 2233 5049 3780 5136; baseline -0.014 -10"><span class='ocrx_word' id='word_1_744' title='bbox 2233 5065 2349 5136; x_wconf 78' lang='lat' dir='ltr'><strong>ejus</strong></span> <span class='ocrx_word' id='word_1_745' title='bbox 2375 5082 2388 5119; x_wconf 90' lang='lat'><strong>:</strong></span> <span class='ocrx_word' id='word_1_746' title='bbox 2431 5081 2555 5122; x_wconf 88' lang='lat' dir='ltr'><strong>cum</strong></span> <span class='ocrx_word' id='word_1_747' title='bbox 2589 5065 2800 5122; x_wconf 87' lang='lat' dir='ltr'><strong>venerit</strong></span> <span class='ocrx_word' id='word_1_748' title='bbox 2829 5064 3116 5134; x_wconf 83' lang='lat' dir='ltr'><strong>gloriﬁcari</strong></span> <span class='ocrx_word' id='word_1_749' title='bbox 3147 5065 3199 5120; x_wconf 90' lang='lat' dir='ltr'><strong>in</strong></span> <span class='ocrx_word' id='word_1_750' title='bbox 3229 5063 3431 5120; x_wconf 78' lang='lat' dir='ltr'><strong>sanctis</strong></span> <span class='ocrx_word' id='word_1_751' title='bbox 3453 5063 3596 5132; x_wconf 80' lang='lat' dir='ltr'><strong>suis,</strong></span> <span class='ocrx_word' id='word_1_752' title='bbox 3637 5065 3680 5114; x_wconf 89' lang='lat' dir='ltr'><strong>et</strong></span> <span class='ocrx_word' id='word_1_753' title='bbox 3701 5049 3780 5108; x_wconf 82' lang='lat' dir='ltr'><strong>ad-</strong></span> 
     </span>
    </p>
   </div>
   <div class='ocr_carea' id='block_1_93' title="bbox 2234 5153 3779 5232">
    <p class='ocr_par' dir='ltr' id='par_1_93' title="bbox 2234 5153 3779 5232">
     <span class='ocr_line' id='line_1_94' title="bbox 2234 5153 3779 5232; baseline -0.005 -19"><span class='ocrx_word' id='word_1_754' title='bbox 2234 5157 2494 5232; x_wconf 88' lang='lat' dir='ltr'><strong>mirabilis</strong></span> <span class='ocrx_word' id='word_1_755' title='bbox 2519 5159 2635 5214; x_wconf 88' lang='lat' dir='ltr'><strong>tieri</strong></span> <span class='ocrx_word' id='word_1_756' title='bbox 2659 5159 2712 5220; x_wconf 90' lang='lat' dir='ltr'><strong>in</strong></span> <span class='ocrx_word' id='word_1_757' title='bbox 2743 5158 3018 5226; x_wconf 85' lang='lat' dir='ltr'><strong>omnibus,</strong></span> <span class='ocrx_word' id='word_1_758' title='bbox 3042 5157 3132 5228; x_wconf 90' lang='lat' dir='ltr'><strong>qui</strong></span> <span class='ocrx_word' id='word_1_759' title='bbox 3155 5156 3536 5222; x_wconf 88' lang='lat' dir='ltr'><strong>crediderunt;</strong></span> <span class='ocrx_word' id='word_1_760' title='bbox 3559 5153 3668 5224; x_wconf 88' lang='lat' dir='ltr'><strong>quia</strong></span> <span class='ocrx_word' id='word_1_761' title='bbox 3685 5158 3779 5202; x_wconf 79' lang='lat' dir='ltr'><strong>cre-</strong></span> 
     </span>
    </p>
   </div>
   <div class='ocr_carea' id='block_1_94' title="bbox 2233 5238 3830 5332">
    <p class='ocr_par' dir='ltr' id='par_1_94' title="bbox 2233 5238 3830 5332">
     <span class='ocr_line' id='line_1_95' title="bbox 2233 5238 3830 5332; baseline -0.016 -17"><span class='ocrx_word' id='word_1_762' title='bbox 2233 5252 2406 5314; x_wconf 81' lang='lat' dir='ltr'><strong>ditum</strong></span> <span class='ocrx_word' id='word_1_763' title='bbox 2434 5261 2523 5310; x_wconf 89' lang='lat' dir='ltr'><strong>est</strong></span> <span class='ocrx_word' id='word_1_764' title='bbox 2546 5250 2916 5309; x_wconf 87' lang='lat' dir='ltr'><strong>testimonium</strong></span> <span class='ocrx_word' id='word_1_765' title='bbox 2947 5259 3192 5310; x_wconf 86' lang='lat' dir='ltr'><strong>nostrum</strong></span> <span class='ocrx_word' id='word_1_766' title='bbox 3214 5264 3381 5322; x_wconf 84' lang='lat' dir='ltr'><strong>super</strong></span> <span class='ocrx_word' id='word_1_767' title='bbox 3403 5265 3497 5304; x_wconf 87' lang='lat' dir='ltr'><strong>vos</strong></span> <span class='ocrx_word' id='word_1_768' title='bbox 3524 5250 3573 5304; x_wconf 91' lang='lat' dir='ltr'><strong>in</strong></span> <span class='ocrx_word' id='word_1_769' title='bbox 3593 5238 3772 5301; x_wconf 82' lang='lat' dir='ltr'><strong>dieillo.</strong></span> <span class='ocrx_word' id='word_1_770' title='bbox 3821 5317 3830 5332; x_wconf 42' lang='lat'><strong><em>.</em></strong></span> 
     </span>
    </p>
   </div>
   <div class='ocr_carea' id='block_1_95' title="bbox 2234 5339 3774 5416">
    <p class='ocr_par' dir='ltr' id='par_1_95' title="bbox 2234 5339 3774 5416">
     <span class='ocr_line' id='line_1_96' title="bbox 2234 5339 3774 5416; baseline -0.011 -14"><span class='ocrx_word' id='word_1_771' title='bbox 2234 5345 2292 5402; x_wconf 88' lang='lat' dir='ltr'><strong>in</strong></span> <span class='ocrx_word' id='word_1_772' title='bbox 2319 5359 2426 5416; x_wconf 89' lang='lat' dir='ltr'><strong>quo</strong></span> <span class='ocrx_word' id='word_1_773' title='bbox 2453 5345 2616 5402; x_wconf 87' lang='lat' dir='ltr'><strong>etiam</strong></span> <span class='ocrx_word' id='word_1_774' title='bbox 2644 5359 2865 5402; x_wconf 80' lang='lat' dir='ltr'><strong>oramus</strong></span> <span class='ocrx_word' id='word_1_775' title='bbox 2889 5359 3106 5416; x_wconf 83' lang='lat' dir='ltr'><strong>semper</strong></span> <span class='ocrx_word' id='word_1_776' title='bbox 3133 5358 3229 5413; x_wconf 83' lang='lat' dir='ltr'><strong>pro</strong></span> <span class='ocrx_word' id='word_1_777' title='bbox 3258 5342 3412 5398; x_wconf 82' lang='lat' dir='ltr'><strong>vobis</strong></span> <span class='ocrx_word' id='word_1_778' title='bbox 3430 5385 3446 5408; x_wconf 89' lang='lat'><strong>,</strong></span> <span class='ocrx_word' id='word_1_779' title='bbox 3487 5350 3542 5398; x_wconf 92' lang='lat' dir='ltr'><strong>ut</strong></span> <span class='ocrx_word' id='word_1_780' title='bbox 3567 5339 3774 5407; x_wconf 78' lang='lat' dir='ltr'><strong>digoa&#39;ut</strong></span> 
     </span>
    </p>
   </div>
   <div class='ocr_carea' id='block_1_96' title="bbox 2234 5433 3768 5504">
    <p class='ocr_par' dir='ltr' id='par_1_96' title="bbox 2234 5433 3768 5504">
     <span class='ocr_line' id='line_1_97' title="bbox 2234 5433 3768 5504; baseline -0.01 -10"><span class='ocrx_word' id='word_1_781' title='bbox 2234 5452 2333 5494; x_wconf 83' lang='lat' dir='ltr'><strong>vos</strong></span> <span class='ocrx_word' id='word_1_782' title='bbox 2360 5438 2648 5493; x_wconf 86' lang='lat' dir='ltr'><strong>vocatione</strong></span> <span class='ocrx_word' id='word_1_783' title='bbox 2675 5451 2771 5494; x_wconf 85' lang='lat' dir='ltr'><strong>sua</strong></span> <span class='ocrx_word' id='word_1_784' title='bbox 2802 5437 2945 5498; x_wconf 83' lang='lat' dir='ltr'><strong>Deus</strong></span> <span class='ocrx_word' id='word_1_785' title='bbox 2972 5447 2995 5486; x_wconf 67' lang='grc' dir='ltr'>ρ</span> <span class='ocrx_word' id='word_1_786' title='bbox 3027 5445 3234 5502; x_wconf 81' lang='lat' dir='ltr'><strong>noster,</strong></span> <span class='ocrx_word' id='word_1_787' title='bbox 3265 5444 3321 5492; x_wconf 89' lang='lat' dir='ltr'><strong>et</strong></span> <span class='ocrx_word' id='word_1_788' title='bbox 3347 5434 3565 5504; x_wconf 85' lang='lat' dir='ltr'><strong>impleat</strong></span> <span class='ocrx_word' id='word_1_789' title='bbox 3591 5433 3768 5484; x_wconf 78' lang='lat' dir='ltr'><strong>omnem</strong></span> 
     </span>
    </p>
   </div>
   <div class='ocr_carea' id='block_1_97' title="bbox 2217 5567 3050 5625">
    <p class='ocr_par' dir='ltr' id='par_1_97' title="bbox 2217 5567 3050 5625">
     <span class='ocr_line' id='line_1_98' title="bbox 2217 5567 3050 5625; baseline -0.001 0"><span class='ocrx_word' id='word_1_790' title='bbox 2217 5569 2497 5625; x_wconf 85' lang='lat' dir='ltr'><strong>Palatinus</strong></span> <span class='ocrx_word' id='word_1_791' title='bbox 2529 5583 2632 5622; x_wconf 88' lang='lat' dir='ltr'><strong>ms.</strong></span> <span class='ocrx_word' id='word_1_792' title='bbox 2662 5567 2748 5623; x_wconf 90' lang='lat' dir='ltr'><strong>hic</strong></span> <span class='ocrx_word' id='word_1_793' title='bbox 2773 5569 3050 5624; x_wconf 92' lang='lat' dir='ltr'><strong>omittunt.</strong></span> 
     </span>
    </p>
   </div>
   <div class='ocr_carea' id='block_1_98' title="bbox 2293 5628 3764 5700">
    <p class='ocr_par' dir='ltr' id='par_1_98' title="bbox 2293 5628 3764 5700">
     <span class='ocr_line' id='line_1_99' title="bbox 2293 5628 3764 5700; baseline -0.014 0"><span class='ocrx_word' id='word_1_794' title='bbox 2293 5652 2314 5680; x_wconf 75' lang='grc' dir='ltr'>ε</span> <span class='ocrx_word' id='word_1_795' title='bbox 2349 5641 2546 5700; x_wconf 87' lang='lat' dir='ltr'><strong>lterum</strong></span> <span class='ocrx_word' id='word_1_796' title='bbox 2585 5647 2724 5694; x_wconf 90' lang='lat' dir='ltr'><strong>tacet</strong></span> <span class='ocrx_word' id='word_1_797' title='bbox 2753 5638 3031 5698; x_wconf 82' lang='lat' dir='ltr'><strong>Palatinus</strong></span> <span class='ocrx_word' id='word_1_798' title='bbox 3067 5652 3167 5698; x_wconf 80' lang='lat' dir='ltr'><strong>tus.</strong></span> <span class='ocrx_word' id='word_1_799' title='bbox 3211 5652 3335 5698; x_wconf 82' lang='lat' dir='ltr'><strong>cum</strong></span> <span class='ocrx_word' id='word_1_800' title='bbox 3365 5634 3563 5693; x_wconf 66' lang='lat' dir='ltr'><strong>Gracia</strong></span> <span class='ocrx_word' id='word_1_801' title='bbox 3597 5628 3764 5698; x_wconf 77' lang='lat' dir='ltr'><strong>aliquot</strong></span> 
     </span>
    </p>
   </div>
   <div class='ocr_carea' id='block_1_99' title="bbox 2217 5713 2908 5782">
    <p class='ocr_par' dir='ltr' id='par_1_99' title="bbox 2217 5713 2908 5782">
     <span class='ocr_line' id='line_1_100' title="bbox 2217 5713 2908 5782; baseline -0.006 -14"><span class='ocrx_word' id='word_1_802' title='bbox 2217 5713 2368 5768; x_wconf 88' lang='lat' dir='ltr'><strong>libris</strong></span> <span class='ocrx_word' id='word_1_803' title='bbox 2390 5724 2687 5782; x_wconf 89' lang='lat' dir='ltr'><strong>pronomen</strong></span> <span class='ocrx_word' id='word_1_804' title='bbox 2718 5720 2908 5770; x_wconf 66' lang='lat' dir='ltr'><strong>noster.</strong></span> 
     </span>
    </p>
   </div>
  </div>
