3946 6198
140 257 234 317 ’19⁵1
890 247 1224 307 EPISTOLA
1263 248 1324 305 Β.
1369 247 1572 306 PAULI
1615 249 1693 305 AF

1801 246 1948 307 I‘OLI
1990 246 2079 304 AD
2117 245 2533 307 TIMOTHEUM
2571 246 2613 303 I.

3297 250 3402 309 798

143 369 455 424 voluntatem
478 362 744 429 bonitatis,
768 372 979 431 etopus
1010 361 1133 418 fidei
1166 362 1216 417 in
1245 363 1470 425 virtute,
1503 370 1561 416 ut
1585 361 1694 416 ola-
1727 363 1775 421 Α
1806 371 1888 416 ter
1910 373 2114 428 noster,
2160 361 2252 431 qui
2280 361 2469 417 dilexit
2512 377 2609 419 nos
2631 402 2648 427 ,
2700 369 2757 417 et
2785 360 2935 419 dedit
2973 360 3402 429 consolationem

138 464 365 519 riﬁcetnr
393 473 576 515 nomen
610 457 815 511 Domini
848 457 1014 511 nostri
1045 455 1171 511 Jesu
1212 455 1411 511 Christi
1435 456 1488 511 in
1518 457 1693 524 vobis,

136 566 189 612 et
216 571 305 610 vos
330 555 378 609 in
409 553 497 608 illo
518 593 532 616 ,
562 550 854 606 secundum
886 550 1112 621 gratiam
1142 550 1237 609 Dei
1269 550 1467 617 nostri,
1500 560 1555 605 et
1585 549 1694 605 Do-

136 648 262 704 mini
288 647 407 701 Jesu
437 643 651 700 Christi.

198 738 346 811 [Cap.
378 734 478 805 ιι]
516 734 784 806 Rogamus
811 743 991 790 autem
1030 749 1159 803 vos,
1192 735 1423 800 fratres,
1458 749 1553 804 per
1594 733 1693 790 ad-

130 843 333 887 ventum
366 828 574 883 Domini
602 826 775 881 nostri
802 826 933 882 Jesu
964 825 1197 894 Christi,
1247 836 1304 884 et
1330 836 1531 883 nostrae
1558 841 1692 882 con-

132 921 433 994 gregatiouis
454 920 507 975 in
530 919 703 990 ipsum
729 939 743 974 :
775 929 833 974 ut
855 934 964 974 non
989 921 1098 975 cito
1120 921 1442 976 moveamini
1464 935 1493 974 a
1516 930 1697 976 vestro

132 1030 296 1078 sensu,
328 1028 501 1083 neque
525 1012 854 1078 terreamini,
887 1028 1064 1082 neque
1097 1029 1193 1083 per
1216 1016 1490 1084 spiritum,
1521 1029 1697 1084 neque

132 1122 219 1177 per
244 1120 540 1161 sermonem
566 1146 580 1171 ,
626 1121 803 1175 neque
849 1121 945 1176 per
982 1108 1264 1176 epistolam
1301 1119 1566 1177 tamquam
1601 1124 1696 1178 per

132 1215 219 1257 nos
247 1201 483 1268 missam,
532 1200 685 1269 quasi
715 1200 878 1254 instet
907 1200 1024 1254 dies
1059 1201 1295 1254 Domini.
1336 1202 1412 1255 Ne
1451 1204 1569 1269 quis
1597 1217 1695 1257 vos

130 1293 333 1350 seducat
370 1292 477 1347 ullo
519 1292 717 1347 modo:
766 1293 1019 1361 quoniam
1062 1294 1163 1347 nisi
1197 1297 1402 1348 venerit
1433 1294 1696 1349 discessio

131 1390 366 1458 primum,
391 1395 445 1441 et
475 1386 747 1441 revelatus
777 1386 937 1441 fuerit
966 1386 1130 1441 homo
1154 1389 1378 1455 peccati,
1406 1389 1546 1442 filius
1575 1401 1697 1455 per-

129 1480 328 1535 ditionis
353 1521 367 1541 ,
416 1479 507 1549 qui
538 1478 881 1541 adversatur,
925 1488 977 1533 et
1006 1479 1285 1534 extollitur
1322 1493 1483 1549 supra
1510 1494 1690 1546 omne,

130 1571 255 1641 quod
278 1569 471 1624 dicitur
497 1570 657 1635 Deus,
689 1581 780 1624 aut
806 1571 949 1640 quod
974 1572 1188 1639 colitur,
1222 1572 1294 1625 ita
1319 1582 1377 1626 ut
1408 1570 1461 1625 in
1493 1572 1696 1640 templo

132 1661 212 1716 Dei
238 1661 434 1728 sedeat,
466 1660 760 1716 ostendens
788 1677 848 1716 se
880 1673 1148 1733 tamquam
1176 1664 1247 1718 sit
1275 1664 1435 1718 Deus.
1463 1663 1581 1717 Neu
1608 1679 1693 1716 re-

1800 461 2079 521 :eternam,
2113 462 2167 509 et
2195 470 2347 523 spem
2375 454 2571 515 bonam
2595 455 2647 510 in
2670 454 2863 524 gratia,
2896 458 3211 513 exhortetur
3235 457 3399 512 corda

1796 557 1999 615 vestra,
2031 559 2079 602 et
2109 547 2397 605 conﬁrmet
2422 549 2475 604 in
2505 549 2653 607 omni
2683 564 2848 619 opere
2869 558 2923 606 et
2952 564 3204 607 sermone
3233 552 3400 609 bono.

1870 637 2038 709 [Cup.
2065 638 2191 709 Ill.]
2233 639 2309 695 De
2340 652 2560 708 cancro,
2590 641 2803 713 fratres,
2830 649 2982 696 orate
3010 658 3105 712 pro
3131 643 3309 713 nobis,
3338 654 3397 709 ut

1798 748 1978 789 sermo
2012 735 2104 790 Dei
2132 744 2334 803 currat,
2364 747 2417 790 et
2446 737 2770 792 clarificetur
2791 778 2806 803 ,
2834 739 2974 793 sicut
2999 747 3055 794 et
3085 741 3226 809 apud
3256 756 3354 796 vos
3380 758 3395 800 :

1799 834 1853 883 et
1878 836 1936 881 ut
1965 826 2257 885 liberemur
2284 830 2353 883 ab
2381 828 2703 898 importunis
2724 870 2738 894 ,
2781 839 2835 884 et
2872 830 3026 886 malis
3058 831 3399 889 hominibus:

1799 932 1907 972 non
1938 917 2083 972 enim
2112 920 2352 979 omnium
2398 928 2482 975 est
2520 919 2676 977 ﬁdes.
2725 919 2927 977 Fidelis
2958 930 3137 977 autem
3186 920 3211 959 ἀ
3254 924 3399 983 Deus

1798 1020 1911 1077 est,
1951 1010 2039 1080 qui
2070 1012 2410 1073 conﬁrmabit
2451 1026 2581 1080 vos,
2615 1021 2669 1068 et
2696 1013 2963 1068 custodiet
2991 1030 3017 1069 a
3051 1016 3213 1071 malo.
3255 1018 3391 1072 Con-

1798 1103 2012 1159 ﬁdimus
2033 1112 2216 1165 autem
2241 1104 2309 1160 de
2330 1104 2481 1161 vobis
2505 1107 2555 1160 in
2577 1105 2825 1172 Domino,
2852 1107 3105 1175 quoniam
3129 1124 3248 1178 qua:
3270 1125 3399 1178 pra:-

1796 1197 2048 1264 eipimus,
2078 1205 2134 1253 et
2161 1196 2365 1264 facitis,
2397 1207 2452 1259 et
2483 1197 2714 1255 iacietis.
2755 1200 3017 1257 Dominus
3055 1210 3234 1259 autem
3268 1204 3400 1260 diri-

1796 1298 1886 1359 gat.
1905 1289 2069 1345 corda
2100 1299 2278 1349 vesua
2309 1290 2361 1347 in
2392 1291 2653 1351 charitate
2680 1292 2775 1350 Dei
2800 1333 2813 1358 ,
2855 1304 2911 1350 et
2949 1296 3206 1365 patientia
3239 1298 3399 1353 Chri-

1796 1382 1887 1437 Sli.
1920 1380 2311 1441 Denuntiamus
2331 1392 2508 1440 autem
2531 1384 2705 1453 vobis,
2733 1386 2949 1452 fratres,
2974 1389 3027 1445 in
3053 1393 3270 1446 nomine
3293 1391 3398 1446 Do-

1796 1474 1925 1527 mini
1959 1475 2128 1530 nostri
2156 1476 2283 1531 Jesu
2313 1474 2546 1543 Christi,
2594 1487 2651 1532 ut
2676 1480 3005 1536 subtrahatis
3030 1499 3127 1538 vos
3153 1484 3221 1538 ab
3246 1488 3392 1541 omni

1798 1560 1963 1618 fratre
1984 1564 2294 1621 ambulante
2326 1566 2655 1633 inordinate,
2687 1578 2743 1624 et
2771 1586 2878 1625 non
2906 1573 3201 1629 secundum
3233 1576 3398 1630 tradi-

1798 1657 1998 1713 tionem
2020 1700 2035 1725 ,
2086 1673 2247 1727 quam
2294 1670 2619 1729 acceperunt
2648 1677 2676 1716 a
2710 1664 2884 1718 nobis.
2926 1662 3029 1734 Ipsi
3067 1668 3212 1723 enim
3244 1668 3395 1722 scitis

131 1756 311 1819 tinctis,
334 1755 471 1823 quod
502 1770 623 1809 cum
653 1755 832 1810 adhuc
873 1765 897 1793 ⁸
924 1770 1099 1811 essem
1126 1756 1267 1825 apud
1298 1770 1424 1821 vos,
1466 1754 1582 1810 haec
1610 1755 1693 1809 di-
1724 1750 1769 1811 Β
1797 1748 2249 1817 Quemadmodum
2295 1759 2543 1818 Oporteat
2580 1752 2776 1808 imitari
2825 1770 2957 1810 nos:
3003 1757 3254 1825 quoniam
3287 1774 3395 1815 non

129 1848 294 1901 eebam
322 1848 516 1901 vobis?
546 1848 614 1902 Et
645 1862 791 1902 nunc
819 1849 947 1918 quid
976 1848 1221 1904 detineat
1248 1851 1417 1914 scitis,
1453 1858 1512 1902 ut
1539 1864 1692 1903 reve-

130 1941 256 1995 letur
285 1941 333 1995 in
361 1956 458 1996 suo
488 1948 757 2009 tempore.
798 1940 932 1995 Nam
967 1942 1281 2012 mysterium
1304 1941 1414 2010 jam
1439 1949 1693 2010 operatur

130 2032 437 2103 iniquitatis:
489 2041 703 2088 tantum
730 2041 788 2088 ut
811 2034 902 2104 qui
934 2041 1081 2088 tenet
1108 2049 1280 2099 nunc,
1312 2042 1495 2089 teneat
1520 2033 1693 2089 donec

129 2123 188 2177 de
212 2123 379 2179 medio
402 2124 513 2180 fiat.
546 2125 616 2180 Et
639 2140 782 2179 nunc
807 2125 1135 2180 revelabitur
1158 2126 1244 2180 ille
1270 2126 1506 2195 iniquus,
1531 2140 1692 2195 quem

130 2216 361 2270 Dominus
381 2215 537 2273 Jesus
563 2216 856 2273 interﬁciet
881 2218 1075 2287 spiritu
1101 2219 1213 2272 oris
1233 2218 1338 2284 sui,
1373 2224 1427 2272 et
1448 2217 1695 2271 destruet

128 2305 462 2363 illustratione
482 2307 753 2363 adventus
773 2308 855 2363 sui
877 2323 1021 2373 eunt,
1048 2308 1205 2378 cujus
1227 2318 1311 2364 est
1334 2308 1595 2363 adventus
1615 2321 1694 2363 sc-

128 2399 328 2454 cuudnm
366 2401 734 2469 operationem
766 2400 1013 2467 Satanae,
1069 2404 1124 2457 in
1164 2403 1309 2457 omni
1360 2403 1587 2467 virtute,
1638 2409 1694 2457 et

129 2491 289 2561 signis,
310 2502 363 2549 et
382 2493 644 2565 prodigiis
660 2495 1030 2561 mendacibus,
1044 2504 1100 2549 et
1126 2495 1179 2550 in
1210 2496 1356 2551 omni
1379 2493 1694 2550 scductione

130 2582 398 2653 iniquitatis
423 2587 509 2651 iis,
541 2588 641 2657 qui
674 2596 902 2656 pereunt
945 2605 957 2642 :
986 2603 1051 2643 eo
1082 2587 1223 2657 quod
1253 2588 1569 2644 charitatem
1598 2604 1692 2644 ve-

128 2675 277 2733 ritatis
301 2692 399 2735 non
427 2691 778 2750 receperunt,
815 2690 875 2735 ιιι
902 2681 1035 2736 salvi
1068 2684 1281 2738 tierent.
1315 2681 1342 2721 δ
1369 2682 1494 2737 Ideo
1518 2683 1693 2737 mittet

127 2768 214 2823 illis
236 2770 367 2825 Deus
391 2772 772 2841 operationem
796 2773 1024 2840 erroris,
1058 2784 1115 2827 ιιι
1141 2776 1366 2829 credant
1389 2776 1692 2841 mendacio,

126 2860 487 2929 utjudicentur
514 2879 715 2919 omnes
736 2910 750 2933 ,
801 2866 893 2935 qui
934 2882 1040 2922 non
1074 2868 1425 2922 crediderunt
1458 2870 1691 2935 veritati,

125 2952 204 3005 sed
225 2967 612 3011 consenserunt
639 2956 929 3026 iniquitati.
955 2957 1064 3012 Nos
1086 2968 1264 3015 autem
1288 2960 1547 3014 debemus
1574 2976 1695 3029 gra-

126 3042 211 3098 tias
243 3059 393 3112 agere
421 3048 529 3103 Deo
584 3062 799 3118 semper
845 3066 945 3119 pro
986 3052 1142 3106 vobis
1165 3094 1180 3116 ,
1228 3053 1423 3107 fratres
1450 3053 1630 3108 dilecti
1662 3069 1691 3109 a

1796 1844 2015 1913 inquieti
2043 1842 2245 1901 fuimus
2274 1844 2415 1899 inter
2441 1860 2569 1902 vos:
2617 1862 2792 1918 neque
2817 1848 2988 1918 gratis
3016 1864 3208 1919 panem
3238 1868 3393 1907 man-

1794 1935 2109 1990 ducavimns
2130 1937 2195 1991 ab
2222 1935 2425 2005 aliquo,
2455 1938 2551 1993 sed
2582 1939 2633 1994 in
2659 1939 2867 2008 labore,
2898 1948 2953 1996 et
2979 1941 3030 1996 in
3056 1942 3390 2014 fatigatione,

1797 2038 1955 2083 nocte
1994 2029 2155 2083 etdie
2183 2037 2471 2098 operantes
2498 2071 2514 2097 ,
2566 2044 2633 2085 ne
2669 2046 2829 2101 quem
2874 2042 3111 2090 vestrum
3143 2049 3396 2105 gravare-

1796 2139 1938 2177 mus.
1968 2121 2084 2177 Non
2116 2126 2266 2193 quasi
2299 2137 2405 2179 non
2446 2124 2791 2183 habuerimus
2816 2135 3136 2195 potestatem
3160 2169 3174 2190 ,
3201 2130 3309 2184 sed
3341 2137 3399 2183 ut

1797 2218 2157 2285 nosmetipsos
2202 2216 2429 2271 formam
2472 2218 2724 2273 daremus
2763 2219 2917 2274 vobis
2962 2219 3029 2273 ad
3076 2221 3393 2277 imitandum

1796 2327 1915 2368 nos.
1970 2311 2102 2367 Nam
2134 2322 2335 2367 etcum
2364 2327 2610 2368 essemus
2636 2314 2777 2381 apud
2810 2328 2927 2379 vos,
2970 2314 3073 2369 hoc
3101 2314 3392 2373 denuntia-

1799 2409 1987 2461 bamns
2016 2407 2205 2462 vobis:
2234 2408 2488 2477 quoniam
2514 2411 2559 2462 si
2586 2410 2706 2478 quis
2729 2424 2835 2463 non
2868 2410 2981 2463 vult
3004 2411 3254 2478 operari,
3295 2424 3395 2465 nec

1798 2504 2102 2558 manducet.
2143 2502 2463 2556 Audivimus
2498 2504 2643 2557 enim
2672 2503 2816 2557 inter
2857 2517 2954 2557 vos
2982 2502 3244 2571 quosdam
3276 2516 3394 2555 am-

1796 2599 1808 2650 ι
1832 2596 1983 2652 ulare
2014 2596 2277 2666 inquiete,
2299 2595 2429 2649 nihil
2459 2605 2767 2666 operantes,
2792 2595 2886 2650 sed
2910 2595 3124 2650 curiose
3146 2603 3385 2665 agentes.

1797 2691 1867 2746 lis
1893 2699 2095 2756 autem,
2124 2690 2214 2759 qui
2243 2689 2507 2759 ejusmodi
2536 2699 2682 2754 sunt.
2720 2690 3119 2758 denuntiamus,
3154 2698 3209 2744 et
3237 2689 3397 2744 obsc-

1798 2799 2012 2839 cramus
2044 2785 2093 2837 in
2129 2784 2359 2837 Domino
2381 2783 2506 2838 Jesu
2528 2781 2771 2846 Christo,
2800 2793 2996 2840 utcum
3029 2782 3248 2838 silentio
3267 2797 3399 2852 ope-

1797 2888 2001 2944 rantes,
2032 2892 2186 2931 suum
2208 2893 2401 2946 panem
2426 2878 2771 2933 manducent.
2814 2877 2921 2933 Vos
2946 2886 3148 2945 autem,
3175 2877 3391 2945 fratres,

1798 2972 1965 3026 nolite
1993 2971 2225 3027 deﬁcere
2255 2969 2672 3025 benefacientes.
2715 2971 2868 3037 Quod
2898 2972 2941 3024 si
2971 2973 3093 3039 quis
3123 2984 3229 3023 non
3260 2969 3393 3023 obe—

1797 3065 1875 3119 dit
1901 3066 2069 3119 verbo
2101 3072 2285 3119 nostro
2314 3078 2410 3132 per
2438 3063 2720 3134 epistolam
2747 3108 2761 3133 ,
2797 3063 2939 3118 hunc
2970 3070 3152 3117 notate
3178 3103 3192 3127 ,
3243 3070 3298 3117 et
3328 3074 3395 3116 ne

127 3132 237 3199 Dec,
266 3139 399 3205 quod
425 3140 666 3210 elegerit
696 3150 719 3180 ο
754 3157 849 3196 vos
882 3142 1025 3197 Deus
1055 3144 1322 3212 primitias
1352 3148 1403 3199 in
1436 3146 1686 3215 salutem,
1719 3144 1763 3204 C
1798 3155 2258 3213 commisceamiui
2293 3170 2415 3209 cum
2458 3132 2585 3219 illo,
2620 3163 2680 3209 nt
2708 3132 3088 3211 confundatur.
3133 3152 3199 3206 Et
3230 3151 3397 3205 nolite

125 3226 167 3281 in
188 3231 604 3289 sanctificatione
631 3235 879 3302 spiritus,
906 3244 959 3290 et
983 3235 1038 3290 in
1067 3236 1171 3291 fide.
1204 3240 1483 3293 veritatis:
1510 3239 1564 3293 in
1588 3254 1690 3309 qua

125 3328 167 3373 et
193 3325 385 3378 vocavit
412 3340 505 3380 vos
535 3341 641 3396 per
671 3325 1023 3397 Evangelium
1056 3339 1330 3396 nostrum,
1378 3331 1430 3383 in
1461 3331 1695 3401 acquisi-

124 3412 294 3470 tioncm
335 3418 519 3488 gloriae
570 3420 784 3476 Domini
830 3423 1001 3477 nostri
1041 3422 1170 3477 Jesu
1209 3421 1432 3479 Christi.
1488 3426 1690 3497 Itaque,

121 3503 310 3574 fratres,
341 3520 507 3578 state,
566 3522 622 3568 et
651 3522 830 3570 tenete
859 3515 1211 3580 traditiones,
1242 3533 1375 3588 quas
1404 3518 1688 3590 didicistis,

118 3597 213 3653 sive
241 3616 328 3669 per
351 3618 695 3672 sermonem,
722 3608 841 3662 sive
864 3623 960 3675 per
982 3607 1261 3677 epistolam
1287 3619 1546 3665 nostram.
1571 3609 1693 3679 [pse

119 3698 275 3749 autem
300 3694 564 3754 Dominus
584 3706 771 3754 noster
797 3698 955 3756 Iesus
976 3700 1247 3767 Christus,
1276 3709 1331 3757 et
1352 3701 1495 3757 Deus
1517 3711 1570 3756 et
1589 3701 1692 3756 Pa-

1801 3249 1950 3316 quasi
1981 3248 2257 3301 inimicum
2286 3246 2621 3316 existimare,
2651 3247 2745 3301 sed
2775 3246 3029 3312 corripite
3058 3252 3117 3298 ut
3144 3242 3393 3297 fratrem.

1798 3338 1917 3407 Ipse
1944 3348 2122 3392 atttem
2151 3336 2408 3391 Dominus
2431 3337 2575 3405 pacis
2599 3336 2694 3391 det
2718 3336 2873 3391 vobis
2896 3350 3081 3405 pacem
3110 3334 3397 3403 sempiter-

1801 3444 1923 3483 nam
1954 3428 2007 3482 in
2039 3428 2187 3482 omni
2220 3428 2361 3481 loco.
2404 3426 2666 3481 Dominus
2693 3428 2909 3481 sitcum
2940 3424 3189 3480 omnibus
3217 3422 3391 3476 vobis.

1797 3519 2061 3577 Salutatio
2094 3534 2211 3574 mea
2238 3534 2397 3573 manu
2429 3519 2610 3583 Pauli;
2639 3519 2782 3588 quod
2809 3528 2892 3572 est
2922 3519 3131 3587 signum
3162 3518 3215 3568 in
3241 3514 3390 3567 omni

1798 3612 2051 3682 epistola.
2085 3610 2161 3671 lta
2194 3611 2393 3665 scribo.
2421 3610 2602 3665 Gratia
2631 3610 2846 3664 Domini
2876 3608 3047 3663 nostri
3072 3607 3200 3662 Jesu
3234 3604 3398 3659 Chri-

1799 3705 1866 3759 sti
1894 3718 2017 3760 cum
2043 3703 2293 3761 omnibus
2320 3703 2495 3757 vobis.
2548 3704 2740 3757 Amen.

885 3813 1117 3886 Explicit
1138 3814 1373 3886 Epistula
1391 3813 1457 3869 Β.
1488 3814 1646 3869 Pauli
1666 3816 1890 3887 apostoli
1916 3818 1984 3870 ad
2007 3814 2484 3870 Thessalonicenses
2506 3811 2593 3866 11.

182 3976 205 4005 ⁸
234 3969 459 4031 Plurium
490 3988 780 4031 numerum
810 3974 1087 4031 Palatinus
1115 3990 1244 4040 ms.,
1274 3990 1391 4029 cum
1417 3974 1588 4029 adhuc
1615 3991 1692 4030 es-

120 4048 426 4115 semusapud
449 4064 560 4114 vos,
592 4047 703 4105 haec
725 4047 1019 4101 dicebamus
1048 4046 1207 4113 vobis,
1238 4055 1343 4101 etc.

183 4108 206 4147 δ
234 4108 347 4187 bis.)
382 4116 445 4170 Et
470 4108 625 4185 ideo;
656 4117 841 4173 Grzece
874 4117 1022 4172 item:
1053 4108 1241 4187 cateia
1266 4123 1439 4173 τοῦτο.

126 4198 127 4243 1
186 4190 205 4218 ε
236 4183 344 4251 Hic,
373 4197 531 4260 atque
557 4183 734 4244 altero
758 4190 825 4244 ab
874 4190 975 4244 hoc
1004 4184 1160 4245 versu
1183 4230 1197 4256 ,
1243 4204 1335 4242 nos
1368 4201 1684 4258 pronomen,

1801 3989 1901 4045 pro
1926 3989 2038 4038 vos,
2055 3988 2177 4029 cum
2201 3972 2405 4029 Graecis
2425 3972 2633 4041 aliquot
2652 3970 2804 4027 libris
2820 3967 3093 4025 Palatinus
3118 3982 3219 4025 ms.
3246 3966 3395 4092 legit.

1866 4042 1893 4081 ά
1927 4044 2239 4092 Rennsitum
2275 4044 2328 4092 in
2359 4043 2603 4092 Palatino
2643 4057 2745 4092 ms.
2774 4041 3029 4092 secundis
3056 4042 3233 4092 curis.
3338 4058 3395 4092 0-

1866 4042 1893 4081 ά
1926 4044 2239 4113 Depositum
2275 4044 2329 4100 in
2359 4043 2603 4113 Palatino
2642 4057 2745 4098 ms.
2774 4042 3029 4097 secundis
3056 4042 3233 4109 curis,
3284 4042 3397 4093 Do-

1794 4116 1963 4169 minus
1994 4112 2089 4183 ést,
2120 4130 2219 4187 pro
2241 4113 2401 4169 Deus.
2434 4112 2511 4169 Ita
2540 4125 2592 4170 et
2617 4113 2806 4171 Graece
2834 4116 3034 4189 Κύριος.

124 4326 3383 4358 W

836 4484 1015 4594 Β.
1095 4482 1656 4597 PAULI
1732 4483 2644 4602 APOSTOLI

1594 4678 1891 4759 INCIPIT

352 4834 1375 5059 .EPISTOLA
1472 4838 1752 4982 AD
1847 4834 3086 4984 TIMOTHEUM

1545 5071 1947 5156 PRIMA.

196 5380 356 5454 [ϐαρ.
385 5386 470 5459 1.]
501 5388 702 5446 Paulus
748 5388 1027 5461 apostolus
1063 5346 1191 5446 Jesn
1230 5388 1437 5455 Christi
1490 5402 1691 5445 secun-

124 5469 237 5527 dum
261 5475 542 5545 imperium
577 5482 668 5536 Dei
692 5481 996 5538 Salvatoris
1026 5484 1222 5549 nostri,
1253 5494 1308 5538 et
1337 5482 1541 5538 Christi
1567 5482 1696 5537 Jesu

127 5565 229 5632 spei
258 5578 449 5625 nostra:
476 5590 487 5624 :
516 5572 803 5631 Timotheo
844 5573 1044 5629 dilecto
1080 5574 1191 5629 filio
1219 5574 1272 5628 in
1306 5574 1435 5629 fide.
1478 5572 1694 5637 Gratia,

130 5656 505 5729 misericordia,
542 5675 598 5720 et
626 5647 735 5737 'pax
778 5682 808 5721 a
845 5668 957 5721 Deo
996 5668 1176 5734 Patre,
1210 5678 1266 5723 et
1304 5667 1521 5723 Christo
1567 5666 1696 5723 Jesu

133 5740 345 5807 Domino
410 5762 619 5815 nostro.
676 5757 829 5815 Sicut
881 5760 1073 5830 rogavi
1134 5770 1215 5827 te,
1268 5770 1324 5816 ut
1379 5774 1695 5816 remaneres

1794 5387 1994 5461 Ephesi
2016 5402 2136 5459 cum
2160 5388 2294 5444 irem
2319 5388 2373 5444 in
2397 5386 2790 5457 Macedoniam,
2823 5396 2887 5461 ut
2904 5388 3259 5449 denuntiares
3280 5387 3400 5456 qui-

1805 5481 2028 5536 busdam
2060 5495 2129 5535 ne
2155 5479 2316 5536 aliter
2343 5481 2627 5544 docerent,
2661 5495 2836 5550 neque
2860 5484 3208 5538 intenderent
3237 5478 3392 5557 fabu-

1802 5575 1904 5641 lis,
1951 5581 2006 5628 et
2044 5572 2376 5643 genealogiis
2422 5574 2785 5641 interminatis
2830 5591 2843 5627 :
2890 5590 3012 5646 quae
3061 5571 3393 5646 qumstiones

1802 5676 2059 5738 praestant
2093 5667 2287 5739 magis,
2318 5682 2482 5739 quam
2527 5664 2941 5723 :cditicationem
2984 5658 3113 5735 Dci',
3162 5680 3286 5736 qua:
3314 5674 3398 5721 est

1802 5763 1855 5818 in
1887 5761 2014 5827 fide.
2046 5761 2199 5820 Finis
2232 5771 2417 5827 autem
2445 5761 2705 5831 przecepti
2736 5770 2819 5818 est
2850 5759 3092 5821 charitas
3124 5759 3193 5819 de
3222 5757 3394 5817 corde
