3946 6198
547 243 652 300 799

1546 238 1607 294 3.
1650 233 2032 294 HIERONYMI
2071 233 2303 292 DIVINA
2345 232 2817 293 BIBLIO'I'HECA.
3725 236 3816 294 S00

551 373 714 432 puro,
739 367 794 414 et
813 353 1151 415 conscientia
1173 353 1336 421 bona,
1368 363 1424 411 et
1447 353 1555 410 ﬁde
1576 368 1684 408 non
1711 351 1855 408 ﬁcta.
1882 353 1927 406 A
1949 352 2151 422 quibus
2180 358 2226 413 Α
2258 353 2537 408 mittentes
2559 355 2814 423 pietatem
2852 367 2946 423 per
2976 366 3140 423 opera
3172 352 3339 409 bona.
3370 350 3568 409 Mulier
3598 353 3648 410 in
3679 355 3815 413 silen-

550 450 770 523 qnidam
801 449 1143 513 aberrantes,
1191 447 1442 503 conversi
1470 454 1598 502 sunt
1641 444 1697 499 in
1737 443 2140 514 vaniloquium,

548 545 798 601 volentes
817 557 939 598 esse
969 541 1102 612 legis
1130 539 1404 608 doctores,
1435 554 1544 596 non
1578 537 1943 609 intelligentes
1974 551 2150 608 neque

551 653 673 710 quas
720 640 1037 708 loquuntur,
1067 649 1243 704 neque
1282 633 1352 690 de
1381 634 1580 704 quibus
1606 631 1904 688 afﬁrmant.
1935 629 2150 687 Scimus

550 737 734 783 autem
763 726 889 796 quia
919 724 1064 779 bona
1091 733 1178 779 est
1203 723 1313 788 lex,
1349 725 1394 779 si
1426 723 1550 792 quis
1575 736 1642 779 ea
1665 721 1902 794 legitime
1933 729 2144 776 utatur:

550 821 728 878 sciens
751 819 854 874 hoc
871 818 998 889 quia
1022 817 1107 874 lex
1125 817 1276 888 justo
1303 833 1411 873 non
1439 827 1522 874 est
1551 817 1750 888 posita,
1784 817 1880 873 sed
1909 815 2147 886 injustis,

549 924 606 970 et
634 928 743 970 non
777 913 1034 980 subditis,
1060 911 1263 982 impiis,
1291 921 1349 967 et
1380 913 1779 983 peccatoribus,
1826 912 2146 978 sceleratis,

547 1017 602 1064 et
623 1006 1031 1068 contaminatis,
1057 1005 1366 1076 parricidis,
1397 1014 1453 1062 et
1479 1005 1801 1072 matricidis,
1838 1005 2147 1072 homicidis,

550 1097 882 1164 fornicariis,
917 1097 1290 1153 masculorum
1323 1096 1792 1165 concubitoribus,
1839 1097 2147 1167 plagiariis,

550 1189 926 1255 mendacibus,
964 1198 1020 1246 et
1046 1189 1298 1261 perjuris,
1333 1198 1391 1246 et
1418 1190 1463 1245 si
1492 1189 1622 1259 quid
1663 1188 1810 1244 aliud
1851 1203 2005 1245 sanae
2044 1189 2143 1246 do-

549 1283 738 1339 ctrina
768 1282 1109 1349 adversatur,
1137 1299 1258 1354 quas
1286 1283 1586 1341 secundum
1628 1283 1983 1355 Evangelium
2024 1285 2148 1355 glo-

549 1376 646 1432 ria:
686 1377 831 1434 beati
861 1376 982 1440 Dei,
1025 1376 1167 1447 quod
1194 1377 1460 1433 creditum
1499 1386 1585 1432 est
1616 1376 1770 1432 mihi.
1801 1375 2016 1433 Gratias
2044 1391 2148 1450 ago

553 1469 628 1537 ei,
651 1469 741 1538 qui
767 1483 854 1524 me
882 1467 1235 1533 confortavit,
1267 1467 1490 1523 Christo
1517 1467 1648 1524 Jesu
1678 1467 1904 1522 Domino
1931 1476 2148 1536 nostro,

551 1560 678 1630 quia
721 1558 861 1622 HIs.
887 1559 1011 1632 qui]
1046 1560 1262 1616 ﬁdelem
1304 1576 1391 1615 me
1436 1561 1797 1625 existimavit,
1838 1575 2048 1631 ponens
2097 1561 2150 1616 in

551 1655 854 1711 ministerio
880 1674 892 1709 :
918 1657 1010 1727 qui
1040 1657 1186 1726 prius
1210 1657 1560 1727 blasphemus
1592 1656 1691 1722 fui,
1722 1667 1777 1711 et
1804 1665 2148 1723 persecutor,

2255 445 2330 500 tio
2355 444 2528 500 discat
2557 459 2681 499 cum
2705 446 2851 500 omni
2881 445 3240 516 subjectione.
3275 444 3481 501 Docere
3512 453 3690 500 autem
3718 463 3812 502 mu-

2254 538 2375 595 lieri
2402 553 2510 594 non
2540 540 2814 610 permitto,
2863 554 3039 609 neque
3078 538 3345 592 dominari
3393 539 3448 592 in
3493 539 3699 605 virum;
3737 540 3810 596 sed

2251 647 2375 687 esse
2414 634 2467 687 in
2510 631 2750 688 silentio.
2795 631 2968 686 Adam
3011 631 3155 686 enim
3195 631 3402 701 primus
3445 629 3703 687 formatus
3729 643 3813 699 est,

2252 723 2446 780 deinde
2469 723 2614 779 Heva
2644 741 2658 776 :
2681 732 2740 780 et
2757 723 2931 780 Adam
2963 739 3072 778 non
3098 732 3185 778 est
3214 723 3494 789 seductus,
3527 723 3717 780 mulier
3739 740 3815 780 au-

2254 825 2358 871 tem
2383 815 2604 872 seducta
2633 817 2686 871 in
2711 815 3159 886 pravaricatione
3182 815 3300 871 fuit.
3330 816 3643 872 Salvabitur
3662 827 3815 874 autem

2253 923 2350 979 per
2393 908 2625 964 ﬁliorum
2659 908 3087 978 generationem,
3128 907 3173 963 si
3215 909 3581 977 permanserit
3621 909 3671 963 in
3700 908 3810 978 ﬁde,

2249 1010 2306 1058 et
2336 1001 2648 1066 dilectione,
2676 1011 2732 1058 et
2771 1001 3203 1057 sanctiﬁcatione
3238 1014 3260 1042 ε
3297 1016 3421 1056 cum
3455 1002 3754 1059 sobrietate.

2324 1094 2486 1165 [Cap.
2533 1093 2654 1167 ll|.]
2681 1093 2888 1150 Fidelis
2934 1109 3158 1149 sermo:
3192 1093 3249 1149 Si
3297 1095 3422 1165 quis
3465 1094 3810 1164 episcopatum

2251 1187 2542 1250 desiderat,
2579 1187 2778 1242 bonum
2806 1201 2948 1256 opus
2979 1185 3275 1242 desiderat.
3307 1185 3538 1257 Oportet
3564 1203 3686 1257 ergo
3709 1189 3810 1256 epi-

2251 1294 2474 1350 scapum
2507 1278 3047 1349 irreprehcnsibilem
3073 1293 3219 1345 esse,
3252 1279 3413 1334 unius
3434 1280 3614 1335 uxoris
3640 1280 3812 1348 virum,

2251 1371 2516 1436 sobrium,
2542 1371 2884 1440 prudentem,
2914 1380 3188 1437 ornatum,
3203 1370 3482 1441 pudicum,
3503 1371 3812 1442 hospitalem,

2251 1461 2554 1528 doctorem,
2597 1477 2702 1518 non
2749 1461 3106 1531 vinolentum,
3158 1477 3265 1518 non
3311 1477 3690 1533 percussorem,
3731 1464 3813 1520 sed

2253 1553 2594 1619 modestum;
2626 1570 2732 1611 non
2769 1553 3084 1626 litigiosum,
3133 1569 3240 1610 non
3278 1555 3549 1626 cupidum,
3588 1556 3677 1611 sed
3712 1571 3816 1612 suae

2253 1646 2437 1702 domui
2475 1647 2613 1703 bene
2653 1648 3024 1717 praepositum,
3078 1647 3219 1703 ﬁlios
3269 1648 3542 1704 habentem
3587 1649 3813 1704 subditos

551 1755 608 1801 et
633 1747 1061 1803 contumeliosus
1089 1763 1102 1802 :
1133 1748 1228 1804 sed
1257 1748 1739 1804 misericordiam.
1768 1748 1863 1804 Dei
1889 1763 2154 1804 consecu-
2181 1743 2379 1804 Bcum
2448 1743 2596 1798 omni
2665 1743 2932 1799 castitate.
2990 1740 3047 1797 Si
3097 1741 3217 1812 quis
3264 1751 3444 1798 autem
3497 1742 3662 1797 domui
3710 1757 3817 1797 sua:

555 1849 642 1893 tus
666 1854 811 1905 sum,
843 1839 969 1908 quia
1005 1842 1260 1909 ignorans
1290 1839 1394 1894 feci
1427 1838 1482 1893 in
1515 1839 1917 1895 incredulitate.
1946 1840 2150 1911 Super-

553 1929 849 1985 abundavit
873 1940 1054 1986 autem
1089 1932 1263 2002 gratia
1300 1931 1515 1987 Domini
1544 1933 1740 1994 nostri.
1779 1947 1902 1988 cum
1938 1933 2062 1998 ﬁde,
2095 1942 2151 1990 et

555 2021 878 2090 dilectione,
915 2038 1037 2092 quae
1066 2031 1151 2078 est
1177 2021 1230 2078 in
1256 2022 1478 2078 Christo
1518 2022 1668 2079 Jesu.
1703 2023 1910 2079 Fidelis
1944 2039 2145 2092 sermo,

553 2122 610 2169 et
639 2115 787 2169 omni
817 2115 1133 2185 acceptione
1159 2115 1354 2187 dignus
1385 2135 1396 2170 :
1422 2118 1566 2187 quod
1594 2116 1846 2172 Christus
1873 2117 2031 2173 .lesus
2052 2133 2148 2174 ve-

559 2208 639 2260 nit
667 2209 720 2262 in
754 2205 896 2262 hunc
925 2208 1182 2263 mundum
1216 2216 1534 2278 peccatores
1563 2210 1745 2264 salvos
1775 2207 1986 2276 facere,
2009 2226 2143 2281 quo-

555 2316 674 2355 rum
713 2301 923 2372 primus
951 2315 1052 2371 ego
1081 2315 1221 2356 sum.
1265 2301 1371 2358 Sed
1403 2301 1527 2358 ideo
1567 2302 1990 2358 misericordiam
2021 2317 2152 2359 con-

557 2401 774 2446 secutus
819 2399 1061 2447 sumzut
1106 2392 1158 2447 in
1193 2408 1279 2448 me
1322 2395 1500 2463 primo
1541 2393 1858 2450 ostenderet
1901 2386 2150 2451 Christus

553 2483 712 2540 .lesus
745 2485 756 2554 ι
782 2482 887 2538 Ms.
923 2494 1026 2538 tac.
1050 2483 1210 2540 Jesns
1237 2485 1245 2554 ὶ
1268 2500 1486 2541 omnem
1516 2487 1858 2557 patientiam,
1886 2487 1952 2543 ad
1983 2488 2151 2544 inforo

558 2576 852 2631 mationem
883 2589 1096 2643 eorum,
1141 2577 1231 2646 qui
1282 2576 1544 2632 credituri
1582 2589 1709 2633 sunt
1754 2579 1851 2644 illi,
1890 2580 1943 2635 in
1985 2581 2148 2635 vitam

555 2681 835 2727 aeternam.
868 2669 997 2740 Regi
1031 2680 1213 2726 autem
1249 2672 1571 2728 saeculorum
1605 2673 1920 2741 immortali,
1966 2675 2152 2730 invisi-

556 2761 671 2826 bili,
701 2761 802 2818 soli
834 2761 968 2831 Deo,
993 2761 1168 2818 honor
1198 2771 1255 2818 et
1278 2763 1446 2834 gloria
1491 2764 1546 2818 in
1577 2767 1774 2822 saecula
1802 2767 2149 2822 smcnlorum.

553 2856 746 2912 Amen.
774 2854 887 2910 lloc
909 2865 1242 2926 praeceptum
1261 2857 1583 2913 commendo
1606 2857 1726 2924 tibi,
1749 2857 1823 2912 ﬁli
1841 2857 2145 2923 Timothee,

555 2947 851 3004 secundum
885 2947 1254 3018 prmcedentes
1284 2949 1335 3004 in
1367 2957 1421 3005 te
1452 2949 1801 3020 pronhetias,
1853 2960 1907 3005 ut
1950 2951 2148 3006 milites

557 3041 608 3096 in
656 3042 762 3097 illis
798 3041 999 3097 bonam
1045 3041 1319 3098 militiam.
1362 3042 1578 3098 Habens
1624 3041 1809 3107 ﬁdem,
1844 3051 1898 3097 et
1945 3043 2144 3097 bonam

2252 1852 2486 1907 prmesse
2531 1838 2724 1902 nescit,
2773 1837 3044 1908 quomodo
3072 1837 3330 1893 Ecclesia:
3377 1836 3473 1892 Dei
3518 1835 3818 1908 diligentiam

2251 1927 2279 1966 ἀ
2307 1929 2567 1984 habebit?
2599 1929 2715 1985 Non
2747 1931 3102 2003 neophytum,
3137 1947 3205 1986 ne
3234 1932 3286 1986 in
3309 1930 3616 2002 superbiam
3646 1929 3816 1995 elatus,

2251 2023 2305 2078 in
2343 2023 2608 2093 judicium
2640 2023 2844 2079 incidat
2869 2024 3087 2080 diaboli.
3120 2025 3350 2094 Oportet
3378 2035 3560 2080 autem
3603 2023 3739 2078 illum
3772 2033 3817 2079 et

2253 2115 2621 2170 testimonium
2652 2114 2850 2171 habere
2887 2115 3088 2171 bonum
3116 2116 3184 2171 ab
3212 2116 3278 2170 iis
3317 2117 3409 2186 qui
3454 2115 3586 2172 foris
3617 2127 3747 2182 sunt,
3764 2126 3818 2171 ut

2254 2225 2358 2264 non
2408 2210 2458 2264 in
2503 2210 2854 2280 opprobrium
2888 2208 3107 2278 incidat,
3151 2219 3204 2264 et
3241 2210 3294 2264 in
3341 2210 3590 2280 laqueum
3616 2209 3808 2265 diaboli.

2255 2301 2522 2356 Diaconos
2548 2301 2794 2357 similiter
2817 2300 3062 2371 pudicos,
3091 2315 3196 2356 non
3226 2301 3519 2372 bilingues,
3552 2316 3653 2356 nou
3677 2299 3818 2356 multo

2253 2397 2380 2452 vino
2406 2396 2639 2460 deditos,
2677 2411 2782 2450 non
2821 2405 2977 2465 turpe
3007 2395 3214 2450 lucrum
3245 2403 3539 2450 sectantes.
3584 2395 3816 2449 Habentes

2254 2489 2568 2560 mysterium
2600 2487 2721 2543 ﬁdei
2747 2487 2800 2542 in
2821 2487 3150 2542 conscientia
3182 2502 3335 2558 pura.
3360 2486 3424 2542 Et
3449 2486 3503 2542 hi
3526 2499 3694 2543 autem
3716 2501 3815 2555 pro-

2255 2581 2450 2636 bentur
2477 2579 2810 2649 primumzet
2829 2579 2908 2634 sic
2936 2579 3259 2642 ministrent.
3290 2580 3498 2634 nullum
3520 2582 3714 2635 crimen
3735 2579 3814 2632 ha-

2256 2671 2471 2727 bentes.
2495 2671 2749 2728 Mulieres
2769 2671 3024 2728 similiter
3062 2673 3306 2742 pudicas,
3337 2688 3444 2729 non
3473 2672 3816 2737 detrahentes,

2254 2762 2489 2828 sobrias,
2520 2760 2708 2817 ﬁdeles
2730 2763 2783 2817 in
2806 2761 3078 2818 omnibus.
3106 2763 3326 2818 Diaconi
3354 2765 3464 2818 sint
3489 2765 3641 2818 unius
3664 2764 3818 2818 usuris

2254 2855 2378 2919 viri,
2411 2855 2501 2925 qui
2526 2853 2650 2909 ﬁliis
2679 2855 2792 2908 suis
2821 2853 2960 2910 bene
2983 2855 3221 2924 praesint,
3244 2855 3429 2910 etsuis
3455 2855 3714 2910 domibus.
3735 2854 3818 2923 Qui

2253 2951 2396 3006 enim
2420 2949 2560 3006 bene
2580 2949 3028 3017 ministraverint,
3059 2950 3288 3020 gradum
3315 2949 3513 3004 bonum
3543 2950 3643 3005 sibi
3664 2948 3818 3017 acqui-

2251 3053 2397 3109 rent,
2427 3053 2483 3100 et
2511 3045 2733 3100 multam
2766 3043 3014 3100 ﬁduciam
3044 3043 3099 3098 in
3129 3042 3256 3108 ﬁde,
3286 3059 3408 3114 quae
3437 3053 3521 3100 est
3551 3044 3603 3097 in
3632 3040 3817 3098 Christo

556 3135 966 3204 conscientiam,
991 3150 1154 3206 quam
1175 3135 1392 3206 quidam
1431 3135 1777 3208 repellentes.
1806 3137 1951 3192 circa
1988 3137 2146 3192 Iidem
2175 3117 2222 3182 Ο
2251 3137 2403 3194 Jesu.
2437 3137 2562 3194 Hac
2591 3136 2684 3192 tibi
2715 3136 2916 3203 scribo,
2947 3149 3175 3206 sperans
3208 3151 3294 3190 me
3325 3135 3390 3189 ad
3424 3146 3476 3190 te
3505 3135 3684 3190 venire
3708 3134 3817 3188 cito.

557 3223 1014 3296 naufragaverunt
1043 3244 1055 3278 :
1083 3243 1150 3282 ex
1189 3226 1384 3297 quibus
1425 3237 1510 3282 est
1539 3227 1902 3297 Hymenacus,
1935 3237 1992 3284 et
2016 3228 2147 3285 Ale-

559 3316 788 3382 xander,
837 3331 973 3386 quos
1018 3317 1214 3373 tradidi
1245 3317 1483 3385 Satanae,
1533 3329 1593 3372 ut
1621 3318 1832 3376 discant
1866 3335 1971 3374 non
2001 3319 2148 3376 blas-

557 3406 839 3478 phemare.

631 3497 793 3569 [Cap.
836 3496 1212 3568 ll.]0bsecro
1253 3498 1416 3570 igitur
1467 3500 1700 3570 primum
1747 3503 1986 3556 omnium
2031 3502 2150 3559 ﬁeri

553 3590 986 3659 obsecrationes,
1033 3590 1332 3658 orationes,
1384 3591 1808 3662 postulationes,
1852 3595 2147 3662 gratiarum

553 3687 796 3741 actiones
839 3700 936 3756 pro
981 3685 1235 3740 omnibus
1281 3684 1590 3740 hominibus
1618 3701 1633 3739 :
1660 3700 1756 3755 pro
1800 3686 2041 3757 regibus,
2096 3698 2152 3744 et

554 3777 826 3843 omnibus,
860 3777 951 3848 qui
975 3776 1030 3832 in
1054 3775 1386 3832 sublimitate
1412 3785 1560 3845 sunt,
1586 3788 1642 3831 ut
1663 3777 1899 3848 quietam
1920 3787 1974 3833 et
2003 3787 2152 3834 tran-

556 3867 774 3938 quillam
802 3867 968 3925 vitam
998 3883 1242 3940 agamus,
1274 3869 1328 3924 in
1355 3870 1503 3924 omni
1538 3871 1761 3940 pietate,
1793 3880 1848 3926 et
1876 3871 2144 3927 castitate.

562 3958 674 4013 Hoc
702 3961 844 4013 enim
876 3960 1078 4015 bonum
1118 3970 1227 4026 est,
1257 3970 1313 4017 et
1339 3970 1622 4032 acceptum
1649 3977 1834 4018 coram
1865 3963 2148 4021 Salvatore

560 4060 746 4106 nostro
772 4051 906 4107 Deo.
937 4053 1040 4118 Qui
1071 4068 1261 4109 omnes
1293 4056 1542 4111 homines
1567 4056 1683 4111 vult
1713 4057 1893 4113 salvos
1917 4057 2061 4124 ﬁeri,
2091 4067 2149 4113 et

551 4141 618 4198 ad
639 4141 965 4211 agnitionem
988 4142 1230 4198 veritatis
1251 4146 1458 4202 venire.
1485 4146 1633 4204 Unus
1653 4150 1796 4203 enim
1821 4149 1986 4216 Deus,
2010 4164 2148 4204 unus

552 4247 608 4293 et
644 4235 910 4292 mediator
938 4236 1034 4292 Dei
1075 4245 1131 4292 et
1160 4237 1434 4294 hominum
1465 4239 1628 4295 homo
1667 4241 1916 4298 Christus
1941 4245 2098 4300 Jesus
2131 4263 2142 4298 :

550 4328 642 4400 qui
685 4327 832 4383 dedit
858 4328 1292 4399 redemptionem
1336 4332 1687 4401 semetipsum
1728 4349 1825 4404 pro
1868 4337 2144 4405 omnibus,

550 4423 579 4464 ιι
613 4425 979 4482 testimonium
1007 4427 1346 4498 temporibus
1377 4429 1491 4484 suis
1521 4447 1532 4482 :
1564 4431 1616 4484 in
1654 4446 1761 4500 quo
1794 4434 2001 4501 positus
2024 4448 2142 4489 sum

553 4531 656 4586 ego
702 4517 1030 4588 praedicator
1074 4528 1129 4574 et
1170 4520 1453 4590 apostolus
1481 4523 1804 4595 (veritatem
1847 4525 1990 4592 dico,
2037 4543 2144 4583 non

553 4610 845 4682 mentior),
886 4609 1080 4666 doctor
1113 4613 1356 4681 gentium
1389 4613 1440 4668 in
1479 4614 1616 4680 ﬁde,
1650 4625 1705 4671 et
1737 4617 1984 4673 veritate.
2013 4618 2146 4676 Volo

549 4715 679 4770 ergo
707 4702 851 4758 viros
874 4717 1035 4760 orare
1067 4703 1119 4758 in
1151 4707 1298 4759 omni
1329 4705 1474 4770 loco,
1500 4706 1740 4762 levantes
1767 4724 1926 4777 puras
1953 4725 2144 4766 manus

551 4794 669 4849 sine
699 4794 778 4850 ira
807 4805 862 4850 et
888 4795 1301 4866 disceptatione.
1334 4796 1598 4854 Similiter
1618 4807 1674 4852 et
1695 4799 1953 4856 mulieres
1976 4803 2028 4854 in
2053 4805 2146 4858 ha-

545 4882 658 4940 bitu
685 4896 898 4954 ornato,
921 4902 1045 4944 cum
1078 4889 1432 4956 verecundia,
1465 4898 1521 4946 et
1550 4892 1848 4948 sobrietate
1881 4905 2145 4954 ornantes

543 4993 628 5049 se,
651 4989 836 5038 etnon
862 4983 914 5038 in
939 4984 1096 5039 tortis
1115 4984 1378 5051 crinibus,
1407 4996 1501 5041 aut
1521 5002 1679 5056 auro,
1702 4998 1795 5043 aut
1817 4990 2143 5062 margaritis,

545 5069 631 5127 vel
677 5081 830 5129 veste
874 5075 1107 5143 pretiosa
1138 5092 1151 5130 :
1181 5075 1278 5132 sed
1309 5075 1454 5148 quod
1496 5077 1656 5134 decet
1694 5078 1972 5148 mulieres,
2023 5097 2148 5152 pro-

622 5262 647 5290 ⁸
688 5251 894 5310 Nomen
924 5253 1018 5310 Dei
1046 5253 1135 5310 hic
1156 5254 1260 5310 loci
1289 5255 1343 5311 in
1370 5255 1618 5312 Palatino
1647 5271 1748 5312 ms.
1785 5265 1842 5312 ut
1869 5267 1922 5313 et
1951 5255 2142 5314 Grarco

548 5333 700 5383 textu
727 5326 1000 5382 reticetur.

614 5395 739 5472 b_ln
767 5397 940 5472 Palat.
975 5411 1077 5472 ms.
1106 5401 1300 5472 ,_cujus
1331 5398 1710 5472 testimonium,
1730 5407 1860 5464 etc.,
1885 5399 2146 5467 quemad-

546 5469 786 5548 modum
807 5469 945 5548 etin
975 5467 1617 5548 Graecis_aliquot__libris,
1639 5467 1710 5548 _o_5_
1747 5473 1806 5526 τὸ
1835 5474 2142 5548 μαρςύριον.

546 5538 665 5596 Mos
699 5539 790 5595 ubi
829 5538 1050 5606 dicitur,
1095 5538 1360 5596 ueritatem
1399 5541 1537 5604 dico,
1587 5540 1805 5595 additur
1835 5538 1886 5596 in
1911 5538 2145 5608 Christo,

545 5624 668 5680 qua:
697 5624 862 5668 voces
890 5613 941 5667 in
966 5609 1159 5667 Graeco
1185 5613 1348 5666 etiam
1377 5620 1503 5666 sunt
1538 5621 1712 5667 textu.

624 5693 664 5752 ¢_
693 5682 840 5752 Alias
866 5683 927 5738 S.
959 5685 1075 5752 ipse
1121 5683 1392 5748 interpres
1441 5698 1539 5752 pro
1593 5683 1864 5738 sobrietate
1894 5697 2149 5740 coiistan-

547 5758 630 5803 ter
656 5750 818 5806 habet
840 5753 926 5808 vel
956 5750 1073 5806 citat
1097 5752 1371 5823 pudicitia,
1405 5750 1464 5807 ut
1494 5755 1548 5809 in
1579 5753 1825 5821 Epistula
1860 5755 1926 5810 ad
1969 5755 2146 5811 Salvi—

2250 3229 2309 3286 Si
2337 3239 2514 3285 autem
2547 3228 2852 3293 tardavero,
2886 3237 2944 3282 ut
2966 3227 3108 3281 scias
3136 3225 3409 3297 quomodo
3445 3232 3689 3296 oporteat
3714 3224 3818 3277 tein

2250 3323 2412 3379 domo
2438 3323 2533 3379 Dei
2565 3321 2898 3388 conversari,
2929 3336 3050 3392 quas
3077 3329 3162 3376 est
3197 3319 3440 3376 Ecclesia
3471 3319 3562 3374 Dei
3590 3318 3712 3382 vivi,
3737 3329 3817 3371 co-

2251 3414 2431 3470 lumna
2471 3423 2525 3470 et
2561 3415 2957 3469 ﬁrmamentum
3001 3412 3268 3468 veritatis.
3310 3411 3380 3468 Et
3406 3409 3687 3466 manifeste
3726 3422 3818 3462 ms-

2251 3521 2419 3578 gnum
2448 3517 2531 3560 est
2556 3506 2774 3577 pietatis
2803 3513 3226 3570 sacramentum,
3259 3504 3405 3574 quod
3447 3502 3817 3558 manifestatum

2249 3606 2335 3654 est
2366 3598 2418 3653 in
2445 3612 2634 3664 carne,
2659 3598 3010 3667 justiﬁcatum
3038 3605 3124 3652 est
3149 3597 3202 3651 in
3237 3595 3458 3666 spiritu,
3483 3594 3718 3665 apparuit
3733 3607 3812 3676 an-

2249 3690 2405 3761 gelis,
2437 3691 2782 3762 praedicatum
2812 3699 2895 3747 est
2914 3690 3188 3762 gentibus,
3219 3689 3482 3744 creditum
3509 3697 3591 3745 est
3611 3689 3657 3742 in
3686 3701 3815 3740 mun-

2250 3782 2340 3847 do,
2371 3794 2703 3853 assumptum
2735 3792 2818 3838 est
2847 3785 2899 3837 in
2935 3783 3128 3853 gloria.

2325 3876 2342 3946 Ῐ
2360 3874 2486 3946 Cap.
2523 3874 2650 3947 lV.]
2678 3875 2916 3946 Spiritus
2943 3881 3118 3928 autem
3152 3873 3439 3928 manifeste
3464 3871 3608 3936 dicit,
3633 3870 3744 3940 quia
3770 3871 3812 3920 in

2253 3967 2565 4024 novissimis
2587 3969 2920 4040 temporibus
2939 3966 3219 4022 discedent
3237 3965 3456 4037 quidam
3477 3982 3508 4021 a
3530 3967 3644 4029 ﬁde,
3669 3972 3812 4018 atten-

2247 4059 2440 4116 dentes
2467 4058 2747 4129 spiritibus
2775 4058 2979 4113 erroris
3002 4099 3018 4125 ,
3046 4065 3102 4112 et
3126 4057 3389 4113 doctrinis
3418 4057 3808 4114 daemoniorum.

2251 4153 2304 4208 in
2337 4151 2610 4225 hypocrisi
2640 4150 2975 4221 loquentium
3009 4150 3373 4214 mendacium,
3412 4158 3470 4206 et
3492 4148 3807 4205 cauteriatam

2248 4244 2559 4302 habentium
2583 4261 2732 4300 suam
2751 4241 3165 4310 conscientiam,
3190 4242 3586 4312 prohibentium
3609 4241 3804 4298 nubere.

2249 4338 2523 4394 abstinere
2545 4352 2576 4392 a
2597 4337 2758 4402 cibis,
2786 4351 2922 4407 quos
2956 4336 3100 4391 Deus
3122 4337 3326 4391 creavit
3346 4337 3413 4391 ad
3443 4330 3806 4407 percipiendum

2248 4446 2372 4486 cum
2399 4431 2696 4499 gratiarum
2727 4428 2940 4484 actione
2971 4426 3242 4495 ﬁdelibus,
3269 4437 3325 4483 et
3359 4428 3426 4483 iis
3454 4428 3544 4499 qui
3576 4437 3806 4496 cognovec

2254 4535 2381 4580 runt
2411 4523 2716 4580 veritatem.
2743 4521 2878 4588 Quia
2907 4521 3085 4576 omnis
3127 4530 3375 4576 creatura
3407 4521 3504 4576 Dei
3551 4521 3673 4575 bona
3700 4524 3802 4579 cst,

2251 4628 2306 4673 et
2342 4616 2477 4674 nihil
2531 4614 2878 4687 rejiciendum
2917 4611 3061 4683 quod
3113 4626 3234 4667 cum
3286 4612 3581 4683 gratiarum
3626 4608 3808 4663 actione

2248 4708 2546 4780 percipitur
2587 4725 2601 4761 :
2648 4702 3018 4760 sanctiﬁcatur
3061 4703 3204 4757 enim
3249 4717 3346 4772 per
3383 4703 3602 4758 verbum
3646 4698 3721 4754 Dei
3760 4703 3806 4749 et

2248 4801 2573 4858 orationem.
2633 4797 2760 4854 Haec
2803 4808 3118 4867 proponens
3166 4793 3458 4861 fratribus,
3510 4794 3669 4848 bonus
3713 4784 3804 4842 eris

2249 4893 2496 4950 minister
2521 4891 2724 4949 Christi
2759 4891 2912 4955 Jesu,
2943 4889 3210 4946 enutritus
3242 4887 3427 4943 verbis
3455 4886 3572 4941 ﬁdei
3599 4894 3648 4940 et
3668 4883 3795 4934 bona:

2248 4986 2535 5050 doctrinae,
2569 4999 2730 5055 quam
2761 4990 3042 5038 assecutus
3069 4995 3152 5036 es.
3184 4979 3402 5050 lneptas
3431 4990 3603 5045 autem
3637 4982 3684 5028 et
3707 4967 3802 5024 ani-

2251 5081 2329 5136 les
2351 5077 2558 5134 fabulas
2584 5076 2762 5132 devita
2804 5093 2817 5128 :
2851 5067 3060 5129 exerce
3085 5081 3265 5127 autem
3305 5071 3534 5142 teipsum
3573 5066 3634 5122 ad
3664 5065 3799 5135 pieta—

2251 5271 2372 5312 nam
2395 5298 2410 5322 ,
2461 5253 2550 5309 vel
2593 5269 2711 5306 cum
2740 5249 3002 5322 castitate,
3032 5259 3090 5302 nt
3117 5245 3263 5322 alibi.
3290 5245 3429 5322 Quin
3463 5243 3726 5322 itnmolib.
3751 5250 3793 5290 m

2247 5315 2434 5383 contra
2475 5322 2816 5381 Jovinianum
2875 5321 3098 5376 recitato
3141 5318 3243 5372 hoc
3289 5319 3552 5372 versicqu
3584 5334 3595 5367 ε
3624 5315 3677 5366 Si
3701 5324 3792 5378 per-

2252 5397 2528 5452 manserint
2556 5397 2630 5449 in.
2662 5434 2673 5447 .
2705 5436 2717 5448 .
2740 5432 2754 5447 .
2783 5433 2796 5448 .
2826 5431 2838 5444 .
2857 5433 2869 5446 .
2893 5390 3435 5465 sanctiﬁcationefnm
3454 5388 3789 5465 castitatem“

2251 5471 2429 5534 enim;
2470 5467 2669 5522 subdit.
2701 5473 2755 5517 ut
2789 5465 2918 5517 male
2957 5454 3172 5515 habetur
3196 5461 3270 5534 in,
3293 5457 3494 5534 Latinis
3541 5454 3782 5534 codiribss,

2251 5529 2495 5596 sobrietas
2519 5549 2591 5591 est
2621 5535 2854 5608 legenda,
2878 5535 2966 5608 sed
2994 5533 3222 5608 castitas,
3255 5531 3308 5608 id
3328 5538 3414 5608 _est_
3437 5529 3766 5608 amyci}an

2324 5590 2705 5682 δγῇέρόέίιωῖι
2728 5590 2964 5661 secunda
2993 5617 3149 5660 manu
3176 5590 3228 5656 in
3255 5599 3492 5654 Palatino
3518 5590 3611 5653 his.
3635 5642 3647 5660 ,
3672 5590 3785 5648 adhi-

2253 5683 2410 5738 bebis.
