3946 6198
164 273 229 327 80
237 273 261 327 1

961 271 1292 330 EPISTOLA
1338 274 1400 328 Β.
1441 271 1646 330 PAULI
1687 269 2020 328 APOSTOLI
2061 273 2153 328 AD
2191 273 2602 335 TIMOTHEUM
2641 278 2682 333 Ι.

3360 278 3465 335 802

173 395 302 440 tem.
334 385 472 441 Nam
511 386 808 458 corporalis
839 386 1180 449 exercitatio,
1227 386 1292 442 ad
1322 386 1592 442 modicum
1625 384 1773 440 utilis
1799 387 1852 446 Α
1878 395 2086 442 castum
2126 390 2358 444 custodi.
2409 390 2525 447 Noli
2563 391 2744 448 adhuc
2778 407 2970 463 aquam
2996 388 3207 458 bibere,
3229 390 3327 447 sed
3355 404 3472 445 mo-

175 487 258 532 est
289 495 302 532 :
330 479 508 548 pietas
535 487 714 534 autem
747 477 813 532 ad
845 478 1024 532 omnia
1047 479 1194 532 utilis
1221 488 1320 543 est,
1356 477 1772 548 promissionem

175 569 384 625 habens
410 571 556 634 vitm,
582 585 700 640 quae
722 585 861 624 nunc
892 579 992 634 est,
1021 578 1076 625 et
1103 572 1315 624 futurae.
1345 569 1546 624 Fidelis
1569 584 1771 635 sermo,

173 674 227 719 et
254 665 404 719 omni
433 664 746 733 acceptione
769 662 978 733 dignus.
1011 660 1068 716 lo
1098 663 1199 717 hoc
1223 663 1366 718 enim
1391 663 1697 718 laboramus
1721 671 1776 717 et

173 755 575 823 malcdicimur,
625 757 747 824 quia
798 769 1075 824 speramus
1120 755 1173 809 in
1207 754 1376 809 Deum
1419 756 1622 821 vivum,
1668 754 1755 823 qui

171 859 256 906 est
292 850 548 907 Salvator
590 848 829 903 omnium
875 847 1179 911 hominum,
1229 850 1460 901 maxime
1510 845 1769 900 ﬁdelium.

173 943 418 1013 Pratcipe
469 943 606 1006 lucc,
653 951 706 995 et
739 941 895 996 doce.
944 939 1114 996 Nemo
1157 939 1578 995 adolescentiam
1628 949 1773 992 tuam

172 1041 530 1089 contemnat:
560 1032 653 1087 sed
677 1031 982 1101 exemplum
1013 1040 1130 1086 esto
1162 1030 1400 1086 ﬁdelium
1426 1031 1477 1085 in
1508 1030 1697 1093 verbo,
1721 1029 1774 1084 in

173 1126 611 1193 conversatione,
663 1127 712 1179 in
763 1123 1057 1190 charitate,
1113 1126 1167 1177 in
1213 1124 1338 1186 ﬁde,
1395 1125 1448 1178 in
1497 1125 1771 1177 castitate.

173 1222 312 1276 Dum
349 1220 530 1283 venio,
580 1219 798 1273 attende
844 1218 1100 1284 lectioni,
1149 1217 1548 1282 exhortationi,
1589 1225 1641 1272 et
1677 1216 1775 1270 do-

169 1314 390 1367 ctrinze.
440 1311 563 1366 Noli
612 1310 886 1380 negligere
916 1313 1176 1379 gratiam,
1209 1325 1328 1380 qum
1358 1310 1410 1364 in
1440 1319 1490 1364 te
1518 1318 1621 1373 est,
1656 1324 1775 1377 quae

168 1405 299 1459 data
334 1412 418 1458 est
446 1403 540 1457 tibi
588 1417 686 1472 per
727 1402 1074 1472 prophetiam
1121 1418 1242 1456 cum
1276 1403 1621 1472 impositione
1662 1417 1777 1454 ma-

170 1514 348 1553 nuum
393 1497 736 1566 presbyterii.
788 1495 912 1550 Haec
961 1495 1242 1561 meditare,
1281 1497 1332 1549 in
1382 1496 1467 1549 his
1511 1506 1629 1549 esto
1667 1514 1678 1548 :
1714 1505 1776 1549 ut

169 1590 455 1661 profectus
487 1599 608 1643 tuus
639 1587 960 1644 manifestus
989 1589 1056 1642 sit
1087 1589 1362 1642 omnibus.
1392 1588 1625 1641 Attende
1655 1587 1771 1651 tibi,

169 1694 227 1739 et
269 1682 536 1738 doctrinae,
566 1701 576 1734 :
606 1683 744 1736 insta
793 1681 847 1736 in
879 1681 1003 1735 illis.
1042 1682 1155 1736 lloc
1195 1682 1336 1735 enim
1387 1681 1607 1744 faciens,
1641 1689 1696 1733 et
1725 1689 1774 1731 te

170 1778 354 1845 ipsum
385 1775 590 1829 salvum
623 1773 811 1839 facies,
855 1782 908 1828 et
939 1789 1034 1827 eos
1063 1773 1150 1842 qui
1181 1782 1231 1828 te
1263 1773 1508 1827 audiunt.

246 1865 400 1938 [ϐαρ.
426 1863 516 1934 V.]
543 1865 822 1920 Seniorem
851 1880 917 1919 ne
968 1864 1356 1934 increpavcris,
1389 1864 1482 1919 sed
1523 1865 1767 1925 obsecra,

169 1966 465 2028 utpatrem
492 1973 505 2021 ;
531 1957 781 2027 juvenes,
811 1967 867 2010 ut
901 1955 1132 2018 fratres;
1166 1971 1322 2016 anus,
1349 1964 1618 2009 uttnatres
1646 1971 1660 2014 ;
1684 1953 1772 2023 ju—

171 2048 460 2112 venculas,
487 2057 544 2102 ut
566 2062 784 2102 sorores
809 2047 863 2099 in
893 2045 1040 2100 omni
1063 2047 1314 2100 castitate
1344 2064 1354 2098 2
1391 2047 1577 2098 \iduas
1603 2045 1776 2098 hono-

172 2159 257 2210 ra,
284 2157 408 2212 qua:
427 2156 553 2196 vere
577 2139 754 2195 viduae
782 2149 925 2194 sunt.
964 2140 1020 2195 Si
1061 2155 1164 2209 qua
1216 2152 1395 2195 autem
1427 2139 1584 2194 vidua
1616 2139 1773 2198 filios,

172 2247 269 2292 aut
294 2245 525 2306 nepotes
576 2234 789 2291 habet:
847 2233 1020 2288 discat
1077 2235 1308 2302 primum
1359 2232 1578 2286 domum
1627 2246 1778 2285 suam

175 2344 393 2399 regere,
426 2339 481 2383 et
513 2336 753 2382 mutuam
778 2328 949 2381 vicem
1006 2326 1237 2381 reddere
1269 2324 1586 2392 parentibus
1621 2341 1633 2376 :
1681 2323 1784 2374 hoc

175 2422 326 2476 enim
358 2430 641 2490 acceptum
700 2431 782 2474 cst
823 2434 1008 2474 coram
1058 2418 1192 2473 Deo.
1245 2417 1378 2483 Quae
1425 2428 1601 2470 autem
1657 2429 1785 2468 vere

177 2512 344 2566 vidua
375 2522 481 2578 est,
515 2522 539 2548 ιι
565 2520 617 2566 et
639 2511 902 2572 desolata,
944 2518 1126 2579 speret
1175 2508 1226 2562 in
1261 2508 1452 2571 Deum,
1513 2516 1569 2560 ct
1623 2506 1789 2560 instet

187 2605 665 2662 obsecrationibus
700 2613 754 2659 et
799 2602 1133 2658 orationibus
1176 2609 1333 2655 nocte
1376 2615 1439 2654 ac
1489 2600 1596 2654 die.
1654 2598 1786 2652 Nam

182 2716 305 2770 quas
337 2700 392 2753 in
423 2698 634 2753 deliciis
667 2706 770 2766 est,
808 2696 998 2750 vivens
1028 2703 1238 2749 morttta
1273 2704 1376 2750 est.
1416 2694 1484 2747 Et
1515 2693 1618 2748 hoc
1645 2707 1786 2761 prte-

187 2795 332 2862 cipe,
353 2802 408 2846 ut
435 2791 944 2861 irreprehensibiles
969 2791 1096 2843 sint.
1122 2787 1180 2842 Si
1202 2788 1322 2857 quis
1339 2797 1514 2840 autem
1545 2800 1789 2852 suorum,

186 2886 494 2942 etmaxime
535 2883 958 2937 domesticorum
999 2896 1183 2935 curam
1244 2894 1351 2933 non
1398 2878 1584 2941 habet,
1635 2878 1792 2931 fidem

190 2977 426 3046 negavit,
452 2984 617 3030 etest
669 2974 874 3028 inﬁdeli
906 2973 1172 3029 deterior.
1220 2971 1386 3026 Vidua
1421 2971 1655 3040 eligatur
1686 2985 1792 3024 non

192 3071 371 3125 minus
418 3070 700 3138 sexaginta
751 3082 1044 3131 annorum,
1097 3080 1215 3136 quae
1272 3063 1438 3118 fuerit
1486 3063 1644 3116 unius
1695 3061 1792 3115 viri

1879 478 1999 534 dico
2036 480 2160 534 vino
2200 489 2375 548 utere,
2419 493 2642 554 propter
2693 484 3034 542 stomachum
3084 494 3232 540 tuum
3262 491 3318 539 et
3367 483 3476 538 fre-

1879 581 2104 639 quentes
2155 582 2274 627 tnas
2340 574 2706 631 infirmitates.
2757 577 3126 646 Quorumdam
3190 575 3470 632 hominum

1880 670 2101 732 peccata
2134 662 2420 718 manifesta
2449 676 2594 733 sunt,
2643 668 3004 737 praecedentia
3047 667 3114 723 ad
3161 667 3423 736 judicium
3455 683 3468 720 :

1879 752 2142 822 quosdam
2167 763 2346 809 autem
2393 766 2445 810 et
2485 757 2907 828 subsequuntur.
2943 759 3207 816 Similiter
3245 765 3299 812 et
3336 757 3471 813 facta

1881 849 2019 902 bona
2051 848 2336 903 manifesta
2370 860 2534 904 sunt:
2560 861 2753 922 etquae
2794 853 2953 908 aliter
3003 867 3063 907 se
3097 852 3317 918 habent,
3347 851 3476 906 abs-

1879 938 2036 993 condi
2076 953 2182 993 non
2208 950 2454 1010 possunt.

1953 1030 2105 1103 [_Cap.
2142 1032 2254 1104 VL]
2277 1035 2618 1105 Quicumque
2644 1044 2771 1091 sunt
2818 1037 2920 1092 sub
2947 1036 3078 1109 jugo
3110 1036 3280 1102 servi,
3305 1035 3478 1091 domi-

1878 1140 1980 1180 nos
2006 1141 2134 1180 suos
2163 1127 2308 1181 omni
2334 1127 2544 1184 honore
2569 1129 2762 1200 dignos
2783 1131 3141 1198 arbitrentur,
3167 1147 3234 1187 ne
3277 1147 3474 1186 nomen

1879 1218 2090 1271 Domini
2133 1225 2186 1272 et
2214 1218 2460 1274 doetrina
2486 1220 2910 1290 blasphemetur.
2951 1222 3050 1291 Qui
3077 1231 3253 1278 autem
3289 1221 3476 1278 ﬁdeles

1881 1311 2084 1367 habent
2113 1311 2508 1378 dominos,non
2539 1325 2914 1383 contemnant,
2941 1317 3062 1385 quia
3097 1316 3296 1371 fratres
3326 1326 3471 1371 sunt:

1879 1404 1972 1458 sed
2006 1405 2176 1476 magis
2203 1407 2464 1474 serviant,
2491 1407 2612 1476 quia
2645 1407 2829 1463 ﬁdeles
2859 1420 3006 1477 sunt,
3057 1418 3111 1465 et
3143 1409 3347 1475 dileCti,
3382 1409 3472 1478 qui

1882 1495 2127 1551 beneficii
2161 1499 2450 1569 participes
2473 1509 2618 1556 sunt.
2641 1502 2766 1556 llaec
2793 1502 2949 1568 doce,
2989 1513 3043 1558 et
3077 1503 3396 1558 exltortarc.
3420 1501 3479 1557 Si

1879 1591 1998 1658 quis
2029 1591 2383 1656 aliterdocet,
2409 1603 2463 1648 et
2495 1609 2600 1648 non
2625 1595 2922 1665 acquiescit
2961 1596 3110 1650 sanis
3134 1596 3480 1652 sermonibus

1882 1683 2096 1737 Domini
2153 1685 2325 1739 nostri
2370 1687 2527 1741 Jesus
2555 1686 2779 1750 Christi,
2830 1697 2884 1742 et
2921 1688 3139 1758 ei,qu:c
3183 1687 3484 1744 secundum

1803 1775 1850 1835 B
1879 1777 2131 1845 pietatem
2157 1785 2260 1842 est,
2292 1776 2573 1842 doctrinae,
2630 1779 2897 1848 superbus
2946 1788 3052 1846 est,
3091 1779 3224 1833 nihil
3273 1779 3479 1844 sciens,

1881 1868 1976 1923 sed
2008 1868 2268 1937 languens
2290 1870 2433 1924 circa
2471 1869 3118 1940 qutestiones,etpugnas
3144 1869 3433 1924 verborum
3463 1885 3477 1923 :

1882 1974 1949 2013 ex
1971 1960 2166 2029 quibus
2218 1960 2470 2014 oriuntur
2502 1960 2735 2026 invidize,
2771 1961 3174 2027 contentiones,
3229 1959 3485 2031 blasphe-

1884 2050 2030 2117 miae,
2087 2051 2429 2121 suspiciones
2474 2051 2630 2106 malae
2658 2093 2672 2117 ,
2725 2051 3160 2108 conﬁictationes
3207 2050 3487 2106 hominum

1883 2157 2065 2202 mente
2117 2157 2516 2218 corruptorum,
2573 2156 2630 2202 et
2674 2149 2764 2220 qui
2815 2150 3044 2205 veritate
3093 2149 3289 2220 privati
3326 2159 3476 2215 sunt,

1886 2238 2313 2293 existimantium
2353 2249 2621 2308 quaestum
2668 2255 2791 2295 esse
2838 2243 3111 2310 pietatem.
3159 2241 3256 2296 Est
3303 2250 3480 2297 autem

1887 2341 2127 2402 quaastus
2146 2346 2396 2401 magnus,
2430 2332 2604 2402 pietas
2631 2347 2753 2387 cum
2779 2333 3127 2388 sufﬁcientia.
3163 2333 3306 2388 Nihil
3334 2334 3480 2390 enim

1890 2425 2170 2480 intulimus
2199 2426 2253 2480 in
2285 2426 2430 2480 hunc
2459 2425 2760 2480 mundum:
2796 2426 2937 2480 haud
2965 2426 3186 2482 dubium
3217 2427 3358 2498 quod
3389 2443 3490 2483 nec

1889 2518 2110 2573 auferre
2137 2517 2267 2589 quid
2321 2533 2631 2587 possumus.
2665 2518 2940 2574 llabentes
2977 2529 3156 2574 autem
3209 2520 3487 2586 alimenta,

1893 2613 2159 2682 etquibus
2183 2617 2450 2683 tegamur,
2480 2613 2561 2667 Itis
2589 2613 2832 2668 contenti
2871 2628 3080 2668 sumus.
3129 2612 3260 2667 Nam
3285 2612 3376 2684 qui
3397 2628 3492 2668 vo-

1894 2705 2013 2759 lunt
2037 2704 2234 2759 divites
2258 2705 2396 2769 ﬁeri,
2454 2704 2702 2760 incidunt
2729 2706 2780 2759 in
2817 2705 3195 2770 tentationem,
3218 2715 3271 2760 et
3309 2703 3362 2758 in
3413 2704 3490 2758 la-

1894 2813 2089 2867 queum
2117 2797 2343 2862 diaboli,
2369 2807 2423 2852 et
2449 2796 2719 2852 desideria
2739 2797 2906 2851 multa
2934 2797 3162 2862 inutilia,
3193 2806 3248 2852 et
3277 2796 3488 2865 nociva,

1895 2906 2015 2961 qua}
2037 2899 2286 2960 mergunt
2313 2889 2566 2945 homines
2591 2889 2646 2944 in
2676 2889 2954 2944 interitum
3004 2899 3059 2944 et
3102 2888 3488 2957 perditionem.

1899 2983 2069 3038 Radix
2099 2983 2243 3038 enim
2269 2984 2512 3037 omnium
2565 2983 2832 3038 malorum
2873 2993 2954 3038 est
2985 2982 3291 3052 cupiditas:
3328 2996 3490 3052 quam

1897 3073 2116 3144 quidam
2146 3081 2487 3143 appetentes,
2506 3081 2830 3129 erraverunt
2854 3087 2882 3126 a
2911 3072 3035 3139 ﬁde,
3063 3082 3119 3128 et
3147 3073 3498 3128 inseruerunt

195 3180 345 3230 uxor,
409 3163 463 3218 in
509 3161 764 3232 operibus
813 3160 972 3215 bonis
1019 3159 1392 3214 testimonium
1451 3155 1679 3220 habens,
1741 3154 1785 3208 Si
1818 3153 1863 3217 C
1896 3180 1954 3218 se
1972 3164 2251 3220 doloribus
2273 3165 2475 3219 multis.
2511 3165 2588 3220 Tu
2614 3175 2819 3233 autem,
2846 3165 3011 3221 homo
3035 3165 3149 3233 Dei,
3183 3165 3300 3221 haec
3326 3165 3448 3236 fuge
3477 3181 3491 3220 :

195 3257 327 3312 filios
354 3255 622 3317 educavit,
648 3255 694 3308 si
717 3254 953 3323 hospitio
985 3252 1213 3321 recepit,
1241 3251 1287 3304 si
1329 3258 1645 3304 sanctorum
1696 3263 1788 3316 pe-

195 3349 284 3406 des
307 3350 462 3415 lavit,
487 3348 533 3403 si
568 3348 972 3403 tribulationem
1015 3346 1350 3418 patientibus
1407 3343 1790 3398 subministra-

191 3443 284 3504 vit.
317 3443 364 3498 si
392 3456 554 3496 omne
584 3454 721 3510 opus
745 3441 945 3495 bonum
979 3439 1265 3494 subsecuta
1296 3445 1404 3492 est.
1465 3434 1793 3490 Adolescen-

192 3533 356 3589 tiores
410 3541 593 3587 autem
640 3532 827 3587 viduas
870 3532 1069 3587 devita.
1125 3531 1258 3586 Cutn
1309 3531 1452 3586 enim
1509 3529 1792 3583 luxuriata:

187 3627 394 3684 fuerint
423 3626 480 3680 in
510 3625 753 3694 Christo,
776 3625 985 3681 nubere
1013 3624 1206 3680 volunt
1237 3641 1249 3678 :
1280 3623 1541 3678 habentes
1562 3622 1792 3676 damna-

187 3719 421 3786 tionem,
451 3717 574 3788 quia
597 3717 828 3787 primam
851 3717 1011 3772 fidem
1059 3716 1267 3770 irritam
1300 3714 1570 3770 fecerunt.
1620 3711 1794 3768 Simul

184 3820 375 3866 autem
403 3815 461 3863 et
495 3807 683 3864 otiosa:
708 3807 926 3864 discunt
956 3807 1190 3864 circuire
1219 3807 1413 3862 domos
1437 3825 1451 3861 :
1486 3821 1594 3861 non
1618 3804 1794 3860 solum

183 3905 409 3970 otiosae,
435 3901 530 3957 sed
556 3911 609 3956 et
636 3901 903 3968 verbosas,
936 3909 993 3957 et
1036 3901 1288 3966 curiosae,
1343 3900 1629 3969 loquentes
1673 3915 1795 3969 quae

180 4013 292 4054 non
319 4002 565 4066 oportet.
591 3992 724 4048 Volo
770 4007 899 4064 ergo
950 3992 1196 4063 jnniores
1237 3990 1462 4056 nubere,
1510 3989 1648 4065 ﬁlios
1671 4005 1794 4059 pro-

180 4102 411 4155 creare,
471 4093 672 4139 matres
702 4084 937 4139 familias
992 4097 1148 4148 esse,
1202 4081 1405 4137 nullam
1450 4081 1794 4136 occasionem

181 4181 322 4238 dare
352 4176 671 4234 adversario
698 4175 974 4231 maledicti
1001 4176 1197 4246 gratia.
1226 4175 1345 4229 Jam
1374 4171 1517 4229 enim
1549 4172 1795 4244 quaedam

181 4285 478 4330 conversa:
505 4276 635 4324 sunt
672 4275 820 4324 retro
842 4266 1121 4323 Satanam.
1168 4265 1342 4336 Siqui
1395 4265 1570 4322 ﬁdelis
1636 4265 1797 4323 habet

181 4365 410 4429 viduas,
444 4360 823 4417 subministret
859 4359 986 4428 illis,
1028 4368 1083 4415 et
1113 4373 1220 4414 non
1250 4368 1506 4430 gravetur
1529 4359 1792 4424 Ecclesia,

181 4466 242 4513 ut
265 4456 366 4522 iis,
390 4469 515 4524 quae
546 4467 674 4508 vere
701 4451 880 4508 vidua:
910 4460 1056 4518 sunt,
1087 4451 1340 4507 sufﬁciat.
1372 4451 1474 4518 Qui
1497 4451 1636 4507 bene
1661 4467 1797 4522 prac-

1894 3267 2109 3313 sectare
2138 3273 2270 3313 vero
2305 3257 2598 3327 justitiam,
2625 3259 2904 3329 pietatem,
2932 3257 3119 3327 ﬁdem,
3152 3258 3493 3326 charitatem,

1895 3350 2235 3420 patientiam,
2266 3349 2763 3406 mansuetudinem.
2801 3350 2963 3406 Certa
2990 3351 3190 3406 bonum
3218 3361 3497 3406 certamen

1897 3439 2040 3506 ﬁdei,
2068 3439 2415 3512 apprehende
2442 3441 2608 3495 vitam
2641 3450 2922 3508 aeternam,
2952 3441 3006 3496 in
3036 3456 3140 3512 qua
3164 3449 3386 3497 vocatus
3411 3456 3492 3510 es,

1895 3540 1951 3588 et
1985 3530 2273 3588 confessus
2296 3532 2491 3588 bonam
2523 3532 2918 3589 confessionem
2965 3548 3150 3590 coram
3181 3533 3365 3588 multis
3388 3543 3500 3589 tes-

1898 3627 2060 3681 tibus.
2090 3625 2356 3696 Prmcipio
2379 3625 2476 3681 tibi
2507 3642 2692 3682 coram
2723 3626 2857 3691 Deo,
2887 3628 2977 3698 qui
3005 3625 3242 3681 viviﬁcat
3289 3628 3506 3692 omnia,

1897 3731 1952 3777 et
1979 3721 2199 3777 Christo
2228 3721 2378 3787 Jesu,
2411 3721 2503 3791 qui
2527 3721 2898 3776 testimonium
2949 3719 3189 3776 reddidit
3216 3719 3317 3775 sub
3359 3719 3497 3774 Pon-

1897 3813 1972 3867 tio
1997 3813 2192 3880 Pilato,
2217 3813 2413 3868 bonam
2458 3811 2857 3868 confessionem
2884 3828 2899 3866 :
2935 3820 2992 3866 ut
3046 3825 3233 3867 serves
3265 3810 3492 3866 manda-

1899 3912 2014 3959 tum
2045 3905 2163 3959 sine
2189 3903 2423 3970 macula,
2447 3902 2932 3974 irreprehensibile
2979 3917 3147 3969 usque
3196 3904 3249 3960 in
3294 3903 3498 3960 adven-

1901 4003 2016 4050 tum
2049 3995 2261 4050 Domini
2287 3994 2458 4050 nostri
2488 3994 2617 4050 Jesu
2643 3993 2848 4050 Christi
2877 4012 2889 4048 :
2915 4010 3074 4065 quem
3103 3995 3213 4053 suis
3242 3997 3504 4067 tempori-

1898 4087 2000 4142 bus
2026 4086 2276 4143 ostendet
2305 4087 2495 4143 beatus
2523 4095 2578 4142 et
2608 4086 2759 4142 solus
2783 4096 2996 4158 potens,
3029 4087 3145 4143 Rex
3203 4104 3419 4160 regum,
3449 4095 3506 4146 et

1900 4179 2164 4235 Dominus
2192 4179 2590 4234 dominantium
2620 4195 2634 4232 :
2686 4179 2776 4249 qui
2807 4179 2954 4236 solus
2988 4179 3149 4236 habet
3179 4178 3505 4236 immortali-

1902 4281 2089 4339 tatem,
2114 4281 2170 4328 et
2200 4272 2373 4328 lucem
2396 4271 2663 4329 inhabitat
2687 4271 3126 4329 inaccessibilem
3154 4290 3168 4324 :
3192 4287 3353 4342 quem
3385 4270 3508 4326 nul-

1909 4366 1993 4420 lus
2023 4363 2304 4420 hominum
2335 4362 2506 4432 vidit,
2542 4374 2562 4402 ο
2609 4362 2705 4419 sed
2761 4379 2861 4418 nec
2915 4363 3104 4418 videre
3151 4370 3367 4430 potest:
3414 4360 3505 4418 cui

1903 4455 2103 4522 honor,
2128 4465 2184 4511 et
2215 4455 2504 4526 imperium
2557 4454 2975 4523 sempiternum.
3010 4451 3207 4507 Amen.
3237 4449 3508 4507 Divitibus

181 4556 321 4606 sunt
367 4545 697 4617 presbyteri,
747 4545 949 4614 duplici
1005 4545 1212 4601 honore
1258 4544 1406 4616 digni
1468 4539 2078 4618 habeantur:Dliujus
2103 4548 2284 4604 steculi
2340 4549 2581 4619 praecipe
2627 4561 2735 4602 non
2789 4546 3020 4602 sublime
3058 4559 3273 4617 sapere,
3331 4559 3508 4616 neque

183 4639 446 4697 maxime
491 4639 584 4707 qui
623 4636 876 4691 laborant
930 4637 982 4691 in
1031 4636 1200 4692 verbo
1248 4645 1303 4692 et
1340 4637 1608 4693 doctrina.
1666 4635 1804 4691 Dicit

186 4733 348 4791 enim
372 4730 655 4801 Scriptura
685 4749 697 4783 :
730 4729 846 4784 Non
879 4728 905 4768 δ
936 4729 1187 4800 alligabis
1239 4744 1300 4785 os
1351 4730 1474 4786 bovi
1508 4729 1798 4785 trituranti.

189 4827 260 4883 Et
299 4825 552 4894 :Dignus
596 4830 681 4879 est
715 4822 998 4894 operarius
1047 4824 1301 4880 mercede
1354 4839 1473 4878 sua.
1527 4823 1806 4881 Adversus

192 4917 584 4991 presbyterum
607 4915 1007 4972 accusationem
1060 4915 1174 4971 noli
1225 4916 1490 4987 recipere,
1549 4916 1650 4971 nisi
1705 4917 1805 4972 snb

197 5010 423 5068 duobus
459 5017 551 5063 aut
581 5009 755 5065 tribus
785 5009 1034 5066 testibus.
1081 5007 1377 5065 Peccantes
1403 5024 1586 5065 coram
1631 5010 1806 5065 omni-

197 5103 306 5160 bus
329 5116 496 5172 argue
524 5120 538 5156 :
571 5112 632 5156 ut
677 5112 731 5157 et
773 5103 955 5158 caeteri
1000 5102 1249 5156 timorem
1304 5101 1557 5158 habeant.
1614 5102 1808 5158 Testor

202 5209 397 5251 coram
446 5194 560 5250 Deo
612 5204 666 5250 et
692 5195 910 5250 Christo
954 5193 1103 5260 Jesn,
1138 5205 1192 5250 et
1232 5195 1416 5251 electis
1471 5197 1692 5267 angelis,
1751 5203 1810 5250 ut

204 5285 331 5342 haec
363 5286 642 5341 custodias
667 5287 785 5343 sine
817 5286 1156 5357 prmjudicio,
1180 5285 1560 5353 nihilfaciens,
1595 5288 1646 5342 in
1681 5287 1812 5343 alte-

209 5397 327 5438 ram
363 5387 568 5450 partem
595 5378 1146 5435 declinando.Manus
1175 5379 1282 5434 cito
1313 5379 1515 5434 nemini
1542 5379 1814 5450 imposue-

213 5475 312 5542 ris,
336 5488 512 5545 neque
533 5472 1022 5528 communicaveris
1050 5471 1287 5544 peccatis
1316 5471 1525 5526 alienis.
1551 5470 1809 5540 Teipsum

1909 4642 2201 4711 sperarein
2227 4641 2435 4696 incerto
2459 4640 2799 4705 divitiarum,
2841 4637 2939 4693 sed
2986 4637 3038 4692 in
3079 4636 3195 4693 Deo
3215 4635 3340 4693 vivo
3365 4637 3388 4710 (
3416 4638 3507 4708 qui

1909 4743 2135 4805 praestat
2184 4734 2342 4790 nobis
2390 4733 2569 4789 omnia
2624 4731 2842 4788 abunde
2881 4730 2948 4786 ad
2997 4728 3328 4801 fruendum)
3368 4729 3510 4788 bene

1907 4844 2092 4900 agere,
2126 4829 2321 4884 divites
2345 4827 2462 4883 ﬁeri
2482 4827 2536 4882 in
2569 4823 2728 4880 bonis
2756 4822 3032 4893 Operibus,
3063 4820 3224 4878 facile
3248 4822 3508 4890 tribuere,

1905 4920 2333 4986 communicare,
2352 4917 2724 4974 thesaurizare
2752 4914 2855 4970 sibi
2875 4912 3284 4968 fundamentum
3306 4914 3510 4970 bonum

1913 5018 1966 5071 in
1998 5016 2265 5080 futurum,
2297 5022 2358 5067 nt
2381 5009 2791 5083 apprehendant
2817 5024 3003 5065 veram
3025 5008 3215 5064 vitam.
3261 5009 3306 5067 Ο
3327 5009 3512 5066 Timo-

1913 5109 2057 5175 thee,
2086 5107 2396 5176 depositum
2453 5104 2688 5170 custodi,
2720 5103 2970 5160 devitans
3016 5104 3273 5174 profanas
3315 5119 3512 5160 vocum

1914 5199 2205 5264 novitates,
2249 5205 2306 5252 et
2354 5196 2730 5267 oppositiones
2780 5195 2900 5251 falsi
2950 5194 3187 5250 nominis
3242 5193 3508 5262 scientiae,

1913 5305 2075 5362 quam
2099 5288 2319 5359 quidam
2348 5288 2727 5360 promittentes
2774 5286 2918 5344 circa
2949 5285 3113 5343 ﬁdem
3160 5287 3506 5345 exciderunt.

1915 5382 2100 5440 Gratia
2123 5391 2324 5438 tecum.
2352 5381 2548 5437 Amen.

1079 5565 1305 5638 Explicit
1326 5565 1567 5637 Epistola
1594 5564 1658 5618 Β.
1709 5565 1865 5621 Pauli
1889 5566 2125 5637 Apostoli
2154 5567 2222 5621 ad
2253 5563 2580 5621 Timotheum
2605 5562 2654 5619 Ι.

289 5666 313 5693 δ
346 5655 734 5741 galatin..tns..,
765 5668 812 5712 et
840 5657 1095 5738 desolata,
1127 5657 1286 5741 vitio,
1319 5655 1632 5724 utvidetur,
1663 5656 1807 5710 anti-

216 5735 388 5802 quari]
417 5747 428 5780 ε
454 5735 568 5802 tum
593 5735 653 5802 in
678 5735 920 5794 instanti,
941 5738 1180 5802 sperat...
1205 5735 1250 5781 et
1271 5735 1450 5802 instat.

289 5799 317 5840 δ
349 5798 581 5857 Praefert
602 5799 747 5860 idem
772 5815 877 5858 ms.
887 5839 904 5871 ,
935 5797 1059 5856 Non
1086 5797 1392 5874 infrenabis,
1416 5813 1514 5872 pro
1531 5797 1803 5871 alligabis:

1915 5658 2125 5740 variant
2144 5657 2308 5740 etiam
2321 5658 2510 5740 Graeca
2526 5655 2877 5740 exemplaria,
2892 5660 3136 5740 φιμὼσρς
3157 5665 3212 5716 et
3236 5660 3511 5740 κημώσιις.

1904 5726 2297 5860 ηιῖοέἓὲιιιδω
2320 5730 2435 5803 sed,
2465 5726 2744 5788 Palatinus
2803 5726 2911 5788 ms.
2945 5726 3022 5789 ὀι
3060 5726 3308 5792 (ἥκους’
3331 5739 3509 5793 textus
