3946 6198
1573 253 1629 312 Β.
1674 253 2057 313 HIERONYMI
2094 251 2330 311 DIVINA
2373 245 2849 309 BIBLIOTHECA.
3737 244 3830 305 804

1304 472 1480 583 Β.
1561 470 2140 586 PAULI
2218 463 3135 584 APOSTOLI

2086 660 2383 726 INCIPIT

864 820 1856 970 EPISTULA
1940 823 2215 966 AD
2315 813 3552 1030 TIMOTHEUM

1905 1056 2286 1143 SECUN
2299 1057 2493 1140 DA.

562 262 670 321 803

904 363 3814 389 mw

581 373 898 389 Ψ

626 1330 862 1407 [Cap.l.i
885 1331 1084 1387 Paulus
1113 1327 1390 1401 apostolus
1430 1329 1563 1385 Jesu
1603 1327 1805 1385 Christi
1835 1341 1929 1400 per
1954 1329 2145 1386 volun-
2178 1335 2222 1390 Λ
2253 1329 2346 1400 qui
2376 1325 2556 1384 idonei
2585 1334 2746 1382 erunt
2784 1334 2839 1382 et
2866 1325 3003 1381 alios
3027 1323 3249 1380 docere.
3273 1321 3482 1381 Labora
3514 1323 3649 1380 sicut
3683 1324 3826 1382 bonus

556 1436 720 1483 tatem
745 1426 861 1490 Dei,
891 1425 1190 1480 secundum
1226 1422 1641 1494 promissionem
1671 1420 1816 1490 vitae,
1840 1437 1960 1492 qua:
1987 1421 2144 1476 estin
2256 1423 2413 1479 miles
2441 1421 2643 1478 Christi
2688 1421 2838 1478 Jesu.
2870 1421 3041 1477 Nemo
3085 1419 3327 1474 militans
3360 1417 3496 1488 Deo,
3532 1419 3752 1489 implicat
3773 1435 3824 1478 se

546 1519 768 1575 Christo
823 1516 953 1574 Jesu
991 1533 1005 1570 :
1057 1515 1346 1572 Timotheo
1396 1513 1721 1571 charissimo
1768 1513 1901 1579 ﬁlio,
1949 1513 2141 1584 gratia,
2251 1518 2482 1588 negotiis
2513 1516 2910 1573 smcularihus:
2963 1524 3019 1570 ut
3042 1513 3092 1570 ei
3120 1513 3354 1584 placeat,
3384 1513 3473 1568 cui
3501 1529 3558 1569 se
3585 1514 3822 1585 probavit.

557 1609 956 1678 misericordi-1,
996 1623 1106 1679 Pax
1136 1622 1167 1662 ³
1190 1603 1307 1664 Deo
1333 1605 1511 1672 Ρθῑτθ»
1541 1614 1595 1660 ει
1616 1604 1831 1661 Christo
1859 1602 1991 1660 Iesu
2042 1603 2148 1658 DO—
2249 1610 2382 1665 Nam
2406 1619 2459 1666 et
2489 1610 2578 1680 qui
2612 1618 2786 1665 certat
2807 1608 2861 1662 in
2893 1622 3090 1678 agone,
3123 1621 3231 1661 non
3269 1613 3557 1660 coronatur
3579 1605 3673 1659 nisi
3698 1603 3822 1675 legi-

551 1705 702 1760 mino
729 1711 935 1758 nostro.
959 1701 1174 1756 Gratias
1203 1713 1304 1770 ago
1335 1699 1468 1764 Deo,
1495 1699 1579 1753 cui
1622 1697 1802 1753 servio
1834 1711 1865 1751 a
1895 1696 2147 1766 progeni-
2251 1700 2382 1755 time
2408 1702 2717 1757 certaverit.
2755 1699 3116 1758 Laborantem
3156 1696 3448 1768 agricolam
3488 1705 3683 1767 Oportet
3716 1697 3818 1766 pri-

554 1797 761 1851 toribus
789 1795 841 1848 in
875 1791 1211 1848 conscientia
1257 1805 1409 1860 pura,
1441 1787 1584 1860 quod
1639 1786 1971 1858 Unquam]
2029 1785 2148 1840 sine
2252 1810 2397 1848 mum
2427 1794 2496 1849 de
2547 1792 2810 1847 fructibus
2857 1792 3167 1862 percipere.
3217 1789 3467 1860 Intellige
3515 1805 3625 1860 qua:
3671 1787 3818 1844 dico:

552 1887 958 1944 intermissione
1003 1885 1230 1939 habeam
1261 1883 1336 1938 lui
1382 1882 1700 1936 memoriam
1733 1883 1785 1936 in
1811 1878 2146 1934 orationibus
2250 1885 2397 1941 dabit
2424 1885 2568 1942 enim
2593 1885 2691 1940 tibi
2721 1885 2979 1940 Dominus
3010 1885 3061 1939 in
3086 1883 3340 1938 omnibus
3363 1882 3704 1938 intellectum.
3733 1881 3821 1937 hle-

548 1983 704 2046 meiS,
739 1986 899 2034 nocte
921 1991 984 2032 ac
1014 1976 1101 2031 die
1123 1974 1446 2031 deSidel‘ans
1473 1981 1523 2027 ιο
1571 1972 1779 2039 Videre.
1813 1984 2023 2026 memor
2067 1969 2145 2023 Ια-
2249 1994 2369 2032 mor
2410 1988 2527 2034 esto
2556 1978 2847 2033 Dominum
2895 1976 3082 2033 Iesum
3113 1977 3390 2032 Christum
3421 1975 3764 2031 resurrexisse
3794 1989 3820 2030 a

543 2088 857 2146 crymarum
891 2080 1130 2138 tuarum,
1164 2077 1223 2123 ut
1271 2066 1470 2139 gaudio
1519 2066 1767 2136 implear,
1811 2063 2145 2120 recordatio-
2249 2070 2476 2125 mortuis
2530 2087 2598 2126 ex
2650 2070 2855 2125 semine
2908 2068 3098 2137 David,
3151 2068 3450 2124 secundum
3508 2067 3820 2137 Evangelium
3859 2059 3874 2063 ’

547 2184 670 2225 nem
692 2166 963 2238 accipiens
988 2165 1111 2238 ejus
1139 2164 1286 2229 ﬁdei,
1312 2177 1432 2233 quae
1456 2173 1539 2218 est
1562 2163 1614 2217 in
1654 2170 1706 2217 te
1728 2177 1832 2216 non
1856 2157 1999 2225 ﬁcta,
2023 2173 2145 2229 qum
2247 2179 2452 2228 meum,
2500 2162 2553 2216 in
2585 2176 2692 2232 quo
2726 2161 2914 2216 laboro
2946 2176 3116 2231 usque
3144 2160 3210 2215 ad
3242 2161 3483 2228 vincula,
3535 2160 3680 2230 quasi
3705 2158 3822 2213 male

543 2270 594 2318 et
631 2261 903 2316 habitavit
927 2257 1156 2328 primum
1188 2256 1242 2312 in
1275 2259 1393 2311 avia
1425 2265 1513 2311 tua
1550 2253 1744 2318 Loidc,
1772 2261 1827 2310 et
1847 2262 2020 2308 matre
2053 2262 2138 2307 tua
2247 2268 2510 2324 operans;
2544 2253 2638 2308 sed
2678 2253 2907 2308 verbum
2958 2252 3056 2308 Dei
3101 2268 3212 2307 non
3255 2259 3340 2307 est
3382 2251 3680 2322 alligatum.
3717 2249 3821 2306 Ideo

545 2352 773 2420 Eunice,
817 2360 998 2407 certus
1038 2365 1157 2406 sum
1205 2359 1384 2406 autem
1432 2348 1574 2419 quod
1607 2357 1662 2403 et
1706 2347 1761 2401 in
1809 2355 1883 2402 te.
1914 2343 2142 2416 Propter
2246 2348 2424 2402 omnia
2459 2347 2698 2402 sustineo
2727 2355 2952 2418 propter
3001 2346 3229 2412 electos,
3272 2357 3331 2400 ut
3375 2353 3429 2401 et
3470 2345 3577 2418 ipsi
3622 2345 3819 2401 salutem

542 2461 705 2519 quam
738 2460 955 2501 causam
981 2441 1252 2500 admoneo
1276 2452 1352 2510 te,
1376 2451 1434 2498 ut
1459 2441 1748 2498 resnscites
1764 2440 1989 2511 gratiam
2025 2439 2138 2509 Dei,
2245 2446 2667 2508 consequantur,
2701 2452 2822 2507 qua:
2851 2446 2935 2491 est
2963 2437 3016 2491 in
3059 2435 3280 2492 Christo
3324 2435 3478 2504 Jesu,
3513 2451 3635 2492 cum
3679 2435 3820 2507 gloria

544 2555 664 2612 qua:
689 2546 773 2596 est
804 2539 858 2594 in
887 2546 938 2594 te
987 2553 1082 2608 per
1110 2536 1515 2608 impositionem
1561 2545 1820 2590 manuum
1875 2548 2140 2589 mearum.
2244 2531 2471 2586 coelesn.
2513 2528 2715 2584 Fidelis
2757 2544 2942 2585 sermo
2973 2546 2986 2584 :
3019 2529 3153 2584 Nam
3185 2529 3232 2584 si
3273 2529 3606 2586 commortui
3636 2543 3816 2597 sumus,

539 2630 656 2689 Non
688 2632 832 2689 enim
862 2629 1188 2687 deditnobis
1214 2630 1360 2685 Deus
1387 2628 1633 2700 spiritum
1657 2627 1887 2693 timoris,
1914 2627 2009 2681 sed
2030 2627 2142 2681 vir-
2243 2631 2297 2676 et
2338 2622 2694 2678 convivemus
2727 2639 2740 2676 :
2775 2621 2824 2676 si
2862 2619 2889 2659 ι)
2922 2621 3337 2690 sustinebimus,
3391 2630 3449 2678 et
3492 2621 3820 2693 conregnabi-

541 2727 690 2794 tutis,
718 2737 771 2782 et
793 2725 1125 2791 dilectionis,
1151 2731 1204 2780 et
1249 2722 1584 2780 sobrietatis.
1635 2720 1754 2777 Noli
1800 2722 1984 2792 itaque
2013 2735 2139 2776 eru-
2171 2730 2217 2791 Β
2244 2732 2407 2784 mus;
2451 2715 2496 2771 si
2546 2717 2950 2787 negaverimus,
2992 2726 3046 2772 et
3095 2717 3184 2770 ille
3227 2717 3446 2788 negabit
3490 2731 3627 2772 nos:
3666 2718 3820 2771 sinon

537 2819 761 2875 bescere
793 2817 1163 2875 testimonium
1197 2815 1413 2870 Domini
1455 2813 1649 2882 nostri,
1681 2827 1858 2883 neque
1879 2821 1968 2868 me
2020 2813 2137 2865 vin-
2238 2809 2533 2874 credimus,
2563 2809 2654 2865 ille
2687 2809 2864 2865 ﬁdelis
2893 2817 3189 2879 permanet,
3227 2825 3428 2881 negare
3457 2809 3696 2880 seipsum
3731 2823 3818 2864 non

537 2922 680 2970 ctum
707 2913 854 2984 ejus:
889 2912 984 2968 sed
1015 2911 1290 2968 eollahora
1317 2907 1610 2980 Evangelio
1635 2906 1933 2963 secundum
1961 2903 2133 2960 virtu-
2240 2914 2440 2976 potest.
2491 2902 2615 2958 Haec
2664 2917 2974 2971 commone,
3020 2905 3317 2958 testilicans
3366 2917 3555 2959 coram
3590 2903 3811 2959 Domino.

538 3013 647 3063 tem
687 3007 783 3062 Dei
813 3025 824 3058 :
881 3005 973 3077 qui
1034 3021 1133 3060 nos
1173 3003 1463 3068 liberavit,
1495 3009 1551 3056 et
1585 3001 1799 3056 vocavit
1848 2998 2134 3053 vocatione
2236 2998 2356 3054 Noli
2385 2999 2717 3054 contendere
2748 2998 2934 3054 verbis
2969 2998 3077 3053 :ad
3111 2998 3243 3052 nihil
3274 2999 3420 3053 enim
3453 2997 3584 3054 utile
3613 3005 3706 3063 est,
3734 2994 3816 3050 nisi

539 3110 565 3137 α
584 3114 682 3155 sua
702 3107 911 3166 saneta,
934 3113 1041 3152 non
1066 3096 1368 3153 secundum
1396 3109 1562 3165 opera
1587 3101 1792 3162 nostra,
1823 3091 1920 3146 sed
1945 3078 2136 3145 secun-
2236 3091 2300 3145 ad
2337 3088 2749 3145 subversionem
2782 3087 3142 3144 audientium.
3175 3087 3422 3145 Sollicite
3450 3101 3580 3144 cura
3613 3090 3816 3161 teipsum

536 3196 665 3250 dum
695 3194 1031 3265 pr0positum
1055 3207 1236 3262 suum,
1260 3201 1314 3248 et
1335 3191 1590 3263 gratiam,
1623 3205 1745 3260 quae
1775 3187 1897 3243 data
1926 3193 2009 3242 est
2036 3199 2132 3240 no-

542 3288 624 3342 bis
647 3287 699 3339 in
727 3285 944 3340 Christo
969 3283 1098 3340 Jesu
1147 3291 1275 3338 ante
1326 3267 1570 3352 tempora
1603 3279 1908 3334 saecularia.
1963 3277 2132 3333 Mani-

533 3376 726 3434 festata
751 3385 842 3432 est
868 3385 1051 3430 autem
1080 3389 1222 3429 nunc
1251 3388 1348 3444 per
1400 3371 1858 3426 illuminationem
1886 3369 2133 3424 Salvato-

537 3469 614 3525 ris
641 3468 812 3524 nostri
835 3466 963 3524 Jesu
994 3465 1215 3531 Christi,
1235 3465 1324 3537 qui
1349 3464 1614 3519 destruxit
1638 3463 1853 3534 quidem
1875 3469 2127 3528 mortem,

533 3561 861 3616 illuminavit
921 3567 1101 3615 autem
1153 3557 1318 3611 vitam
1385 3564 1439 3610 et
1509 3553 1971 3622 incorruptionem
2031 3569 2129 3622 per

535 3651 890 3727 Evangelium
918 3669 934 3721 ;
964 3653 1018 3708 in
1043 3665 1151 3724 quo
1178 3648 1389 3722 positus
1415 3661 1534 3703 sum
1567 3662 1667 3717 ego
1698 3644 2042 3716 prmdicator,
2075 3653 2130 3701 et

531 3747 836 3818 apostolus,
861 3753 917 3801 et
939 3744 1201 3815 magister
1257 3741 1521 3812 gentium.
1571 3738 1652 3794 0b
1699 3753 1858 3808 quam
1906 3750 2124 3791 causam

529 3841 692 3896 etiam
721 3838 838 3895 haec
865 3840 1067 3911 patior,
1096 3836 1194 3895 sed
1218 3852 1324 3892 non
1352 3833 1675 3891 confundor.
1709 3831 1833 3888 Scio
1853 3820 2005 3916 enim
2038 3829 2126 3885 cui

526 3929 754 3997 credidi,
782 3939 839 3985 et
866 3941 1048 3985 certus
1098 3944 1217 3984 sum
1261 3928 1384 4000 quia
1436 3937 1632 3996 potens
1687 3931 1772 3980 est
1815 3922 2122 3992 depositum

529 4036 710 4077 meum
737 4035 959 4077 servare
985 4021 1040 4076 in
1083 4021 1234 4076 illum
1265 4021 1430 4074 diem.
1478 4017 1730 4073 Formam
1779 4013 1919 4071 habe
1961 4028 2123 4070 sano-

2237 3182 2569 3253 prohabilein
2592 3182 2855 3238 exhibere
2878 3182 3009 3249 Deo,
3041 3181 3351 3252 Operarium
3380 3183 3814 3248 inconfusibilem,

2234 3286 2383 3332 recte
2412 3284 2736 3332 tractantem
2760 3277 2984 3330 verbum
3015 3274 3282 3332 veritatis.
3315 3273 3554 3331 Profana
3584 3284 3747 3332 autem
3770 3281 3815 3328 et

2233 3367 2545 3437 vaniloquia
2592 3367 2721 3440 [Με.
2772 3363 3128 3439 inaniloquiaj
3154 3365 3384 3422 devita:
3439 3369 3666 3423 multum
3693 3366 3812 3422 enim

2233 3462 2520 3532 proﬁciunt
2550 3461 2620 3516 ad
2642 3461 2975 3531 impietatem
3011 3471 3103 3516 :et
3129 3476 3312 3516 sermo
3343 3476 3535 3517 eorum
3569 3470 3625 3517 ut
3647 3473 3813 3517 cancer

2231 3557 2403 3625 serpit
2435 3572 2448 3609 :
2482 3570 2552 3611 ex
2581 3555 2776 3625 quibus
2806 3567 2891 3611 est
2934 3555 3278 3625 llymcnzeus,
3309 3565 3361 3610 et
3394 3555 3660 3621 Philetus,
3685 3553 3811 3624 quia

2233 3648 2458 3703 veritate
2515 3646 2861 3714 exciderunt,
2916 3646 3159 3702 dieentes
3208 3649 3669 3702 resurrectionem
3710 3656 3809 3699 esse

2226 3740 2338 3812 jam
2388 3742 2604 3809 laetam,
2654 3749 2709 3796 et
2770 3751 2806 3780 ο*
2845 3740 3625 3814 subverteruntquorumdam
3653 3739 3807 3796 ﬁdem.

2230 3835 2336 3892 Sed
2369 3835 2583 3890 ﬁrmum
2618 3833 3026 3890 fundamentum
3063 3836 3155 3890 Dei
3188 3841 3317 3901 stat,
3353 3835 3562 3892 habens
3588 3835 3807 3907 signacu-

2228 3929 2338 3986 lum
2368 3930 2472 3986 hoc
2504 3947 2516 3984 :
2550 3931 2803 4002 cognovit
2841 3929 3097 3986 Dominus
3129 3931 3219 3999 qui
3244 3941 3370 3985 sunt
3399 3931 3550 4001 ejus;
3584 3937 3638 3985 et
3661 3929 3807 3985 disce-

2226 4029 2319 4086 dat
2349 4031 2418 4086 ab
2440 4029 2727 4101 iniquitate
2754 4033 2954 4097 omnis,
2979 4033 3068 4104 qui
3089 4032 3334 4087 nominat
3364 4046 3564 4086 nomen
3588 4023 3796 4084 Domini.

525 4129 646 4171 Tum
677 4113 991 4183 verborum.
1016 4125 1140 4184 (ιιιω
1165 4127 1194 4166 ³
1225 4127 1312 4167 ωε
1335 4109 1535 4166 audisti
1565 4107 1618 4164 ίη
1659 4109 1766 4164 ﬁde
1793 4115 1848 4163 εί
1891 4107 1943 4162 ίη
1977 4106 2119 4162 due"
2147 4117 2194 4184 C
2225 4121 2282 4178 In
2315 4139 2508 4195 magna
2541 4133 2723 4180 autem
2778 4124 2941 4180 domo
2975 4141 3080 4180 non
3109 4125 3285 4181 solum
3328 4135 3456 4179 sunt
3483 4137 3612 4178 vasa
3640 4131 3796 4181 aurea,

524 4208 704 4266 ctione
748 4207 802 4263 in
843 4205 1063 4263 Christo
1089 4203 1244 4261 Iesu.
1289 4203 1496 4259 Bonum
1551 4201 1861 4274 depositum
1905 4201 2119 4258 custodi

521 4318 618 4374 per
643 4300 909 4374 Spiritum
963 4307 1236 4365 sanctum,
1276 4297 1370 4369 qui
1421 4296 1631 4352 habitat
1672 4297 1724 4352 in
1775 4296 1949 4352 nobis.
2000 4294 2116 4352 Scis

521 4391 647 4464 hoc,
665 4389 810 4465 quod
832 4393 1009 4449 aversi
1035 4399 1162 4448 sunt
1188 4406 1216 4446 a
1241 4405 1330 4447 me
1355 4403 1552 4445 omnes
1575 4389 1664 4460 qui
1695 4389 1746 4442 in
1790 4387 1917 4444 Asia
1964 4398 2113 4456 sunt,

518 4502 590 4542 ex
619 4487 817 4558 quibus
841 4493 926 4542 est
969 4484 1272 4558 Phigellus,
1314 4491 1369 4539 et
1397 4481 1784 4552 Hermogenes.
1815 4481 1915 4537 Det
1943 4482 2109 4538 mise-

517 4579 807 4635 ricordiam
841 4578 1104 4635 Dominus
1144 4576 1470 4647 Onesiphori
1519 4575 1744 4630 domui:
1797 4573 1924 4646 quia
1962 4591 2107 4646 saepe

513 4688 602 4729 me
629 4671 989 4746 refrigeravit,
1016 4682 1074 4730 et
1096 4682 1344 4730 catenam
1372 4687 1545 4728 meam
1579 4685 1687 4726 non
1715 4671 1937 4727 erubuit
1966 4692 1978 4728 :
2007 4673 2103 4729 sed

511 4783 633 4823 cum
663 4767 890 4824 Romam
909 4767 1170 4837 venisset,
1203 4766 1434 4823 sollicite
1463 4781 1550 4821 me
1567 4765 1836 4837 quaesivit,
1868 4775 1923 4822 et
1951 4767 2103 4824 inve-

507 4861 606 4914 nit.
641 4859 743 4915 Dct
765 4860 842 4916 illi
874 4861 1137 4918 Dominus
1163 4859 1407 4916 invenire
1456 4858 1886 4915 misericordiam
1916 4875 1946 4916 a
1990 4859 2097 4917 Do-

507 4953 655 5008 mino
685 4949 813 5026 [Με.
843 4953 978 5027 Deo]
1000 4955 1054 5010 in
1079 4955 1171 5010 illa
1196 4953 1304 5010 die.
1353 4951 1415 5008 Et
1449 4963 1648 5026 quanta
1679 4951 1883 5024 Ephesi
1939 4955 2098 5011 mini-

502 5049 696 5102 stravit
721 5045 876 5114 mihi,
909 5057 964 5103 tu
997 5049 1189 5104 melius
1211 5049 1379 5105 nosti.

569 5137 718 5212 [Cap.
748 5137 836 5210 11.]
877 5139 958 5196 Tu
995 5155 1146 5211 ergo,
1187 5138 1263 5197 ﬁli
1294 5139 1386 5208 mi,
1439 5136 1748 5196 confortare
1802 5139 1856 5195 in
1898 5139 2092 5212 gratia,
2139 5195 2143 5199 .

496 5241 617 5302 Quae
646 5241 733 5289 est
759 5231 811 5288 in
851 5231 1067 5290 Christo
1097 5229 1262 5289 Iesu:
1305 5242 1361 5289 et
1389 5248 1510 5306 quae
1538 5232 1736 5288 audisti
1788 5249 1820 5289 a
1865 5249 1951 5290 me
1999 5249 2093 5304 per

495 5325 692 5383 multos
724 5336 908 5398 testes,
952 5325 1070 5384 haec
1095 5326 1412 5384 commenda
1463 5326 1717 5386 ﬁdelibus
1756 5328 2090 5401 hominibus,

565 5539 590 5568 α
621 5529 932 5586 Pronomen
958 5544 1083 5595 sua,
1113 5537 1260 5586 tacet
1278 5529 1429 5601 juxta
1457 5527 1708 5588 Graecum
1740 5540 1951 5587 textum
1984 5531 2084 5588 I’a-

498 5599 915 5743 “inﬁgam
936 5671 1212 5728 Palatinus
1233 5687 1363 5741 ms.,
1387 5673 1434 5728 εἰ
1449 5673 1850 5743 sustinemus,“
1868 5673 2077 5742 Grece,

494 5744 540 5797 si
567 5740 904 5808 ὑπομένομεν.

2221 4224 2276 4274 et
2305 4226 2583 4289 argentea,
2618 4217 2717 4274 sed
2743 4229 2798 4274 et
2848 4219 3050 4290 lignea,
3080 4227 3136 4274 et
3188 4218 3415 4274 ﬁctilia:
3477 4225 3531 4273 et
3579 4211 3798 4287 quaedam

2218 4309 2437 4380 quidem
2459 4311 2512 4366 in
2542 4311 2826 4381 honorem,
2850 4312 3100 4383 quaedam
3127 4322 3307 4368 autem
3331 4311 3384 4368 in
3415 4309 3793 4368 contumeliam.

2217 4399 2274 4458 Si
2304 4404 2425 4472 quis
2468 4419 2600 4474 ergo
2623 4405 3001 4463 emundaverit
3037 4422 3098 4462 se
3121 4406 3190 4461 ab
3219 4407 3358 4473 istis,
3390 4409 3497 4461 erit
3525 4418 3618 4458 vas
3641 4402 3690 4456 in
3715 4399 3794 4451 ho-

2211 4511 2401 4555 norem
2425 4497 2850 4569 sanctiﬁcatum,
2881 4501 3085 4559 etutile
3111 4502 3367 4571 Domino,
3400 4500 3472 4556 ad
3494 4514 3647 4556 omne
3670 4507 3788 4566 opus

2213 4593 2414 4649 bonum
2445 4604 2721 4665 paratum.
2748 4595 3015 4653 Juvenilia
3044 4604 3225 4653 autem
3247 4593 3522 4651 desideria
3543 4593 3686 4664 fuge;
3712 4601 3786 4642 se-

2212 4695 2364 4742 ctare
2393 4701 2524 4744 vero
2567 4687 2856 4759 justitiam,
2915 4688 3097 4757 ﬁdem,
3147 4687 3494 4752 charitatem,
3533 4695 3588 4743 et
3621 4694 3786 4755 pacem

2209 4794 2331 4837 eum
2361 4779 2428 4836 iis
2458 4780 2550 4851 qui
2579 4781 2834 4838 invocant
2865 4782 3159 4838 Dominum
3186 4781 3255 4838 de
3280 4779 3450 4838 corde
3481 4793 3632 4852 puro.
3655 4770 3785 4831 Stul-

2211 4879 2294 4926 tas
2320 4881 2526 4942 autem,
2577 4883 2632 4930 ct
2684 4876 2805 4931 sine
2857 4874 3144 4948 disciplina
3191 4873 3527 4946 quiestiones
3576 4866 3779 4948 devita;

2203 4965 2384 5022 sciens
2405 4966 2529 5037 quia
2558 4972 2827 5038 generant
2878 4941 3023 5024 lites.
3070 4941 3302 5024 Servum
3342 4974 3530 5023 autem
3584 4941 3779 5019 Domitii

2203 5072 2314 5114 non
2340 5066 2555 5128 oportet
2581 5059 2794 5131 litigare
2817 5077 2832 5115 :
2863 5060 2962 5118 sed
2982 5070 3328 5117 mansuetum
3352 5073 3476 5116 esse
3495 5058 3565 5114 ad
3587 5065 3775 5116 omnes.

2199 5149 2516 5220 docibilem,
2551 5152 2868 5222 patientem,
2922 5168 3049 5210 cum
3095 5152 3360 5208 modestia
3412 5149 3773 5220 corripientem

2199 5256 2297 5299 eos
2342 5243 2437 5314 qui
2474 5243 2739 5299 resistunt
2767 5245 2982 5301 veritati
3013 5264 3027 5300 :
3056 5260 3128 5302 ne
3156 5244 3372 5317 quando
3401 5243 3549 5301 Dens
3572 5242 3656 5297 det
3675 5235 3769 5294 illis

2199 5332 2570 5406 paenitentiam
2595 5335 2663 5391 ad
2680 5335 3109 5408 cognoscendam
3137 5335 3442 5404 veritatem,
3470 5330 3766 5407 resipiscam

2267 5546 2290 5574 ο
2315 5536 2516 5592 lterum
2553 5536 2612 5592 in
2640 5537 2864 5595 instanti
2906 5540 3046 5596 idem
3075 5553 3211 5607 ms.,
3245 5551 3291 5593 et
3319 5541 3757 5602 subuertunt,cum

2187 5604 2381 5686 Grzeco
2404 5612 2490 5664 καὶ
2518 5610 2888 5686 ἁνατρξπουσιτ
2918 5611 3039 5667 Mox
3060 5604 3242 5666 autem
3264 5613 3428 5686 stetit,
3448 5627 3547 5686 pro
3565 5619 3666 5686 stat
3680 5622 3699 5662 :
3714 5612 3757 5659 et

2186 5678 2347 5747 paulo
2380 5689 2522 5753 post,
2555 5678 2719 5735 omnis
2745 5686 2834 5752 qui
2870 5681 3107 5751 invocat,
3143 5689 3243 5753 pro
3289 5678 3553 5753 nominat,
3599 5679 3756 5737 minus

2186 5758 2336 5807 recte
2360 5749 2428 5808 ad
2457 5749 2727 5808 Graecum.
