3946 6198
143 248 237 302 8υὸ

988 244 1321 305 ΕΡιδτοιΔ
1363 246 1423 302 Β.
1465 247 1672 307 PAULI
1711 249 2050 313 APOSTOLI
2090 256 2185 314 AD
2222 256 2461 317 TITUM.

3295 272 3400 331 806

134 375 163 411 a
186 356 377 455 diaboli
402 356 688 455 laqueis,a
716 369 823 426 quo
850 358 1048 427 captivi
1080 359 1211 433 [Με.
1242 360 1410 434 capti]
1439 370 1690 423 tenentur
1716 373 1768 433 Α
1795 371 1987 440 ipsius,
2025 380 2084 430 et
2108 390 2333 446 regnum
2363 376 2485 447 ejus
2515 393 2525 430 :
2562 376 2799 448 prtedlca
2836 378 3082 447 verbum,
3114 381 3255 438 insta
3302 400 3397 455 op-

134 447 198 500 ad
236 446 391 514 ipsius
419 445 761 501 voluntatem.

1800 473 2067 535 portune,
2124 467 2481 540 importune:
2524 486 2713 542 argue,
2766 472 3015 540 obsecra,
3072 476 3287 547 increpa
3346 479 3399 535 in

199 536 365 640 [Capi
389 534 500 640 111.1
532 536 643 592 lloc
681 544 863 593 autem
912 539 1076 640 scito,
1124 542 1273 640 quod
1301 543 1352 598 in
1384 544 1697 603 novissimis
1800 560 1945 615 omni
1974 534 2253 630 patientia,
2291 572 2347 620 et
2380 534 2644 620 doctrina.
2677 534 2799 621 Erit
2840 534 3250 640 enim'tempus,
3276 534 3398 626 cum

126 631 306 686 diebus
351 630 613 687 instabunt
664 640 911 698 tempora
948 632 1250 704 periculosa
1284 656 1301 696 ;
1340 647 1502 694 erunt
1531 640 1697 697 homi-

123 736 214 779 nes
234 723 434 793 seipsos
460 731 720 791 amantes,
751 724 960 795 cupidi,
988 726 1140 804 elati,
1168 729 1410 797 superbi,
1440 731 1694 802 blasphe-

126 813 191 868 mi
209 859 222 883 ,
241 815 544 885 parentibus
569 829 673 870 non
697 815 1041 881 obedientes,
1067 820 1286 889 ingrati,
1309 824 1547 889 scelesti,
1576 826 1694 882 sine

121 907 402 973 aﬁ‘ectione,
448 910 566 964 sine
614 923 773 978 pace,
818 910 1223 979 criminatores,
1268 915 1688 983 incontinentes,

128 1000 382 1068 immites,
413 1001 530 1058 sine
557 1000 909 1073 benignitate,
944 1006 1268 1076 proditores,
1303 1012 1566 1080 protervi,
1612 1022 1693 1068 tu-

120 1092 328 1160 midi,et
354 1094 685 1164 voluptatum
724 1104 999 1154 amatores
1028 1101 1203 1171 magis
1229 1118 1392 1172 quam
1422 1105 1516 1162 Dei
1548 1122 1563 1160 :
1593 1105 1689 1162 ha.

125 1185 300 1244 bentes
321 1186 553 1256 Speciem
581 1188 797 1258 quidem
819 1190 1058 1262 pietatis,
1077 1193 1337 1253 virtutem
1365 1209 1548 1255 autem
1570 1200 1688 1269 ejus

119 1276 441 1347 abnegauies.
476 1277 546 1333 Et
589 1278 690 1335 bos
718 1279 940 1338 devita:
968 1298 1042 1340 ex
1097 1285 1184 1340 his
1236 1290 1381 1342 enim
1422 1298 1571 1357 sunt,
1597 1288 1687 1360 qui

119 1378 376 1438 penetrant
399 1370 611 1439 domos,
629 1374 941 1445 etcaptivas
962 1376 1170 1434 ducunt
1185 1381 1535 1438 mulierculas
1556 1399 1689 1441 one-

122 1473 252 1521 ratas
275 1465 521 1535 peccatis,
545 1480 665 1537 quae
694 1466 966 1526 ducuntur
992 1470 1157 1527 variis
1180 1472 1469 1531 desideriis
1496 1493 1510 1530 :
1538 1492 1684 1533 sem-

116 1571 199 1626 per
222 1557 506 1626 discentes,
556 1568 614 1616 et
651 1575 931 1632 nunquam
983 1562 1053 1620 ad
1101 1565 1385 1622 scientiam
1437 1568 1683 1627 veritatis

115 1652 480 1719 pervenientes.
506 1652 975 1719 Quemadmodum
1003 1667 1182 1713 autem
1210 1658 1413 1717 Jannes
1433 1669 1492 1718 et
1512 1663 1684 1718 Mam-

1799 663 1984 706 sanam
2015 650 2321 709 doctrinam
2361 669 2469 711 non
2496 656 2866 723 sustinebunt,
2890 656 2988 715 sed
3032 659 3098 714 ad
3129 674 3224 715 sua
3258 661 3403 718 desi-

1797 742 1945 799 deria
1976 747 2379 803 coacervabunt
2417 748 2522 804 sibi
2557 751 2866 821 magistros,
2914 754 3218 820 prurientes
3248 754 3393 811 auri-

1794 835 1920 892 bus.
1974 838 2041 893 Et
2068 854 2097 893 a
2125 839 2350 896 veritate
2372 842 2593 912 quidem
2631 844 2872 900 auditum
2910 855 3178 913 avertent,
3213 847 3281 903 ad
3315 848 3398 905 fa-

1796 930 1953 987 bulas
1987 943 2168 989 autem
2198 945 2602 993 convertentur.
2634 938 2713 994 Tu
2753 954 2882 995 vero
2912 939 3096 1010 vigila,
3124 940 3178 996 iu
3215 942 3395 998 omni-

1795 1021 1897 1078 bus
1928 1024 2136 1095 labora,
2166 1041 2303 1096 Opus
2336 1027 2422 1084 fac
2458 1029 2827 1101 evangelista,
2860 1031 3219 1089 ministerium
3243 1042 3394 1091 tuum

1794 1114 1982 1185 imple.
2012 1116 2241 1174 Sobrius
2268 1127 2413 1175 esto.
2442 1120 2557 1193 Ego
2586 1124 2729 1178 enim
2756 1126 2866 1192 jam
2891 1123 3127 1191 delibor,
3159 1134 3217 1183 et
3256 1135 3396 1183 tem-

1796 1221 1896 1275 pus
1917 1209 2264 1266 resolutionis
2292 1226 2429 1268 mea:
2458 1213 2644 1269 instat.
2670 1215 2879 1271 Bonum
2918 1225 3195 1274 certamen
3222 1228 3399 1276 certa-

1793 1298 1868 1364 vi,
1911 1314 2128 1357 cursum
2168 1305 2560 1372 consummavi,
2606 1305 2769 1363 ﬁdem
2810 1311 3043 1366 servavi.
3090 1310 3150 1367 In
3187 1311 3395 1382 reliquo

1793 1392 2026 1460 reposita
2056 1402 2138 1450 est
2161 1393 2294 1449 mihi
2320 1410 2519 1451 corona
2543 1397 2795 1467 justitim,
2824 1415 2982 1469 quam
3024 1401 3214 1458 reddet
3253 1402 3384 1459 mihi

1792 1482 2052 1541 Dominus
2086 1488 2137 1542 in
2165 1489 2252 1543 illa
2277 1488 2365 1545 die
2409 1489 2589 1560 justus
2614 1491 2780 1561 judex
2807 1508 2823 1548 :
2871 1508 2975 1549 non
3004 1494 3179 1549 solum
3206 1503 3388 1551 autem

1790 1576 1948 1643 mihi,
1982 1577 2079 1634 sed
2101 1588 2159 1634 et
2187 1580 2273 1645 iis,
2313 1581 2401 1650 qui
2429 1580 2659 1653 diligunt
2687 1584 2971 1640 adventum
3001 1585 3139 1654 ejus.
3172 1586 3393 1643 Festina

1790 1667 1856 1722 ad
1880 1684 1967 1723 me
1996 1670 2184 1726 venire
2221 1670 2347 1727 cito.
2383 1673 2581 1729 Demas
2608 1674 2752 1734 enim
2784 1692 2869 1732 me
2892 1677 3133 1748 reliquit,
3156 1678 3385 1749 diligens

115 1741 223 1798 bres
252 1745 563 1801 restiterunt
588 1745 762 1818 Moysi
795 1764 812 1803 :
840 1748 913 1805 ita
944 1757 1002 1805 et
1044 1750 1097 1805 bi
1138 1752 1405 1809 resistunt
1447 1756 1681 1823 veritati,
1717 1764 1762 1823 Β
1792 1758 1895 1815 hoc
1924 1764 2201 1830 sarculum,
2235 1772 2290 1820 et
2336 1766 2469 1821 abiit
2498 1766 2944 1824 Thessalonicam
2977 1741 3303 1827 {Crescens
3334 1772 3387 1827 in

112 1832 333 1892 homines
359 1840 597 1908 corrupti
642 1848 847 1908 mente,
891 1841 1111 1911 reprobi
1158 1842 1302 1901 circa
1346 1843 1546 1905 ﬁdem;
1578 1846 1675 1902 sed

114 1925 231 1982 ultra
259 1943 360 1984 non
390 1931 677 1999 proﬁcient
704 1949 721 1989 :
755 1933 1069 2004 insipientia
1096 1938 1243 1993 enim
1286 1953 1475 1995 eorum
1504 1940 1675 1996 mani-

110 2016 227 2075 festa
252 2020 353 2076 erit
375 2024 652 2093 omnibus,
683 2026 823 2083 sicut
846 2038 901 2082 et
947 2027 1168 2086 illorum
1215 2030 1338 2090 fuit.
1373 2032 1456 2089 Tu
1493 2044 1673 2091 autem

110 2121 352 2170 assecutus
379 2130 438 2171 es
464 2132 644 2173 meam
666 2118 998 2189 doctrinam,
1020 2122 1441 2195 institutionem,
1477 2142 1674 2198 prapo-

109 2204 268 2274 situut,
303 2207 489 2279 ﬁdem,
529 2212 1031 2283 longanimitatem,
1066 2218 1437 2290 dilectionem,
1465 2222 1673 2291 patien-

111 2294 240 2366 tiam,
286 2304 723 2373 persecutiones,
772 2308 1099 2377 passiones:
1145 2312 1321 2381 qualia
1375 2313 1504 2369 mihi
1534 2315 1672 2370 facta

108 2399 212 2446 sunt
231 2394 540 2464 Antiochiae,
582 2397 749 2455 lconii
771 2444 784 2469 ,
818 2409 877 2457 et
912 2401 1126 2474 Lystris
1154 2422 1170 2459 :
1201 2407 1393 2477 quales
1419 2424 1674 2479 persecu-

110 2479 255 2539 tiones
274 2488 517 2558 sustinui,
558 2499 622 2545 et
656 2505 725 2547 ex
755 2494 1009 2551 omnibus
1035 2496 1236 2566 eripuit
1266 2514 1353 2555 me
1390 2500 1671 2559 Dominus.

114 2573 171 2630 Et
190 2590 361 2635 omnes
386 2582 477 2652 qui
508 2583 606 2654 pie
626 2584 813 2641 volunt
836 2588 1022 2644 vivere
1050 2589 1105 2644 in
1131 2587 1350 2649 Christo
1377 2592 1526 2661 Jesu,
1550 2609 1674 2665 per-

105 2670 392 2729 secutionem
420 2677 719 2745 patientur.
757 2679 878 2736 Mali
908 2691 1090 2739 autem
1118 2684 1390 2756 homines,
1420 2697 1477 2744 et
1502 2689 1672 2745 sedu-

106 2768 276 2831 ctores,
306 2768 597 2837 proﬁcient
624 2772 694 2827 .in
732 2773 910 2845 pejus,
942 2787 1208 2845 errantes,
1239 2788 1298 2834 et
1341 2782 1396 2835 in
1425 2797 1671 2839 errorem

102 2855 363 2917 mittentes.
388 2861 465 2919 Tu
502 2879 646 2921 vero
674 2881 935 2937 permane
955 2870 1009 2925 in
1053 2870 1143 2937 iis,
1180 2888 1301 2943 quae
1329 2873 1589 2943 didicisti,
1615 2885 1671 2931 et

100 2948 274 3005 credita
298 2964 417 3009 sunt
442 2956 534 3012 tibi
574 2975 587 3011 :
618 2959 800 3015 sciens
829 2976 860 3016 a
887 2978 998 3032 quo
1033 2963 1314 3020 didiceris.
1345 2966 1412 3021 Et
1442 2966 1567 3037 quia
1599 2967 1669 3023 ab

104 3037 295 3099 infantia
321 3061 500 3105 sacras
522 3050 744 3107 litteras
762 3054 927 3120 nosti,
950 3071 1073 3125 quae
1105 3068 1156 3112 te
1178 3067 1405 3127 possunt
1431 3059 1668 3116 instrue-

1779 1851 2071 1921 Galatiam,
2104 1854 2256 1910 Titus
2286 1855 2339 1909 in
2375 1856 2715 1912 Dalmatiam.
2746 1858 2923 1914 Lucas
2945 1870 3031 1915 est
3061 1874 3274 1917 mecum
3304 1876 3393 1917 so-

1777 1944 1882 2000 lus.
1907 1946 2151 2002 Marcum
2182 1963 2425 2016 assume,
2466 1958 2522 2005 et
2551 1950 2728 2005 adduc
2752 1961 2930 2006 tccum
2966 1968 2979 2007 :
3009 1962 3095 2010 est
3123 1954 3266 2008 enim
3291 1954 3393 2009 mi-

1777 2036 1833 2091 hi
1860 2037 2007 2093 utilis
2032 2038 2087 2094 in
2112 2040 2497 2097 ministerium.
2529 2041 2822 2113 Tychicum
2856 2050 3037 2099 autem
3068 2045 3189 2101 misi
3214 2045 3396 2115 Ephec

1778 2147 1920 2187 sum.
1952 2133 2236 2201 Penulam,
2271 2151 2432 2207 quam
2466 2137 2662 2207 reliqui
2705 2137 2921 2193 Troade
2950 2137 3092 2209 apud
3127 2139 3383 2209 Carpum,

1778 2228 2002 2282 veniens
2031 2228 2166 2285 aﬁ'cr
2200 2238 2400 2295 tecum,
2429 2241 2484 2285 et
2508 2231 2699 2295 libros,
2730 2232 2969 2287 maxime
2999 2241 3183 2289 autem
3218 2249 3390 2289 mem-

1776 2321 2002 2378 branas.
2051 2323 2364 2380 Alexander
2416 2326 2636 2380 aerarius
2678 2326 2847 2379 multa
2878 2326 3017 2380 mala
3046 2327 3179 2381 mihi
3207 2334 3392 2381 osten-

1775 2415 1854 2471 dit
1888 2434 1899 2470 :
1928 2416 2116 2472 reddet
2139 2417 2219 2472 illi
2240 2419 2497 2473 Dominus
2528 2419 2827 2474 secundum
2857 2434 3021 2489 Opera
3053 2420 3191 2489 ejus,
3219 2435 3379 2489 quem

1776 2516 1832 2563 et
1860 2516 1913 2563 tu
1943 2508 2121 2565 devita
2152 2528 2165 2564 :
2195 2510 2353 2565 valde
2395 2512 2540 2566 enim
2570 2511 2767 2566 restitit
2813 2511 2994 2565 verbis
3042 2512 3262 2565 nostris.
3318 2510 3376 2567 In

1774 2602 1949 2673 prima
1988 2616 2108 2658 mea
2139 2602 2457 2658 defensione
2497 2619 2654 2659 nemo
2686 2604 2817 2658 mihi
2861 2602 3035 2667 aﬁ‘uit,
3064 2603 3159 2659 sed
3189 2618 3381 2659 omnes

1776 2710 1864 2751 me
1892 2693 2304 2767 dereliquerunt
2328 2714 2339 2749 :
2376 2712 2482 2750 non
2526 2696 2631 2751 illis
2657 2697 2969 2765 imputetur.
2998 2695 3257 2751 Dominus
3279 2710 3373 2751 au-

1774 2794 1885 2844 tem
1908 2787 2040 2843 mihi
2066 2788 2258 2853 astitit,
2285 2797 2341 2844 et
2358 2788 2688 2843 conlortavit
2716 2803 2823 2853 me,
2863 2796 2921 2842 ut
2946 2802 3041 2858 per
3073 2802 3161 2843 me
3186 2787 3381 2858 prandi-

1773 2881 1916 2935 catio
1943 2879 2251 2951 impleatur,
2274 2889 2331 2935 et
2358 2880 2580 2935 audiant
2598 2895 2789 2935 omnes
2815 2889 3005 2949 gentes
3048 2896 3061 2933 :
3096 2888 3151 2934 et
3179 2878 3377 2935 libera-

1775 2982 1859 3030 tus
1882 2989 2003 3029 sum
2036 2973 2103 3029 de
2156 2988 2251 3030 ore
2298 2974 2500 3029 leonis.
2557 2972 2833 3029 Liberavit
2873 2988 2961 3028 me
3005 2972 3272 3027 Dominus
3316 2971 3384 3026 ab

1771 3066 1921 3122 omni
1952 3080 2121 3136 opere
2140 3066 2285 3121 malo
2324 3084 2335 3118 :
2381 3076 2435 3121 et
2464 3065 2672 3120 salvum
2706 3064 2868 3121 faciet
2897 3064 2950 3121 in
2979 3078 3204 3134 regnum
3228 3077 3383 3118 suum

100 3147 150 3230 re
188 3136 248 3191 ad
294 3141 542 3209 salutem,
590 3158 690 3213 per
725 3144 910 3213 ﬁdem,
933 3163 1057 3218 quae
1085 3161 1168 3205 est
1193 3150 1245 3205 in
1285 3149 1504 3207 Christo
1531 3151 1677 3210 Jesu.
1710 3160 1756 3225 ρ
1788 3160 2036 3226 caeleste,
2091 3159 2179 3213 cui
2230 3158 2401 3230 gloria
2434 3160 2486 3213 in
2531 3158 2729 3214 saecula
2777 3157 3125 3221 saeculorum.
3186 3154 3385 3211 Anien.

98 3224 254 3284 Omnis
279 3231 543 3305 Scriptura
580 3237 840 3294 divinitus
868 3238 1149 3311 inspirata,
1184 3242 1334 3299 utilis
1362 3253 1448 3300 est
1472 3244 1541 3300 ad
1572 3246 1671 3301 do-

98 3322 313 3392 cendum,
340 3328 405 3385 ad
433 3331 807 3402 arguendum,
854 3335 922 3390 ad
970 3336 1402 3407 corripiendum,
1448 3339 1515 3395 ad
1545 3354 1673 3395 eru—

98 3410 313 3473 diendum
343 3422 393 3476 in
432 3423 548 3493 just
566 3424 659 3479 itia
696 3441 718 3480 :
753 3435 812 3481 ut
842 3426 1110 3497 perfectus
1152 3430 1223 3486 sit
1260 3431 1425 3489 homo
1454 3433 1575 3500 Dei,
1603 3434 1670 3490 ad

96 3515 229 3564 omne
248 3525 378 3582 opus
402 3513 551 3571 bonu
568 3530 619 3570 m
649 3517 966 3575 instructus.

153 3600 286 3674 [ϐαρ.
314 3606 422 3680 lV.]
464 3609 543 3666 Te
564 3610 769 3667 stiﬁcor
790 3628 973 3669 coram
1016 3614 1150 3683 Deo,
1183 3624 1240 3673 et
1266 3615 1391 3673 Jesu
1422 3617 1663 3688 Christo,

96 3692 169 3760 qui
188 3694 512 3765 iudicaturus
538 3711 639 3759 est
665 3703 838 3773 vivos,
864 3716 918 3761 et
950 3716 1216 3777 mortuos,
1248 3725 1346 3779 per
1371 3711 1663 3769 adventum

1781 3252 1964 3309 Saluta
1996 3252 2259 3319 Priscam,
2285 3263 2341 3306 et
2366 3251 2642 3322 Aquilam,
2673 3259 2727 3306 et
2766 3248 3092 3321 Onesipbori
3133 3247 3378 3303 domum.

1779 3345 2003 3399 Erastus
2031 3343 2292 3399 remansit
2316 3342 2587 3400 Corinthi.
2620 3342 2977 3414 Trophimum
3026 3350 3209 3399 autem
3250 3340 3381 3397 reli-

1776 3437 1867 3507 qui
1915 3436 2187 3490 inlirmum
2220 3436 2411 3491 Mileti.
2460 3435 2679 3491 Festina
2714 3444 2842 3490 ante
2888 3435 3140 3505 byemem
3174 3431 3383 3487 venire.

1775 3528 2026 3585 Salutant
2048 3539 2100 3586 te
2121 3530 2383 3598 Eubulus,
2408 3538 2462 3583 et
2490 3527 2729 3595 Pudens,
2755 3538 2809 3583 et
2829 3526 3022 3593 Linus,
3057 3533 3111 3581 et
3128 3523 3382 3591 Claudia,

1774 3630 1829 3677 et
1858 3622 2055 3679 fratres
2082 3638 2294 3677 omnes.
2342 3621 2604 3676 Dominus
2633 3619 2795 3676 Iesus
2822 3617 3074 3675 Christus
3103 3630 3228 3673 cum
3266 3614 3377 3683 spi-

1773 3716 1880 3770 ritu
1911 3724 2023 3771 tuo.
2054 3715 2243 3772 Gratia
2282 3715 2582 3771 vobiscum.
2656 3714 2855 3771 Amen.

918 3816 1150 3888 Explicit
1174 3818 1416 3891 Epistola
1440 3822 1508 3879 Β.
1537 3823 1697 3879 Pauli
1733 3828 1959 3896 apostoli
1986 3827 2055 3881 ad
2076 3826 2403 3881 Timotheum
2432 3824 2521 3880 ll.

117 3970 3351 3998 ww

808 4107 987 4219 Β.
1070 4104 1646 4221 PAULI
1721 4104 2637 4222 APOSTOLI

1574 4320 1869 4386 INCIPIT

625 4486 1697 4715 EPISTULA

1782 4488 2046 4714 Ψ-
2104 4490 2791 4640 TITUM.

161 4822 299 4896 [Cap.
326 4827 389 4899 1.]
420 4829 622 4885 Paulus
648 4844 841 4887 servus
870 4829 989 4901 Dei,
1022 4831 1305 4902 apostolus
1330 4842 1515 4890 autem
1538 4834 1668 4892 Jesu
1695 4841 1749 4903 D
1774 4832 1945 4903 Hujus
1980 4834 2061 4890 rei
2088 4833 2261 4905 gratia
2291 4831 2489 4903 reliqui
2515 4840 2575 4889 te
2593 4830 2771 4889 Cretae
2792 4876 2811 4902 ,
2844 4842 2899 4889 ut
2921 4850 2987 4890 ea
3012 4850 3135 4905 qum
3157 4836 3379 4907 desunt,

101 4911 277 4973 Christi
300 4922 595 4978 secundum
622 4924 780 4981 ﬁdem
803 4925 1096 4981 electorum
1122 4925 1240 4993 Dei,
1263 4936 1316 4982 et
1341 4928 1669 4998 agnitionem

102 5009 341 5078 veritatis,
367 5030 487 5081 qua:
513 5016 810 5072 secundum
842 5017 1097 5088 pietatem
1138 5027 1241 5074 est.
1274 5019 1332 5075 1n
1362 5036 1512 5092 spem
1543 5022 1669 5078 vitae

102 5106 316 5169 aeternae,
339 5121 499 5177 quam
530 5110 781 5179 promisit
801 5111 893 5181 qui
926 5126 1032 5167 non
1062 5113 1344 5181 mentitur,
1378 5114 1515 5171 Deus
1542 5124 1669 5172 ante

101 5195 322 5264 tempora
357 5202 637 5258 saecularia
667 5220 682 5258 ε
724 5204 1085 5261 manifestavit
1127 5217 1307 5263 autem
1336 5209 1669 5280 temporibus

98 5284 197 5340 suis
221 5291 436 5349 verbum
466 5308 622 5351 suum
654 5298 707 5353 in
747 5297 1160 5369 praedicatione,
1203 5316 1323 5371 qtuc
1360 5301 1563 5356 credita
1587 5308 1672 5357 est

98 5376 214 5434 mihi
256 5386 546 5442 secundum
595 5399 924 5461 praeceptum
978 5390 1275 5449 Salvatoris
1324 5393 1494 5449 nostri
1535 5392 1665 5448 Dei:

97 5466 206 5527 Tito
230 5474 421 5536 dilecto
449 5480 563 5537 ﬁlio
590 5486 884 5541 secundum
915 5502 1255 5544 communem
1286 5487 1468 5556 ﬁdem,
1499 5487 1667 5557 gratia

98 5569 147 5617 et
167 5579 262 5636 pax
290 5585 316 5625 a
342 5571 457 5631 Deo
488 5572 664 5646 Patre,
687 5586 742 5635 et
760 5577 978 5637 Christo
997 5577 1128 5637 Iesu
1151 5580 1435 5639 Salvatore
1457 5587 1666 5638 nostro.

1776 4928 2048 5001 corrigas,
2099 4935 2155 4981 et
2210 4926 2508 4980 constituas
2553 4940 2649 4995 per
2688 4926 2934 4981 civitates
2991 4929 3377 5001 presbyteros,

1776 5020 1919 5077 sicut
1948 5029 2004 5075 et
2041 5031 2140 5087 ego
2166 5016 2409 5087 disposui
2451 5016 2567 5071 tibi.
2602 5017 2657 5072 Si
2687 5018 2807 5087 quis
2856 5019 2974 5074 sine
3004 5020 3230 5076 crimine
3270 5032 3372 5093 cst,

1776 5110 1935 5167 unius
1962 5108 2147 5165 uxoris
2176 5110 2279 5175 vir,
2310 5107 2448 5162 ﬁlios
2486 5108 2692 5165 habens
2730 5109 2952 5181 ﬁdeles,
2988 5119 3014 5151 ι
3056 5116 3107 5169 in
3155 5130 3381 5173 accusa-

1776 5205 1922 5259 tione
1962 5201 2215 5272 lnxuriae,
2246 5211 2335 5256 aut
2364 5216 2469 5256 non
2503 5202 2768 5260 subditos.
2797 5206 3023 5277 Oportet
3066 5210 3212 5265 enim
3265 5213 3377 5282 cpi-

1777 5312 1998 5368 scopum
2021 5295 2141 5352 sine
2168 5294 2399 5352 crimine
2426 5310 2573 5363 esse,
2602 5297 2740 5353 sicut
2766 5298 2864 5356 Dei
2891 5299 3331 5372 diSpensatorem
3356 5323 3371 5360 :

1776 5410 1885 5451 non
1908 5394 2218 5466 superbum,
2247 5408 2353 5450 non
2381 5395 2718 5465 iracundum,
2744 5414 2852 5456 non
2878 5402 3238 5471 vinolentum,
3266 5419 3372 5462 non

1777 5500 2177 5557 percussorem,
2212 5502 2319 5543 non
2350 5489 2523 5558 turpis
2543 5489 2679 5545 lucri
2702 5493 2986 5561 cupidum:
3012 5495 3109 5551 sed
3136 5495 3373 5568 hospitav

1774 5577 1913 5649 lem,
1942 5579 2264 5651 benignum,
2295 5582 2538 5641 sobrium
2558 5623 2574 5651 ,
2605 5583 2845 5653 justum,
2877 5597 3125 5645 sanctum
3145 5631 3165 5659 ,
3193 5592 3371 5648 conti-

166 5744 191 5776 ⁸
233 5738 362 5799 Cum
400 5748 632 5817 negandi
670 5751 932 5823 particula
975 5751 1107 5826 legit
1145 5751 1420 5815 Palatinus
1458 5754 1716 5827 mmjuxta
1744 5755 1993 5816 Graecum
2026 5763 2251 5826 textum,
2282 5772 2391 5814 non
2414 5760 2473 5815 in
2503 5761 2852 5835 accusatione,
2884 5770 2959 5839 μὴ
2986 5767 3045 5827 ἓν
3070 5775 3372 5851 κατηγορίᾳ.
