3946 6198
585 228 692 286 807
1606 220 1666 277 S.
1708 215 2082 274 HIERONYMI
2121 215 2357 272 DIVINA
2399 215 2872 274 BIBLIOTHECA.
3119 168 3128 174 Δ
3755 217 3834 272 808

589 349 832 406 nentem,
857 337 1268 408 amplettentem
1289 333 1542 404 eum,qui
1562 332 1858 388 secundum
1883 331 2182 387 doctrinam
2212 336 2266 395 Α
2291 343 2400 388 tum
2452 334 2638 404 gloria:
2685 333 2861 404 magni
2904 332 3030 396 Dei,
3084 339 3141 386 et
3181 329 3486 387 Salvatoris
3534 329 3705 385 nostri
3745 329 3837 386 Iesu

588 443 693 501 est,
722 433 935 488 ﬁdelem
979 445 1291 487 sermonem
1317 447 1330 484 :
1376 437 1433 482 ut
1473 438 1665 499 potens
1719 427 1790 482 sit
1829 427 2102 481 exhortari
2136 425 2187 479 in
2291 425 2532 481 Christi:
2567 427 2656 497 qui
2685 425 2832 481 dedit
2861 424 3213 494 semetipsum
3243 437 3342 493 pro
3372 420 3559 489 nobis,
3591 430 3651 477 ut
3676 437 3758 477 nos
3780 439 3838 479 re-

587 525 834 581 doctrina
853 537 1006 588 sana,
1030 530 1084 577 et
1111 537 1209 577 eos
1231 521 1321 592 qui
1349 519 1759 584 contradicunt,
1783 533 2027 589 arguere.
2053 517 2192 573 Sunt
2292 519 2522 577 dimeret
2544 520 2614 574 ab
2630 521 2776 575 omni
2799 519 3100 589 iniquitate,
3116 528 3171 574 et
3193 516 3484 572 mundaret
3505 515 3612 571 sibi
3635 519 3835 588 popqu

583 614 730 671 enim
756 613 912 670 multi
938 622 964 651 ι
986 611 1148 669 etiam
1169 611 1564 679 inobedientes,
1593 609 1890 681 vaniloqni,
1915 619 1969 664 et
1998 608 2192 663 seduc-
2291 611 2702 681 acceptabilem,
2726 618 3049 666 sectatorem
3077 611 3344 664 bonorum
3367 622 3619 677 operum.
3647 608 3756 664 llaec
3779 611 3835 664 lo-

589 720 756 776 tores,
787 707 1026 764 maxime
1045 706 1138 778 qui
1163 707 1232 762 de
1255 704 1672 761 circumcisione
1699 711 1854 758 sunt:
1885 718 2018 772 quos
2033 715 2191 771 opor-
2291 717 2482 773 quere,
2511 713 2565 759 et
2596 704 2910 769 exhortare,
2936 709 2992 758 et
3011 717 3176 773 argue
3196 716 3321 757 cum
3347 701 3498 757 omni
3522 701 3753 772 imperio.
3771 701 3840 759 Ne-

590 810 668 858 tet
698 799 946 872 redargui
979 817 991 852 :
1022 797 1115 870 qui
1151 799 1430 853 universas
1475 796 1666 852 domos
1696 795 2046 856 subvertunt,
2091 793 2192 847 do-
2294 810 2384 850 mo
2418 804 2470 850 te
2499 804 2838 852 contemnat.

583 901 772 950 centes
797 907 919 964 quae
971 907 1077 947 non
1119 900 1368 961 Oportet,
1420 890 1594 961 turpis
1643 889 1776 945 lucri
1823 890 2014 960 gratia.
2047 887 2193 942 Dixit
2365 887 2651 963 [Cap.lll.]
2679 888 2927 946 Admone
2954 889 3077 944 illos
3104 889 3441 960 principibus
3461 900 3519 946 et
3541 890 3842 960 potestatibus

588 984 807 1057 quidam
838 1000 907 1041 ex
939 984 1069 1052 illis,
1098 983 1350 1053 proprius
1373 983 1611 1052 ipsorum
1643 980 1938 1054 proyhcta:
1961 979 2192 1035 Creten-
2291 983 2543 1038 subditos
2574 997 2732 1049 esse,
2769 984 2916 1039 dicto
2944 982 3195 1050 obedire,
3227 985 3294 1040 ad
3325 999 3492 1041 omne
3527 999 3658 1054 opus
3689 985 3840 1040 bonum

583 1093 696 1147 ses,
728 1091 944 1149 semper
983 1075 1302 1142 mendaces,
1333 1073 1490 1130 mala:
1524 1074 1734 1141 hestizn,
1776 1083 2000 1128 ventres
2031 1073 2186 1142 pigri.
2295 1085 2512 1145 paratos
2543 1091 2666 1132 esse
2694 1093 2706 1128 :
2741 1074 3013 1131 neminem
3044 1075 3446 1146 blasphemare.
3498 1091 3603 1132 non
3632 1076 3841 1147 litigiosos

585 1170 988 1228 Testimonium
1010 1169 1310 1224 hocverum
1329 1167 1616 1232 est.Quam
1641 1166 1712 1220 ob
1729 1180 1948 1220 causam
1968 1164 2189 1233 increpa
2292 1183 2435 1235 esse,
2467 1167 2561 1224 sed
2606 1167 2906 1235 modestos,
2949 1182 3166 1223 omnem
3197 1169 3552 1224 ostendentes
3581 1177 3839 1223 mansuetu-

589 1261 714 1318 illos
733 1261 891 1328 dure,
925 1268 985 1316 ut
1020 1261 1134 1317 sani
1186 1260 1297 1316 sint
1329 1261 1378 1312 in
1426 1259 1561 1325 ﬁde,
1591 1274 1696 1314 non
1729 1258 2070 1313 intendentes
2095 1256 2190 1311 Iu-
2292 1260 2474 1315 dinem
2512 1261 2579 1314 ad
2607 1274 2797 1315 omnes
2824 1259 3096 1316 homines.
3145 1259 3378 1315 Eramus
3411 1261 3557 1316 enim
3599 1260 3840 1330 aliquando

584 1354 755 1411 daicis
778 1353 996 1420 fabulis,
1021 1363 1075 1407 et
1106 1351 1375 1408 mandatis
1402 1351 1706 1417 hominum,
1740 1349 2108 1406 aversantium
2129 1363 2191 1404 se
2292 1362 2348 1407 et
2377 1366 2478 1407 nos
2527 1351 2846 1421 insipientes
2871 1395 2886 1420 ,
2921 1351 3209 1416 increduli,
3259 1362 3542 1419 errantes,
3589 1353 3842 1409 servientes

583 1459 614 1500 a
646 1445 897 1502 veritate.
919 1443 1113 1500 Omnia
1133 1444 1331 1500 munda
1350 1443 1594 1498 mundis:
1621 1442 1983 1513 coinquinatis
2008 1452 2188 1496 autem
2293 1442 2580 1497 desideriis
2607 1453 2662 1498 et
2690 1443 3061 1512 voluptatibus
3082 1441 3272 1508 variis,
3298 1443 3350 1497 in
3381 1444 3585 1498 malitia
3607 1453 3655 1500 et
3679 1444 3843 1499 invidia

584 1547 640 1594 et
665 1536 976 1594 inﬁdelibus
1005 1536 1140 1592 nihil
1169 1547 1252 1594 est
1294 1536 1578 1599 mundum,
1612 1539 1707 1591 sed
1742 1535 2038 1608 inquinata:
2065 1542 2192 1588 sunt
2293 1544 2538 1606 agentes,
2567 1534 2819 1600 odibiles,
2849 1534 3102 1591 odientes
3132 1533 3390 1591 invicem.
3417 1533 3546 1591 Cum
3574 1543 3734 1591 autem
3764 1535 3844 1592 be-

589 1645 776 1686 eorum
807 1637 863 1686 et
888 1643 1045 1686 mens
1069 1637 1125 1684 ct
1165 1627 1520 1685 conscientia.
1552 1627 1893 1683 Conﬁtentur
1929 1642 1988 1682 se
2027 1641 2190 1681 nosse
2298 1626 2534 1698 nignitas
2561 1637 2618 1683 et
2648 1626 2957 1692 humanitas
2979 1627 3230 1698 apparuit
3255 1627 3541 1683 Salvatoris
3561 1628 3711 1684 neSIri
3737 1627 3841 1693 Dei,

594 1720 786 1787 Deum,
820 1720 978 1776 factis
1009 1728 1187 1775 autem
1219 1727 1457 1790 negant:
1491 1735 1611 1774 cum
1644 1719 1752 1772 sint
1783 1719 2098 1784 abominati,
2134 1730 2189 1773 et
2223 1724 2266 1784 Β
2297 1735 2401 1774 non
2435 1735 2500 1775 ex
2529 1719 2786 1788 Operibus
2815 1719 3075 1790 iustitia,
3103 1735 3228 1790 quae
3257 1719 3483 1777 fecimus
3519 1735 3634 1788 nos,
3660 1719 3748 1776 sed
3770 1735 3846 1776 se-

594 1811 965 1876 incredibiles,
998 1818 1055 1866 et
1074 1811 1141 1866 ad
1167 1826 1327 1865 omne
1357 1827 1491 1880 opus
1515 1810 1715 1865 bonum
1740 1810 1978 1879 reprobi.
2293 1812 2530 1866 cundum
2558 1826 2710 1866 suam
2753 1811 3184 1869 misericordiam
3215 1813 3400 1870 salvos
3453 1829 3548 1869 nos
3593 1813 3725 1878 fecit,
3765 1828 3850 1883 per

659 1904 812 1977 [ϐαρ.
840 1901 932 1973 IL]
985 1903 1066 1958 Tu
1115 1911 1294 1958 autem
1339 1904 1564 1973 loquere
1609 1918 1730 1972 qua:
1767 1903 1963 1956 decent
2001 1914 2188 1956 sanam
2296 1904 2568 1960 lavacrum
2625 1905 3053 1976 regenerationis
3108 1914 3166 1962 et
3232 1905 3604 1962 renovationis
3649 1903 3850 1974 Spiritus

585 1995 909 2052 doctrinam.
943 1995 1140 2061 Senes,
1175 2005 1234 2050 ttt
1265 1996 1429 2052 sobrii
1463 1994 1597 2060 sint,
1634 1994 1836 2064 pudici,
1872 1994 2186 2063 prudentes,
2294 1997 2491 2059 sancti.
2516 2011 2676 2067 quem
2703 1997 2895 2052 eﬁ‘udit
2924 1997 2978 2052 in
3023 2012 3124 2051 nos
3149 1995 3370 2053 abunde
3408 2012 3504 2068 per
3523 1995 3698 2054 Iesum
3721 1995 3846 2052 Chri-

589 2091 708 2146 sani
737 2090 792 2146 in
824 2089 953 2155 ﬁde,
987 2090 1039 2144 in
1068 2089 1392 2154 dilectione,
1427 2089 1478 2142 in
1503 2089 1786 2158 patientia.
1817 2087 1970 2143 Anus
2000 2087 2192 2141 simili-
2295 2097 2435 2142 stum
2458 2089 2802 2145 Salvatorem
2825 2097 3101 2146 nostrum:
3128 2098 3184 2144 ut
3206 2089 3488 2159 iustiﬁcati
3509 2089 3676 2161 gratia
3694 2089 3845 2160 ipsius,

589 2191 671 2237 ter
698 2181 750 2236 in
785 2179 970 2237 habitu
1019 2192 1207 2236 sancto
1229 2222 1242 2246 ,
1285 2196 1392 2236 non
1433 2180 1854 2244 criminatrices,
1884 2194 1990 2234 non
2021 2178 2192 2234 multo
2298 2181 2544 2237 hmredes
2582 2183 2753 2237 simus
2783 2181 3082 2238 secundum
3115 2197 3266 2252 spem
3289 2179 3317 2220 δ
3339 2180 3443 2236 vim
3471 2179 3846 2237 mterne.Fide-

590 2274 718 2329 vino
745 2271 1071 2340 servientes,
1106 2273 1245 2328 bene
1267 2271 1562 2327 docentes:
1602 2282 1655 2325 ut
1704 2271 2044 2339 prudentiam
2088 2270 2192 2324 do-
2300 2275 2368 2330 lis
2387 2290 2568 2330 sermo
2599 2283 2722 2330 est:
2751 2285 2806 2330 et
2831 2274 2899 2331 de
2923 2275 3008 2330 his
3033 2270 3164 2331 volo
3181 2284 3231 2330 te
3249 2274 3596 2342 conﬁrmare,
3623 2283 3676 2331 ut
3694 2282 3844 2330 curent

586 2374 746 2422 ceant
775 2364 1242 2433 adolescentulas,
1271 2373 1329 2420 ut
1349 2366 1502 2420 viros
1517 2379 1644 2418 suos
1667 2373 1870 2430 ament,
1896 2363 2035 2418 ﬁlios
2065 2377 2192 2417 suos
2297 2367 2451 2423 bonis
2478 2368 2732 2437 operibus
2764 2382 3001 2438 praeesse
3030 2366 3123 2439 qui
3165 2367 3402 2423 credunt
3449 2367 3584 2424 Deo.
3615 2366 3727 2422 Haec
3750 2373 3848 2421 sunt
3887 2397 3892 2400 -

587 2458 851 2530 diligant,
902 2458 1226 2530 prudentes,
1269 2468 1482 2525 castas,
1513 2458 1747 2526 sobrias,
1781 2457 1976 2514 domus
2005 2472 2192 2513 curam
2296 2461 2436 2517 bona
2464 2471 2518 2516 et
2551 2461 2702 2516 utilia
2726 2461 3055 2518 hominibus.
3081 2461 3288 2517 Stultas
3322 2470 3507 2518 autem
3537 2459 3846 2533 quaestiones,

587 2549 872 2620 habentes,
903 2549 1166 2622 benignas
1189 2591 1205 2617 ,
1233 2549 1478 2605 subditas
1513 2551 1645 2606 viris
1676 2549 1809 2620 suis,
1843 2560 1900 2605 ut
1932 2565 2040 2605 non
2073 2549 2192 2604 bla-
2297 2562 2353 2609 et
2387 2553 2759 2626 genealogias,
2787 2564 2842 2610 et
2891 2555 3294 2623 contentiones,
3327 2564 3382 2610 et
3409 2569 3616 2627 pugnas
3643 2553 3761 2626 legis
3779 2552 3852 2609 de-

583 2645 904 2716 sphemetur
930 2644 1154 2701 verbum
1187 2644 1309 2700 Dei.
1333 2643 1567 2700 Iuvenes
1605 2644 1856 2700 similiter
1888 2643 2106 2699 hortare
2135 2649 2196 2698 ut
2294 2646 2428 2715 vita,
2458 2653 2586 2700 sunt
2610 2643 2756 2702 enim
2787 2646 3026 2712 inutiles,
3057 2655 3114 2701 et
3141 2659 3319 2701 vanae.
3349 2645 3675 2700 Haereticum
3711 2643 3850 2700 homi-

584 2738 902 2794 sobriisint.
933 2737 991 2792 ln
1016 2737 1266 2793 omnibus
1295 2738 1524 2808 teipsum
1555 2737 1738 2808 praebe
1759 2735 2064 2808 exemplum
2094 2736 2192 2790 bo-
2300 2751 2445 2803 nem,
2473 2745 2596 2808 post
2629 2752 2790 2791 unam
2825 2746 2880 2792 et
2903 2736 3198 2793 secundam
3238 2737 3644 2806 eorreptionem
3670 2735 3850 2792 devita:

584 2845 781 2886 norum
804 2844 1056 2901 operum,
1087 2831 1139 2885 in
1168 2829 1440 2898 doctrina,
1465 2829 1517 2884 in
1547 2831 1880 2902 integritate,
1907 2839 1962 2885 et
1987 2829 2042 2884 in
2063 2844 2192 2900 gra-
2298 2828 2480 2884 sciens
2511 2829 2639 2899 quia
2669 2828 2968 2884 subversus
2997 2837 3110 2896 est,
3144 2825 3236 2898 qui
3266 2825 3535 2898 ejusmodi
3566 2837 3684 2895 est,
3711 2835 3760 2884 et
3781 2827 3851 2880 de-

592 2925 798 2988 vitate,
830 2927 1054 2980 verbum
1086 2938 1278 2979 sanum
1299 2965 1313 2990 ,
1346 2923 1826 2993 irreprehensibile
1857 2941 1870 2977 :
1905 2932 1964 2979 ut
1992 2923 2072 2991 is,
2103 2923 2195 2994 qui
2298 2920 2527 2991 linquit,
2559 2935 2682 2977 cum
2710 2921 2782 2975 sit
2819 2921 3040 2992 proprio
3074 2919 3283 2991 judicio
3316 2920 3724 2978 condemnatus.
3746 2918 3850 2974 Cum

587 3029 656 3070 ex
682 3017 912 3072 adverso
942 3024 1347 3086 est,,vereatur,
1378 3016 1509 3072 nihil
1548 3015 1756 3072 habens
1787 3016 1989 3072 malum
2012 3015 2195 3073 dicere
2301 3013 2501 3069 misero
2521 3013 2586 3067 ad
2620 3021 2674 3069 te
2700 3012 2999 3079 Artemam,
3031 3024 3124 3069 aut
3144 3012 3464 3086 Tychicum,
3491 3011 3686 3069 festina
3707 3010 3765 3066 ad
3787 3025 3852 3065 tne

584 3106 653 3161 de
678 3106 856 3162 nobis.
883 3105 1088 3162 Servos
1125 3108 1362 3164 dominis
1387 3108 1502 3164 suis
1541 3108 1788 3165 subditos
1813 3122 1959 3176 esse,
1990 3108 2046 3164 in
2074 3123 2189 3164 om-
2217 3113 2264 3176 ε
2298 3105 2484 3160 venire
2513 3103 2819 3176 Nicopolim
2845 3121 2861 3159 :
2893 3105 2966 3160 ibi
2999 3108 3143 3161 enim
3174 3105 3342 3162 statui
3363 3106 3648 3177 byemare.
3683 3103 3849 3160 Zenant

584 3195 748 3254 uibus
767 3197 1073 3268 placentes,
1092 3215 1200 3257 non
1228 3201 1690 3270 contradicentes,
1716 3217 1823 3257 non
1847 3202 2183 3270 l’raudantes,
2293 3195 2662 3268 legisperitum
2709 3206 2764 3253 et
2807 3197 3006 3268 Apollo
3055 3198 3290 3255 sollicite
3318 3199 3595 3271 praemitte
3615 3240 3629 3265 ,
3655 3205 3710 3252 ut
3744 3194 3850 3250 nihil

589 3289 686 3344 sed
716 3290 768 3344 in
793 3290 1047 3347 omnibus
1073 3291 1236 3348 ﬁdem
1267 3294 1462 3349 bonam
1491 3295 1958 3353 ostendentes:ut
1981 3296 2186 3352 doctri-
2293 3289 2400 3344 illis
2445 3289 2603 3346 desit.
2638 3290 2859 3346 Discant
2899 3299 3079 3346 autem
3128 3301 3184 3347 et
3222 3292 3396 3348 nostri
3437 3291 3598 3347 bonis
3636 3287 3852 3361 operibus

589 3397 712 3438 nam
744 3382 1041 3440 Salvatoris
1070 3386 1243 3440 nostri
1272 3385 1370 3441 Dei
1397 3396 1593 3442 ornent
1621 3389 1674 3442 in
1705 3389 1978 3444 omnibus.
2004 3389 2183 3460 Appa-
2294 3395 2528 3451 praeesse
2552 3382 2620 3438 ad
2651 3397 2780 3438 usus
2799 3382 3160 3449 necessarios,
3182 3393 3240 3439 ut
3265 3400 3371 3439 non
3400 3384 3511 3439 sint
3540 3378 3847 3440 infructuosi-

589 3473 700 3530 ruit
724 3473 868 3531 enim
892 3475 1064 3546 gratia
1091 3475 1185 3532 Dei
1217 3476 1516 3533 Salvatoris
1543 3480 1710 3534 nostri
1735 3481 1982 3536 omnibus
2011 3479 2188 3536 homi-
2292 3473 2543 3531 Salutant
2573 3485 2625 3531 te
2652 3477 2743 3547 qui
2776 3491 2986 3533 mecum
3019 3485 3145 3533 sunt
3171 3491 3365 3534 omnes
3389 3477 3622 3536 Lsaluta
3649 3489 3754 3542 €05.
3777 3469 3848 3542 ιιιιί

587 3569 746 3627 nibus
773 3612 788 3638 ,
820 3569 1078 3628 erudiens
1105 3585 1235 3639 nos,
1269 3581 1326 3627 ut
1351 3570 1685 3643 abnegantes
1723 3571 2054 3640 impietatem
2081 3614 2097 3640 ,
2131 3582 2188 3630 et
2292 3585 2393 3625 nos
2431 3578 2616 3627 amant
2651 3569 2705 3626 in
2740 3568 2868 3628 ﬁde.
2901 3569 3085 3628 Gratia
3130 3570 3230 3628 Dei
3256 3586 3384 3628 cum
3426 3570 3680 3628 omnibus
3707 3563 3847 3622 vobis.

582 3662 868 3721 szecularia
895 3662 1190 3734 desideria,
1226 3662 1433 3734 sobrie,
1464 3672 1520 3719 et
1548 3662 1712 3735 iuste,
1744 3670 1799 3720 et
1829 3663 1917 3736 pie
1945 3664 2187 3720 vivamus
2289 3667 2484 3723 Amen.

582 3755 637 3811 in
662 3755 766 3814 hoc
791 3755 1017 3825 saeculo,
1045 3765 1425 3830 exspectantes
1452 3757 1668 3816 beatam
1701 3772 1855 3829 spem
1890 3765 1946 3814 et
1979 3756 2184 3814 adven-

1562 3871 1793 3946 Explicit
1820 3873 2064 3945 Epistula
2094 3871 2160 3929 Β.
2192 3871 2350 3931 Pauli
2377 3874 2610 3946 apostoli
2633 3875 2702 3930 ad
2722 3873 2920 3930 Titum.

612 4072 624 4084 .
648 4011 679 4084 fl
717 4002 1172 4084 V9eula_m_eﬁam,
1197 4021 1317 4075 qua:
1343 4005 1397 4062 in
1422 4005 1629 4078 aliquot
1646 4007 1860 4084 ‘Grzecis
1887 4006 2041 4065 libris
2067 4006 2167 4066 de-
2321 4006 2379 4084 _b
2408 4008 2571 4066 Juxta
2592 4009 2843 4066 Graecum
2873 4010 3349 4084 Cwﬁc.__legendum
3380 4011 3596 4071 videtur
3619 4013 3741 4078 vitae,
3769 4022 3844 4082 pro

579 4072 874 4142 sidentur,
897 4074 1173 4132 Palatinus
1198 4072 1414 4148 quoque
1439 4072 1543 4134 ms'.
1579 4081 1772 4135 nescit.
2283 4081 2416 4136 vita:
2446 4095 2579 4137 mss.
2614 4088 2794 4138 autem
2823 4072 2932 4138 non
2965 4072 3348 4156 suﬁragantur.

1325 4336 1494 4450 Β.
1569 4338 2136 4455 PAULI
2212 4338 3132 4458 Διόετοιι

2101 4537 2391 4605 INCIPIT

770 4686 1734 4846 EPISTOLA
1863 4595 3658 4851 Ali—WBHILEMONEM.

580 4217 3822 4245 M

643 5041 798 5116 [ϐαρ.
823 5039 892 5114 1.]
917 5039 1116 5097 Paulus
1135 5039 1348 5096 vinctus
1371 5035 1573 5094 Christi
1594 5037 1743 5104 Iesu,
1771 5043 1828 5093 et
1851 5034 2174 5092 Timotheus
2200 5038 2251 5100 D
2277 5035 2488 5093 Gratias
2510 5051 2611 5108 ago
2639 5037 2753 5094 Deo
2789 5053 2936 5106 meo,
2977 5054 3193 5112 semper
3221 5039 3539 5097 memoriam
3565 5038 3642 5095 tui
3668 5036 3840 5093 faciens

567 5133 756 5204 frater,
782 5131 1087 5189 Philemoni
1112 5131 1333 5198 dilecto,
1369 5140 1425 5188 et
1455 5129 1689 5202 adjutori
1717 5138 1936 5200 nostro,
1967 5136 2022 5184 et
2049 5129 2161 5199 Ap-
2263 5128 2315 5183 in
2332 5129 2670 5187 orationibus
2685 5129 3419 5198 meis,audienscharitatem
3435 5140 3669 5198 tuam,et
3682 5129 3836 5190 ﬁdem.

564 5226 668 5297 pia:
685 5223 1637 5295 sororiﬂcharissimaa,etArchippo
1657 5221 2016 5279 commilitoni
2037 5235 2163 5277 nos-
2261 5238 2421 5294 quam
2455 5221 2625 5280 habes
2663 5224 2717 5278 in
2750 5224 2976 5280 Domino
3013 5222 3167 5291 Iesu,
3194 5234 3251 5281 et
3289 5225 3342 5280 in
3375 5238 3564 5280 omnes
3605 5232 3833 5278 sanctos:

567 5325 673 5388 tro,
695 5327 752 5374 et
782 5315 1060 5384 Ecclesiae,
1090 5331 1212 5388 quae
1244 5315 1298 5371 in
1339 5314 1502 5373 domo
1530 5326 1620 5372 tua
1651 5325 1756 5372 est.
1791 5313 1976 5372 Gratia
2009 5313 2164 5370 vobis
2263 5321 2326 5370 ut
2356 5313 2777 5370 communicatio
2811 5315 2932 5371 ﬁdei
2961 5325 3067 5373 tum
3104 5315 3326 5374 evidens
3362 5316 3454 5372 ﬁat
3487 5315 3539 5370 in
3591 5311 3833 5385 agnitione

563 5418 620 5466 et
643 5425 747 5482 pax
782 5421 815 5467 a
845 5409 958 5468 Deo
988 5409 1151 5467 Patre
1177 5417 1388 5478 nostro,
1417 5417 1473 5466 et
1500 5407 1729 5466 Domino
1757 5406 1886 5465 Iesu
1923 5406 2163 5464 Christo.
2265 5407 2444 5464 omnis
2481 5405 2510 5446 δ
2543 5406 2725 5477 Operis
2758 5407 2920 5475 boni,
2962 5409 3104 5481 quod
3138 5419 3223 5466 est
3258 5410 3313 5465 in
3351 5408 3502 5466 vobis
3542 5407 3600 5463 in
3643 5403 3832 5463 Christo

636 5561 662 5590 ι
697 5552 816 5625 Non
853 5552 1002 5625 addit
1038 5552 1170 5625 illud
1210 5551 1530 5608 charissima:
1577 5549 1858 5606 Palatinus
1898 5565 2001 5605 ms.
2032 5563 2155 5604 cum
2266 5549 2366 5625 his,
2395 5557 2529 5614 etc.,
2565 5549 2933 5618 praetermisso
2963 5553 3154 5623 operis,
3177 5552 3320 5625 quod
3361 5562 3764 5620 nomeu,neqm:
3787 5543 3828 5598 in

565 5622 770 5696 Graecis
797 5624 1003 5696 aliquot
1030 5624 1215 5696 libris.
1249 5695 1255 5696 ί
1503 5693 1513 5696 _
1577 5693 1588 5696 _
1676 5690 1690 5696 ⁸
2007 5692 2016 5696 Α
2265 5619 2459 5679 Ετωοο
2487 5628 2570 5676 εει
2598 5627 2774 5676 textu.

638 5691 665 5733 δ
684 5694 832 5754 Idem
858 5690 992 5769 ms,
1020 5695 1076 5755 in
1094 5695 1358 5768 agnitione
1374 5693 1541 5752 omnis
1569 5690 1727 5763 boni,
1757 5706 1872 5764 quis
1897 5699 1969 5749 est
2001 5692 2058 5748 in
2078 5705 2166 5746 vo-
