3946 6198
142 198 251 255 803

1003 196 1333 255 LPISTOLA
1374 198 1436 253 Β.
1488 196 1693 254 PAULI
1742 196 2075 253 AI’USTOLI
2118 198 2209 253 AD
2250 196 2614 254 HEBRASOS.

3344 200 3450 258 810

142 306 591 363 Jesu.Gaudium
614 306 757 362 enim
773 319 1024 376 magnum
1048 306 1231 375 habui,
1251 307 1747 362 etconsolationem
1779 316 1829 373 Α
1858 316 1915 361 ut
1940 324 2174 375 servum,
2209 309 2303 364 sed
2339 325 2435 379 pro
2463 323 2624 364 servo
2652 306 3033 364 charissimum
3060 308 3311 377 fratrem,
3336 328 3451 366 ma-

146 399 198 454 in
220 400 489 454 charitate
512 412 596 454 tua
624 399 779 468 :qnia
801 400 1009 455 viscera
1034 411 1340 455 sanctorum
1364 400 1749 470 rcquieverunt

145 506 247 561 per
269 504 342 553 te,
363 493 549 547 frater.
570 493 948 562 Propterquod
968 492 1189 547 multum
1209 493 1457 547 ﬁduciam
1476 492 1679 547 habens
1696 493 1746 546 in

146 586 507 642 ChristoJesu
523 585 820 655 imperandi
840 586 933 640 tibi
948 586 1089 654 quiid
1105 586 1166 640 ad
1189 601 1301 640 rem
1318 587 1577 656 pertinet:
1598 601 1750 654 prop-

147 687 229 733 ter
250 680 575 733 charitatem
596 679 1170 749 magisobsecro,cnm
1204 679 1278 732 sis
1308 680 1447 742 talis,
1481 678 1747 732 utPaulus

147 788 339 839 senex,
364 788 508 827 nunc
527 785 704 828 autem
739 782 792 827 ct
819 772 1027 827 vinctus
1050 772 1179 828 Jesu
1198 771 1419 837 Christi,
1443 774 1672 827 obsecro
1697 782 1747 826 te

148 880 246 935 pro
271 879 398 919 meo
424 864 558 931 ﬁlio,
590 881 751 934 quem
773 865 931 934 genui
960 865 1011 919 in
1037 865 1285 929 vinculis,
1328 864 1608 927 Onesimo,
1659 863 1748 933 qui

154 960 247 1014 tibi
269 958 562 1028 aliquando
592 960 798 1013 inutilis
826 958 949 1026 fuit,
977 975 1115 1013 nunc
1142 970 1325 1013 autem
1350 967 1403 1013 et
1426 958 1553 1011 mihi
1580 967 1629 1011 et
1657 956 1751 1010 tibi

152 1050 321 1117 utilis,
356 1065 517 1120 quem
551 1051 734 1105 remisi
772 1060 793 1087 α
829 1052 944 1104 tibi.
1008 1050 1088 1104 Tu
1123 1060 1300 1105 autem
1335 1051 1481 1104 illum
1503 1092 1517 1116 ,
1551 1060 1607 1103 ut
1633 1065 1751 1103 mea

149 1143 361 1197 viscera
383 1183 398 1207 ,
444 1142 691 1211 suscipe:
743 1158 905 1213 quem
933 1158 1033 1213 ego
1066 1145 1340 1197 volueram
1374 1157 1583 1198 mecum
1616 1141 1752 1196 deti-

151 1251 313 1302 nere,
352 1246 411 1290 ut
441 1252 537 1305 pro
570 1236 775 1307 te,milii
808 1236 1136 1290 ministraret
1175 1237 1224 1289 in
1256 1236 1481 1290 vinculis
1510 1235 1759 1305 Evangeo

150 1327 241 1382 lii:
294 1328 419 1382 sine
462 1328 689 1383 consilio
728 1340 908 1383 autem
953 1338 1042 1382 tuo
1069 1328 1205 1382 nihil
1236 1328 1380 1382 volui
1414 1328 1625 1391 facere,
1680 1328 1755 1380 uti

151 1419 283 1492 [Με.
313 1419 393 1491 ut]
436 1436 500 1475 ne
537 1421 683 1475 velut
726 1436 790 1476 ex
820 1422 1145 1476 necessitate
1179 1422 1377 1477 bonum
1409 1431 1557 1475 tuum
1587 1430 1752 1488 esset,

150 1511 247 1566 sed
281 1511 669 1567 voluntarium.
748 1512 997 1567 Forsitan
1043 1514 1188 1568 enim
1230 1513 1352 1567 ideo
1399 1514 1647 1567 discessit
1686 1512 1752 1566 ad

150 1604 343 1660 horam
372 1620 402 1659 a
437 1615 486 1660 te
508 1647 523 1671 ,
569 1614 626 1661 ut
654 1614 915 1661 aeternum
947 1605 1100 1660 illum
1130 1606 1432 1674 reciperes:
1486 1606 1595 1673 jam
1647 1620 1751 1659 non

1856 401 1997 454 xime
2031 401 2191 466 mihi;
2245 410 2446 471 quanto
2478 409 2657 455 autem
2686 400 2856 471 magis
2889 400 3016 469 tibi,
3062 411 3117 457 et
3166 400 3218 455 in
3263 417 3448 464 carne,

1854 508 1906 547 et
1938 493 1989 547 in
2020 494 2287 548 Domino!
2348 493 2392 547 si
2433 509 2561 560 ergo
2600 493 2766 548 habes
2808 509 2893 549 me
2938 494 3177 562 socium,
3234 495 3452 565 suscipe

1856 585 2005 640 illum
2035 586 2174 640 sicut
2204 602 2322 640 me:
2358 586 2412 641 Si
2444 594 2625 639 autem
2656 585 2856 655 aliquid
2888 587 3069 640 nocuit
3102 585 3217 651 tibi,
3246 595 3339 641 aut
3359 586 3453 641 de-

1856 676 1975 743 bet;
2011 677 2113 733 hoe
2142 677 2270 731 mihi
2302 679 2532 747 imputa.
2595 678 2709 747 Ego
2743 678 2942 731 Paulus
2970 678 3161 746 scripsi
3192 692 3311 731 mea
3341 693 3454 731 ma—

1855 786 1959 826 nu:
1992 786 2094 841 ego
2123 770 2347 827 reddam
2374 813 2388 836 ,
2437 782 2494 825 ut
2534 787 2640 826 non
2674 772 2847 826 dicam
2894 772 3021 833 tibi,
3073 772 3215 840 quod
3264 784 3315 827 et
3367 780 3451 827 te-

1857 862 2032 932 ipsum
2075 863 2205 917 mihi
2246 863 2447 921 debes:
2482 864 2553 917 ita
2601 862 2728 937 [Ms
2768 863 2993 935 itaque],
3032 864 3218 918 frater.
3256 864 3369 935 Ego
3400 873 3452 921 te

1856 953 2007 1008 fruar
2037 954 2092 1009 in
2121 954 2371 1010 Domino.
2432 954 2612 1010 Reice
2656 956 2863 1011 viscera
2907 970 3028 1010 mea
3065 956 3116 1008 in
3144 953 3171 991 ι)
3204 956 3453 1011 Domino.

1856 1046 2149 1101 Conﬁdens
2182 1048 2235 1101 in
2263 1047 2574 1103 obedientia
2609 1057 2696 1102 tua
2722 1047 2922 1117 scripsi
2955 1048 3085 1101 tibi:
3114 1049 3293 1103 sciens
3316 1064 3453 1119 quo-

1860 1138 2002 1193 niam
2036 1151 2087 1194 et
2120 1156 2285 1209 super
2331 1142 2412 1206 id,
2468 1142 2608 1211 quod
2640 1141 2780 1203 dico,
2815 1140 3004 1196 facies.
3057 1140 3229 1195 Simul
3270 1150 3452 1196 autem

1861 1242 1913 1286 et
1969 1248 2093 1303 para
2144 1234 2277 1289 mihi
2327 1235 2659 1305 hospitium:
2712 1249 2833 1290 nam
2866 1250 3027 1304 spero
3059 1249 3155 1303 per
3183 1235 3459 1290 orationes

1861 1337 2070 1381 vestras
2102 1328 2291 1382 donari
2320 1344 2403 1381 me
2436 1328 2612 1383 vobis.
2665 1328 2876 1382 Salutat
2918 1338 2968 1382 te
3001 1326 3284 1398 Epaphras
3327 1343 3462 1383 con-

1859 1421 2106 1489 captivus
2137 1436 2291 1475 meus
2314 1420 2365 1473 in
2395 1420 2609 1475 Christo
2639 1422 2792 1482 Jesn,
2827 1420 3059 1489 Marcus,
3088 1418 3456 1487 Aristarchus,

1856 1512 2088 1582 Demus,
2119 1513 2327 1581 Lucas,
2373 1514 2650 1584 adjutores
2695 1513 2820 1568 mei.
2874 1512 3056 1569 Gratia
3098 1514 3313 1568 Domini
3363 1531 3459 1569 ηοω

1859 1606 1955 1660 stri
1984 1607 2114 1661 Jesu
2142 1607 2341 1661 Christi
2373 1622 2494 1661 cum
2522 1606 2719 1677 Spiritu
2749 1613 2949 1662 vestro.
2981 1605 3178 1662 Amen.

1032 1697 1264 1790 Explicit
1292 1719 1528 1790 Epistola
1554 1718 1618 1775 B.
1658 1719 1812 1773 Pauli
1832 1722 2067 1791 Apostoli
2091 1723 2159 1775 ad
2182 1721 2561 1777 Philemonem.

224 1883 251 1911 ⁸
277 1874 475 1952 Atque“
499 1875 588 1931 hic
609 1890 909 1952 pronomen
950 1878 1060 1942 tibi,
1101 1876 1271 1931 Palat.
1300 1892 1401 1931 ms.
1432 1887 1591 1946 tacet,
1619 1879 1759 1948 quod
1793 1892 1841 1952 Β
1869 1880 2075 1952 ᾴὶεηείω
2101 1887 2204 1934 tua:
2233 1880 2461 1951 scripsit,
2495 1887 2601 1935 etc.
2625 1922 2637 1947 ,
2672 1880 3070 1937 contentiosins
3122 1878 3189 1936 ad
3214 1879 3457 1937 Grmcam

153 1960 339 2019 neque
359 1947 413 1999 in
437 1946 632 2002 Graeco
661 1960 743 2019 est
772 1949 1089 2019 archetypo.

224 2016 251 2053 δ
282 2017 434 2073 Idem
465 2032 598 2085 ms.,
629 2018 825 2074 viscera
854 2016 978 2073 meai
998 2021 1053 2073 in
1082 2018 1310 2074 Christo.
1338 2017 1613 2089 Conﬁdens
1646 2021 1763 2075 obe-

580 2166 613 2173 -.
630 2168 633 2171 .

918 2164 1061 2173 μ-ς..

1868 1950 2127 2005 litteram.

1766 2164 2035 2174 '——“
2071 2167 3201 2180 —————————c——-——_—.——.«
3246 2172 3251 2173 γ
3309 2170 3449 2179 *ιφ-...ο

905 2284 1083 2394 n.
1163 2282 1729 2396 PAULI
1803 2282 2714 2398 APOS'I‘OLI
2790 2420 2795 2427 η

1666 2478 1961 2544 INCIPIT

541 2630 2150 2858 EPISTOLA_A]2__I_1
2177 2544 3073 2794 nmmos.

230 2936 383 3011 [ϐαρ.
414 2932 482 3005 1.]
529 2933 868 2989 Multifariam
895 2973 909 2997 ,
937 2934 1229 3006 multisque
1260 2935 1436 2991 modis
1462 2935 1595 2991 olim
1622 2936 1763 2992 Deus

161 3033 391 3103 loquens
420 3032 666 3104 patribus
695 3032 746 3085 in
780 3032 1095 3101 prophetis,
1150 3031 1448 3086 novissime
1493 3031 1621 3103 [Ms.
1662 3046 1763 3086 no-

162 3125 453 3197 vissimis],
507 3126 696 3180 diebus
743 3125 862 3180 istis
901 3125 1112 3180 locutus
1156 3136 1237 3180 est
1285 3125 1443 3180 nobis
1496 3127 1550 3179 in
1599 3124 1755 3191 Filio,

160 3234 321 3289 quem
367 3219 649 3274 constituit
693 3217 964 3273 hmredem
1003 3218 1379 3273 universorum
1404 3258 1417 3282 ,
1470 3234 1566 3287 per
1596 3233 1758 3288 quem

162 3310 289 3367 fecit
320 3322 373 3367 et
405 3310 626 3366 saecula.
689 3310 789 3378 Qui
840 3325 965 3365 cum
1010 3312 1082 3366 sit
1129 3312 1386 3381 splendor
1433 3311 1649 3381 gloriae,
1703 3319 1758 3365 et

164 3402 332 3473 ﬁgura
361 3404 678 3458 substantia:
711 3402 849 3472 ejus,
887 3412 1215 3473 portansqne
1244 3405 1423 3459 omnia
1456 3404 1625 3460 verbo
1649 3405 1758 3459 vir-

1871 2953 1965 2995 cos
2006 2948 2124 2993 tuos
2171 2938 2463 2994 scabellum
2514 2939 2710 3009 pedum
2758 2943 3009 2996 tuorum?
3056 2941 3247 2998 Nonne
3279 2959 3471 3000 omnes

1873 3038 1999 3085 sunt
2040 3030 2483 3085 administratorii
2541 3032 2763 3101 spiritus
2812 3034 2866 3087 in
2898 3034 3267 3091 ministerium
3314 3037 3467 3091 missi

1872 3132 2094 3193 propter
2116 3139 2233 3188 eos,
2266 3127 2356 3194 qui
2386 3124 2759 3180 haireditatem
2793 3126 3010 3196 capient
3035 3128 3264 3182 salutis?

1943 3215 2095 3289 [Cap.
2130 3216 2219 3289 IL]
2273 3216 2567 3287 Propterea
2606 3218 2971 3273 abundantius
3017 3228 3236 3288 Oportet
3277 3220 3468 3276 obser-

1868 3326 1995 3365 vare
2027 3326 2125 3366 nos
2155 3327 2214 3367 ea
2250 3326 2372 3381 quae
2400 3312 2735 3381 audivimus,
2790 3328 2858 3368 ne
2886 3314 3028 3369 forte
3055 3313 3460 3385 perefﬂuamus.

1868 3404 1924 3459 Si
1953 3405 2098 3459 enim
2132 3406 2219 3471 qui
2255 3421 2350 3474 per
2382 3406 2600 3475 angelos
2631 3405 2807 3460 dictus
2835 3415 2919 3462 est
2944 3422 3145 3471 sermo,
3175 3405 3350 3462 factus
3378 3417 3464 3462 est

164 3497 291 3551 tutis
320 3511 471 3561 suae,
506 3497 878 3567 purgationem
915 3504 1257 3565 peccatorum
1291 3498 1527 3563 faciens,
1565 3508 1588 3534 δ
1618 3498 1761 3553 sedit
1788 3467 1833 3531 Ο
1865 3498 2081 3565 ﬁrmus,
2132 3508 2185 3553 et
2222 3498 2398 3553 omnis
2438 3501 2812 3568 praevaricatio
2853 3509 2907 3555 et
2952 3500 3317 3557 inobedientia
3368 3517 3461 3556 ac-

160 3589 226 3645 ad
249 3589 529 3644 dexteram
559 3589 858 3659 majestatis
886 3588 940 3642 in
970 3589 1236 3643 excelsis:
1272 3600 1420 3645 tanto
1452 3590 1644 3647 melior
1664 3607 1760 3645 an-

162 3685 297 3754 gelis
326 3682 585 3749 effectus,
635 3692 838 3753 quanto
883 3681 1221 3737 dilferentius
1256 3700 1365 3752 pra:
1416 3684 1521 3738 illis
1562 3698 1759 3739 nomen

160 3774 526 3830 hmreditavit.
592 3773 690 3829 Cui
731 3775 875 3829 enim
916 3775 1058 3828 dixit
1084 3774 1377 3845 aliquando
1407 3777 1757 3846 angelorum:

162 3868 335 3923 Filius
363 3882 519 3923 meus
546 3882 603 3921 es
631 3876 719 3933 tu,
750 3881 850 3936 ego
880 3865 1041 3921 hodie
1063 3867 1222 3935 genui
1258 3868 1347 3920 te?
1408 3868 1471 3921 Et
1500 3884 1755 3922 rursum:

161 3961 278 4032 Ego
308 3977 405 4017 ero
436 3960 518 4015 illi
546 3960 598 4014 in
622 3967 830 4030 patrem
855 4004 869 4029 ,
918 3968 974 4014 et
1003 3960 1117 4029 ipse
1149 3959 1251 4013 erit
1284 3958 1414 4011 mihi
1459 3960 1510 4013 in
1546 3959 1760 4015 ﬁlium?

165 4053 232 4109 Et
268 4068 390 4108 cum
440 4054 633 4107 iterum
679 4051 974 4105 introducit
1013 4051 1435 4120 primogenitum
1484 4050 1537 4104 in
1570 4051 1759 4105 orbem

166 4155 324 4203 terra:
349 4188 364 4212 ,
394 4146 529 4201 dicit
558 4163 571 4198 :
605 4147 669 4199 Et
699 4145 927 4200 adorent
950 4160 1077 4200 eum
1106 4159 1297 4199 omnes
1323 4145 1515 4215 Angeli
1547 4145 1661 4201 Dei.
1696 4145 1765 4200 Et

162 4241 227 4296 ad
255 4240 480 4313 angelos
509 4239 727 4311 quidem
761 4239 926 4295 dicit:
956 4240 1060 4307 Qui
1091 4239 1218 4295 facit
1245 4241 1463 4310 angelos
1490 4255 1619 4295 suos
1648 4240 1762 4310 spi-

164 4334 323 4398 ritus,
374 4343 431 4388 et
462 4332 740 4387 ministros
768 4348 895 4387 suos
920 4332 1193 4388 ﬂammam
1226 4334 1386 4404 ignis.
1440 4334 1519 4389 Ad
1568 4334 1761 4388 Filium

162 4435 381 4482 autem:
415 4424 669 4480 Thronus
713 4434 870 4490 tuus,
924 4425 1096 4491 Deus,
1151 4426 1207 4481 in
1244 4429 1501 4483 sacculum
1542 4428 1759 4496 saeculi,

161 4518 305 4589 virga
338 4517 631 4588 aequitatis,
684 4518 830 4587 virga
858 4517 1011 4588 regni
1044 4519 1138 4573 tui.
1194 4518 1438 4574 Dilcxisti
1475 4520 1758 4589 justitiam,

154 4620 212 4667 et
241 4610 410 4666 odisti
449 4609 820 4679 iniquitatem:
847 4620 1132 4680 propterea
1170 4611 1320 4666 unxit
1348 4621 1398 4666 te
1424 4612 1585 4679 Deus,
1618 4613 1760 4667 Deus

157 4712 307 4773 tuus,
362 4704 489 4758 oleo
524 4704 901 4759 exsultationis
936 4719 1045 4773 pra:
1082 4706 1437 4776 participibus
1471 4706 1594 4759 tuis.
1659 4706 1755 4761 Et:

158 4794 235 4850 Tu
267 4796 323 4849 in
360 4795 654 4864 principio,
707 4797 954 4865 Domine,
992 4808 1192 4852 terram
1224 4798 1489 4853 luridasti:
1543 4809 1594 4853 et
1630 4815 1762 4869 ope-

151 4903 213 4943 ra
238 4904 509 4944 manuum
543 4898 755 4945 tuarum
787 4899 914 4945 sunt
940 4891 1085 4946 coeli.
1140 4889 1243 4960 Ipsi
1275 4892 1548 4959 peribunt,
1586 4900 1641 4946 tu
1664 4907 1758 4945 au-

152 4991 259 5039 tem
308 4983 661 5055 permanebis
682 5027 694 5048 ,
748 4994 803 5039 et
832 4999 1023 5039 omnes
1052 4992 1113 5039 ut
1137 4984 1524 5040 vestimentum
1551 4995 1758 5040 vetera—

147 5085 346 5133 scent:
401 5084 457 5131 et
504 5076 649 5131 velut
691 5078 947 5132 amictum
977 5077 1004 5115 b
1052 5078 1285 5135 mutabis
1332 5093 1447 5143 cos,
1495 5088 1550 5134 et
1588 5086 1762 5132 mnta-

144 5168 401 5225 buntur:
456 5176 513 5222 tu
543 5178 725 5224 autem
771 5170 911 5224 idem
942 5171 1057 5239 ipse
1087 5186 1177 5238 es,
1231 5179 1287 5227 et
1333 5172 1456 5224 anni
1519 5171 1590 5225 tni
1653 5185 1758 5223 non

143 5263 440 5320 deﬁcient.
495 5262 577 5318 Ad
608 5279 770 5334 quem
799 5273 975 5320 autem
1006 5265 1325 5332 angelorum
1353 5264 1488 5319 dixit
1518 5265 1763 5331 aliquan-

144 5356 210 5413 do
240 5376 256 5413 :
311 5355 459 5413 Sede
491 5371 521 5411 a
549 5356 763 5411 dextris
791 5358 951 5425 meis,
982 5357 1337 5429 quoadusque
1366 5371 1560 5427 ponam
1585 5355 1763 5411 inimi-

214 5572 245 5600 η
280 5558 497 5615 Vitiose
534 5558 795 5626 scriptum
841 5558 894 5611 in
926 5557 1219 5613 Martiantci
1259 5560 1497 5617 editione
1542 5558 1755 5614 duobus

146 5633 364 5696 verbis,
401 5629 493 5683 sed
522 5639 591 5694 et,
623 5644 722 5698 pro
749 5628 905 5693 sedit,
940 5640 1033 5684 aut
1054 5633 1218 5687 sedet.

213 5704 244 5745 ι)
292 5703 354 5759 1η
386 5700 561 5757 Palat.
595 5715 732 5765 ms.,
775 5701 1029 5767 involves,
1077 5712 1130 5756 et
1174 5702 1363 5760 Grmce
1410 5704 1611 5769 ἑλίξεις,
1663 5716 1759 5771 pro

531 5790 806 5851 PATBOL.
854 5789 1097 5852 XXIX.

1861 3595 2007 3661 cepit
2027 3592 2226 3663 justam
2262 3592 2530 3648 mercedis
2553 3593 2997 3649 retributionem:
3048 3594 3321 3663 quomodo
3355 3610 3456 3648 nos

1862 3684 2205 3755 ctfugiemns,
2252 3685 2296 3739 si
2339 3694 2541 3740 tantam
2582 3686 2988 3755 neglexerimus
3030 3686 3302 3741 salutem?
3342 3702 3463 3755 quas

1861 3795 1983 3832 cum
2026 3780 2239 3843 initium
2279 3783 2581 3847 accepisset
2624 3780 2868 3833 enarrari
2916 3794 3014 3847 per
3040 3779 3324 3833 Dominum
3349 3822 3363 3845 ,
3396 3780 3465 3835 ab

1864 3872 1963 3936 eis,
1987 3872 2076 3942 qui
2103 3871 2409 3935 audierunt,
2436 3872 2488 3923 in
2515 3884 2614 3923 nos
2637 3869 2767 3942 [Ms.
2794 3868 2974 3940 nobis]
3010 3872 3332 3926 conﬁrmata
3356 3881 3462 3934 est.

1865 3972 2213 4017 contestante
2257 3962 2367 4016 Deo
2409 3961 2575 4031 signis
2618 3972 2673 4016 et
2717 3964 3008 4031 portentis,
3054 3973 3109 4018 et
3146 3964 3312 4017 variis
3355 3965 3466 4019 vir-

1866 4058 2103 4124 tutibus,
2147 4066 2204 4111 et
2262 4055 2494 4123 Spiritus
2527 4058 2699 4110 sancti
2756 4056 3233 4113 distributionibus
3270 4073 3463 4114 secun-

1865 4151 1992 4205 dum
2036 4165 2187 4204 suam
2224 4150 2578 4206 voluntatem.
2636 4148 2755 4205 Non
2799 4151 2941 4205 enim
2983 4152 3189 4217 angelis
3231 4151 3466 4221 subjecit

1866 4242 2010 4297 Deus
2033 4242 2218 4297 orbem
2248 4252 2405 4297 terra:
2432 4242 2671 4297 futurum
2710 4243 2778 4299 de
2800 4259 2907 4313 quo
2930 4244 3221 4314 loquimur.
3271 4242 3463 4297 Testa-

1870 4350 1954 4393 tus
1994 4347 2075 4393 est
2120 4348 2299 4392 autem
2343 4337 2395 4390 in
2423 4337 2655 4405 quodam
2689 4338 2809 4392 loco
2837 4347 2858 4375 ε
2891 4337 3034 4405 quis,
3062 4336 3277 4390 dicens:
3323 4334 3463 4399 Quid

1866 4438 1950 4484 est
1990 4429 2171 4492 homo,
2220 4429 2360 4499 quod
2403 4444 2611 4483 memor
2632 4444 2691 4483 es
2714 4428 2854 4494 ejus,
2899 4438 2992 4478 aut
3019 4425 3161 4479 ﬁlius
3194 4423 3455 4491 hominis,

1865 4522 2121 4593 quoniam
2164 4524 2353 4577 visitas
2382 4523 2547 4576 eum?
2590 4521 2821 4575 Minuisti
2848 4534 2970 4573 eum
2998 4517 3159 4587 paulo
3183 4516 3362 4571 minus
3387 4517 3457 4571 ab

1865 4614 2098 4684 angelis:
2144 4616 2310 4684 gloria
2356 4623 2410 4668 et
2453 4614 2659 4667 honore
2703 4610 2973 4666 coronasti
3016 4624 3175 4663 eum:
3237 4618 3291 4662 et
3330 4622 3462 4663 con-

1865 4705 2086 4761 stituisti
2130 4722 2253 4760 eum
2299 4720 2465 4773 super
2505 4719 2667 4774 opera
2700 4717 2955 4756 manuum
2987 4707 3221 4753 tuarum.
3266 4698 3459 4754 Omnia

1866 4797 2143 4867 subjecisti
2183 4800 2283 4852 sub
2328 4796 2552 4866 pedibus
2590 4794 2727 4863 ejus.
2778 4793 2832 4846 ln
2857 4808 2921 4845 eo
2944 4792 3087 4845 enim
3111 4790 3252 4859 quod
3280 4791 3462 4844 omnia

1866 4894 1913 4948 ei
1943 4890 2199 4961 subjecit,
2249 4888 2377 4942 nihil
2418 4886 2626 4940 dimisit
2666 4900 2775 4939 non
2816 4883 3119 4949 subjectum
3160 4883 3230 4938 ei.
3309 4881 3463 4936 Nunc

1866 4995 2045 5038 autem
2072 4980 2300 5033 necdum
2328 4976 2573 5031 videmus
2597 4976 2777 5029 omnia
2802 4974 3044 5042 subjecta
3072 4973 3139 5026 ei.
3206 4972 3344 5026 Eum
3368 4988 3464 5026 au-

1869 5086 1999 5139 tem,
2026 5073 2114 5144 qui
2141 5069 2355 5125 modico
2375 5083 2535 5136 quam
2558 5066 2733 5136 angeli
2760 5066 3057 5119 minoratus
3082 5074 3185 5129 est,
3219 5064 3469 5119 videmus

1869 5169 2054 5224 Jesum
2080 5208 2093 5231 ,
2141 5173 2361 5233 propter
2383 5162 2691 5231 passionem
2716 5160 2935 5222 mortis,
2988 5159 3156 5228 gloria
3183 5168 3235 5211 et
3258 5156 3467 5212 honore

1870 5268 2186 5317 coronatum
2209 5274 2223 5311 :
2250 5266 2306 5311 ut
2327 5256 2498 5326 gratia
2524 5255 2641 5325 Dei,
2668 5270 2766 5325 pro
2785 5252 3037 5307 omnibus
3057 5259 3301 5321 gustaret
3322 5265 3467 5305 mor-

1873 5365 2000 5409 tem.
2051 5349 2282 5404 Decebat
2305 5348 2448 5403 enim
2473 5362 2630 5413 eum,
2676 5356 2897 5416 propter
2944 5358 3101 5415 quem
3144 5342 3358 5410 omnia,
3410 5349 3469 5396 et

1863 5556 2141 5681 “‘);“iii'§§n
2174 5636 2301 5689 ms.,
2330 5618 2542 5692 quidam
2564 5619 2742 5674 dicens
2767 5634 2784 5682 ;
2807 5616 2904 5673 Gr.
2936 5620 3015 5676 τὶς
3040 5616 3219 5688 lt“in-

2868 5782 2947 5841 26
