3946 6198
526 224 632 287 Il!
1546 224 1605 284 S.
1647 218 2030 284 HIERONYSII
2069 221 2301 282 DIVINA
2336 218 2810 283 BIBLIOTHECA.
3704 214 3788 278 ll!

533 358 634 417 per
652 356 813 418 quem
835 345 1037 411 omnia,
1064 344 1153 413 qui
1179 340 1378 399 multos
1398 340 1540 398 ﬁlios
1563 344 1617 398 in
1640 340 1868 414 gloriam
1892 342 2131 397 adduxe-
2158 340 2207 404 Α
2238 340 2501 397 fuerunt?
2554 338 2620 395 Et
2664 340 2909 395 videmus
2930 380 2945 405 ,
2979 338 3105 409 quia
3132 349 3239 393 non
3269 339 3567 408 potuerunt
3606 331 3789 390 introire

536 444 656 506 rat,
679 446 956 494 auctorem
979 435 1168 491 salutis
1194 440 1386 491 eorum
1416 450 1515 505 per
1535 435 1841 507 passionem
1868 449 2126 490 consum-
2237 446 2260 474 ε
2294 444 2519 505 propter
2548 426 3011 489 incredulitatem.

541 546 712 589 mare.
783 532 884 599 Qui
927 530 1070 586 enim
1111 526 1448 597 sanctificat,
1491 530 1659 601 etqui
1699 530 2126 596 sanctiticautur,
2305 524 2458 599 [ϐαρ.
2487 520 2604 595 lV.]
2635 523 2948 580 Timeamus
2976 537 3133 593 ergo,
3174 537 3241 576 ne
3285 512 3450 587 forte,
3491 506 3669 572 relicta
3702 514 3794 586 pol-

535 642 601 679 ex
624 638 731 679 uno
757 632 965 679 omnes.
1024 622 1252 692 Propter
1273 638 1433 695 quam
1458 638 1679 679 causam
1715 640 1823 679 non
1848 618 2130 679 confundi-
2235 608 2537 673 licitatione
2582 615 2893 672 introeundi
2940 615 2994 671 in
3048 608 3287 684 requiem
3328 609 3467 695 ejus,
3498 607 3797 665 existimetur

535 720 622 773 thr
639 718 937 773 fratreseos
960 692 1446 783 vocarc,dicens:a
1468 702 1737 773 Nuntiabo
1761 733 1954 771 nomen
1981 720 2130 771 thum
2231 712 2427 784 aliquis
2459 728 2525 766 ex
2551 710 2704 766 vobis
2732 710 2946 767 deesse.
2978 708 3193 764 Etenim
3237 714 3293 762 et
3333 692 3494 761 nobis
3536 702 3797 758 nuntiatum

535 808 793 863 fratribus
835 809 970 862 meis
1005 826 1017 861 :
1050 808 1102 863 in
1147 802 1328 864 medio
1370 800 1628 864 Ecclesia:
1670 802 1903 865 laudabo
1942 808 2013 863 te.
2064 794 2134 862 Εἰ
2232 816 2339 875 est,
2367 798 2824 878 quemadmodum
2851 813 2907 859 et
2934 796 3078 859 illis:
3108 796 3204 859 sed
3229 817 3339 858 non
3372 790 3573 872 profuit
3593 794 3801 854 illisser-

536 900 770 956 iterum:
810 898 926 971 Ego
965 912 1063 956 ero
1102 896 1277 955 fidens
1319 902 1371 955 iu
1414 916 1561 956 cum.
1608 888 1680 958 Et
1714 900 1948 958 iterum:
1990 892 2132 955 Ecce
2235 906 2326 955 mo
2350 898 2589 966 auditus,
2621 914 2726 953 non
2758 897 3027 953 admixtus
3048 882 3175 972 [ιιι.
3207 890 3496 967 admixtio]
3527 886 3645 948 fidei
3667 908 3725 947 ex
3749 890 3800 947 iis

537 996 658 1066 ego,
684 994 739 1049 et
760 993 913 1064 pueri
936 993 1079 1063 mei,
1107 1000 1242 1064 quos
1266 994 1415 1050 dedit
1438 995 1568 1050 mihi
1593 995 1758 1052 Deus.
1823 993 1961 1064 Quia
2003 1010 2135 1066 ergo
2234 991 2327 1062 qui
2374 990 2683 1047 audierunt.
2729 976 3098 1062 lngrcdiemur
3134 987 3283 1045 enim
3324 986 3378 1042 in
3429 984 3690 1057 requiem,
3729 983 3800 1052 qui

537 1090 691 1159 pueri
730 1088 1275 1144 communiCaveru‘nt
1313 1087 1465 1144 carni
1503 1084 1559 1146 e't
1596 1088 1868 1160 Sanguini.
1919 1098 1976 1145 et
2017 1076 2135 1159 ipse
2235 1082 2603 1140 credidimus:
2645 1083 3101 1157 quemadmodum
3141 1082 3319 1138 dixit:
3371 1078 3522 1138 Sicut
3559 1066 3718 1149 iuravi
3756 1077 3799 1132 in

534 1172 785 1236 similiter
806 1180 1149 1251 participavil
1172 1179 1377 1237 eisdem
1397 1180 1492 1237 :'ut
1514 1198 1610 1252 per
1629 1192 1861 1238 mortem
1883 1178 2135 1238 destrue-
2237 1177 2316 1233 ira
2355 1194 2499 1248 mea,
2529 1178 2575 1235 si
2606 1178 2907 1234 introibunt
2935 1180 2988 1235 in
3019 1179 3263 1250 requiem
3293 1190 3471 1231 meam
3498 1192 3510 1227 :
3540 1183 3594 1229 et
3616 1169 3799 1244 quidem

534 1280 620 1329 ret
640 1274 785 1338 eum,
809 1273 899 1343 qui
924 1272 1158 1328 habebat
1182 1275 1373 1327 mortis
1397 1274 1702 1344 imperium,
1730 1260 1910 1340 idest,
1945 1272 2139 1328 diabo-
2236 1272 2493 1339 operibus
2518 1271 2587 1325 ab
2614 1273 2956 1328 inStitutione
2981 1271 3164 1327 mundi
3197 1268 3479 1341 perfectis.
3512 1264 3648 1322 Dixit
3678 1264 3798 1320 enim

535 1364 673 1420 him:
700 1360 1278 1434 etlilmraretcos,qtti
1304 1367 1497 1421 timore
1524 1364 1716 1421 mortis
1738 1382 1835 1436 per
1860 1374 2028 1421 totam
2053 1366 2134 1420 vi-
2236 1365 2292 1421 in
2332 1364 2565 1437 quodam
2616 1364 2739 1422 loco
2778 1365 2846 1421 de
2889 1360 2980 1421 die
3024 1365 3254 1434 septima
3302 1363 3426 1418 sic:
3471 1346 3536 1415 Et
3575 1358 3802 1429 requievit

533 1464 644 1511 tam
662 1452 880 1512 obnoxii
894 1458 1050 1511 erant
1069 1456 1333 1511 Servituti.
1350 1456 1624 1526 NuSquam
1643 1458 1789 1512 enim
1806 1457 2025 1528 angelos
2039 1471 2091 1526 at

2241 1454 2383 1517 Deus
2428 1460 2518 1517 die
2564 1450 2797 1532 septima
2839 1461 2907 1516 ab
2956 1460 3208 1516 omnibus
3248 1444 3507 1529 operibus
3527 1450 3647 1512 suis.
3674 1455 3799 1511 Etin

538 1546 842 1614 prehendit,
862 1544 955 1604 sed
975 1552 1160 1603 semen
1187 1540 1422 1605 Abrahae
1447 1548 1825 1620 apprehendit.
1861 1546 2016 1605 Unde
2038 1547 2134 1605 de-
2237 1554 2344 1610 isto
2375 1569 2590 1609 rursum
2617 1572 2634 1611 :
2667 1556 2723 1610 Si
2754 1553 3056 1609 intruibunt
3079 1554 3133 1608 in
3163 1552 3410 1624 requiem
3455 1564 3630 1605 meam.
3665 1549 3801 1615 tho-

535 1638 650 1693 buit
672 1655 768 1708 per
788 1639 965 1694 omnia
989 1636 1251 1696 fratribus
1272 1638 1521 1703 similari,
1543 1651 1601 1696 ut
1624 1630 1935 1698 misericors
1959 1634 2132 1708 licret,
2240 1646 2382 1700 niam
2416 1660 2545 1715 ergo
2571 1654 2821 1715 superest
2852 1644 3081 1700 introire
3110 1628 3380 1715 quosdam
3409 1626 3463 1697 in
3490 1639 3643 1705 illam,
3671 1646 3721 1692 et
3744 1636 3796 1702 ii,

533 1739 590 1788 et
612 1732 790 1787 fidelis
815 1732 1060 1804 pontifex
1082 1733 1149 1788 ad
1170 1733 1341 1789 Deum
1367 1778 1383 1802 ,
1438 1740 1497 1789 ut
1516 1724 1902 1806 reprepili'aret
1928 1724 2130 1791 (ἱεὶίΜῦ
2162 1728 2210 1795 Β
2237 1738 2433 1809 quibus
2478 1737 2752 1808 prioribus
2796 1736 3174 1793 annuntialutn
3225 1743 3313 1790 est
3364 1747 3473 1789 non
3516 1731 3801 1786 introierunt

539 1826 743 1894 pepuli.
789 1826 845 1880 in
873 1842 938 1881 eo
962 1827 1106 1881 enim
1125 1868 1139 1891 ,
1194 1828 1246 1880 in
1270 1843 1377 1898 quo
1406 1843 1596 1898 passus
1645 1839 1729 1885 est
1750 1830 1866 1900 ipse
1886 1840 1941 1885 et
1963 1840 2135 1885 tenta-
2240 1842 2462 1903 prapter
2487 1830 2922 1887 incredulitatem
2948 1849 2961 1884 :
2990 1830 3186 1886 iterum
3215 1827 3469 1882 terminat
3486 1823 3622 1880 diem
3642 1838 3802 1893 quent-

542 1926 651 1983 tus,
678 1920 870 1987 puteus
894 1916 976 1973 est
998 1926 1049 1974 et
1077 1919 1177 1985 eis,
1206 1921 1295 1990 qui
1324 1924 1622 1987 tentantur,
1644 1918 1915 1977 auxiliari.
2238 1925 2388 1992 dant,
2418 1923 2609 1991 Hodie,
2636 1925 2689 1978 in
2711 1922 2886 1979 David
2907 1922 3162 1989 dicendo.
3186 1929 3310 1993 post
3331 1927 3538 1975 tantum
3560 1916 3803 1985 temporis,

609 2006 762 2079 [ϐαρ.
793 2006 907 2081 ΙΙΙ.]
936 2006 1117 2077 Unde,
1138 2008 1333 2066 fratres
1352 2012 1552 2077 sancti,
1575 2014 1871 2067 vocationis
1894 2015 2135 2070 caelestis
2235 2021 2379 2077 sicut
2404 2026 2568 2089 supra
2592 2010 2795 2075 dictum
2818 2019 2942 2078 est:
2970 2016 3148 2091 Hodie
3174 2016 3222 2071 si
3263 2022 3454 2069 rorem
3492 2012 3607 2082 eius
3646 2008 3801 2065 aitdic-

541 2104 857 2176 participes,
890 2104 1231 2160 considerate
1252 2106 1554 2176 apostolum
1592 2115 1645 2161 et
1673 2108 1982 2176 pontificem
2005 2123 2134 2163 con-
2238 2114 2381 2182 ritis,
2411 2112 2581 2167 nolite
2605 2112 2881 2167 obdurare
2907 2110 3075 2166 corda
3100 2118 3305 2165 vestra.
3338 2107 3473 2163 Nam
3501 2105 3547 2161 si
3571 2105 3649 2161 eis
3674 2102 3803 2159 Jews

539 2198 791 2253 fessionis
814 2207 1015 2253 nosme
1034 2198 1252 2252 Jesum:
1288 2198 1377 2269 qui
1402 2198 1577 2254 fidelis
1598 2209 1682 2255 est
1703 2200 1775 2264 ei,
1800 2200 1891 2271 qtti
1916 2199 2044 2255 fecit
2067 2200 2133 2255 il-
2239 2207 2485 2279 requiem
2519 2207 2883 2278 praestitisset,
2914 2220 3209 2276 numquam
3250 2202 3320 2258 de
3364 2203 3472 2256 alia
3514 2201 3804 2271 loqueretur,

540 2289 650 2345 lum
675 2330 690 2356 ,
746 2289 890 2346 sicut
909 2299 962 2345 et
988 2290 1201 2363 Moyses
1224 2290 1276 2345 in
1300 2290 1448 2345 hhml
1472 2289 1635 2347 deum
1654 2290 1794 2361 tejtt‘st
1838 2284 2137 2363 Amplihril
2240 2296 2490 2368 posthac,
2517 2286 2623 2352 die.
2662 2290 2848 2367 ltitqtte
2895 2284 3223 2367 relinquitur
3248 2292 3607 2347 sabbatismus
3641 2289 3806 2360 popqu

537 2382 680 2439 enim
704 2382 888 2453 gloria:
912 2382 1015 2437 iste
1038 2397 1148 2452 pra:
1172 2382 1353 2455 Moyse
1375 2374 1569 2452 dignus
1590 2381 1672 2441 esi
1699 2376 1931 2453 habitus,
1966 2401 2137 2455 quan-
2239 2376 2360 2445 Dei.
2392 2374 2496 2457 Qui
2525 2374 2667 2443 enim
2700 2389 2978 2458 ingressus
3006 2397 3093 2443 est
3123 2390 3175 2442 in
3214 2386 3459 2456 requiem
3503 2383 3634 2453 ejus,
3669 2380 3806 2436 etiam

538 2483 592 2530 to
613 2474 931 2545 ampliorem
951 2473 1213 2531 honorem
1240 2476 1400 2532 habet
1420 2479 1634 2542 domus,
1660 2476 2137 2549 quifabrimvitil'1
2235 2478 2356 2550 ipse
2399 2479 2668 2550 requievit
2698 2479 2780 2532 τι)
2818 2478 3075 2550 operibus
3121 2476 3254 2546 suis,
3301 2476 3444 2531 sicut
3480 2490 3510 2529 a
3540 2474 3645 2528 suis
3671 2474 3805 2526 Deus.

538 2564 668 2620 iam.
711 2566 903 2622 Omnis
927 2582 1160 2639 namque
1181 2567 1374 2624 donius
1398 2569 1693 2626 fabricatur
1714 2571 1781 2624 ab
1802 2572 2017 2641 aliquo;
2042 2571 2134 2640 qui
2239 2574 2589 2630 Festinemus
2616 2589 2747 2643 ergo
2775 2574 2984 2644 ingredi
3016 2573 3072 2628 in
3104 2573 3248 2628 illam
3282 2572 3527 2640 requiem
3553 2585 3569 2627 :
3599 2578 3651 2623 ιιι
3678 2581 3739 2623 ne
3764 2567 3807 2620 in

534 2668 715 2715 autem
748 2660 931 2715 omnia
969 2661 1173 2717 creavit
1195 2696 1209 2725 .
1246 2656 1390 2718 Deus
1423 2671 1528 2718 est.
1594 2662 1661 2717 Et
1682 2664 1893 2735 Moyses
1912 2664 2131 2733 quidem
2240 2660 2477 2736 idl'psuut
2505 2668 2626 2736 quis
2658 2660 2860 2721 incidat
2885 2655 3282 2722 iiia'edttlitatis
3310 2663 3638 2734 exehtplum.
3672 2659 3810 2715 Vivus

536 2752 709 2809 fidelis
730 2763 847 2807 erat
886 2754 939 2808 in
973 2760 1081 2809 tota
1112 2753 1278 2809 domo
1311 2755 1437 2824 ejus
1462 2752 1739 2825 tamquam
1775 2753 2033 2824 famulus,
2080 2758 2131 2810 in
2237 2758 2323 2814 est
2349 2761 2492 2815 enim
2518 2774 2699 2816 sermo
2724 2756 2843 2826 Dei,
2876 2765 2933 2812 ct
2953 2750 3170 2824 efficax,
3198 2767 3255 2813 et
3282 2754 3664 2828 penetrabilior
3683 2750 3811 2806 omni

538 2844 904 2900 testimonium
933 2859 1145 2912 eorum,
1170 2860 1291 2915 quae
1311 2845 1538 2901 dicenda
1563 2857 1745 2901 erant:
1774 2847 2022 2901 Christus
2040 2863 2133 2903 ve-
2238 2851 2418 2921 gladio
2447 2852 2668 2920 ancipiti
2697 2868 2711 2905 :
2741 2859 2798 2906 et
2845 2851 3158 2921 pertingens
3200 2864 3374 2921 usque
3409 2849 3475 2904 ad
3520 2847 3809 2903 divisionem

538 2953 599 2994 ro
630 2947 903 3009 tamquam
932 2936 1077 2992 filius
1124 2938 1178 2992 in
1213 2938 1376 2994 domo
1409 2953 1533 2995 sua:
1576 2954 1696 3010 quae
1723 2939 1918 2996 domus
1939 2950 2132 2996 sumus
2239 2944 2433 2999 tantum
2470 2944 2534 3000 ac
2576 2942 2801 3015 Spiritus
2827 2986 2842 3009 ,
2879 2944 3197 3017 compagum
3246 2952 3464 3015 quoque
3493 2956 3557 2999 ac
3581 2940 3811 2997 medtilia-

539 3047 640 3088 nos
665 3068 681 3099 ,
712 3034 755 3086 si
779 3030 1064 3098 fiduciam,
1110 3041 1166 3086 et
1196 3030 1424 3102 gloriam
1458 3032 1573 3102 spei
1608 3044 1780 3102 usque
1831 3032 1898 3087 ad
1940 3033 2127 3101 finem,
2237 3043 2383 3105 rum,
2405 3038 2460 3093 et
2483 3028 2753 3093 disci-etot
2775 3036 3234 3109 cogitatiotttnttet
3256 3037 3609 3093 itttentiunuin
3632 3026 3807 3089 comis.

542 3127 752 3179 firmam
784 3123 1138 3179 retineamus.
1163 3123 1505 3194 Quapropter
1542 3126 1684 3180 sicut
1722 3124 1852 3180 dicit
1886 3123 2129 3195 Spiritus
2156 3122 2205 3187 C
2236 3130 2304 3186 Et
2328 3134 2435 3187 han
2454 3136 2540 3187 egi
2562 3130 2667 3188 ulla
2694 3134 2949 3189 creatura
2977 3120 3264 3189 invisibilis
3289 3131 3344 3187 in
3370 3134 3653 3201 conspectu
3684 3128 3808 3198 ejus:

532 3223 788 3272 sanctus:
824 3215 994 3272 Hodie
1016 3216 1061 3271 si
1084 3230 1275 3271 vocem
1294 3215 1417 3286 ejus
1436 3215 1743 3285 audieritis,
1773 3216 1944 3272 nolite
1964 3212 2137 3271 obdu-
2238 3222 2422 3278 munia
2464 3232 2644 3279 autem
2688 3223 2835 3279 nuda
2878 3228 2933 3279 et
2976 3228 3166 3292 aperta
3212 3226 3338 3279 stitit
3378 3218 3555 3278 oculis
3595 3220 3722 3292 ejus,
3758 3214 3808 3271 ad

538 3326 664 3369 rare
683 3309 846 3367 corda
872 3317 1087 3379 vestra,
1118 3310 1258 3366 sicut
1289 3310 1343 3365 in
1376 3311 1801 3367 esacerhat'ioue
1833 3310 2133 3367 secundum
2238 3318 2399 3386 quem
2445 3310 2601 3373 nobis
2642 3322 2845 3371 sermo.
2888 3313 3162 3373 Habentes
3200 3320 3332 3387 ergo
3374 3308 3674 3384 pontiﬁcem
3716 3326 3811 3367 ma-

537 3404 680 3461 diem
704 3403 1022 3459 tentationis
1054 3404 1108 3458 in
1127 3402 1369 3467 deserto,
1415 3402 1508 3457 ubi
1540 3413 1889 3460 tentaverunt
1916 3419 2004 3460 me
2042 3417 2095 3474 pa

2250 3414 2426 3476 gnum,
2454 3409 2546 3479 ψιὶ
2581 3407 2882 3477 penetravit
2911 3406 3110 3477 coctos,
3142 3407 3326 3463 JeSllm
3356 3402 3552 3463 Filium
3582 3399 3705 3462 Dei:
3746 3412 3808 3457 te-

540 3506 650 3553 tres
684 3498 890 3562 vestri;
964 3494 1336 3565 probaverunt
1367 3530 1382 3561 ,
1434 3504 1491 3550 et
1523 3494 1775 3550 viderunt
1808 3510 1975 3565 opera
2002 3502 2134 3551 'mea
2240 3510 2463 3556 neamus
2504 3501 2929 3557 confessionem.
2970 3498 3089 3557 Non
3133 3500 3278 3557 enim
3326 3499 3593 3557 habemus
3622 3488 3807 3569 pontiﬁ-

534 3588 895 3661 quadraginta
927 3585 1106 3641 annis.
1140 3585 1371 3655 Propter
1388 3586 1537 3655 quod
1568 3584 1813 3643 infensus
1845 3586 1924 3643 fni
1960 3592 2134 3659 gene-
2238 3604 2379 3662 cem,
2410 3594 2502 3664 qui
2541 3600 2646 3650 bon
2677 3595 2850 3665 possit
2894 3590 3132 3666 compati
3160 3590 3563 3650 infirmitatibus
3602 3592 3807 3653 nostris;

531 3681 727 3736 rationi
754 3680 899 3743 huic,
924 3677 1137 3734 etdisi:
1188 3676 1418 3747 Semper
1438 3688 1625 3733 errant
1646 3678 1838 3734 corde.
1898 3679 2127 3747 lpsiau-
2237 3694 2502 3742 tentatum
2552 3696 2731 3743 autem
2766 3698 2865 3759 per
2888 3688 3068 3742 omnia
3099 3696 3198 3758 pro
3236 3682 3596 3742 similitudine
3636 3680 3810 3753 absque

537 3781 646 3829 tem
671 3788 778 3826 non
799 3779 1177 3841 cognoverunt
1197 3770 1316 3827 vias
1338 3785 1509 3841 meas,
1536 3770 1565 3811 δ
1592 3772 1739 3828 sicut
1760 3773 1939 3843 juravi
1976 3775 2029 3829 in
2054 3775 2131 3829 ira
2239 3785 2482 3846 peccato.
2508 3776 2782 3835 Adeamus
2803 3786 2935 3851 ergo
2961 3784 3082 3834 cum
3117 3778 3310 3835 fiducia
3340 3778 3407 3834 ad
3442 3779 3685 3833 thronum
3710 3788 3807 3844 gra-

533 3880 689 3921 mea:
716 3863 773 3920 Si
798 3863 1097 3919 introibunt
1120 3866 1174 3919 in
1196 3864 1440 3935 requiem
1468 3866 1887 3935 meam.Videte,
1915 3866 2129 3937 fratres,
2237 3871 2367 3929 tite:
2400 3877 2459 3925 ut
2484 3870 2909 3928 misericordiam
2946 3874 3364 3944 consequamur,
3401 3878 3456 3927 et
3489 3867 3704 3945 gratiam
3738 3867 3804 3923 in-

536 3973 605 4013 ue
630 3957 769 4012 forte
790 3956 862 4010 sit
890 3955 943 4011 in
967 3954 1151 4025 aliquo
1173 3964 1414 4012 vestrum
1437 3970 1533 4013 cor
1550 3958 1754 4012 malum
1786 3958 2135 4014 incredulita-
2237 3963 2518 4018 veniamus
2546 3964 2604 4019 in
2636 3965 2839 4021 auxilio
2866 3972 3195 4037 opportuno.

539 4047 607 4103 tis
623 4086 641 4113 ,
669 4044 987 4102 discedendi
1009 4061 1039 4101 a
1062 4046 1175 4102 Deo
1197 4048 1323 4101 vivo
1346 4066 1357 4099 :
1391 4048 1486 4103 sed
1509 4048 1872 4104 adhortamiui
1897 4060 2135 4105 vosm‘et-
2309 4055 2464 4129 [ϐαρ.
2487 4055 2579 4128 V.j
2599 4057 2788 4113 omnis
2809 4064 3041 4128 namque
3068 4052 3306 4129 phhlif‘et
3334 4070 3404 4114 ex
3421 4052 3721 4113 hominibus
3737 4062 3807 4107 as:

537 4143 685 4211 ipsos
706 4154 806 4209 per
825 4138 1069 4208 singulos
1088 4136 1230 4218 diost
1277 4137 1451 4193 donec
1478 4138 1640 4195 hodie
1690 4142 2130 4211 cognominatur,
2236 4152 2484 4219 sumptus
2504 4156 2606 4220 pro
2632 4150 2941 4207 hominibus
2964 4151 3315 4208 constituitur
3340 4150 3396 4206 in
3430 4146 3521 4219 iis,
3562 4156 3671 4222 qua:
3704 4148 3806 4201 sunt

535 4241 595 4289 ut
617 4246 724 4288 non
746 4230 1048 4287 obduretur
1069 4230 1191 4301 quis
1219 4245 1286 4286 ex
1313 4229 1464 4285 vobis
1494 4228 1707 4286 fallacia
1738 4234 1966 4301 peccati.
2004 4234 2134 4289 Pur-
2235 4236 2305 4295 ad
2340 4240 2531 4307 Deum,
2558 4244 2620 4297 ut
2656 4242 2850 4299 adierat
2876 4243 3040 4311 dona,
3071 4250 3127 4299 et
3151 4240 3413 4299 Sacrificia
3439 4248 3539 4313 pro
3560 4239 3803 4314 peccatis:

535 4329 724 4399 ticipes
755 4327 898 4382 enim
928 4325 1133 4382 Christi
1164 4324 1346 4381 effecti
1384 4340 1602 4381 sumus:
1642 4326 1686 4381 si
1712 4335 1888 4383 tamen
1920 4328 2131 4383 initium
2236 4330 2327 4400 qui
2346 4332 2638 4391 condolere
2654 4335 2825 4406 possit
2847 4324 3085 4407 iis,quitl
3104 4338 3372 4406 ignorant,
3397 4329 3676 4390 etemnt:
3696 4332 3804 4401 quu-

534 4421 854 4479 substautia:
887 4420 1009 4490 ejus
1045 4434 1216 4490 usque
1244 4416 1313 4473 ad
1336 4417 1499 4474 finem
1528 4419 1744 4474 firmum
1774 4419 2126 4477 retineamus.
2238 4424 2383 4479 niam
2403 4433 2460 4481 et
2484 4424 2599 4496 ipse
2613 4426 2978 4484 circumdatus
3003 4428 3412 4484 estinfirtni'tate
3434 4430 3452 4482 ε
3474 4432 3531 4482 et
3549 4422 3801 4498 propterea

533 4514 672 4570 Dum
701 4513 929 4570 dicitur:
956 4510 1129 4568 Hodie
1164 4512 1213 4566 si
1258 4522 1446 4566 vocem
1478 4508 1598 4580 ejus
1627 4509 1932 4576 audieritis,
1962 4511 2132 4568 nolite
2156 4504 2212 4566 D
2237 4513 2420 4583 debet,
2462 4510 2924 4587 quemadmodum
2967 4524 3068 4591 pro
3098 4520 3320 4592 populo,
3354 4522 3429 4577 ita
3455 4520 3611 4578 etiam
3639 4528 3687 4574 et
3717 4520 3802 4585 prd

532 4605 803 4663 obdurare
822 4604 984 4661 corda
1007 4613 1211 4669 vestra,
1240 4601 1695 4672 quemadmodum
1719 4601 1776 4657 in
1799 4602 1888 4658 illa
1911 4618 2134 4660 exacer-
2239 4606 2853 4681 semaipsooli‘errcpro
2872 4614 3122 4682 peccatis.
3144 4612 3251 4670 Nec
3268 4612 3550 4685 quisquam
3565 4602 3805 4668 sumitsibl

532 4698 771 4755 batione.
806 4697 1038 4765 Quidam
1079 4697 1225 4753 enim
1287 4694 1570 4753 audientes
1618 4696 2086 4752 exacerbaverunt
2112 4739 2127 4766 ,
2242 4700 2529 4768 honorem,
2553 4704 2650 4759 sed
2671 4704 2762 4773 qui
2780 4704 3212 4773 vocaturum,
3234 4710 3509 4778 tamquam
3524 4702 3710 4763 Aaron.
3728 4700 3803 4759 Sic

536 4791 632 4848 sed
655 4806 763 4846 non
788 4789 1028 4847 universi
1052 4829 1068 4856 ,
1111 4787 1208 4861 qui
1234 4787 1465 4858 profecti
1498 4796 1624 4844 sunt
1658 4803 1726 4844 ex
1762 4788 1998 4861 Egypto
2031 4803 2131 4861 per
2235 4805 2288 4851 et
2310 4795 2562 4853 Christus
2590 4812 2695 4855 non
2721 4801 3072 4871 semetipsum
3109 4794 3463 4868 clarificavit,
3507 4806 3561 4856 ut
3598 4796 3799 4871 pontifex

537 4881 781 4953 Moysen.
833 4880 1044 4950 Quibus
1071 4887 1252 4936 autem
1285 4878 1531 4936 infensus
1549 4879 2008 4952 estquadraginta
2030 4897 2129 4937 an~
2233 4888 2392 4945 ﬁeret
2414 4908 2429 4946 :
2453 4890 2547 4947 sed
2576 4892 2665 4962 qui
2688 4892 2905 4951 locutus
2933 4898 3017 4950 est
3037 4893 3105 4949 ad
3133 4900 3286 4949 eum:
3310 4894 3479 4951 Filius
3502 4898 3646 4950 meus
3667 4894 3800 4954 estu,

537 4973 658 5030 nisi
691 4973 882 5031 Nonne
906 4973 1042 5042 illis,
1072 4973 1166 5045 qui
1194 4983 1576 5055 peccaverunt,
1603 4980 1835 5044 quorum
1866 4975 2131 5033 cadavera
2234 4995 2335 5051 ego
2367 4979 2529 5038 hodie
2554 4983 2717 5053 genui
2748 4988 2824 5039 te.
2870 4984 3339 5054 Quemadmodum
3380 4992 3437 5042 et
3474 4987 3526 5045 tu
3555 4978 3655 5042 lilio
3705 4983 3801 5038 loco

537 5076 806 5140 prostrata
835 5074 962 5125 sunt
988 5068 1044 5123 iu
1062 5066 1326 5125 deserto?
1354 5067 1568 5138 Quibus
1589 5077 1772 5124 autem
1798 5068 2001 5140 iuravit
2023 5085 2133 5127 non
2235 5072 2404 5129 dicit:
2443 5073 2525 5130 'l‘u
2546 5089 2605 5130 es
2625 5073 2955 5133 sacerdosin
2979 5084 3238 5135 mtermum
3264 5078 3565 5138 secundum
3587 5079 3799 5135 ordinem

534 5160 763 5220 introitu
796 5160 853 5217 in
895 5160 1142 5233 requiem
1176 5161 1371 5232 ipsius,
1418 5162 1525 5219 nisi
1560 5162 1697 5233 illis,
1738 5164 1835 5235 qui
1867 5163 2133 5220 increduli
2236 5163 2653 5222 Melchisedech.
2697 5167 2801 5236 Qui
2823 5168 2877 5224 in
2906 5168 3093 5227 diebus
3118 5172 3299 5227 carnis
3328 5176 3461 5243 stite,
3496 5176 3675 5246 preces
3698 5180 3800 5237 supr

605 5458 633 5486 ι
662 5441 1009 5522 Aliter-idem
1036 5452 1167 5522 me,
1201 5436 1461 5521 Narrabo,
1490 5437 1584 5521 qui
1604 5447 1659 5495 et
1680 5439 1841 5522 paulo
1867 5449 1987 5509 ροει
2012 5454 2136 5507 pro-
2318 5451 2341 5480 ⁸
2372 5443 2537 5522 _Addi_t
2587 5446 2860 5522 Palatinus
2887 5462 2990 5504 ms.
3039 5461 3104 5502 ex
3156 5446 3404 5522 infcriori
3456 5452 3727 5522 contextu,
3752 5439 3791 5493 iu

536 5534 732 5577 nomen
765 5516 886 5590 mei,
912 5511 999 5567 ubi
1029 5510 1233 5564 dicitur
1262 5510 1410 5579 pueri
1434 5510 1566 5575 mei,
1597 5526 1719 5566 cum
1738 5510 1928 5568 Grzrco
1949 5526 2132 5566 cxem-
2238 5515 2464 5590 requiem
2508 5517 2675 5590 ἱρεὲηρ
2706 5534 2725 5574 :
2750 5533 2873 5590 qua:
2914 5528 3091 5575 tamen
3118 5518 3281 5574 verba
3314 5532 3497 5590 neque
3539 5520 3592 5574 in
3630 5513 3792 5571 Cm

538 5588 915 5662 plarireticet.
1116 5650 1148 5662 η
1266 5658 1275 5662 _
1550 5660 1553 5662 _
1622 5649 1699 5662 ...Α
1757 5652 1785 5662 μ
1826 5646 1865 5662 _
1908 5654 1931 5662 __
2239 5582 2547 5662 exemplari
2574 5582 2863 5662 habcnfur.

536 5646 1061 5801 ἱῶὦιέχὲῗοῧπὲἳῗ
1079 5650 1283 5722 aliquot
1330 5648 1520 5717 libros,
1545 5649 1734 5720 quibus
1754 5652 1808 5707 in
1826 5646 1998 5709 Palat.
2026 5668 2128 5708 ms.
2308 5654 2331 5692 ά
2369 5646 2423 5712 in
2459 5658 2701 5714 Padatino
2730 5676 2856 5728 tns.,
2885 5659 2972 5730 qui
3001 5658 3301 5731 ignorantes
3325 5668 3500 5728 eruit,
3526 5668 3633 5717 etet
