3946 6198
173 341 274 399 817
975 346 1308 422 EPISTULA
1458 341 1663 400 PAULI
1703 339 2041 398 APOSTOLI
2081 340 2174 396 AD
2214 341 2582 400 HEBREOS.
3341 345 3447 399 818

175 473 342 515 annos
367 456 562 514 eisdem
583 458 711 530 ipsis
735 456 956 529 hostiis,
989 419 1126 530 quas
1155 419 1388 516 oﬂ‘erunt
1418 457 1734 513 indesiiien-
1770 455 1826 517 Α
1850 453 2031 509 buam.
2079 454 2146 508 Et
2172 453 2367 510 iterum
2394 473 2410 509 ε
2449 456 2583 525 Quia
2611 457 2876 528 judicabit
2901 458 3162 514 Dominus
3189 458 3448 529 pupulum

178 560 278 617 ter,
313 565 592 620 numquam
637 559 816 621 potest
854 551 1181 607 accedentes
1229 550 1498 619 perfectos
1525 549 1743 604 facere:

171 642 404 712 alioquin
436 651 736 697 cessassent
766 642 946 698 oﬂ‘erri
973 660 986 696 :
1027 642 1150 698 ideo
1182 642 1323 712 quod
1349 642 1548 695 nullam
1580 640 1747 695 liabe-

172 744 288 790 i-ent
336 735 474 790 ultra
536 735 921 791 conscientiam
983 736 1235 804 peccati,
1290 736 1527 789 cultores
1578 733 1748 788 semel

171 827 444 883 iiiundati:
491 828 583 882 sed
612 829 679 886 .in
731 829 861 896 ipsis
901 828 1354 884 commemoratio
1400 837 1747 894 peccatorum

171 936 262 992 per
305 920 546 991 singulos
590 933 763 973 annos
795 919 869 972 ﬁt.
930 917 1272 990 [inpossibile
1311 918 1456 972 enim
1491 926 1575 970 cst
1618 915 1744 986 [Με.

170 1011 300 1084 erat]
331 1011 594 1081 sanguine
637 1021 913 1066 taurorum
957 1022 1012 1064 et
1055 1009 1335 1065 hircorum
1379 1008 1582 1063 auferri
1617 1023 1746 1078 pec-

169 1115 299 1160 cata.
337 1103 465 1158 ldco
496 1103 802 1174 ingrediens
851 1103 1112 1158 mundum
1153 1103 1321 1157 dicit:
1370 1103 1646 1168 llostiam,
1695 1112 1748 1155 et

167 1196 484 1251 oblationem
529 1194 793 1250 noluisti:
840 1211 1037 1265 corpus
1081 1205 1261 1251 autem
1319 1195 1516 1264 aptasti
1571 1192 1743 1248 mihi:

168 1289 592 1342 liolocautomata
627 1297 652 1323 α
692 1302 788 1357 pro
833 1299 1056 1358 peccato
1109 1304 1216 1342 non
1262 1287 1356 1342 tibi
1401 1288 1742 1358 placuerunt.

165 1381 309 1438 Tunc
337 1379 485 1436 dixi:
518 1379 654 1435 Ecce
687 1380 890 1436 venio:
918 1379 971 1435 in
1003 1381 1180 1450 capite
1214 1381 1337 1434 libri
1369 1381 1628 1450 scriptum
1665 1391 1749 1436 est

167 1473 229 1528 de
258 1489 377 1528 me:
410 1470 480 1529 Ut
511 1475 698 1528 faciam
729 1472 854 1544 [M3,
891 1472 1182 1544 facerem],
1214 1474 1379 1543 Deus,
1417 1476 1744 1529 voluntatem

168 1579 322 1622 tuam.
355 1566 623 1637 Superius
646 1567 837 1622 dicens
866 1585 876 1620 :
911 1567 1046 1634 Quia
1072 1568 1298 1631 hostias,
1333 1580 1387 1621 et
1419 1569 1744 1635 oblationes,

167 1667 216 1714 et
256 1658 690 1714 holocautomnta
741 1675 839 1729 pro
871 1672 1100 1730 peccato
1132 1659 1349 1714 noluisti
1371 1703 1384 1726 ,
1421 1676 1519 1714 nec
1549 1661 1745 1730 placita

165 1760 282 1806 sunt
319 1751 454 1820 tibi,
513 1766 634 1822 qua:
676 1752 976 1807 secundum
1021 1751 1194 1822 legem
1241 1751 1561 1818 offeruntur,
1620 1762 1747 1808 tunc

1851 562 2031 599 suum.
2071 545 2418 602 Hot'l‘ettdum
2469 558 2555 603 est.
2604 549 2846 606 incidere
2895 551 2948 605 in
2995 564 3187 605 manus
3228 551 3323 605 Dei
3363 551 3450 607 Vi-

1853 640 2049 693 ventis.
2093 639 2555 696 Reiiicmoramini
2583 654 2765 698 autem
2790 645 3052 714 pristinos
3083 645 3225 712 dies,
3252 647 3305 699 in
3328 645 3451 714 qui—

1849 729 1949 784 bus
1972 731 2278 796 illuminati,
2302 748 2553 803 magnum
2585 747 2861 791 certamen
2885 735 3214 791 sustinuistis
3240 737 3447 805 passio-

1851 838 1976 875 num
2005 865 2020 888 ,
2046 832 2099 875 et
2128 824 2179 877 iii
2202 824 2378 880 altero
2410 827 2624 895 quidem
2652 869 2666 891 ,
2714 828 3022 898 opprobriis
3048 840 3100 882 et
3136 829 3444 906 tribulatio-

1851 913 2011 968 nibus
2041 916 2410 996 spectaculum
2459 917 2585 972 facti
2614 938 2624 973 :
2657 923 2708 973 in
2741 921 2911 974 altero
2941 929 3120 975 autem
3152 963 3164 986 ,
3205 921 3340 977 socii
3367 931 3448 975 ta-

1851 1007 1977 1062 liter
2004 1010 2442 1065 conversantium
2473 1011 2672 1068 eﬁ‘ecti.
2714 1013 2846 1068 Nam
2871 1023 2927 1069 et
2957 1014 3153 1070 vinctis
3173 1015 3444 1084 compassi

1851 1101 2021 1167 estis,
2053 1109 2110 1156 et
2137 1102 2379 1171 rapinam
2423 1104 2698 1160 bonorum
2736 1117 3040 1162 vestrorum
3086 1122 3206 1161 cum
3247 1107 3448 1176 gaudio
3502 1099 3519 1114 ’

1850 1192 2168 1263 suscepistis
2193 1236 2208 1260 ,
2257 1209 2654 1266 cognoscentes
2694 1214 2792 1252 vos
2843 1197 3048 1255 habere
3088 1199 3366 1254 meliorem
3393 1208 3451 1255 et

1851 1296 2164 1343 manentem
2190 1289 2573 1346 substantiam.
2615 1291 2794 1348 Nolite
2831 1293 3012 1364 itaque
3041 1293 3294 1350 amittere
3317 1308 3450 1348 con—

1850 1379 2130 1436 ﬁdentiam
2174 1392 2412 1438 vestram
2439 1425 2454 1450 ,
2505 1400 2627 1454 quae
2659 1401 2908 1455 magnam
2936 1385 3099 1442 habet
3134 1401 3452 1442 remunera-

1852 1473 2075 1528 tionem.
2119 1473 2387 1530 Patientia
2422 1477 2566 1530 enim
2602 1477 2754 1532 vobis
2779 1478 3085 1534 necessaria
3109 1488 3232 1536 est:
3267 1486 3326 1533 ut
3355 1492 3451 1533 vo-

1851 1563 2112 1618 luntatem
2160 1565 2255 1620 Dei
2297 1558 2562 1622 iacientes
2591 1610 2604 1634 ,
2655 1569 2954 1638 reportetis
2997 1569 3441 1639 promissionem.

1849 1651 2043 1708 Adhuc
2091 1655 2234 1708 enim
2281 1656 2556 1709 modicum
2591 1657 3012 1726 aliquantulum,
3057 1657 3152 1728 qui
3183 1670 3446 1716 venturus

1849 1755 1965 1812 est,
1996 1749 2176 1803 veniet
2201 1789 2217 1814 ,
2250 1756 2304 1802 et
2327 1763 2438 1803 non
2472 1749 2726 1805 tardabit.
2767 1750 2957 1806 Justus
2983 1762 3166 1806 autem
3197 1766 3349 1806 meus
3379 1767 3448 1808 ex

163 1843 303 1898 dixi:
348 1843 492 1899 Ecce
536 1844 693 1900 venio
721 1887 736 1911 ,
785 1853 844 1898 ut
894 1843 1088 1898 faciam
1119 1887 1133 1910 ,
1179 1845 1321 1900 Deus
1348 1884 1364 1910 ,
1408 1845 1743 1899 voluntatem
1778 1842 1823 1902 Β
1852 1840 1958 1896 ﬁde
1983 1840 2152 1896 vivit:
2183 1842 2325 1912 quod
2353 1844 2395 1897 si
2430 1843 2763 1898 subtraxerit
2785 1859 2880 1912 se,
2926 1862 3030 1899 non
3064 1844 3298 1914 placebit
3325 1844 3449 1899 ani-

165 1946 303 1992 tuam
332 1956 343 1991 :
390 1937 564 1993 aufert
615 1938 849 2005 primum
874 1982 888 2007 ,
935 1947 990 1992 ut
1023 1952 1260 2008 sequens
1291 1947 1514 1992 statuat.
1558 1939 1612 1992 lii
1641 1951 1748 2008 qua

162 2030 427 2085 voluntate
454 2030 778 2086 sanctiﬁcati
813 2046 1003 2085 sumus
1027 2047 1120 2100 per
1144 2032 1468 2086 oblationem
1499 2031 1748 2099 corporis

162 2122 280 2178 Jesu
311 2122 509 2178 ChriSIi
540 2124 706 2178 semel
741 2121 872 2196 [Με.
901 2124 954 2177 in
989 2123 1200 2195 semel].
1237 2124 1301 2177 Et
1328 2125 1504 2177 omnis
1526 2122 1744 2193 quidem

162 2215 404 2270 sacerdos
438 2224 640 2285 priesto
680 2228 762 2271 est
789 2218 1032 2287 quotidie
1063 2217 1410 2282 iiiiiiistraus,
1445 2229 1497 2271 et
1527 2217 1744 2271 easdem

162 2322 295 2377 saepe
333 2306 569 2363 offerens
611 2309 862 2374 hostias,
910 2324 1032 2378 quae
1069 2326 1360 2379 numquam
1393 2319 1622 2378 possunt
1650 2325 1746 2362 auo

162 2397 292 2452 ferre
333 2410 599 2468 peccata:
651 2399 736 2454 hic
781 2407 960 2454 autem
995 2416 1156 2454 unam
1201 2417 1296 2469 pro
1341 2399 1578 2468 peccatis
1608 2397 1746 2454 offe-

163 2506 276 2546 rens
303 2480 564 2564 hostiam,
598 2493 650 2548 iii
683 2494 1075 2564 sempiternum
1102 2495 1258 2550 sedet
1283 2497 1334 2549 iii
1366 2496 1588 2551 dextera
1621 2495 1741 2563 Dei,

162 2585 223 2640 de
265 2596 466 2642 cretero
504 2600 832 2657 exspectans
863 2589 1035 2644 donec
1079 2601 1348 2658 ponantur
1385 2589 1591 2644 inimici
1625 2589 1744 2659 ejus

162 2677 439 2734 scabellum
491 2680 692 2748 pedum
743 2681 880 2750 ejus.
924 2679 1041 2736 Una
1083 2682 1226 2737 enim
1269 2681 1574 2749 oblatione,
1607 2696 1740 2736 con-

159 2773 427 2826 summavit
469 2773 521 2825 iii
570 2772 960 2842 sempiternum
1009 2775 1398 2830 satictiﬁcatos.
1457 2775 1744 2831 Contesta-

162 2871 236 2916 tur
260 2875 432 2919 autem
463 2881 569 2919 nos
608 2876 664 2920 et
693 2865 933 2935 Spiritus
963 2878 1205 2922 sanctus.
1272 2868 1564 2938 Postquam
1596 2870 1741 2924 enim

161 2951 322 3009 dixit:
367 2955 476 3010 Hoc
527 2965 713 3010 autem
767 2967 1184 3025 testamentum,
1213 2960 1358 3030 quod
1403 2961 1642 3016 testabor
1672 2963 1741 3017 ad

161 3046 272 3101 illus
311 3058 430 3116 post
473 3049 603 3103 dies
646 3049 769 3104 illos
798 3092 810 3115 ,
863 3049 993 3104 dicit
1028 3050 1326 3106 Domitius:
1383 3053 1566 3106 Daiido
1597 3052 1742 3124 leges

162 3154 296 3194 meas
328 3142 377 3196 in
409 3143 674 3198 cordibus
705 3159 890 3197 eorum
913 3185 926 3209 ,
960 3156 1010 3199 et
1041 3143 1093 3198 iii
1128 3145 1402 3199 mentibus
1429 3160 1622 3199 eorum
1646 3163 1738 3199 su-

1852 1948 1955 1986 mte
1983 1949 2138 1988 meae.
2181 1934 2290 1989 Nos
2310 1943 2488 1989 autem
2514 1951 2614 1992 nos
2644 1951 2830 1991 sumus
2853 1938 3238 1992 subtractionis
3267 1937 3358 1991 lilii
3392 1937 3448 1993 in

1851 2024 2235 2095 perditionem,
2268 2028 2364 2082 sed
2393 2027 2516 2082 ﬁdei
2549 2029 2600 2082 in
2631 2029 3047 2098 aequisitionetn
3078 2029 3294 2084 animae.

1920 2117 2072 2190 [Cap.
2103 2120 2217 2192 XL]
2251 2120 2349 2176 Est
2379 2131 2561 2178 autem
2594 2123 2726 2176 lides
2757 2123 3150 2192 sperandarum
3183 2125 3444 2179 substan-

1851 2213 1926 2268 tia
1976 2230 2184 2280 rerum,
2229 2228 2609 2284 argumentum
2663 2231 2771 2270 non
2821 2217 3223 2287 apparetitium.
3259 2217 3315 2270 lti
3347 2216 3448 2272 hac

1847 2307 1990 2360 enim
2025 2306 2398 2360 testimonium
2448 2309 2731 2361 consecuti
2785 2319 2913 2362 sunt
2957 2323 3138 2361 senes.
3178 2307 3308 2362 Fide
3363 2309 3449 2362 in-

1849 2397 2143 2467 telligimus
2173 2407 2356 2461 aptata
2385 2415 2506 2454 esse
2537 2400 2736 2454 sa'cula
2767 2401 2934 2456 verbo
2967 2400 3086 2465 Dei,
3127 2409 3188 2454 ut
3214 2416 3280 2455 ex
3307 2401 3447 2455 invi-

1845 2490 2099 2544 sibilibus
2149 2489 2384 2545 visibilia
2437 2492 2648 2546 ﬁerent.
2698 2492 2832 2547 Fide
2875 2493 3158 2560 plurimam
3213 2493 3446 2548 hostiam

1846 2584 2013 2648 Abel,
2059 2600 2218 2652 quam
2247 2583 2414 2651 Cain,
2460 2585 2658 2639 obtulit
2690 2587 2800 2640 Deo
2821 2627 2835 2651 ,
2870 2601 2968 2655 per
2996 2600 3158 2656 quam
3199 2583 3449 2641 testimo-

1845 2677 1994 2731 nium
2027 2685 2360 2731 consecutus
2388 2685 2470 2730 est
2501 2691 2623 2732 esse
2649 2678 2847 2745 justus,
2903 2677 3269 2732 testimonium
3315 2692 3445 2746 per-

1848 2768 2071 2825 hibente
2101 2769 2414 2824 muneribus
2440 2769 2558 2838 ejus
2585 2769 2732 2827 Deo:
2771 2779 2825 2824 et
2853 2785 2947 2838 per
2977 2769 3124 2823 illam
3156 2767 3445 2827 defunctus

1845 2861 2024 2916 adhuc
2052 2861 2310 2930 loquitur.
2342 2860 2478 2916 Fide
2503 2861 2724 2916 Heiiocli
2748 2861 3035 2915 translatus
3065 2872 3170 2929 est,
3202 2878 3269 2916 ne
3293 2861 3446 2919 vide-

1848 2963 2199 3018 retmortem,
2223 2961 2276 3008 ct
2299 2970 2403 3008 non
2425 2953 2818 3020 inveniebatur,
2843 2955 2964 3025 quia
2993 2954 3264 3009 transtulit
3290 2955 3440 3009 illum

1845 3046 2024 3102 Deus:
2071 3058 2196 3102 ante
2226 3047 2636 3103 translationem
2686 3050 2829 3102 enim
2861 3050 3226 3104 testimonium
3257 3050 3447 3104 liabuit

1847 3139 2112 3209 placuisse
2145 3141 2273 3194 Deo.
2330 3141 2459 3195 Sine
2487 3141 2588 3195 ﬁde
2634 3151 2812 3195 autem
2845 3143 3179 3213 ἱηιρο.ιεὶι›ἱιε
3206 3151 3287 3196 est
3331 3142 3447 3213 pla-

162 3237 475 3303 pcrscribnm
509 3253 645 3292 eas:
685 3247 736 3292 et
779 3247 1125 3308 peceatorum
1152 3281 1166 3305 ,
1199 3251 1252 3294 et
1280 3240 1618 3310 iniqtiitatnm
1649 3255 1742 3295 co-
1770 3218 1815 3282 (ἶ
1846 3248 1972 3286 cere
2025 3233 2159 3288 Deo.
2215 3233 2451 3288 Credere
2500 3234 2646 3288 enim
2693 3244 2909 3301 Opoitct
2969 3234 3340 3290 accedentem“
3377 3235 3447 3290 ad

164 3344 265 3383 rum
290 3330 392 3400 jam
424 3348 535 3386 non
565 3331 894 3386 recordabor
925 3331 1178 3401 amplius.
1207 3331 1306 3387 Ubi
1333 3348 1514 3388 autem
1550 3336 1742 3387 horum

164 3423 422 3486 remissio,
459 3425 581 3495 jam
628 3439 734 3478 non
766 3434 850 3479 est
878 3425 1081 3478 oblatio
1112 3440 1208 3494 pro
1243 3436 1486 3495 peccato.
1530 3426 1745 3480 liaben-

162 3525 232 3570 tes
258 3518 464 3588 itaque,
498 3519 734 3582 fratres,
783 3518 1033 3572 ﬁduciam
1077 3519 1129 3572 iii
1161 3517 1394 3573 introitu
1424 3532 1741 3574 sanctorum

162 3607 206 3661 iti
241 3613 492 3680 sanguine
535 3609 773 3678 Christi,
819 3627 976 3680 quam
1022 3612 1250 3665 initiavit
1277 3612 1430 3666 nobis
1467 3613 1608 3666 viain
1645 3630 1743 3666 no-

159 3717 268 3754 vatn
296 3745 310 3769 ,
363 3713 414 3758 et
457 3705 739 3759 viventem
789 3721 883 3773 per
929 3706 1174 3759 velamen
1204 3747 1217 3771 ,
1272 3705 1323 3759 id
1371 3715 1473 3773 est,
1519 3722 1740 3760 earnem

158 3805 298 3847 suam
323 3836 336 3857 ,
387 3808 438 3849 et
479 3797 826 3852 sacerdotem
879 3813 1130 3867 maguum
1163 3812 1327 3867 super
1349 3797 1570 3852 domum
1603 3800 1698 3854 Dei
1726 3820 1735 3853 :

158 3887 456 3941 accedamus
512 3904 640 3942 cum
685 3904 814 3943 vero
857 3893 1020 3943 ctirde
1083 3891 1133 3943 in
1202 3890 1538 3958 plenitudine
1589 3893 1736 3958 fidei,

158 3982 346 4046 aspersi
389 3981 564 4036 corda
617 3997 643 4036 a
675 3981 1003 4036 conscientia
1039 3981 1210 4044 mala,
1253 3990 1307 4034 et
1338 3981 1508 4034 abluti
1540 3998 1741 4051 corpus

158 4084 280 4136 aqua
323 4074 522 4126 munda
554 4115 566 4136 ,
617 4083 898 4127 teneamus
943 4073 1056 4142 spei
1102 4086 1297 4127 nosuae
1337 4071 1738 4128 confessionem

161 4161 587 4222 indeclinabilem
622 4165 824 4236 (ﬁdelis
855 4168 1000 4221 enim
1037 4177 1122 4219 est
1155 4166 1246 4236 qui
1277 4165 1607 4236 repromisit)
1639 4211 1650 4235 ,
1685 4176 1740 4221 et

158 4258 557 4317 consideremus
592 4259 821 4314 invicem
858 4261 906 4312 in
955 4258 1397 4329 provocationem
1427 4258 1735 4328 cliaritatis,

159 4357 207 4400 et
236 4351 488 4407 bonorum
545 4367 804 4421 operum:
841 4369 946 4405 non
995 4352 1313 4406 deserentes
1354 4351 1734 4407 collecticiieiii

158 4455 413 4510 nostram,
455 4447 604 4500 sicut
655 4445 1067 4500 consuetudinis
1113 4456 1198 4500 est
1237 4446 1598 4516 quibusdam:
1643 4446 1736 4500 sed

158 4539 514 4606 consolantes,
545 4550 594 4593 et
627 4549 777 4593 tanto
812 4538 982 4610 magis
1023 4553 1225 4609 quanto
1254 4539 1500 4592 rideritis
1541 4553 1734 4607 appro-

1849 3324 2051 3390 Deutii,
2090 3324 2215 3395 quia
2256 3337 2372 3391 est,
2419 3333 2475 3381 ct
2506 3326 2906 3396 inqtiiietttibus
2953 3343 3012 3381 se
3067 3338 3450 3385 t'eitttincrzitor

1843 3417 1934 3471 sit.
1969 3416 2102 3472 Fide
2131 3416 2281 3480 Noe,
2318 3433 2582 3488 responso
2635 3429 2862 3488 accepto
2904 3419 2972 3474 de
3007 3421 3070 3473 iis
3107 3436 3230 3489 quin
3262 3419 3445 3475 adhuc

1845 3525 1954 3565 non
1984 3510 2309 3565 videbantur
2335 3553 2350 3577 ,
2380 3521 2628 3566 metuens
2659 3513 2872 3581 aptavit
2897 3528 3082 3566 arcam
3115 3513 3166 3564 iii
3206 3512 3440 3568 salutem

1844 3603 2038 3655 domus
2077 3618 2217 3664 sum,
2258 3618 2355 3672 per
2383 3620 2546 3671 quam
2594 3603 2871 3657 damnavit
2902 3603 3162 3656 mundum
3192 3621 3205 3655 :
3236 3611 3289 3655 et
3316 3603 3438 3671 jus-

1847 3696 2002 3764 ti:im,
2034 3713 2152 3766 quae
2188 3713 2282 3765 per
2313 3696 2472 3751 ﬁdem
2499 3706 2605 3762 est,
2653 3698 2828 3750 lia'res
2855 3706 2941 3749 est
2980 3696 3279 3748 institutus.
3310 3695 3442 3748 Fide

1845 3791 1934 3859 qui
1983 3800 2207 3843 vocatur
2263 3789 2564 3856 Abraham,
2622 3789 2867 3844 ohedivit
2914 3789 2965 3842 in
3025 3791 3202 3842 locum
3251 3789 3436 3856 exire,

1845 3897 2003 3950 quem
2033 3891 2354 3949 accepturus
2378 3891 2498 3935 erat
2529 3883 2578 3933 iii
2605 3881 2984 3936 Ii:i.-reditateni
3015 3899 3028 3936 :
3073 3893 3124 3936 et
3159 3884 3310 3948 exiit,
3347 3897 3443 3936 ne-

1844 3975 2021 4029 scietis
2051 3990 2157 4042 quo
2185 3975 2309 4028 ircl.
2348 3973 2479 4028 Fide
2521 3974 2832 4028 tiCIIIOI':llllS
2863 3987 2944 4029 est
2994 3976 3044 4030 in
3077 3985 3219 4030 terra
3250 3991 3443 4047 repro-

1845 4068 2122 4121 missionis
2147 4110 2159 4131 ,
2196 4078 2448 4137 tatiqtiaiii
2483 4067 2534 4121 iii
2561 4065 2735 4123 alie'na
2760 4112 2773 4134 ,
2812 4071 2864 4123 in
2889 4069 3088 4124 casulis
3120 4070 3442 4137 habitando,

1842 4174 1964 4213 cum
2023 4158 2172 4213 Isaac
2227 4168 2280 4214 et
2331 4159 2499 4215 Jncob
2557 4160 2938 4216 culta-rudibus
2998 4161 3444 4231 repl'flllliSSiOitiS

1843 4249 2111 4316 ejusdem.
2162 4252 2521 4320 lix~pectabat
2568 4253 2709 4306 etiitn
2757 4253 3104 4308 fundamenta
3154 4253 3442 4306 habeiitetii

1842 4345 2114 4398 civitatem
2147 4364 2156 4397 :
2206 4346 2360 4413 cujus
2403 4346 2596 4399 artifex
2649 4356 2703 4400 et
2751 4347 2998 4399 conditor
3030 4345 3192 4398 Deus.
3227 4343 3356 4398 Fide
3385 4353 3444 4399 et

1845 4437 1954 4506 ipsa
1988 4435 2118 4491 Sara
2147 4436 2349 4490 sterilis
2395 4437 2647 4490 virtutem
2676 4436 2727 4489 iii
2757 4435 3170 4502 cniiceptiOiii-tn
3215 4436 3440 4489 seminis

1842 4531 2070 4596 accepit,
2106 4530 2266 4584 etiam
2297 4539 2491 4598 pia-ter
2523 4542 2732 4597 tempus
2759 4529 2935 4580 artatis
2962 4545 2970 4576 :
2999 4528 3254 4594 quoniam
3308 4526 3440 4581 ﬁdc-

160 4627 485 4697 pinqtiaiitem
525 4630 690 4685 diem.
731 4630 1051 4687 Voluntarie
1083 4632 1227 4686 enim
1257 4631 1608 4700 peccantibus
1638 4649 1734 4685 tio-
1761 4599 1818 4659 Β
1843 4624 1947 4678 him
1995 4624 2222 4678 credidit
2253 4638 2372 4677 esse
2403 4638 2525 4676 cum
2554 4666 2567 4689 ν
2620 4622 2708 4690 (illi
2763 4621 3165 4687 νθιιιίιιιιῖεθιηιι·
3208 4613 3439 4688 Pro[iter

160 4717 236 4773 his
255 4733 365 4790 post
393 4735 672 4795 acceptam
715 4727 956 4780 notitiam
989 4725 1232 4780 veritatis
1253 4769 1265 4792 ,
1294 4726 1405 4796 jam
1445 4741 1548 4782 non
1579 4729 1738 4782 relin-

157 4815 324 4881 quitur
349 4833 442 4887 pro
474 4818 714 4889 peccatis
747 4819 920 4873 hoSIia
949 4835 962 4872 :
995 4819 1254 4873 terribilis
1281 4828 1458 4873 autem
1485 4820 1735 4890 quadam

158 4911 478 4973 exspectatio
502 4909 721 4981 judieii,
751 4919 806 4965 et
835 4911 973 4979 ignis
1003 4911 1298 4976 aemulatio,
1333 4929 1451 4978 qua:
1487 4928 1738 4966 consum-

158 5005 297 5064 ptura
331 5013 411 5058 est
463 5003 828 5058 adversarios.
889 5003 1099 5058 Irritam
1149 5005 1268 5074 quis
1316 5003 1519 5060 faciens
1561 5007 1732 5075 legem

154 5086 329 5162 Moysi,
355 5097 475 5151 sine
516 5097 624 5151 ulla
671 5097 1025 5152 miseratione
1072 5096 1285 5152 duobus
1325 5098 1410 5152 vel
1439 5098 1612 5152 tribus
1647 5109 1729 5152 te-

153 5181 312 5239 stibus
339 5189 570 5242 m0titur
598 5207 608 5240 :
652 5197 854 5255 quanto
894 5192 1060 5260 magis
1092 5189 1290 5258 putatis
1326 5189 1591 5243 deteriora
1623 5204 1734 5243 me-

153 5275 251 5328 reri
276 5280 556 5348 supplicia,
591 5283 678 5351 qui
705 5281 900 5336 Filium
933 5281 1027 5337 Dei
1060 5282 1496 5351 conculcaverit,
1528 5290 1584 5337 et
1610 5296 1735 5335 sati-

151 5366 352 5432 guinem
391 5375 699 5428 testamenti
733 5375 994 5443 pollutum
1027 5374 1242 5430 duxerit
1270 5417 1282 5441 ,
1319 5377 1370 5428 in
1400 5390 1505 5443 quo
1533 5375 1736 5428 satitli-

155 5456 331 5514 ficatus
361 5472 482 5530 est,
525 5475 576 5519 et
619 5466 831 5536 spiritui
865 5465 1053 5536 gratiae
1085 5466 1468 5520 contumeliam
1509 5465 1695 5518 fet-erit
1723 5464 1735 5516 ε

152 5545 354 5608 Scimus
383 5554 528 5610 enim
556 5556 650 5628 qui
692 5557 865 5612 dixit:
901 5558 1030 5612 Mihi
1055 5556 1294 5613 vindicta
1314 5599 1330 5624 ,
1363 5567 1415 5612 et
1443 5572 1546 5626 ego
1574 5555 1735 5610 retri-

219 5743 243 5771 ⁸
282 5735 474 5790 Verius
519 5742 956 5806 coniunctionem
998 5753 1044 5796 et
1090 5743 1366 5797 Palatinus
1399 5758 1501 5797 ms.
1545 5740 1727 5796 addit:

150 5803 351 5875 Graece,
379 5813 464 5865 καὶ
489 5803 908 5889 περίὰμαρτίαὓ
940 5828 1103 5884 Quam
1135 5825 1191 5871 et
1219 5815 1378 5884 paulo
1402 5825 1530 5884 poet
1559 5813 1738 5870 lectio-

1841 4716 1986 4786 quod
2011 4727 2063 4770 ct
2091 4718 2158 4770 ab
2178 4731 2283 4769 uno
2325 4714 2429 4769 orti
2461 4715 2696 4782 siint(et
2727 4713 2826 4766 hoc
2850 4721 3132 4788 eintrtuol
3163 4719 3439 4779 tamquam

1841 4808 2019 4864 sidera
2052 4809 2174 4864 coeli
2210 4809 2260 4863 in
2294 4807 2718 4872 multitudinem,
2752 4815 2806 4860 et
2830 4805 2971 4859 sicut
2996 4818 3182 4871 arena,
3206 4819 3326 4874 qum
3355 4813 3440 4858 est

1840 4903 1906 4956 ad
1939 4918 2089 4957 oram
2125 4903 2311 4967 maris,
2342 4900 2770 4956 innumerabilis.
2813 4899 2977 4953 Juxta
3007 4897 3166 4952 ﬁdem
3197 4897 3440 4954 defuncti

1839 5006 1965 5051 sunt
1990 5009 2178 5050 ouines
2213 4994 2322 5060 isti,
2359 5007 2463 5047 non
2503 4991 2742 5061 acceptis
2771 4987 3305 5060 repromissionibus,
3337 4988 3438 5043 sed

1837 5103 1866 5142 a
1896 5089 2053 5155 longe
2095 5101 2185 5139 eas
2224 5086 2571 5155 aspicientes,
2602 5093 2657 5138 et
2686 5084 3002 5147 salutantes,
3031 5093 3085 5136 et
3112 5081 3438 5135 conﬁtentes

1840 5183 1964 5251 quia
1997 5178 2263 5249 peregrini
2293 5186 2349 5231 et
2393 5176 2638 5244 hospites
2683 5183 2808 5228 sunt
2857 5189 3023 5244 super
3071 5183 3290 5228 terram.
3333 5173 3439 5240 Qui

1837 5275 1981 5330 enim
2016 5272 2132 5325 ιιίιςε
2172 5272 2395 5333 dicunt,
2444 5267 2750 5338 signiﬁcant
2782 5279 2843 5321 se
2870 5265 3097 5336 patriam
3141 5263 3437 5332 inquirere.

1839 5367 1906 5422 Et
1937 5369 1979 5421 si
2017 5364 2236 5435 quidem
2283 5361 2450 5431 ipsius
2495 5358 2873 5414 meminissent
2915 5357 2982 5412 de
3023 5372 3125 5427 qua
3157 5357 3436 5422 exierunt,

1838 5457 2111 5512 habebant
2160 5455 2340 5522 utique
2388 5460 2602 5523 tempus
2651 5451 3000 5506 revertendi:
3054 5461 3196 5504 nunc
3252 5456 3434 5501 autem

1835 5549 2115 5606 meliorem
2146 5555 2430 5614 appetunt,
2463 5546 2514 5599 id
2543 5552 2648 5612 est,
2677 5543 2979 5597 cmlestem.
3006 5535 3132 5596 Ideo
3165 5552 3270 5593 non
3300 5553 3436 5592 con-

1843 5757 1964 5798 nem
1995 5741 2175 5796 denuo
2206 5737 2349 5792 idem
2383 5751 2507 5790 cum
2543 5732 2738 5788 Graeco
2765 5740 2968 5786 servat.
