3946 6198
535 277 641 333 819
1547 272 1606 329 S.
1649 267 2035 332 lllERONYMl
2076 267 2310 328 DIVINA
2351 265 2821 325 BlBLlOTIIECA.
3713 274 3792 328 8°10

535 393 777 449 funditur
800 394 940 448 Deus
969 393 1148 447 vocari
1178 392 1323 446 Deus
1347 404 1533 445 eorum
1563 407 1575 442 :
1608 387 1819 458 paravit
1851 386 1996 442 enim
2025 385 2132 440 illis
2158 388 2206 446 Α
2236 394 2418 440 catum
2460 393 2829 456 repugnantes
2855 400 2869 439 :
2902 392 2955 438 et
3002 384 3156 439 obliti
3216 384 3350 439 estis
3403 385 3787 456 consolationis,

538 489 836 546 civitatem.
867 486 999 541 Fide
1021 485 1217 541 obtulit
1239 483 1511 539 Abraham
1546 482 1715 546 Isaac,
1745 495 1866 536 cum
1899 488 2136 534 tentare-
2238 493 2360 548 quae
2387 477 2541 532 vobis
2569 486 2840 548 tamquam
2884 475 3010 531 ﬁliis
3040 475 3299 546 loquitur,
3328 475 3553 532 dicens:
3587 477 3676 532 Fili
3702 481 3786 548 ml,

539 589 648 646 tur,
681 591 732 636 et
759 578 1092 649 unigenitum
1119 575 1385 631 oll'erebat
1409 615 1423 640 ,
1465 575 1554 644 qui
1602 580 1916 642 susceperat
1946 584 2135 640 repro-
2239 570 2348 624 noli
2391 569 2665 640 negligere
2702 567 3043 639 disciplinam
3071 567 3285 623 Domini
3318 587 3330 621 :
3371 584 3547 637 neque
3569 569 3782 644 latigeris,

538 673 861 736 missiones;
910 669 976 723 ad
1007 683 1165 740 quem
1200 667 1402 722 dictum
1433 675 1552 721 est:
1605 662 1745 733 Quia
1777 664 1830 717 in
1860 661 2010 718 Isaac
2046 676 2136 716 vo-
2238 661 2366 717 dum
2398 662 2466 717 ab
2491 677 2558 717 eo
2587 659 2855 732 argueris.
2888 661 3058 729 Quem
3104 660 3249 716 enim
3301 660 3484 732 diligit
3529 663 3785 732 Dominus,

539 765 750 821 eabitnr
780 762 874 818 tibi
906 777 1092 817 semen
1121 778 1133 814 :
1178 759 1449 815 arbitrans
1473 755 1597 828 quia
1625 766 1680 812 et
1708 772 1735 810 a
1766 754 1993 811 mortuis
2018 767 2140 808 sus—
2238 757 2468 826 castigat
2495 771 2508 808 :
2543 755 2778 826 ﬂagellat
2810 763 2990 809 autem
3036 769 3253 810 omnem
3305 754 3479 809 ﬁlium
3505 797 3520 824 ,
3556 773 3696 828 quem
3723 774 3790 814 re-

538 857 709 911 citare
758 863 948 924 potens
977 863 1057 907 est
1102 853 1275 907 Deus:
1307 849 1449 905 unde
1493 865 1616 905 eum
1647 858 1703 904 et
1731 849 1782 902 in
1826 847 2136 918 parabolam
2239 847 2372 917 cipit
2403 847 2532 920 [Με.
2580 845 2836 918 recepit].
2871 846 2928 902 In
2957 847 3241 916 disciplina
3286 860 3642 917 perseveratc.
3668 850 3791 906 Tatu-

537 946 764 1016 accepit.
797 945 930 1000 Fide
965 952 1020 999 et
1050 945 1116 998 de
1149 943 1344 998 futuris
1393 942 1668 996 benedixit
1710 939 1890 1006 l~aac,
1924 938 2096 994 Jacob
2119 982 2133 1006 ,
2241 957 2401 1011 quam
2436 940 2561 995 ﬁliis
2609 940 2766 995 vobis
2796 939 2958 996 oll‘ert
3004 955 3062 996 se
3112 940 3290 996 Deus:
3324 940 3450 1012 quis
3481 941 3612 996 enim
3648 943 3789 1010 ﬁlius,

536 1047 590 1092 et
625 1037 788 1092 Esau.
818 1037 952 1092 Fide
984 1037 1176 1101 Jacob,
1208 1035 1444 1089 moriens
1467 1077 1479 1100 ,
1513 1033 1752 1103 singulos
1777 1031 2008 1085 ﬁliormn
2041 1029 2139 1085 Jo-
2241 1049 2400 1102 quem
2430 1050 2537 1089 non
2569 1034 2796 1104 corripit
2819 1043 2977 1104 pater
3004 1035 3028 1089 ἵ
3057 1034 3210 1102 Quod
3241 1034 3286 1089 si
3319 1045 3474 1089 extra
3503 1036 3788 1104 disciplinain

536 1128 670 1200 seph
717 1128 1039 1184 benedixit:
1087 1139 1141 1184 et
1190 1127 1441 1182 adoravit
1489 1125 1758 1195 fastigium
1805 1124 1970 1193 virgm
1999 1122 2136 1192 ejus.
2241 1127 2396 1188 estis,
2429 1125 2585 1196 cujus
2618 1127 2916 1197 participes
2949 1125 3073 1180 facti
3098 1138 3225 1182 sunt
3257 1142 3648 1200 omnes:-ergo
3670 1131 3788 1186 adul-

536 1222 669 1279 Fide
689 1223 920 1290 Joseph,
951 1222 1214 1286 moriens,
1250 1221 1318 1276 de
1350 1221 1682 1290 profectione
1715 1217 1946 1271 ﬁliorum
1973 1215 2138 1270 Israel
2242 1217 2370 1284 teri,
2401 1227 2456 1273 et
2488 1234 2594 1273 non
2626 1219 2722 1272 lilii
2753 1219 2904 1273 estis.
2956 1217 3164 1274 Deinde
3190 1228 3370 1289 patres
3415 1219 3620 1292 quidem
3647 1223 3787 1277 carnis

535 1325 868 1372 memoratus
896 1325 1019 1384 est,
1053 1325 1109 1370 et
1155 1314 1224 1370 de
1253 1313 1468 1368 ossibus
1515 1311 1624 1366 suis
1661 1309 1954 1364 mandavit.
2009 1306 2141 1362 Fide
2245 1321 2446 1364 nostra:
2471 1350 2486 1374 ,
2516 1308 2827 1366 eruditores
2859 1309 3176 1377 habuimus,
3207 1320 3262 1366 et
3293 1312 3659 1369 reverebamur
3677 1330 3787 1369 eos:

539 1420 774 1492 Moyses,
809 1420 984 1478 natus,
1015 1410 1316 1465 occultatus
1360 1417 1443 1462 est
1475 1405 1752 1460 mensibus
1785 1404 1953 1458 tribus
1983 1419 2011 1456 a
2047 1416 2141 1472 pa-
2245 1418 2355 1456 non
2389 1403 2562 1458 multo
2590 1404 2761 1474 magis
2792 1405 3290 1475 obtemperabimus
3325 1405 3472 1462 Patri
3511 1408 3784 1479 spirituum,

535 1511 779 1568 rentibus
802 1507 1038 1569 suis;eo
1069 1501 1212 1573 quod
1240 1501 1504 1555 vidissent
1525 1494 2139 1568 eleganteminlantem,
2245 1497 2610 1552 etvicemus?
2655 1497 2724 1554 Ει
2770 1498 2846 1553 mi
2890 1499 3110 1570 quidem
3162 1502 3214 1554 in
3267 1510 3509 1572 tempore
3548 1518 3788 1574 paucorum

537 1615 719 1662 etnon
751 1603 1049 1656 timuerunt
1075 1597 1218 1667 regis
1237 1595 1495 1649 edictum.
1529 1592 1658 1646 Fide
1689 1591 1898 1662 Moyses
1921 1587 2141 1659 grandis
2245 1592 2454 1646 dierum
2485 1634 2499 1659 ,
2565 1593 2863 1648 secundum
2932 1593 3264 1650 voluntatem
3327 1609 3477 1650 suam
3523 1596 3792 1654 erudiebant

538 1700 713 1754 lactus
747 1692 962 1765 negavit
989 1705 1048 1745 se
1074 1702 1195 1743 esse
1231 1687 1396 1741 ﬁlium
1449 1684 1572 1737 ﬁlize
1604 1681 1934 1744 Pharaonis,
1970 1679 2140 1749 magis
2250 1698 2348 1737 nos
2377 1700 2390 1740 :
2422 1685 2508 1738 hic
2537 1695 2716 1742 autem
2747 1686 2812 1738 ad
2848 1686 2897 1740 id
2921 1728 2934 1752 ,
2968 1687 3112 1758 quod
3161 1687 3295 1744 utile
3326 1699 3405 1747 est
3435 1691 3484 1746 in
3524 1690 3791 1761 recipiendo

539 1791 746 1861 eligens
777 1787 940 1855 alﬁigi
973 1799 1095 1838 cum
1124 1779 1322 1851 populo
1342 1779 1460 1846 Dei,
1491 1791 1652 1848 quam
1685 1773 1997 1842 temporalis
2019 1787 2139 1841 pec-
2177 1768 2217 1827 Β
2247 1776 2737 1832 sanctiﬁcationem
2778 1779 2916 1848 ejus.
2951 1780 3142 1842 Omnis
3189 1792 3371 1838 autem
3410 1784 3666 1858 disciplina
3690 1827 3702 1848 ,
3750 1785 3792 1837 in

540 1881 648 1936 cati
685 1879 886 1934 habere
909 1875 1328 1947 jucunditatetn,
1359 1870 1593 1937 majores
1622 1868 1840 1921 divitias
1870 1865 2145 1919 :estimans
2249 1873 2508 1942 praesenti
2541 1871 2757 1943 quidem
2792 1873 3006 1929 videtur
3036 1890 3144 1929 non
3172 1891 3296 1933 esse
3338 1878 3547 1948 gaudii,
3579 1880 3659 1933 sed
3690 1893 3796 1932 mo:-

541 1975 799 2029 uiesauro
848 1967 1264 2040 Aagyptiorum,
1296 1959 1684 2031 improperium
1731 1955 1928 2012 Christi
1955 1973 1969 2011 ε
2003 1955 2147 2025 aspi-
2250 1965 2391 2017 roris
2418 1983 2430 2017 :
2467 1974 2650 2033 postea
2673 1977 2853 2020 autem
2882 1967 3114 2024 fructum
3140 1971 3546 2040 pacatissimum
3575 1971 3688 2044 μισ.
3719 1987 3794 2042 po.

537 2065 720 2122 ciebat
755 2062 899 2119 enim
927 2061 980 2116 in
1005 2056 1524 2113 remunerationem.
1563 2049 1695 2106 Fide
1730 2048 1950 2118 reliquit
1980 2045 2147 2117 Egy-
2251 2056 2552 2130 tissimum]
2625 2060 2946 2114 exercitatis
3008 2076 3105 2134 per
3171 2079 3290 2120 eam
3347 2063 3528 2120 reddit
3589 2063 3790 2138 justitiat.

540 2169 716 2232 ptum,
765 2171 871 2212 non
916 2156 1120 2210 veritus
1159 2149 1560 2205 animositatem
1592 2144 1739 2216 regis
1772 2163 1784 2197 :
1816 2141 2144 2198 invisibilem
2250 2149 2481 2220 Propter
2506 2151 2688 2222 quod,
2737 2154 2997 2210 remissas
3053 2171 3290 2222 manus,
3342 2167 3399 2214 et
3447 2159 3613 2213 soluta
3662 2174 3792 2230 genui

539 2253 685 2308 enim
714 2259 986 2320 tamquam
1016 2243 1207 2300 videns
1233 2240 1508 2297 sustinuit.
1535 2237 1669 2293 Fide
1691 2235 1987 2293 celebravit
2015 2234 2146 2288 Pas-
2249 2241 2463 2312 erigite,
2499 2254 2551 2298 et
2581 2259 2799 2314 gressus
2828 2256 3007 2301 rectos
3036 2247 3198 2305 facite
3251 2250 3480 2319 pedibus
3508 2253 3721 2320 vestris,
3750 2260 3795 2306 ut

538 2345 678 2411 cha,
712 2351 768 2396 et
810 2336 1089 2408 sanguinis
1114 2333 1476 2391 ell'usionem:
1529 2345 1598 2384 ne
1627 2328 1718 2398 qui
1761 2327 2005 2382 vastabat
2037 2325 2150 2398 pri-
2252 2353 2357 2392 non
2409 2337 2722 2392 claudicans
2768 2341 2892 2410 quis
2938 2351 3102 2412 erret,
3160 2345 3330 2420 magis
3361 2353 3542 2402 autem
3590 2356 3791 2404 sanetur.

539 2436 748 2500 mitiva,
783 2440 1029 2501 tangeret
1056 2442 1171 2484 eos.
1202 2425 1334 2482 Fide
1363 2421 1698 2478 transierunt
1727 2434 1876 2475 mare
1902 2419 2097 2474 Rubru;

2251 2428 2442 2484 Pacem
2499 2429 2780 2500 sequimini
2830 2447 2952 2488 cum
2998 2419 3273 2504 omnibus,
3303 2448 3360 2492 et
3409 2438 3792 2502 sanctimoniam,

537 2539 811 2598 tamquam
845 2540 940 2595 per
971 2523 1176 2577 aridam
1210 2529 1436 2583 terram,
1466 2515 1612 2588 quod
1649 2513 1859 2584 experti
1881 2512 2143 2585 Egyptii,
2249 2520 2367 2575 sine
2399 2537 2503 2590 qua
2563 2539 2723 2578 nemo
2774 2525 2977 2580 videbit
3025 2529 3230 2583 Deum:
3283 2532 3724 2604 contemplantes.
3749 2548 3798 2585 ne

538 2621 787 2680 devorati
816 2628 961 2674 sunt.
1025 2617 1161 2673 Fide
1192 2613 1330 2669 muri
1374 2611 1597 2668 Iericho
1644 2615 2002 2674 corruerunt,
2033 2608 2142 2662 cir-
2248 2614 2368 2682 quis
2418 2613 2565 2668 desit
2601 2617 2791 2684 gratim
2836 2617 2965 2672 Dei:
3018 2634 3084 2674 ne
3133 2634 3236 2691 qua
3284 2620 3436 2675 radix
3475 2622 3798 2680 amaritudinis

539 2717 686 2771 cuitu
713 2714 924 2770 dierum
947 2706 1328 2782 septem.Fide
1350 2703 1541 2760 Raltab
1564 2701 1825 2758 meretrix
1854 2715 1961 2755 non
1988 2701 2147 2770 periit
2248 2723 2460 2761 ειη-ειμι,
2491 2709 2809 2778 germinans
2860 2713 3138 2783 impedi“,
3167 2722 3222 2768 ει
3247 2730 3343 2785 pm.
3376 2714 3521 2769 mam
3554 2717 3799 2788 inquiner].

539 2824 661 2864 cum
716 2803 1012 2861 incredulis
1033 2846 1048 2872 ,
1100 2799 1378 2869 excipiens
1427 2796 1804 2867 exploratores
1834 2808 1954 2848 cum
1987 2807 2144 2862 pace.
2251 2812 2336 2855 tur
2365 2801 2540 2855 multi.
2573 2801 2651 2857 Ne
2669 2804 2789 2872 quis
2810 2803 3125 2876 fornicator,
3150 2815 3242 2860 aut
3266 2807 3541 2880 profanus,
3573 2820 3624 2863 ut
3653 2809 3795 2864 Esau:

541 2900 610 2954 Et
658 2898 786 2970 quid
839 2896 1018 2950 adhuc
1060 2893 1288 2949 dicam?
1339 2890 1563 2946 Deliciet
1604 2890 1748 2944 enim
1801 2903 1888 2944 me
1936 2899 2145 2957 tempus
2248 2892 2335 2962 qui
2385 2903 2609 2968 propter
2655 2908 2815 2950 unam
2870 2910 3052 2951 escam
3106 2897 3349 2952 vendidit
3403 2900 3660 2970 primitiva
3705 2915 3796 2954 sua.

536 3001 886 3046 enarrantem
911 2986 979 3042 de
1005 2986 1226 3042 Gedeon
1255 3027 1269 3051 ,
1327 2983 1498 3038 Barac
1521 3024 1537 3049 ,
1586 2981 1854 3046 Samson,
1904 2978 2100 3050 Jephle
2124 3022 2138 3046 ,
2249 2983 2458 3038 Scitote
2500 2987 2644 3039 enim
2676 2987 2931 3056 quoniam
2963 2997 3013 3044 et
3049 2999 3236 3059 postea
3266 2990 3492 3060 cupiens
3522 2990 3798 3048 hzereditare

537 3082 732 3148 David,
763 3079 1004 3144 Samuel,
1037 3086 1093 3132 et
1114 3074 1430 3146 prophetis:
1462 3073 1551 3145 qui
1581 3088 1677 3144 per
1705 3072 1866 3128 lidem
1893 3072 2142 3127 vicerunt
2192 3147 2213 3148 ί
2252 3076 2681 3133 benedictionem
2706 3120 2722 3146 ,
2777 3081 3100 3148 reprobatus
3155 3093 3240 3138 est
3267 3101 3280 3138 :
3327 3100 3435 3142 non
3465 3087 3602 3140 enim
3633 3085 3798 3140 ἰηνεηῑι

537 3188 726 3243 regna,
759 3172 971 3243 operati
1019 3179 1147 3226 sunt
1173 3168 1461 3240 justitiam,
1487 3165 1669 3238 adepti
1692 3175 1818 3222 sunt
1851 3165 2095 3236 repromi:

2256 3173 2586 3241 pinnitentizn
2626 3173 2826 3238 locum,
2861 3191 3183 3246 quamquam
3227 3193 3348 3232 cum
3392 3179 3793 3254 lacrymisinqui-

539 3267 744 3332 siones,
777 3265 1165 3320 obturaverunt
1195 3277 1290 3317 ora
1344 3261 1582 3326 leonum,
1617 3261 1995 3316 exstinxeruut
2047 3260 2146 3314 im-
2250 3263 2412 3318 sisset
2441 3279 2581 3317 eam.
2604 3263 2721 3318 Non
2752 3266 2895 3320 enim
2918 3268 3306 3323 accessistisad
3324 3272 3649 3328 tractabilem
3673 3288 3796 3326 mou-

541 3366 724 3427 petum
755 3357 925 3426 ignis,
959 3354 1265 3424 ell'ugerunt
1311 3354 1480 3407 aciem
1516 3352 1703 3424 gladii,
1753 3352 2145 3406 convaluerunt
2251 3365 2386 3422 tem,
2419 3366 2474 3410 et
2498 3357 2880 3412 acccnsibilem
2919 3359 3119 3430 ignem,
3151 3371 3204 3416 et
3234 3363 3530 3433 turbinem,
3561 3376 3610 3421 et
3646 3364 3793 3434 ealigi-

536 3450 606 3505 de
643 3448 976 3514 inﬁrmitate,
1008 3447 1174 3502 fortes
1204 3446 1327 3500 lacti
1364 3455 1488 3500 sunt
1535 3447 1586 3499 in
1618 3445 1781 3511 bello,
1809 3453 1985 3500 castra
2014 3460 2139 3499 vcr-
2249 3465 2394 3515 netn,
2427 3460 2480 3505 et
2512 3452 2808 3522 procellam
2834 3496 2849 3521 ,
2879 3463 2932 3508 et
2977 3456 3117 3510 tuba:
3149 3471 3342 3512 sonum
3366 3502 3381 3526 ,
3414 3471 3466 3516 et
3496 3477 3668 3517 vocem
3695 3477 3790 3514 vcr-

539 3551 720 3598 terunt
745 3551 1060 3596 cxterorum
1090 3558 1101 3594 :
1132 3538 1743 3609 acceperunt_mulieres
1768 3538 1835 3594 de
1863 3554 2142 3595 resurrec-
2249 3543 2438 3596 borum
2465 3585 2478 3606 ,
2511 3559 2670 3614 quam
2714 3545 2802 3614 qui
2836 3545 3160 3615 audierunt,
3201 3563 3593 3608 excusaverunt
3641 3569 3707 3617 se,
3733 3567 3786 3606 ne

539 3639 686 3694 tione
716 3646 960 3692 mortuos
1007 3649 1158 3692 suos.
1211 3633 1314 3689 Alii
1343 3641 1524 3687 autem
1566 3631 1790 3686 distenti
1836 3642 1985 3698 sunt,
2033 3649 2136 3690 non
2245 3637 2324 3690 eis
2351 3638 2501 3692 ﬁeret
2529 3639 2772 3694 verbum.
2797 3637 2914 3694 Non
2948 3641 3093 3697 enim
3123 3644 3416 3714 portabant
3444 3647 3583 3721 quod
3608 3648 3782 3702 diceba-

536 3729 895 3800 suscipientes
923 3728 1348 3799 redemptionem
1376 3769 1391 3793 ,
1419 3736 1478 3779 ut
1504 3724 1783 3780 meliorem
1831 3725 2140 3782 invenirent
2246 3739 2367 3782 tur:
2399 3727 2467 3782 Et
2496 3731 2540 3784 si
2573 3730 2740 3785 bestia
2791 3732 3025 3806 tetigerit
3057 3746 3295 3792 montem
3321 3781 3336 3802 ,
3388 3738 3706 3810 lapidabitur.
3735 3740 3784 3791 Et

537 3823 1016 3878 resurrectionem.
1043 3821 1146 3876 Alii
1166 3837 1296 3877 vero
1319 3818 1545 3875 ludibria
1569 3828 1623 3874 et
1650 3817 1877 3874 verbera
1899 3821 2134 3890 experti,
2247 3823 2316 3875 ita
2349 3822 2592 3878 terribile
2620 3835 2737 3879 erat
2763 3830 2906 3896 quod
2941 3827 3240 3883 videbatur.
3275 3829 3489 3901 Moyses
3521 3832 3682 3888 dixit:
3707 3831 3784 3886 Ex-

537 3918 760 3985 insnper
789 3925 848 3972 et
876 3917 1084 3971 vincula
1119 3925 1174 3971 et
1212 3930 1496 3984 carceres,
1550 3912 1776 3985 lapidati
1806 3922 1967 3983 sunt,
2001 3916 2135 3970 secti
2243 3916 2465 3968 territus
2489 3931 2631 3982 sum,
2658 3925 2712 3970 et
2735 3918 3271 3976 tremebundus.Sed
3291 3925 3590 3979 accessistis
3609 3923 3664 3977 ad
3681 3923 3778 3978 Sion

539 4019 698 4073 sunt,
731 4009 920 4064 tentati
952 4017 1121 4077 sunt,
1151 4010 1205 4064 in
1237 4009 1511 4066 occisione
1539 4008 1703 4082 gladii
1737 4008 1934 4064 mortui
1969 4018 2094 4065 sunt
2121 4027 2133 4064 :
2241 4017 2502 4078 montem,
2528 4022 2582 4066 et
2612 4011 2886 4069 civitatem
2918 4013 3012 4069 Dei
3039 4013 3292 4084 viventis,
3317 4015 3605 4072 Jerusalem
3626 4015 3778 4071 cmles-

539 4102 954 4159 circuieruntin
988 4103 1224 4167 melotis,
1252 4103 1303 4158 in
1336 4104 1568 4174 pellibus
1596 4104 1866 4173 caprinis,
1890 4112 2133 4174 egentes,
2242 4111 2372 4169 tem,
2403 4112 2456 4157 et
2478 4105 2764 4161 multorum
2789 4107 3012 4163 millium
3035 4107 3350 4178 angelorum
3379 4109 3778 4182 l‘requetttiam.et

538 4196 853 4269 angUstiali,
879 4194 1062 4250 alllicti
1091 4213 1105 4250 :
1135 4195 1328 4266 quibus
1361 4196 1553 4265 dignus
1577 4211 1682 4251 non
1716 4208 1832 4250 erat
1862 4197 2092 4251 mundus
2116 4214 2130 4250 :
2242 4192 2536 4248 Ecclesiam
2562 4195 2986 4265 primitivorum,
3013 4199 3099 4269 qui
3117 4201 3410 4271 conscripti
3439 4202 3624 4256 suntin
3639 4198 3774 4263 cadis,

532 4290 587 4345 in
620 4288 1002 4343 solitudinibus
1032 4300 1300 4354 errantes,
1332 4288 1386 4342 in
1417 4288 1712 4352 montibus,
1747 4297 1802 4342 et
1834 4288 2131 4358 speluncis,
2239 4295 2292 4339 et
2314 4286 2550 4356 judicem
2584 4290 2824 4344 omnium
2857 4290 3051 4360 Deum,
3095 4300 3150 4348 et
3171 4292 3661 4364 Spiritusjustorum
3690 4305 3777 4362 per-

533 4391 588 4437 et
617 4383 669 4435 in
702 4381 952 4436 cavernis
985 4390 1166 4434 terrm.
1212 4379 1278 4434 Et
1327 4379 1379 4432 lii
1429 4394 1619 4434 omnes
1664 4381 1976 4435 testimonio
2010 4380 2132 4436 ﬁdei
2239 4377 2542 4446 lectorum,
2575 4391 2628 4435 et
2662 4385 2969 4438 testamenti
3005 4387 3127 4440 novi
3175 4385 3526 4440 mediatorem
3555 4385 3776 4449 Jesum,cl

465 4523 468 4526 .
533 4475 782 4548 probati,
825 4488 930 4529 non
963 4481 1293 4545 acceperunt
1343 4471 1822 4541 repromissionetn
1851 4513 1865 4538 ,
1899 4472 2008 4528 Deo
2036 4489 2133 4544 pro
2165 4527 2211 4550 ἢ
2237 4470 2516 4540 sanguinis
2545 4474 2914 4542 aspersionem
2939 4475 3134 4530 melius
3158 4474 3468 4546 loquentem
3491 4493 3633 4550 quam
3654 4472 3774 4528 Abel.

535 4571 694 4624 nobis
721 4568 914 4624 melius
959 4567 1162 4639 aliquid
1197 4566 1521 4638 providente
1544 4606 1560 4634 ,
1593 4575 1650 4621 ut
1682 4581 1789 4622 non
1818 4565 1938 4622 sine
1977 4568 2133 4624 nobis
2163 4527 2212 4595 υ
2247 4561 2455 4626 Videte,
2493 4581 2559 4618 ne
2587 4567 3196 4638 recusetisloquenlem.
3218 4568 3274 4624 Si
3295 4571 3440 4625 enim
3467 4571 3543 4624 illi
3567 4567 3778 4623 nonellu-

542 4675 1076 4720 consummarcntur.

2239 4664 2452 4724 gerunt,
2474 4668 2784 4714 recusantes
2805 4675 2947 4724 eum,
2971 4660 3059 4730 qui
3075 4674 3239 4731 Super
3263 4669 3464 4716 terram
3481 4659 3777 4736 loquebatur:

609 4759 760 4832 [Cap.
798 4757 936 4830 Xll.]
969 4757 1204 4830 Ideoque
1251 4766 1306 4812 et
1349 4772 1448 4812 nos
1479 4765 1680 4812 tantam
1732 4756 1992 4814 habentes
2035 4758 2134 4814 im-

2241 4749 2409 4802 multo
2447 4752 2621 4818 nl'tgis
2669 4764 2801 4817 nos,
2856 4754 2946 4820 qui
2999 4753 3065 4806 de
3113 4753 3266 4806 cmlis
3312 4751 3614 4823 loquentem
3661 4747 3781 4802 nobis

535 4850 766 4921 positam
800 4850 996 4906 nubem
1043 4848 1292 4917 testium,
1347 4850 1684 4922 deponenres
1710 4864 1873 4906 omne
1900 4850 2131 4920 pondus,
2237 4841 2559 4896 avertimus.
2593 4840 2761 4913 Cujus
2791 4858 2896 4898 vox
2925 4846 3094 4900 movit
3123 4856 3322 4900 terram
3354 4855 3517 4903 tunc;
3549 4860 3675 4900 nunc
3711 4857 3784 4894 au-

534 4951 590 5000 et.
621 4945 980 5000 circumstans
1013 4959 1110 4998 nos
1141 4950 1446 5016 peccatum,
1479 4958 1580 5014 per
1606 4941 1922 5013 patientiam
1947 4957 2132 4998 curra-
2241 4944 2345 4986 lem
2380 4937 2731 5004 Γϐρτοιιιίιιιι»
2763 4938 2951 4993 dicens
2983 4956 2994 4990 ε
3043 4936 3233 4994 Adhuc
3260 4940 3429 4994 semel
3457 4955 3472 5005 ;
3501 4947 3554 4994 ει
3581 4951 3671 5008 εεο
3697 4951 3786 4987 ¹¹¹¹’·

533 5053 652 5090 mus
683 5035 747 5090 ad
784 5037 1120 5106 propositum
1164 5034 1323 5091 nobis
1353 5044 1632 5090 certamen
1659 5052 1671 5088 :
1713 5035 2036 5105 aSpicientes
2077 5037 2128 5090 in
2235 5023 2374 5078 VCbO
2407 5041 2513 5078 "0"
2539 5027 2713 5081 ευῖυηι
2737 5037 2958 5098 lenam,
2985 5031 3077 5086 sed
3111 5039 3164 5086 el
3193 5031 3415 5086 εωίυηιο
3442 5031 3589 5098 Quod
3614 5037 3780 5090 δυιειυν

533 5134 814 5182 auctorem
845 5126 989 5194 ﬁdei,
1017 5137 1072 5183 et
1101 5125 1594 5184 consumtnaiorem
1627 5128 1812 5182 .lesum
1833 5171 1847 5200 ,
1881 5127 1968 5200 qui
2003 5144 2126 5198 pro.
2192 5188 2210 5197 ο
2233 5117 2425 5171 Adhuc
2455 5120 2622 5174 semel
2652 5161 2665 5184 ,
2687 5120 2826 5176 dicit
2862 5140 2874 5176 :
2906 5123 3144 5179 declarat
3189 5124 3471 5180 mobilium
3516 5120 3781 5178 translatio-

530 5218 710 5288 posito
750 5218 850 5273 sibi
880 5218 1006 5292 [Με.
1041 5217 1138 5294 ibi]
1183 5219 1380 5290 gaudio
1421 5218 1677 5274 sustinuit
1725 5235 1966 5286 crucem,
1998 5234 2132 5275 con-
2235 5229 2358 5266 nem
2390 5223 2663 5282 tamquam
2716 5216 2980 5270 factorum
3007 5258 3024 5292 ,
3075 5227 3132 5272 ut
3182 5226 3437 5276 maneant
3465 5231 3524 5272 ea
3551 5214 3777 5286 quwtuni

530 5307 750 5364 fusione
772 5319 1109 5388 contempta,
1137 5318 1299 5382 atque
1325 5311 1378 5365 in
1404 5311 1633 5367 dextera
1656 5309 1804 5366 sedis
1827 5310 1924 5366 Dei
1950 5312 2125 5368 sedet.
2233 5307 2552 5363 immobilia.
2603 5307 2787 5379 Itaque
2809 5325 3033 5381 regnum
3091 5311 3365 5367 immobile
3420 5310 3770 5377 suscipientes,

527 5402 844 5475 Recogitate
870 5403 1014 5459 enim
1042 5419 1189 5474 eum,
1222 5405 1316 5476 qui
1366 5403 1527 5460 talem
1557 5405 1815 5462 sustinuit,
1855 5421 1884 5459 a
1937 5420 2127 5478 pecco-
2234 5399 2496 5455 habemus
2537 5403 2807 5472 gratiam:
2869 5417 2966 5472 per
3003 5419 3162 5474 quam
3206 5404 3503 5459 serviamus
3540 5401 3768 5480 placentes

528 5499 736 5553 toribus
763 5497 1051 5554 adversum
1082 5500 1438 5569 semetipsum
1490 5498 2018 5555 contradictionem:
2068 5507 2124 5554 ut
2229 5492 2364 5558 Deo,
2398 5507 2520 5548 cum
2550 5505 2695 5550 metu
2742 5504 2795 5550 et
2835 5495 3159 5552 reverentia.
3189 5495 3396 5551 Etenim
3443 5497 3574 5550 Deus
3616 5497 3766 5544 nostct

529 5606 599 5647 ne
628 5593 924 5661 l'atigemini
953 5635 968 5662 ,
1010 5593 1207 5649 animis
1254 5593 1450 5649 vestris
1489 5593 1826 5650 deﬁcientes.
1867 5591 2120 5648 Nondum
2231 5584 2368 5654 ignis
2395 5600 2722 5640 consumens
2747 5594 2851 5642 est.

531 5687 673 5737 enim
708 5699 874 5750 usque
901 5687 966 5741 ad
996 5685 1310 5756 sanguinem
1340 5687 1617 5742 restitistis
1642 5731 1655 5756 ,
1709 5687 1967 5743 adversus
1995 5701 2121 5764 pcc-
2301 5680 2451 5753 |,C0p.
2485 5677 2645 5752 Xlll.]
2687 5680 2932 5744 Charitas
2962 5681 3316 5736 fraternilai'ts
3347 5688 3551 5735 mane!"
3572 5686 3593 5711 "
3620 5675 3663 5728 ίη
3691 5681 3762 5720 "0'

605 5808 631 5834 ι
671 5798 902 5852 Voculas
933 5803 985 5852 in
1013 5801 1182 5864 vobis,
1230 5804 1386 5870 juxta
1417 5803 1660 5857 Grrccutn
1707 5813 1906 5860 textum
1958 5810 2232 5872 Palatinus
2263 5828 2368 5872 ms.
2398 5813 2630 5882 ignorat.
