  <div class='ocr_page' id='page_1' title='image "/cluster/home/n/w/nwhite01/storage/ocr_20150623/29/uva.x000826564/435.png"; bbox 0 0 3946 6198; ppageno 0'>
   <div class='ocr_carea' id='block_1_1' title="bbox 465 330 575 384">
    <p class='ocr_par' dir='ltr' id='par_1_1' title="bbox 465 330 575 384">
     <span class='ocr_line' id='line_1_1' title="bbox 465 330 575 384; baseline 0 0"><span class='ocrx_word' id='word_1_1' title='bbox 465 330 575 384; x_wconf 72' lang='lat'><strong>8‘35</strong></span> 
     </span>
    </p>
   </div>
   <div class='ocr_carea' id='block_1_2' title="bbox 1462 305 2746 374">
    <p class='ocr_par' dir='ltr' id='par_1_2' title="bbox 1462 305 2746 374">
     <span class='ocr_line' id='line_1_2' title="bbox 1462 305 2746 374; baseline -0.008 -1"><span class='ocrx_word' id='word_1_2' title='bbox 1462 316 1524 374; x_wconf 86' lang='lat' dir='ltr'><strong>S.</strong></span> <span class='ocrx_word' id='word_1_3' title='bbox 1567 311 1957 372; x_wconf 74' lang='lat' dir='ltr'><strong>HIERONYMI</strong></span> <span class='ocrx_word' id='word_1_4' title='bbox 1997 310 2227 366; x_wconf 17' lang='lat' dir='ltr'><strong>DlVlNi\</strong></span> <span class='ocrx_word' id='word_1_5' title='bbox 2269 305 2746 364; x_wconf 79' lang='lat' dir='ltr'><strong>BIBLIOTIIECA.</strong></span> 
     </span>
    </p>
   </div>
   <div class='ocr_carea' id='block_1_3' title="bbox 3682 306 3792 363">
    <p class='ocr_par' dir='ltr' id='par_1_3' title="bbox 3682 306 3792 363">
     <span class='ocr_line' id='line_1_3' title="bbox 3682 306 3792 363; baseline 0.018 -3"><span class='ocrx_word' id='word_1_6' title='bbox 3682 306 3792 363; x_wconf 65' lang='lat' dir='ltr'><strong>Sil</strong></span> 
     </span>
    </p>
   </div>
   <div class='ocr_carea' id='block_1_4' title="bbox 469 422 3790 519">
    <p class='ocr_par' dir='ltr' id='par_1_4' title="bbox 469 422 3790 519">
     <span class='ocr_line' id='line_1_4' title="bbox 469 422 3790 519; baseline -0.006 -16"><span class='ocrx_word' id='word_1_7' title='bbox 469 459 586 505; x_wconf 84' lang='lat' dir='ltr'><strong>Irus</strong></span> <span class='ocrx_word' id='word_1_8' title='bbox 618 449 823 519; x_wconf 88' lang='lat' dir='ltr'><strong>primus</strong></span> <span class='ocrx_word' id='word_1_9' title='bbox 844 454 929 502; x_wconf 88' lang='lat' dir='ltr'><strong>est</strong></span> <span class='ocrx_word' id='word_1_10' title='bbox 950 444 1004 499; x_wconf 91' lang='lat' dir='ltr'><strong>in</strong></span> <span class='ocrx_word' id='word_1_11' title='bbox 1034 438 1658 511; x_wconf 79' lang='lat' dir='ltr'><strong>numeroapostolorum</strong></span> <span class='ocrx_word' id='word_1_12' title='bbox 1681 477 1696 499; x_wconf 91' lang='lat'><strong>,</strong></span> <span class='ocrx_word' id='word_1_13' title='bbox 1730 436 1919 505; x_wconf 74' lang='lat' dir='ltr'><strong>prima:</strong></span> <span class='ocrx_word' id='word_1_14' title='bbox 1948 432 2058 487; x_wconf 91' lang='lat' dir='ltr'><strong>sint</strong></span> <span class='ocrx_word' id='word_1_15' title='bbox 2083 443 2134 503; x_wconf 70' lang='grc' dir='ltr'><strong>Α</strong></span> <span class='ocrx_word' id='word_1_16' title='bbox 2160 422 2527 498; x_wconf 82' lang='lat' dir='ltr'><strong>evangelistas</strong></span> <span class='ocrx_word' id='word_1_17' title='bbox 2551 425 2755 519; x_wconf 88' lang='lat' dir='ltr'><strong>dudum</strong></span> <span class='ocrx_word' id='word_1_18' title='bbox 2787 424 2855 481; x_wconf 91' lang='lat' dir='ltr'><strong>ad</strong></span> <span class='ocrx_word' id='word_1_19' title='bbox 2867 424 3364 519; x_wconf 61' lang='lat' dir='ltr'><strong>_veritatis_lineam</strong></span> <span class='ocrx_word' id='word_1_20' title='bbox 3387 427 3744 519; x_wconf 79' lang='lat' dir='ltr'><strong>correximus</strong></span> <span class='ocrx_word' id='word_1_21' title='bbox 3774 446 3790 482; x_wconf 89' lang='lat'><strong>:</strong></span> 
     </span>
    </p>
   </div>
   <div class='ocr_carea' id='block_1_5' title="bbox 472 524 2067 609">
    <p class='ocr_par' dir='ltr' id='par_1_5' title="bbox 472 524 2067 609">
     <span class='ocr_line' id='line_1_5' title="bbox 472 524 2067 609; baseline -0.011 -14"><span class='ocrx_word' id='word_1_22' title='bbox 472 540 637 595; x_wconf 86' lang='lat' dir='ltr'><strong>etiam</strong></span> <span class='ocrx_word' id='word_1_23' title='bbox 670 539 786 609; x_wconf 86' lang='lat' dir='ltr'><strong>ejus</strong></span> <span class='ocrx_word' id='word_1_24' title='bbox 817 534 1075 606; x_wconf 72' lang='lat' dir='ltr'><strong>Epistolie</strong></span> <span class='ocrx_word' id='word_1_25' title='bbox 1103 533 1159 588; x_wconf 90' lang='lat' dir='ltr'><strong>in</strong></span> <span class='ocrx_word' id='word_1_26' title='bbox 1190 531 1385 587; x_wconf 85' lang='lat' dir='ltr'><strong>ordine</strong></span> <span class='ocrx_word' id='word_1_27' title='bbox 1409 540 1752 586; x_wconf 74' lang='lat' dir='ltr'><strong>eteterarum.</strong></span> <span class='ocrx_word' id='word_1_28' title='bbox 1787 525 1896 582; x_wconf 82' lang='lat' dir='ltr'><strong>Sed</strong></span> <span class='ocrx_word' id='word_1_29' title='bbox 1922 524 2067 581; x_wconf 91' lang='lat' dir='ltr'><strong>sicut</strong></span> 
     </span>
    </p>
   </div>
   <div class='ocr_carea' id='block_1_6' title="bbox 475 734 2065 811">
    <p class='ocr_par' dir='ltr' id='par_1_6' title="bbox 475 734 2065 811">
     <span class='ocr_line' id='line_1_6' title="bbox 475 734 2065 811; baseline -0.009 -10"><span class='ocrx_word' id='word_1_30' title='bbox 475 744 708 802; x_wconf 87' lang='lat' dir='ltr'><strong>hominis</strong></span> <span class='ocrx_word' id='word_1_31' title='bbox 738 752 989 811; x_wconf 84' lang='lat' dir='ltr'><strong>eruperat</strong></span> <span class='ocrx_word' id='word_1_32' title='bbox 1011 756 1075 797; x_wconf 86' lang='lat' dir='ltr'><strong>ex</strong></span> <span class='ocrx_word' id='word_1_33' title='bbox 1104 738 1317 811; x_wconf 82' lang='lat' dir='ltr'><strong>inferno</strong></span> <span class='ocrx_word' id='word_1_34' title='bbox 1354 753 1518 811; x_wconf 90' lang='lat' dir='ltr'><strong>specu</strong></span> <span class='ocrx_word' id='word_1_35' title='bbox 1548 782 1562 803; x_wconf 87' lang='lat'><strong>,</strong></span> <span class='ocrx_word' id='word_1_36' title='bbox 1592 736 1683 805; x_wconf 86' lang='lat' dir='ltr'><strong>qui</strong></span> <span class='ocrx_word' id='word_1_37' title='bbox 1710 734 1933 811; x_wconf 84' lang='lat' dir='ltr'><strong>obviam</strong></span> <span class='ocrx_word' id='word_1_38' title='bbox 1963 747 2065 786; x_wconf 64' lang='lat' dir='ltr'><strong>sai-</strong></span> 
     </span>
    </p>
   </div>
   <div class='ocr_carea' id='block_1_7' title="bbox 473 807 2064 883">
    <p class='ocr_par' dir='ltr' id='par_1_7' title="bbox 473 807 2064 883">
     <span class='ocr_line' id='line_1_7' title="bbox 473 807 2064 883; baseline -0.009 -12"><span class='ocrx_word' id='word_1_39' title='bbox 473 817 694 883; x_wconf 83' lang='lat' dir='ltr'><strong>pissime</strong></span> <span class='ocrx_word' id='word_1_40' title='bbox 723 807 1023 868; x_wconf 73' lang='lat' dir='ltr'><strong>scribarum</strong></span> <span class='ocrx_word' id='word_1_41' title='bbox 1060 809 1403 883; x_wconf 80' lang='lat' dir='ltr'><strong>oscitantiam</strong></span> <span class='ocrx_word' id='word_1_42' title='bbox 1427 850 1441 874; x_wconf 93' lang='lat'><strong>,</strong></span> <span class='ocrx_word' id='word_1_43' title='bbox 1476 810 1540 883; x_wconf 80' lang='lat' dir='ltr'><strong>in</strong></span> <span class='ocrx_word' id='word_1_44' title='bbox 1583 807 1724 861; x_wconf 83' lang='lat' dir='ltr'><strong>sacri</strong></span> <span class='ocrx_word' id='word_1_45' title='bbox 1758 815 1938 860; x_wconf 87' lang='lat' dir='ltr'><strong>textus</strong></span> <span class='ocrx_word' id='word_1_46' title='bbox 1971 819 2064 858; x_wconf 86' lang='lat' dir='ltr'><strong>ca-</strong></span> 
     </span>
    </p>
   </div>
   <div class='ocr_carea' id='block_1_8' title="bbox 472 880 1699 943">
    <p class='ocr_par' dir='ltr' id='par_1_8' title="bbox 472 880 1699 943">
     <span class='ocr_line' id='line_1_8' title="bbox 472 880 1699 943; baseline -0.011 0"><span class='ocrx_word' id='word_1_47' title='bbox 472 880 732 943; x_wconf 88' lang='lat' dir='ltr'><strong>lumniam</strong></span> <span class='ocrx_word' id='word_1_48' title='bbox 765 885 1028 938; x_wconf 82' lang='lat' dir='ltr'><strong>traheret.</strong></span> <span class='ocrx_word' id='word_1_49' title='bbox 1057 882 1313 936; x_wconf 82' lang='lat' dir='ltr'><strong>Videatnr</strong></span> <span class='ocrx_word' id='word_1_50' title='bbox 1336 880 1699 935; x_wconf 73' lang='lat' dir='ltr'><strong>Martianmus.</strong></span> 
     </span>
    </p>
   </div>
   <div class='ocr_carea' id='block_1_9' title="bbox 544 947 2070 1024">
    <p class='ocr_par' dir='ltr' id='par_1_9' title="bbox 544 947 2070 1024">
     <span class='ocr_line' id='line_1_9' title="bbox 544 947 2070 1024; baseline -0.007 -15"><span class='ocrx_word' id='word_1_51' title='bbox 544 975 565 1009; x_wconf 70' lang='grc' dir='ltr'><strong><em>ο</em></strong></span> <span class='ocrx_word' id='word_1_52' title='bbox 601 956 918 1012; x_wconf 81' lang='lat' dir='ltr'><strong>Censoriam</strong></span> <span class='ocrx_word' id='word_1_53' title='bbox 954 954 1146 1024; x_wconf 85' lang='lat' dir='ltr'><strong>nuperi</strong></span> <span class='ocrx_word' id='word_1_54' title='bbox 1175 953 1463 1024; x_wconf 77' lang='lat' dir='ltr'><strong>scriptoris</strong></span> <span class='ocrx_word' id='word_1_55' title='bbox 1499 950 1759 1024; x_wconf 84' lang='lat' dir='ltr'><strong>virgulam</strong></span> <span class='ocrx_word' id='word_1_56' title='bbox 1783 947 1900 1024; x_wconf 77' lang='lat' dir='ltr'><strong>jam</strong></span> <span class='ocrx_word' id='word_1_57' title='bbox 1943 961 2070 1024; x_wconf 74' lang='lat' dir='ltr'><strong>seri-</strong></span> 
     </span>
    </p>
   </div>
   <div class='ocr_carea' id='block_1_10' title="bbox 468 1018 2067 1097">
    <p class='ocr_par' dir='ltr' id='par_1_10' title="bbox 468 1018 2067 1097">
     <span class='ocr_line' id='line_1_10' title="bbox 468 1018 2067 1097; baseline -0.009 -13"><span class='ocrx_word' id='word_1_58' title='bbox 468 1030 540 1084; x_wconf 87' lang='lat' dir='ltr'><strong>sit</strong></span> <span class='ocrx_word' id='word_1_59' title='bbox 570 1027 657 1082; x_wconf 90' lang='lat' dir='ltr'><strong>hic</strong></span> <span class='ocrx_word' id='word_1_60' title='bbox 685 1027 941 1097; x_wconf 84' lang='lat' dir='ltr'><strong>prologns</strong></span> <span class='ocrx_word' id='word_1_61' title='bbox 963 1018 1171 1093; x_wconf 80' lang='lat' dir='ltr'><strong>septem</strong></span> <span class='ocrx_word' id='word_1_62' title='bbox 1199 1018 1563 1094; x_wconf 74' lang='lat' dir='ltr'><strong>Epismlarum</strong></span> <span class='ocrx_word' id='word_1_63' title='bbox 1592 1019 1986 1097; x_wconf 71' lang='lat' dir='ltr'><strong>canoriicarum</strong></span> <span class='ocrx_word' id='word_1_64' title='bbox 2016 1018 2067 1070; x_wconf 88' lang='lat' dir='ltr'><strong>iii</strong></span> 
     </span>
    </p>
   </div>
   <div class='ocr_carea' id='block_1_11' title="bbox 469 1088 2070 1170">
    <p class='ocr_par' dir='ltr' id='par_1_11' title="bbox 469 1088 2070 1170">
     <span class='ocr_line' id='line_1_11' title="bbox 469 1088 2070 1170; baseline -0.007 -16"><span class='ocrx_word' id='word_1_65' title='bbox 469 1114 630 1170; x_wconf 81' lang='lat' dir='ltr'><strong>quem</strong></span> <span class='ocrx_word' id='word_1_66' title='bbox 659 1088 822 1170; x_wconf 64' lang='lat' dir='ltr'><strong>etiam</strong></span> <span class='ocrx_word' id='word_1_67' title='bbox 844 1088 1087 1151; x_wconf 57' lang='lat' dir='ltr'><strong>&#39;nOstras</strong></span> <span class='ocrx_word' id='word_1_68' title='bbox 1113 1088 1433 1164; x_wconf 78' lang='lat' dir='ltr'><strong>exspectare</strong></span> <span class='ocrx_word' id='word_1_69' title='bbox 1463 1108 1523 1146; x_wconf 91' lang='lat' dir='ltr'><strong>se</strong></span> <span class='ocrx_word' id='word_1_70' title='bbox 1564 1088 2070 1170; x_wconf 80' lang='lat' dir='ltr'><strong>animadversiones</strong></span> 
     </span>
    </p>
   </div>
   <div class='ocr_carea' id='block_1_12' title="bbox 467 1166 2069 1240">
    <p class='ocr_par' dir='ltr' id='par_1_12' title="bbox 467 1166 2069 1240">
     <span class='ocr_line' id='line_1_12' title="bbox 467 1166 2069 1240; baseline -0.009 -15"><span class='ocrx_word' id='word_1_71' title='bbox 467 1166 725 1227; x_wconf 72' lang='lat' dir='ltr'><strong>indicavit</strong></span> <span class='ocrx_word' id='word_1_72' title='bbox 755 1166 895 1240; x_wconf 88' lang='lat' dir='ltr'><strong>idem</strong></span> <span class='ocrx_word' id='word_1_73' title='bbox 924 1175 1134 1240; x_wconf 75' lang='lat' dir='ltr'><strong>auctor,</strong></span> <span class='ocrx_word' id='word_1_74' title='bbox 1166 1179 1387 1240; x_wconf 26' lang='lat' dir='ltr'><strong>coin‘ne</strong></span> <span class='ocrx_word' id='word_1_75' title='bbox 1418 1166 1786 1240; x_wconf 74' lang='lat' dir='ltr'><strong>manuscripto</strong></span> <span class='ocrx_word' id='word_1_76' title='bbox 1836 1174 2069 1240; x_wconf 73' lang='lat' dir='ltr'><strong>pra-ser-</strong></span> 
     </span>
    </p>
   </div>
   <div class='ocr_carea' id='block_1_13' title="bbox 472 1232 2072 1308">
    <p class='ocr_par' dir='ltr' id='par_1_13' title="bbox 472 1232 2072 1308">
     <span class='ocr_line' id='line_1_13' title="bbox 472 1232 2072 1308; baseline -0.009 -13"><span class='ocrx_word' id='word_1_77' title='bbox 472 1242 568 1295; x_wconf 91' lang='lat' dir='ltr'><strong>tim</strong></span> <span class='ocrx_word' id='word_1_78' title='bbox 601 1238 1022 1308; x_wconf 74' lang='lat' dir='ltr'><strong>Erangeliorum</strong></span> <span class='ocrx_word' id='word_1_79' title='bbox 1051 1233 1499 1308; x_wconf 67' lang='lat' dir='ltr'><strong>Cantabrigiensi</strong></span> <span class='ocrx_word' id='word_1_80' title='bbox 1521 1232 1941 1301; x_wconf 71' lang='lat' dir='ltr'><strong>disputationem</strong></span> <span class='ocrx_word' id='word_1_81' title='bbox 1989 1232 2072 1308; x_wconf 46' lang='lat' dir='ltr'><strong>in:</strong></span> 
     </span>
    </p>
   </div>
   <div class='ocr_carea' id='block_1_14' title="bbox 469 1300 2071 1377">
    <p class='ocr_par' dir='ltr' id='par_1_14' title="bbox 469 1300 2071 1377">
     <span class='ocr_line' id='line_1_14' title="bbox 469 1300 2071 1377; baseline -0.009 -10"><span class='ocrx_word' id='word_1_82' title='bbox 469 1312 665 1367; x_wconf 84' lang='lat' dir='ltr'><strong>stituit.</strong></span> <span class='ocrx_word' id='word_1_83' title='bbox 702 1300 786 1365; x_wconf 78' lang='lat' dir='ltr'><strong>Ah</strong></span> <span class='ocrx_word' id='word_1_84' title='bbox 810 1323 878 1363; x_wconf 92' lang='lat' dir='ltr'><strong>eo</strong></span> <span class='ocrx_word' id='word_1_85' title='bbox 908 1308 1071 1377; x_wconf 78' lang='lat' dir='ltr'><strong>igitur</strong></span> <span class='ocrx_word' id='word_1_86' title='bbox 1097 1307 1173 1362; x_wconf 88' lang='lat' dir='ltr'><strong>sic</strong></span> <span class='ocrx_word' id='word_1_87' title='bbox 1224 1300 1502 1375; x_wconf 80' lang='lat' dir='ltr'><strong>provocati</strong></span> <span class='ocrx_word' id='word_1_88' title='bbox 1544 1300 1821 1377; x_wconf 71' lang='lat' dir='ltr'><strong>timemus,</strong></span> <span class='ocrx_word' id='word_1_89' title='bbox 1870 1315 1939 1355; x_wconf 89' lang='lat' dir='ltr'><strong>ne</strong></span> <span class='ocrx_word' id='word_1_90' title='bbox 1980 1300 2071 1366; x_wconf 91' lang='lat' dir='ltr'><strong>qui</strong></span> 
     </span>
    </p>
   </div>
   <div class='ocr_carea' id='block_1_15' title="bbox 470 1372 2074 1450">
    <p class='ocr_par' dir='ltr' id='par_1_15' title="bbox 470 1372 2074 1450">
     <span class='ocr_line' id='line_1_15' title="bbox 470 1372 2074 1450; baseline -0.01 -12"><span class='ocrx_word' id='word_1_91' title='bbox 470 1382 611 1439; x_wconf 88' lang='lat' dir='ltr'><strong>dixit</strong></span> <span class='ocrx_word' id='word_1_92' title='bbox 650 1372 1151 1450; x_wconf 54' lang='lat' dir='ltr'><strong>qtiidquid&#39;voluit,</strong></span> <span class='ocrx_word' id='word_1_93' title='bbox 1195 1372 1379 1431; x_wconf 77' lang='lat' dir='ltr'><strong>audiat</strong></span> <span class='ocrx_word' id='word_1_94' title='bbox 1410 1390 1440 1428; x_wconf 91' lang='lat' dir='ltr'><strong>a</strong></span> <span class='ocrx_word' id='word_1_95' title='bbox 1486 1372 1820 1450; x_wconf 65' lang='lat' dir='ltr'><strong>nobisquod</strong></span> <span class='ocrx_word' id='word_1_96' title='bbox 1867 1386 2074 1438; x_wconf 88' lang='lat' dir='ltr'><strong>nequa-</strong></span> 
     </span>
    </p>
   </div>
   <div class='ocr_carea' id='block_1_16' title="bbox 470 1444 2075 1523">
    <p class='ocr_par' dir='ltr' id='par_1_16' title="bbox 470 1444 2075 1523">
     <span class='ocr_line' id='line_1_16' title="bbox 470 1444 2075 1523; baseline -0.009 -14"><span class='ocrx_word' id='word_1_97' title='bbox 470 1470 631 1523; x_wconf 87' lang='lat' dir='ltr'><strong>quam</strong></span> <span class='ocrx_word' id='word_1_98' title='bbox 652 1444 817 1507; x_wconf 54' lang='lat' dir='ltr'><strong>velitf</strong></span> <span class='ocrx_word' id='word_1_99' title='bbox 837 1451 954 1523; x_wconf 65' lang='lat' dir='ltr'><strong>Non</strong></span> <span class='ocrx_word' id='word_1_100' title='bbox 976 1452 1129 1523; x_wconf 85' lang='lat' dir='ltr'><strong>enim</strong></span> <span class='ocrx_word' id='word_1_101' title='bbox 1152 1462 1442 1523; x_wconf 74' lang='lat' dir='ltr'><strong>possumus</strong></span> <span class='ocrx_word' id='word_1_102' title='bbox 1470 1444 1670 1523; x_wconf 80' lang='lat' dir='ltr'><strong>aliquid</strong></span> <span class='ocrx_word' id='word_1_103' title='bbox 1698 1444 1958 1523; x_wconf 70' lang='lat' dir='ltr'><strong>adversus</strong></span> <span class='ocrx_word' id='word_1_104' title='bbox 1981 1457 2075 1496; x_wconf 86' lang='lat' dir='ltr'><strong>ve-</strong></span> 
     </span>
    </p>
   </div>
   <div class='ocr_carea' id='block_1_17' title="bbox 470 1512 2072 1591">
    <p class='ocr_par' dir='ltr' id='par_1_17' title="bbox 470 1512 2072 1591">
     <span class='ocr_line' id='line_1_17' title="bbox 470 1512 2072 1591; baseline -0.009 -11"><span class='ocrx_word' id='word_1_105' title='bbox 470 1512 712 1588; x_wconf 74' lang='lat' dir='ltr'><strong>ritatem,</strong></span> <span class='ocrx_word' id='word_1_106' title='bbox 766 1521 860 1576; x_wconf 88' lang='lat' dir='ltr'><strong>sed</strong></span> <span class='ocrx_word' id='word_1_107' title='bbox 894 1536 993 1591; x_wconf 90' lang='lat' dir='ltr'><strong>pro</strong></span> <span class='ocrx_word' id='word_1_108' title='bbox 1019 1512 1269 1576; x_wconf 82' lang='lat' dir='ltr'><strong>veritate.</strong></span> <span class='ocrx_word' id='word_1_109' title='bbox 1317 1518 1417 1573; x_wconf 88' lang='lat' dir='ltr'><strong>Cui</strong></span> <span class='ocrx_word' id='word_1_110' title='bbox 1463 1512 1633 1591; x_wconf 81' lang='lat' dir='ltr'><strong>semel</strong></span> <span class='ocrx_word' id='word_1_111' title='bbox 1689 1515 1736 1568; x_wconf 88' lang='lat' dir='ltr'><strong>si</strong></span> <span class='ocrx_word' id='word_1_112' title='bbox 1792 1512 2072 1591; x_wconf 80' lang='lat' dir='ltr'><strong>nobiscum</strong></span> 
     </span>
    </p>
   </div>
   <div class='ocr_carea' id='block_1_18' title="bbox 472 1584 2075 1663">
    <p class='ocr_par' dir='ltr' id='par_1_18' title="bbox 472 1584 2075 1663">
     <span class='ocr_line' id='line_1_18' title="bbox 472 1584 2075 1663; baseline -0.009 -13"><span class='ocrx_word' id='word_1_113' title='bbox 472 1584 765 1662; x_wconf 78' lang='lat' dir='ltr'><strong>studuerit,</strong></span> <span class='ocrx_word' id='word_1_114' title='bbox 791 1584 1145 1663; x_wconf 53' lang='lat' dir='ltr'><strong>quaicumque</strong></span> <span class='ocrx_word' id='word_1_115' title='bbox 1166 1606 1291 1663; x_wconf 88' lang='lat' dir='ltr'><strong>eum</strong></span> <span class='ocrx_word' id='word_1_116' title='bbox 1318 1587 1613 1663; x_wconf 70' lang='lat' dir='ltr'><strong>incuriose,</strong></span> <span class='ocrx_word' id='word_1_117' title='bbox 1647 1600 1758 1663; x_wconf 79' lang='lat' dir='ltr'><strong>nec</strong></span> <span class='ocrx_word' id='word_1_118' title='bbox 1781 1586 1934 1652; x_wconf 87' lang='lat' dir='ltr'><strong>plena</strong></span> <span class='ocrx_word' id='word_1_119' title='bbox 1971 1584 2075 1663; x_wconf 65' lang='lat' dir='ltr'><strong>title</strong></span> 
     </span>
    </p>
   </div>
   <div class='ocr_carea' id='block_1_19' title="bbox 472 1655 2077 1737">
    <p class='ocr_par' dir='ltr' id='par_1_19' title="bbox 472 1655 2077 1737">
     <span class='ocr_line' id='line_1_19' title="bbox 472 1655 2077 1737; baseline -0.009 -16"><span class='ocrx_word' id='word_1_120' title='bbox 472 1655 763 1736; x_wconf 70' lang='lat' dir='ltr'><strong>scripsisse</strong></span> <span class='ocrx_word' id='word_1_121' title='bbox 802 1655 1325 1737; x_wconf 78' lang='lat' dir='ltr'><strong>demonstrabimus,</strong></span> <span class='ocrx_word' id='word_1_122' title='bbox 1377 1658 1699 1737; x_wconf 67' lang='lat' dir='ltr'><strong>sititpliciter</strong></span> <span class='ocrx_word' id='word_1_123' title='bbox 1746 1658 1877 1737; x_wconf 51' lang='lat' dir='ltr'><strong>ipse.</strong></span> <span class='ocrx_word' id='word_1_124' title='bbox 1903 1655 2077 1709; x_wconf 86' lang='lat' dir='ltr'><strong>conli-</strong></span> 
     </span>
    </p>
   </div>
   <div class='ocr_carea' id='block_1_20' title="bbox 473 1730 2074 1803">
    <p class='ocr_par' dir='ltr' id='par_1_20' title="bbox 473 1730 2074 1803">
     <span class='ocr_line' id='line_1_20' title="bbox 473 1730 2074 1803; baseline -0.007 -14"><span class='ocrx_word' id='word_1_125' title='bbox 473 1730 599 1803; x_wconf 70' lang='lat' dir='ltr'><strong>teri,</strong></span> <span class='ocrx_word' id='word_1_126' title='bbox 635 1745 691 1790; x_wconf 90' lang='lat' dir='ltr'><strong>et</strong></span> <span class='ocrx_word' id='word_1_127' title='bbox 730 1734 1023 1790; x_wconf 89' lang='lat' dir='ltr'><strong>emendare</strong></span> <span class='ocrx_word' id='word_1_128' title='bbox 1068 1733 1366 1786; x_wconf 87' lang='lat' dir='ltr'><strong>tenebitur.</strong></span> <span class='ocrx_word' id='word_1_129' title='bbox 1402 1731 1467 1782; x_wconf 78' lang='lat' dir='ltr'><strong>Et</strong></span> <span class='ocrx_word' id='word_1_130' title='bbox 1500 1732 1622 1797; x_wconf 91' lang='lat' dir='ltr'><strong>quia</strong></span> <span class='ocrx_word' id='word_1_131' title='bbox 1650 1730 1910 1803; x_wconf 77' lang='lat' dir='ltr'><strong>veritatis</strong></span> <span class='ocrx_word' id='word_1_132' title='bbox 1944 1741 2074 1794; x_wconf 88' lang='lat' dir='ltr'><strong>pura</strong></span> 
     </span>
    </p>
   </div>
   <div class='ocr_carea' id='block_1_21' title="bbox 474 1797 2077 1872">
    <p class='ocr_par' dir='ltr' id='par_1_21' title="bbox 474 1797 2077 1872">
     <span class='ocr_line' id='line_1_21' title="bbox 474 1797 2077 1872; baseline -0.007 -12"><span class='ocrx_word' id='word_1_133' title='bbox 474 1807 567 1861; x_wconf 92' lang='lat' dir='ltr'><strong>lux</strong></span> <span class='ocrx_word' id='word_1_134' title='bbox 587 1797 792 1861; x_wconf 81' lang='lat' dir='ltr'><strong>lectori</strong></span> <span class='ocrx_word' id='word_1_135' title='bbox 820 1802 1077 1872; x_wconf 76' lang='lat' dir='ltr'><strong>aﬂulgere</strong></span> <span class='ocrx_word' id='word_1_136' title='bbox 1107 1804 1328 1856; x_wconf 87' lang='lat' dir='ltr'><strong>minime</strong></span> <span class='ocrx_word' id='word_1_137' title='bbox 1368 1809 1573 1869; x_wconf 86' lang='lat' dir='ltr'><strong>posset,</strong></span> <span class='ocrx_word' id='word_1_138' title='bbox 1608 1797 1711 1851; x_wconf 90' lang='lat' dir='ltr'><strong>nisi</strong></span> <span class='ocrx_word' id='word_1_139' title='bbox 1740 1811 1896 1867; x_wconf 82' lang='lat' dir='ltr'><strong>prius</strong></span> <span class='ocrx_word' id='word_1_140' title='bbox 1927 1812 2077 1872; x_wconf 80' lang='lat' dir='ltr'><strong>men-</strong></span> 
     </span>
    </p>
   </div>
   <div class='ocr_carea' id='block_1_22' title="bbox 477 1868 2076 1933">
    <p class='ocr_par' dir='ltr' id='par_1_22' title="bbox 477 1868 2076 1933">
     <span class='ocr_line' id='line_1_22' title="bbox 477 1868 2076 1933; baseline -0.007 -2"><span class='ocrx_word' id='word_1_141' title='bbox 477 1877 756 1932; x_wconf 89' lang='lat' dir='ltr'><strong>daciorum</strong></span> <span class='ocrx_word' id='word_1_142' title='bbox 787 1890 852 1928; x_wconf 91' lang='lat' dir='ltr'><strong>ac</strong></span> <span class='ocrx_word' id='word_1_143' title='bbox 882 1868 1134 1928; x_wconf 74' lang='lat' dir='ltr'><strong>errorum</strong></span> <span class='ocrx_word' id='word_1_144' title='bbox 1163 1868 1401 1926; x_wconf 67' lang='lat' dir='ltr'><strong>tenebrae</strong></span> <span class='ocrx_word' id='word_1_145' title='bbox 1439 1878 1884 1933; x_wconf 83' lang='lat' dir='ltr'><strong>removerentur,</strong></span> <span class='ocrx_word' id='word_1_146' title='bbox 1927 1868 2076 1921; x_wconf 84' lang='lat' dir='ltr'><strong>insti-</strong></span> 
     </span>
    </p>
   </div>
   <div class='ocr_carea' id='block_1_23' title="bbox 472 1940 2076 2013">
    <p class='ocr_par' dir='ltr' id='par_1_23' title="bbox 472 1940 2076 2013">
     <span class='ocr_line' id='line_1_23' title="bbox 472 1940 2076 2013; baseline -0.007 -11"><span class='ocrx_word' id='word_1_147' title='bbox 472 1949 572 2002; x_wconf 92' lang='lat' dir='ltr'><strong>tuti</strong></span> <span class='ocrx_word' id='word_1_148' title='bbox 616 1947 786 2001; x_wconf 88' lang='lat' dir='ltr'><strong>nostri</strong></span> <span class='ocrx_word' id='word_1_149' title='bbox 802 1946 923 2013; x_wconf 80' lang='lat' dir='ltr'><strong>erit</strong></span> <span class='ocrx_word' id='word_1_150' title='bbox 949 1961 1012 1998; x_wconf 90' lang='lat' dir='ltr'><strong>ea</strong></span> <span class='ocrx_word' id='word_1_151' title='bbox 1041 1943 1277 2013; x_wconf 80' lang='lat' dir='ltr'><strong>primum</strong></span> <span class='ocrx_word' id='word_1_152' title='bbox 1301 1942 1598 2013; x_wconf 82' lang='lat' dir='ltr'><strong>observare</strong></span> <span class='ocrx_word' id='word_1_153' title='bbox 1628 1953 1747 2008; x_wconf 71' lang='lat' dir='ltr'><strong>qua:</strong></span> <span class='ocrx_word' id='word_1_154' title='bbox 1791 1940 1844 1992; x_wconf 91' lang='lat' dir='ltr'><strong>in</strong></span> <span class='ocrx_word' id='word_1_155' title='bbox 1872 1954 2076 2007; x_wconf 87' lang='lat' dir='ltr'><strong>nupera</strong></span> 
     </span>
    </p>
   </div>
   <div class='ocr_carea' id='block_1_24' title="bbox 476 2010 2081 2073">
    <p class='ocr_par' dir='ltr' id='par_1_24' title="bbox 476 2010 2081 2073">
     <span class='ocr_line' id='line_1_24' title="bbox 476 2010 2081 2073; baseline -0.007 -2"><span class='ocrx_word' id='word_1_156' title='bbox 476 2018 713 2073; x_wconf 85' lang='lat' dir='ltr'><strong>Historia</strong></span> <span class='ocrx_word' id='word_1_157' title='bbox 746 2011 947 2071; x_wconf 79' lang='lat' dir='ltr'><strong>Ci&#39;itica</strong></span> <span class='ocrx_word' id='word_1_158' title='bbox 981 2010 1103 2068; x_wconf 53' lang='lat' dir='ltr'><strong>no&#39;vi</strong></span> <span class='ocrx_word' id='word_1_159' title='bbox 1140 2011 1474 2069; x_wconf 86' lang='lat' dir='ltr'><strong>Testamenti</strong></span> <span class='ocrx_word' id='word_1_160' title='bbox 1504 2010 1723 2066; x_wconf 89' lang='lat' dir='ltr'><strong>dissona</strong></span> <span class='ocrx_word' id='word_1_161' title='bbox 1758 2025 1940 2064; x_wconf 90' lang='lat' dir='ltr'><strong>rerum</strong></span> <span class='ocrx_word' id='word_1_162' title='bbox 1987 2025 2081 2061; x_wconf 88' lang='lat' dir='ltr'><strong>ve-</strong></span> 
     </span>
    </p>
   </div>
   <div class='ocr_carea' id='block_1_25' title="bbox 475 2058 2154 2157">
    <p class='ocr_par' dir='ltr' id='par_1_25' title="bbox 475 2058 2154 2157">
     <span class='ocr_line' id='line_1_25' title="bbox 475 2058 2154 2157; baseline -0.006 -14"><span class='ocrx_word' id='word_1_163' title='bbox 475 2058 1019 2157; x_wconf 45' lang='lat' dir='ltr'><strong>i&#39;iia&#39;tilrep‘emntur.</strong></span> <span class='ocrx_word' id='word_1_164' title='bbox 1050 2085 1116 2138; x_wconf 93' lang='lat' dir='ltr'><strong>lis</strong></span> <span class='ocrx_word' id='word_1_165' title='bbox 1149 2100 1277 2139; x_wconf 89' lang='lat' dir='ltr'><strong>vero</strong></span> <span class='ocrx_word' id='word_1_166' title='bbox 1294 2082 1571 2157; x_wconf 76' lang='lat' dir='ltr'><strong>discussis</strong></span> <span class='ocrx_word' id='word_1_167' title='bbox 1602 2091 1761 2157; x_wconf 79' lang='lat' dir='ltr'><strong>atque</strong></span> <span class='ocrx_word' id='word_1_168' title='bbox 1776 2081 2037 2157; x_wconf 82' lang='lat' dir='ltr'><strong>dissertis</strong></span> <span class='ocrx_word' id='word_1_169' title='bbox 2061 2120 2076 2145; x_wconf 94' lang='lat'><strong>,</strong></span> <span class='ocrx_word' id='word_1_170' title='bbox 2111 2058 2154 2116; x_wconf 75' lang='grc' dir='ltr'><strong>Β</strong></span> 
     </span>
    </p>
   </div>
   <div class='ocr_carea' id='block_1_26' title="bbox 476 2151 2079 2220">
    <p class='ocr_par' dir='ltr' id='par_1_26' title="bbox 476 2151 2079 2220">
     <span class='ocr_line' id='line_1_26' title="bbox 476 2151 2079 2220; baseline -0.009 -1"><span class='ocrx_word' id='word_1_171' title='bbox 476 2151 750 2219; x_wconf 79' lang='lat' dir='ltr'><strong>auomodo</strong></span> <span class='ocrx_word' id='word_1_172' title='bbox 775 2173 896 2213; x_wconf 89' lang='lat' dir='ltr'><strong>sese</strong></span> <span class='ocrx_word' id='word_1_173' title='bbox 917 2172 1003 2212; x_wconf 89' lang='lat' dir='ltr'><strong>res</strong></span> <span class='ocrx_word' id='word_1_174' title='bbox 1036 2157 1266 2212; x_wconf 89' lang='lat' dir='ltr'><strong>habeant</strong></span> <span class='ocrx_word' id='word_1_175' title='bbox 1291 2155 1343 2208; x_wconf 91' lang='lat' dir='ltr'><strong>in</strong></span> <span class='ocrx_word' id='word_1_176' title='bbox 1363 2152 1640 2208; x_wconf 78' lang='lat' dir='ltr'><strong>veteribus</strong></span> <span class='ocrx_word' id='word_1_177' title='bbox 1665 2151 1841 2220; x_wconf 91' lang='lat' dir='ltr'><strong>libris,</strong></span> <span class='ocrx_word' id='word_1_178' title='bbox 1867 2166 2079 2206; x_wconf 90' lang='lat' dir='ltr'><strong>summa</strong></span> 
     </span>
    </p>
   </div>
   <div class='ocr_carea' id='block_1_27' title="bbox 477 2226 1573 2298">
    <p class='ocr_par' dir='ltr' id='par_1_27' title="bbox 477 2226 1573 2298">
     <span class='ocr_line' id='line_1_27' title="bbox 477 2226 1573 2298; baseline -0.008 -15"><span class='ocrx_word' id='word_1_179' title='bbox 477 2228 584 2285; x_wconf 85' lang='lat' dir='ltr'><strong>fide</strong></span> <span class='ocrx_word' id='word_1_180' title='bbox 612 2246 675 2285; x_wconf 89' lang='lat' dir='ltr'><strong>ac</strong></span> <span class='ocrx_word' id='word_1_181' title='bbox 708 2230 823 2298; x_wconf 86' lang='lat' dir='ltr'><strong>pari</strong></span> <span class='ocrx_word' id='word_1_182' title='bbox 861 2226 1141 2297; x_wconf 77' lang='lat' dir='ltr'><strong>diligentia</strong></span> <span class='ocrx_word' id='word_1_183' title='bbox 1182 2240 1573 2298; x_wconf 69' lang='lat' dir='ltr'><strong>proponemus.</strong></span> 
     </span>
    </p>
   </div>
   <div class='ocr_carea' id='block_1_28' title="bbox 552 2292 2076 2369">
    <p class='ocr_par' dir='ltr' id='par_1_28' title="bbox 552 2292 2076 2369">
     <span class='ocr_line' id='line_1_28' title="bbox 552 2292 2076 2369; baseline -0.003 -16"><span class='ocrx_word' id='word_1_184' title='bbox 552 2320 572 2353; x_wconf 85' lang='grc'><strong><em>‹</em></strong></span> <span class='ocrx_word' id='word_1_185' title='bbox 609 2292 762 2369; x_wconf 83' lang='lat' dir='ltr'><strong>Quod</strong></span> <span class='ocrx_word' id='word_1_186' title='bbox 792 2315 924 2369; x_wconf 87' lang='lat' dir='ltr'><strong>ergo</strong></span> <span class='ocrx_word' id='word_1_187' title='bbox 956 2292 1199 2367; x_wconf 74' lang='lat' dir='ltr'><strong>primum</strong></span> <span class='ocrx_word' id='word_1_188' title='bbox 1217 2296 1475 2369; x_wconf 84' lang='lat' dir='ltr'><strong>observat</strong></span> <span class='ocrx_word' id='word_1_189' title='bbox 1504 2295 1572 2348; x_wconf 88' lang='lat' dir='ltr'><strong>de</strong></span> <span class='ocrx_word' id='word_1_190' title='bbox 1600 2295 1705 2369; x_wconf 75' lang='lat' dir='ltr'><strong>is_ta</strong></span> <span class='ocrx_word' id='word_1_191' title='bbox 1735 2292 2076 2369; x_wconf 55' lang='lat' dir='ltr'><strong>praefatione,</strong></span> 
     </span>
    </p>
   </div>
   <div class='ocr_carea' id='block_1_29' title="bbox 482 2364 2081 2441">
    <p class='ocr_par' dir='ltr' id='par_1_29' title="bbox 482 2364 2081 2441">
     <span class='ocr_line' id='line_1_29' title="bbox 482 2364 2081 2441; baseline -0.008 -14"><span class='ocrx_word' id='word_1_192' title='bbox 482 2364 655 2441; x_wconf 75' lang='lat' dir='ltr'><strong>primo</strong></span> <span class='ocrx_word' id='word_1_193' title='bbox 686 2372 792 2426; x_wconf 92' lang='lat' dir='ltr'><strong>vol.</strong></span> <span class='ocrx_word' id='word_1_194' title='bbox 814 2364 1066 2425; x_wconf 72' lang='lat' dir='ltr'><strong>Historiae</strong></span> <span class='ocrx_word' id='word_1_195' title='bbox 1098 2383 1211 2422; x_wconf 78' lang='lat' dir='ltr'><strong>sua:</strong></span> <span class='ocrx_word' id='word_1_196' title='bbox 1238 2366 1455 2441; x_wconf 73' lang='lat' dir='ltr'><strong>Criticu&#39;.</strong></span> <span class='ocrx_word' id='word_1_197' title='bbox 1488 2366 1609 2419; x_wconf 91' lang='lat' dir='ltr'><strong>novi</strong></span> <span class='ocrx_word' id='word_1_198' title='bbox 1631 2364 1969 2419; x_wconf 89' lang='lat' dir='ltr'><strong>Testamenti</strong></span> <span class='ocrx_word' id='word_1_199' title='bbox 1989 2379 2081 2441; x_wconf 42' lang='lat' dir='ltr'><strong>ea:</strong></span> 
     </span>
    </p>
   </div>
   <div class='ocr_carea' id='block_1_30' title="bbox 480 2435 2078 2513">
    <p class='ocr_par' dir='ltr' id='par_1_30' title="bbox 480 2435 2078 2513">
     <span class='ocr_line' id='line_1_30' title="bbox 480 2435 2078 2513; baseline -0.005 -16"><span class='ocrx_word' id='word_1_200' title='bbox 480 2435 589 2513; x_wconf 81' lang='lat' dir='ltr'><strong>pite</strong></span> <span class='ocrx_word' id='word_1_201' title='bbox 614 2443 830 2497; x_wconf 87' lang='lat' dir='ltr'><strong>decimo</strong></span> <span class='ocrx_word' id='word_1_202' title='bbox 856 2452 1069 2513; x_wconf 82' lang='lat' dir='ltr'><strong>octavo,</strong></span> <span class='ocrx_word' id='word_1_203' title='bbox 1105 2454 1211 2493; x_wconf 87' lang='lat' dir='ltr'><strong>non</strong></span> <span class='ocrx_word' id='word_1_204' title='bbox 1243 2438 1376 2491; x_wconf 82' lang='lat' dir='ltr'><strong>satis</strong></span> <span class='ocrx_word' id='word_1_205' title='bbox 1401 2447 1715 2490; x_wconf 83' lang='lat' dir='ltr'><strong>accuratum</strong></span> <span class='ocrx_word' id='word_1_206' title='bbox 1745 2447 1848 2502; x_wconf 89' lang='lat' dir='ltr'><strong>est,</strong></span> <span class='ocrx_word' id='word_1_207' title='bbox 1881 2450 1982 2490; x_wconf 90' lang='lat' dir='ltr'><strong>nec</strong></span> <span class='ocrx_word' id='word_1_208' title='bbox 2002 2435 2078 2513; x_wconf 76' lang='lat' dir='ltr'><strong>ad</strong></span> 
     </span>
    </p>
   </div>
   <div class='ocr_carea' id='block_1_31' title="bbox 480 2506 2078 2576">
    <p class='ocr_par' dir='ltr' id='par_1_31' title="bbox 480 2506 2078 2576">
     <span class='ocr_line' id='line_1_31' title="bbox 480 2506 2078 2576; baseline -0.008 -7"><span class='ocrx_word' id='word_1_209' title='bbox 480 2506 667 2569; x_wconf 72' lang='lat' dir='ltr'><strong>verum</strong></span> <span class='ocrx_word' id='word_1_210' title='bbox 697 2513 928 2568; x_wconf 90' lang='lat' dir='ltr'><strong>accedit.</strong></span> <span class='ocrx_word' id='word_1_211' title='bbox 963 2511 1098 2567; x_wconf 81' lang='lat' dir='ltr'><strong>Nam</strong></span> <span class='ocrx_word' id='word_1_212' title='bbox 1126 2525 1246 2564; x_wconf 91' lang='lat' dir='ltr'><strong>eum</strong></span> <span class='ocrx_word' id='word_1_213' title='bbox 1286 2516 1497 2562; x_wconf 85' lang='lat' dir='ltr'><strong>asserat</strong></span> <span class='ocrx_word' id='word_1_214' title='bbox 1540 2518 1863 2576; x_wconf 68' lang='lat' dir='ltr'><strong>pra-sentem</strong></span> <span class='ocrx_word' id='word_1_215' title='bbox 1894 2506 2078 2574; x_wconf 89' lang='lat' dir='ltr'><strong>prolo-</strong></span> 
     </span>
    </p>
   </div>
   <div class='ocr_carea' id='block_1_32' title="bbox 477 2577 2080 2655">
    <p class='ocr_par' dir='ltr' id='par_1_32' title="bbox 477 2577 2080 2655">
     <span class='ocr_line' id='line_1_32' title="bbox 477 2577 2080 2655; baseline -0.006 -16"><span class='ocrx_word' id='word_1_216' title='bbox 477 2600 606 2655; x_wconf 91' lang='lat' dir='ltr'><strong>gum</strong></span> <span class='ocrx_word' id='word_1_217' title='bbox 635 2583 867 2640; x_wconf 85' lang='lat' dir='ltr'><strong>inveniri</strong></span> <span class='ocrx_word' id='word_1_218' title='bbox 896 2586 948 2637; x_wconf 89' lang='lat' dir='ltr'><strong>in</strong></span> <span class='ocrx_word' id='word_1_219' title='bbox 978 2580 1378 2655; x_wconf 79' lang='lat' dir='ltr'><strong>exemplaribus</strong></span> <span class='ocrx_word' id='word_1_220' title='bbox 1404 2577 1613 2655; x_wconf 60' lang='lat' dir='ltr'><strong>batinis</strong></span> <span class='ocrx_word' id='word_1_221' title='bbox 1638 2589 1764 2631; x_wconf 85' lang='lat' dir='ltr'><strong>ante</strong></span> <span class='ocrx_word' id='word_1_222' title='bbox 1792 2585 2080 2655; x_wconf 67' lang='lat' dir='ltr'><strong>sexcentos</strong></span> 
     </span>
    </p>
   </div>
   <div class='ocr_carea' id='block_1_33' title="bbox 480 2646 2081 2720">
    <p class='ocr_par' dir='ltr' id='par_1_33' title="bbox 480 2646 2081 2720">
     <span class='ocr_line' id='line_1_33' title="bbox 480 2646 2081 2720; baseline -0.006 -9"><span class='ocrx_word' id='word_1_223' title='bbox 480 2646 691 2712; x_wconf 60' lang='lat' dir='ltr'><strong>Ennium</strong></span> <span class='ocrx_word' id='word_1_224' title='bbox 721 2670 895 2710; x_wconf 86' lang='lat' dir='ltr'><strong>annos</strong></span> <span class='ocrx_word' id='word_1_225' title='bbox 924 2646 1215 2720; x_wconf 72' lang='lat' dir='ltr'><strong>descripiis</strong></span> <span class='ocrx_word' id='word_1_226' title='bbox 1242 2671 1255 2705; x_wconf 90' lang='lat'><strong>:</strong></span> <span class='ocrx_word' id='word_1_227' title='bbox 1292 2650 1345 2705; x_wconf 88' lang='lat' dir='ltr'><strong>itt</strong></span> <span class='ocrx_word' id='word_1_228' title='bbox 1374 2651 1495 2703; x_wconf 78' lang='lat' dir='ltr'><strong>aliis</strong></span> <span class='ocrx_word' id='word_1_229' title='bbox 1537 2660 1717 2703; x_wconf 88' lang='lat' dir='ltr'><strong>autem</strong></span> <span class='ocrx_word' id='word_1_230' title='bbox 1758 2646 2081 2720; x_wconf 85' lang='lat' dir='ltr'><strong>antiquiori-</strong></span> 
     </span>
    </p>
   </div>
   <div class='ocr_carea' id='block_1_34' title="bbox 479 2718 2080 2789">
    <p class='ocr_par' dir='ltr' id='par_1_34' title="bbox 479 2718 2080 2789">
     <span class='ocr_line' id='line_1_34' title="bbox 479 2718 2080 2789; baseline -0.007 -7"><span class='ocrx_word' id='word_1_231' title='bbox 479 2727 580 2782; x_wconf 88' lang='lat' dir='ltr'><strong>bus</strong></span> <span class='ocrx_word' id='word_1_232' title='bbox 612 2742 739 2783; x_wconf 87' lang='lat' dir='ltr'><strong>mss.</strong></span> <span class='ocrx_word' id='word_1_233' title='bbox 769 2742 878 2781; x_wconf 92' lang='lat' dir='ltr'><strong>non</strong></span> <span class='ocrx_word' id='word_1_234' title='bbox 910 2728 980 2780; x_wconf 89' lang='lat' dir='ltr'><strong>ita</strong></span> <span class='ocrx_word' id='word_1_235' title='bbox 1005 2718 1321 2779; x_wconf 84' lang='lat' dir='ltr'><strong>constanter</strong></span> <span class='ocrx_word' id='word_1_236' title='bbox 1348 2721 1584 2789; x_wconf 83' lang='lat' dir='ltr'><strong>reperiri</strong></span> <span class='ocrx_word' id='word_1_237' title='bbox 1613 2738 1623 2772; x_wconf 93' lang='lat'>:</span> <span class='ocrx_word' id='word_1_238' title='bbox 1656 2728 1748 2773; x_wconf 90' lang='lat' dir='ltr'><strong>aut</strong></span> <span class='ocrx_word' id='word_1_239' title='bbox 1771 2718 1906 2773; x_wconf 83' lang='lat' dir='ltr'><strong>ﬁdes</strong></span> <span class='ocrx_word' id='word_1_240' title='bbox 1928 2720 1981 2789; x_wconf 90' lang='lat' dir='ltr'><strong>in</strong></span> <span class='ocrx_word' id='word_1_241' title='bbox 2015 2734 2080 2772; x_wconf 91' lang='lat' dir='ltr'><strong>eo</strong></span> 
     </span>
    </p>
   </div>
   <div class='ocr_carea' id='block_1_35' title="bbox 481 2788 2079 2866">
    <p class='ocr_par' dir='ltr' id='par_1_35' title="bbox 481 2788 2079 2866">
     <span class='ocr_line' id='line_1_35' title="bbox 481 2788 2079 2866; baseline -0.003 -17"><span class='ocrx_word' id='word_1_242' title='bbox 481 2798 718 2865; x_wconf 81' lang='lat' dir='ltr'><strong>vacillat,</strong></span> <span class='ocrx_word' id='word_1_243' title='bbox 747 2808 843 2853; x_wconf 87' lang='lat' dir='ltr'><strong>aut</strong></span> <span class='ocrx_word' id='word_1_244' title='bbox 870 2796 1166 2866; x_wconf 70' lang='lat' dir='ltr'><strong>diligentia:</strong></span> <span class='ocrx_word' id='word_1_245' title='bbox 1197 2788 1446 2848; x_wconf 84' lang='lat' dir='ltr'><strong>nonnihil</strong></span> <span class='ocrx_word' id='word_1_246' title='bbox 1473 2791 1840 2866; x_wconf 81' lang='lat' dir='ltr'><strong>desideratur.</strong></span> <span class='ocrx_word' id='word_1_247' title='bbox 1868 2788 2079 2866; x_wconf 75' lang='lat' dir='ltr'><strong>Qitippe</strong></span> 
     </span>
    </p>
   </div>
   <div class='ocr_carea' id='block_1_36' title="bbox 479 2861 2081 2939">
    <p class='ocr_par' dir='ltr' id='par_1_36' title="bbox 479 2861 2081 2939">
     <span class='ocr_line' id='line_1_36' title="bbox 479 2861 2081 2939; baseline -0.006 -16"><span class='ocrx_word' id='word_1_248' title='bbox 479 2870 621 2939; x_wconf 92' lang='lat' dir='ltr'><strong>quod</strong></span> <span class='ocrx_word' id='word_1_249' title='bbox 644 2861 852 2925; x_wconf 81' lang='lat' dir='ltr'><strong>certum</strong></span> <span class='ocrx_word' id='word_1_250' title='bbox 885 2870 958 2923; x_wconf 90' lang='lat' dir='ltr'><strong>sit</strong></span> <span class='ocrx_word' id='word_1_251' title='bbox 973 2861 1391 2939; x_wconf 57' lang='lat' dir='ltr'><strong>&#39;rarioresesse</strong></span> <span class='ocrx_word' id='word_1_252' title='bbox 1434 2864 1834 2939; x_wconf 83' lang='lat' dir='ltr'><strong>vetustissimos</strong></span> <span class='ocrx_word' id='word_1_253' title='bbox 1878 2861 2081 2939; x_wconf 39' lang='lat' dir='ltr'><strong>bibliot</strong></span> 
     </span>
    </p>
   </div>
   <div class='ocr_carea' id='block_1_37' title="bbox 480 2932 2079 3007">
    <p class='ocr_par' dir='ltr' id='par_1_37' title="bbox 480 2932 2079 3007">
     <span class='ocr_line' id='line_1_37' title="bbox 480 2932 2079 3007; baseline -0.007 -12"><span class='ocrx_word' id='word_1_254' title='bbox 480 2932 599 2995; x_wconf 78' lang='lat' dir='ltr'><strong>rum</strong></span> <span class='ocrx_word' id='word_1_255' title='bbox 625 2941 863 3005; x_wconf 78' lang='lat' dir='ltr'><strong>Codices,</strong></span> <span class='ocrx_word' id='word_1_256' title='bbox 894 2941 947 2993; x_wconf 91' lang='lat' dir='ltr'><strong>in</strong></span> <span class='ocrx_word' id='word_1_257' title='bbox 977 2938 1173 3007; x_wconf 89' lang='lat' dir='ltr'><strong>quibus</strong></span> <span class='ocrx_word' id='word_1_258' title='bbox 1203 2935 1359 2990; x_wconf 91' lang='lat' dir='ltr'><strong>abest</strong></span> <span class='ocrx_word' id='word_1_259' title='bbox 1379 2936 1658 3005; x_wconf 88' lang='lat' dir='ltr'><strong>prologus,</strong></span> <span class='ocrx_word' id='word_1_260' title='bbox 1689 2947 1849 3007; x_wconf 84' lang='lat' dir='ltr'><strong>quam</strong></span> <span class='ocrx_word' id='word_1_261' title='bbox 1879 2932 2079 3007; x_wconf 81' lang='lat' dir='ltr'><strong>illiqui</strong></span> 
     </span>
    </p>
   </div>
   <div class='ocr_carea' id='block_1_38' title="bbox 481 3003 2079 3076">
    <p class='ocr_par' dir='ltr' id='par_1_38' title="bbox 481 3003 2079 3076">
     <span class='ocr_line' id='line_1_38' title="bbox 481 3003 2079 3076; baseline -0.006 -10"><span class='ocrx_word' id='word_1_262' title='bbox 481 3011 732 3066; x_wconf 88' lang='lat' dir='ltr'><strong>eumdem</strong></span> <span class='ocrx_word' id='word_1_263' title='bbox 780 3003 1336 3076; x_wconf 38' lang='lat' dir='ltr'><strong>habent—ascriptum.</strong></span> <span class='ocrx_word' id='word_1_264' title='bbox 1380 3003 1471 3061; x_wconf 26' lang='lat' dir='ltr'><strong>‘Ac</strong></span> <span class='ocrx_word' id='word_1_265' title='bbox 1511 3021 1579 3059; x_wconf 91' lang='lat' dir='ltr'><strong>ne</strong></span> <span class='ocrx_word' id='word_1_266' title='bbox 1623 3004 1761 3076; x_wconf 17' lang='lat' dir='ltr'><strong>quis,</strong></span> <span class='ocrx_word' id='word_1_267' title='bbox 1789 3004 1874 3056; x_wconf 91' lang='lat' dir='ltr'><strong>liis</strong></span> <span class='ocrx_word' id='word_1_268' title='bbox 1924 3003 2079 3076; x_wconf 82' lang='lat' dir='ltr'><strong>dictis</strong></span> 
     </span>
    </p>
   </div>
   <div class='ocr_carea' id='block_1_39' title="bbox 482 3073 2080 3149">
    <p class='ocr_par' dir='ltr' id='par_1_39' title="bbox 482 3073 2080 3149">
     <span class='ocr_line' id='line_1_39' title="bbox 482 3073 2080 3149; baseline -0.006 -12"><span class='ocrx_word' id='word_1_269' title='bbox 482 3086 804 3149; x_wconf 85' lang='lat' dir='ltr'><strong>scriptorem</strong></span> <span class='ocrx_word' id='word_1_270' title='bbox 825 3081 1072 3135; x_wconf 89' lang='lat' dir='ltr'><strong>criticum</strong></span> <span class='ocrx_word' id='word_1_271' title='bbox 1097 3073 1366 3146; x_wconf 79' lang='lat' dir='ltr'><strong>protelare</strong></span> <span class='ocrx_word' id='word_1_272' title='bbox 1396 3093 1481 3133; x_wconf 92' lang='lat' dir='ltr'><strong>me</strong></span> <span class='ocrx_word' id='word_1_273' title='bbox 1505 3073 1678 3146; x_wconf 76' lang='lat' dir='ltr'><strong>putei,</strong></span> <span class='ocrx_word' id='word_1_274' title='bbox 1709 3075 1878 3149; x_wconf 69' lang='lat' dir='ltr'><strong>libros</strong></span> <span class='ocrx_word' id='word_1_275' title='bbox 1900 3073 2080 3128; x_wconf 87' lang='lat' dir='ltr'><strong>citabo</strong></span> 
     </span>
    </p>
   </div>
   <div class='ocr_carea' id='block_1_40' title="bbox 483 3146 2081 3220">
    <p class='ocr_par' dir='ltr' id='par_1_40' title="bbox 483 3146 2081 3220">
     <span class='ocr_line' id='line_1_40' title="bbox 483 3146 2081 3220; baseline -0.006 -14"><span class='ocrx_word' id='word_1_276' title='bbox 483 3146 804 3206; x_wconf 67' lang='lat' dir='ltr'><strong>assertionis</strong></span> <span class='ocrx_word' id='word_1_277' title='bbox 836 3166 971 3206; x_wconf 63' lang='lat' dir='ltr'><strong>mea:</strong></span> <span class='ocrx_word' id='word_1_278' title='bbox 998 3151 1454 3220; x_wconf 66' lang='lat' dir='ltr'><strong>locupletissimos</strong></span> <span class='ocrx_word' id='word_1_279' title='bbox 1486 3156 1673 3202; x_wconf 85' lang='lat' dir='ltr'><strong>testes.</strong></span> <span class='ocrx_word' id='word_1_280' title='bbox 1708 3146 1827 3200; x_wconf 91' lang='lat' dir='ltr'><strong>Duo</strong></span> <span class='ocrx_word' id='word_1_281' title='bbox 1864 3155 2081 3201; x_wconf 85' lang='lat' dir='ltr'><strong>exstant</strong></span> 
     </span>
    </p>
   </div>
   <div class='ocr_carea' id='block_1_41' title="bbox 484 3220 2081 3290">
    <p class='ocr_par' dir='ltr' id='par_1_41' title="bbox 484 3220 2081 3290">
     <span class='ocr_line' id='line_1_41' title="bbox 484 3220 2081 3290; baseline -0.004 -13"><span class='ocrx_word' id='word_1_282' title='bbox 484 3226 538 3277; x_wconf 90' lang='lat' dir='ltr'><strong>itt</strong></span> <span class='ocrx_word' id='word_1_283' title='bbox 587 3222 916 3280; x_wconf 83' lang='lat' dir='ltr'><strong>bibliotheca</strong></span> <span class='ocrx_word' id='word_1_284' title='bbox 964 3224 1126 3290; x_wconf 74' lang='lat' dir='ltr'><strong>Regia</strong></span> <span class='ocrx_word' id='word_1_285' title='bbox 1158 3236 1433 3277; x_wconf 82' lang='lat' dir='ltr'><strong>saerorum</strong></span> <span class='ocrx_word' id='word_1_286' title='bbox 1484 3220 1783 3275; x_wconf 80' lang='lat' dir='ltr'><strong>Bibliomm</strong></span> <span class='ocrx_word' id='word_1_287' title='bbox 1829 3222 2081 3290; x_wconf 79' lang='lat' dir='ltr'><strong>vetustis-</strong></span> 
     </span>
    </p>
   </div>
   <div class='ocr_carea' id='block_1_42' title="bbox 483 3287 2081 3361">
    <p class='ocr_par' dir='ltr' id='par_1_42' title="bbox 483 3287 2081 3361">
     <span class='ocr_line' id='line_1_42' title="bbox 483 3287 2081 3361; baseline -0.006 -12"><span class='ocrx_word' id='word_1_288' title='bbox 483 3294 605 3349; x_wconf 85' lang='lat' dir='ltr'><strong>simi</strong></span> <span class='ocrx_word' id='word_1_289' title='bbox 633 3292 850 3349; x_wconf 87' lang='lat' dir='ltr'><strong>codices</strong></span> <span class='ocrx_word' id='word_1_290' title='bbox 891 3287 1068 3359; x_wconf 48' lang='lat'><strong>&quot;155.;</strong></span> <span class='ocrx_word' id='word_1_291' title='bbox 1087 3293 1193 3347; x_wconf 91' lang='lat' dir='ltr'><strong>duo</strong></span> <span class='ocrx_word' id='word_1_292' title='bbox 1218 3298 1423 3360; x_wconf 88' lang='lat' dir='ltr'><strong>pariter</strong></span> <span class='ocrx_word' id='word_1_293' title='bbox 1447 3292 1691 3361; x_wconf 50' lang='lat' dir='ltr'><strong>ejusdem</strong></span> <span class='ocrx_word' id='word_1_294' title='bbox 1722 3291 1896 3343; x_wconf 67' lang='lat' dir='ltr'><strong>aetatis</strong></span> <span class='ocrx_word' id='word_1_295' title='bbox 1916 3298 1973 3342; x_wconf 88' lang='lat' dir='ltr'><strong>et</strong></span> <span class='ocrx_word' id='word_1_296' title='bbox 2000 3287 2081 3341; x_wconf 59' lang='lat' dir='ltr'><strong>dio</strong></span> 
     </span>
    </p>
   </div>
   <div class='ocr_carea' id='block_1_43' title="bbox 486 3360 2079 3432">
    <p class='ocr_par' dir='ltr' id='par_1_43' title="bbox 486 3360 2079 3432">
     <span class='ocr_line' id='line_1_43' title="bbox 486 3360 2079 3432; baseline -0.003 -15"><span class='ocrx_word' id='word_1_297' title='bbox 486 3363 709 3431; x_wconf 83' lang='lat' dir='ltr'><strong>gnitatis</strong></span> <span class='ocrx_word' id='word_1_298' title='bbox 736 3367 787 3419; x_wconf 89' lang='lat' dir='ltr'><strong>in</strong></span> <span class='ocrx_word' id='word_1_299' title='bbox 817 3362 1147 3421; x_wconf 86' lang='lat' dir='ltr'><strong>bibliotheca</strong></span> <span class='ocrx_word' id='word_1_300' title='bbox 1175 3360 1504 3419; x_wconf 81' lang='lat' dir='ltr'><strong>Colbertina.</strong></span> <span class='ocrx_word' id='word_1_301' title='bbox 1539 3362 1691 3432; x_wconf 68' lang='lat' dir='ltr'><strong>liegii</strong></span> <span class='ocrx_word' id='word_1_302' title='bbox 1722 3360 1805 3414; x_wconf 84' lang='lat' dir='ltr'><strong>his</strong></span> <span class='ocrx_word' id='word_1_303' title='bbox 1839 3362 2079 3414; x_wconf 76' lang='lat' dir='ltr'><strong>numeris</strong></span> 
     </span>
    </p>
   </div>
   <div class='ocr_carea' id='block_1_44' title="bbox 488 3434 3064 3511">
    <p class='ocr_par' dir='ltr' id='par_1_44' title="bbox 488 3434 3064 3511">
     <span class='ocr_line' id='line_1_44' title="bbox 488 3434 3064 3511; baseline 0 -19"><span class='ocrx_word' id='word_1_304' title='bbox 488 3437 705 3511; x_wconf 67' lang='lat' dir='ltr'><strong>356let</strong></span> <span class='ocrx_word' id='word_1_305' title='bbox 887 3436 1061 3511; x_wconf 76' lang='lat' dir='ltr'><strong>notati</strong></span> <span class='ocrx_word' id='word_1_306' title='bbox 1085 3440 1333 3489; x_wconf 88' lang='lat' dir='ltr'><strong>visuntur</strong></span> <span class='ocrx_word' id='word_1_307' title='bbox 1358 3434 1693 3511; x_wconf 80' lang='lat' dir='ltr'><strong>:_Colbertini</strong></span> <span class='ocrx_word' id='word_1_308' title='bbox 1719 3448 1850 3486; x_wconf 82' lang='lat' dir='ltr'><strong>vero</strong></span> <span class='ocrx_word' id='word_1_309' title='bbox 1876 3448 2025 3511; x_wconf 53' lang='lat' dir='ltr'><strong>tium:</strong></span> <span class='ocrx_word' id='word_1_310' title='bbox 2056 3445 2079 3497; x_wconf 72' lang='lat'><strong>1</strong></span> <span class='ocrx_word' id='word_1_311' title='bbox 2116 3448 2161 3511; x_wconf 71' lang='grc' dir='ltr'>ρ</span> <span class='ocrx_word' id='word_1_312' title='bbox 2192 3434 2937 3511; x_wconf 68' lang='lat' dir='ltr'><strong>_San_-Gertnatieitsisnoster</strong></span> <span class='ocrx_word' id='word_1_313' title='bbox 2960 3459 3017 3497; x_wconf 87' lang='grc' dir='ltr'><strong>ιι.</strong></span> <span class='ocrx_word' id='word_1_314' title='bbox 3044 3445 3064 3494; x_wconf 78' lang='grc'>1</span> 
     </span>
    </p>
   </div>
   <div class='ocr_carea' id='block_1_45' title="bbox 486 3505 2090 3573">
    <p class='ocr_par' dir='ltr' id='par_1_45' title="bbox 486 3505 2090 3573">
     <span class='ocr_line' id='line_1_45' title="bbox 486 3505 2090 3573; baseline -0.006 -10"><span class='ocrx_word' id='word_1_315' title='bbox 486 3515 544 3563; x_wconf 83' lang='lat' dir='ltr'><strong>et</strong></span> <span class='ocrx_word' id='word_1_316' title='bbox 585 3507 710 3563; x_wconf 82' lang='grc'><strong>158.</strong></span> <span class='ocrx_word' id='word_1_317' title='bbox 743 3508 933 3564; x_wconf 89' lang='lat' dir='ltr'><strong>Omnia</strong></span> <span class='ocrx_word' id='word_1_318' title='bbox 964 3507 1152 3561; x_wconf 71' lang='lat' dir='ltr'><strong>istbiec</strong></span> <span class='ocrx_word' id='word_1_319' title='bbox 1180 3505 1512 3573; x_wconf 83' lang='lat' dir='ltr'><strong>exemplaria</strong></span> <span class='ocrx_word' id='word_1_320' title='bbox 1545 3519 1671 3558; x_wconf 82' lang='lat' dir='ltr'><strong>ante</strong></span> <span class='ocrx_word' id='word_1_321' title='bbox 1704 3512 1948 3571; x_wconf 88' lang='lat' dir='ltr'><strong>tempora</strong></span> <span class='ocrx_word' id='word_1_322' title='bbox 1986 3506 2090 3566; x_wconf 75' lang='lat' dir='ltr'><strong>Ca-</strong></span> 
     </span>
    </p>
   </div>
   <div class='ocr_carea' id='block_1_46' title="bbox 489 3574 2091 3645">
    <p class='ocr_par' dir='ltr' id='par_1_46' title="bbox 489 3574 2091 3645">
     <span class='ocr_line' id='line_1_46' title="bbox 489 3574 2091 3645; baseline -0.006 -10"><span class='ocrx_word' id='word_1_323' title='bbox 489 3581 588 3635; x_wconf 90' lang='lat' dir='ltr'><strong>roli</strong></span> <span class='ocrx_word' id='word_1_324' title='bbox 634 3580 806 3645; x_wconf 80' lang='lat' dir='ltr'><strong>Calvi,</strong></span> <span class='ocrx_word' id='word_1_325' title='bbox 839 3577 924 3634; x_wconf 87' lang='lat' dir='ltr'><strong>vel</strong></span> <span class='ocrx_word' id='word_1_326' title='bbox 954 3579 1148 3633; x_wconf 88' lang='lat' dir='ltr'><strong>eodem</strong></span> <span class='ocrx_word' id='word_1_327' title='bbox 1179 3586 1424 3645; x_wconf 85' lang='lat' dir='ltr'><strong>tempore</strong></span> <span class='ocrx_word' id='word_1_328' title='bbox 1448 3574 1718 3643; x_wconf 75' lang='lat' dir='ltr'><strong>exscripta</strong></span> <span class='ocrx_word' id='word_1_329' title='bbox 1760 3574 2091 3643; x_wconf 77' lang='lat' dir='ltr'><strong>dignoseun-</strong></span> 
     </span>
    </p>
   </div>
   <div class='ocr_carea' id='block_1_47' title="bbox 491 3646 2085 3719">
    <p class='ocr_par' dir='ltr' id='par_1_47' title="bbox 491 3646 2085 3719">
     <span class='ocr_line' id='line_1_47' title="bbox 491 3646 2085 3719; baseline -0.005 -12"><span class='ocrx_word' id='word_1_330' title='bbox 491 3661 599 3719; x_wconf 85' lang='lat' dir='ltr'><strong>tur,</strong></span> <span class='ocrx_word' id='word_1_331' title='bbox 652 3651 803 3707; x_wconf 90' lang='lat' dir='ltr'><strong>nullo</strong></span> <span class='ocrx_word' id='word_1_332' title='bbox 850 3649 1159 3719; x_wconf 78' lang='lat' dir='ltr'><strong>refragante</strong></span> <span class='ocrx_word' id='word_1_333' title='bbox 1202 3666 1215 3703; x_wconf 90' lang='lat'><strong>:</strong></span> <span class='ocrx_word' id='word_1_334' title='bbox 1264 3664 1295 3702; x_wconf 91' lang='lat' dir='ltr'><strong>e</strong></span> <span class='ocrx_word' id='word_1_335' title='bbox 1336 3659 1567 3716; x_wconf 89' lang='lat' dir='ltr'><strong>quatuor</strong></span> <span class='ocrx_word' id='word_1_336' title='bbox 1598 3656 1775 3701; x_wconf 86' lang='lat' dir='ltr'><strong>tamen</strong></span> <span class='ocrx_word' id='word_1_337' title='bbox 1807 3646 1925 3700; x_wconf 75' lang='lat' dir='ltr'><strong>istis</strong></span> <span class='ocrx_word' id='word_1_338' title='bbox 1952 3663 2085 3708; x_wconf 45' lang='lat' dir='ltr'><strong>mss,</strong></span> 
     </span>
    </p>
   </div>
   <div class='ocr_carea' id='block_1_48' title="bbox 490 3722 2090 3795">
    <p class='ocr_par' dir='ltr' id='par_1_48' title="bbox 490 3722 2090 3795">
     <span class='ocr_line' id='line_1_48' title="bbox 490 3722 2090 3795; baseline 0.001 -17"><span class='ocrx_word' id='word_1_339' title='bbox 490 3725 977 3794; x_wconf 77' lang='lat' dir='ltr'><strong>przestantissiittis,</strong></span> <span class='ocrx_word' id='word_1_340' title='bbox 1024 3740 1090 3778; x_wconf 87' lang='lat' dir='ltr'><strong>ae</strong></span> <span class='ocrx_word' id='word_1_341' title='bbox 1133 3723 1357 3795; x_wconf 76' lang='lat' dir='ltr'><strong>optimae</strong></span> <span class='ocrx_word' id='word_1_342' title='bbox 1403 3735 1566 3787; x_wconf 71' lang='lat' dir='ltr'><strong>notae,</strong></span> <span class='ocrx_word' id='word_1_343' title='bbox 1613 3732 1720 3778; x_wconf 85' lang='lat' dir='ltr'><strong>tres</strong></span> <span class='ocrx_word' id='word_1_344' title='bbox 1768 3722 2090 3792; x_wconf 85' lang='lat' dir='ltr'><strong>insigniores</strong></span> 
     </span>
    </p>
   </div>
   <div class='ocr_carea' id='block_1_49' title="bbox 492 3795 2090 3867">
    <p class='ocr_par' dir='ltr' id='par_1_49' title="bbox 492 3795 2090 3867">
     <span class='ocr_line' id='line_1_49' title="bbox 492 3795 2090 3867; baseline 0.001 -19"><span class='ocrx_word' id='word_1_345' title='bbox 492 3795 695 3850; x_wconf 87' lang='lat' dir='ltr'><strong>habent</strong></span> <span class='ocrx_word' id='word_1_346' title='bbox 728 3796 1004 3867; x_wconf 88' lang='lat' dir='ltr'><strong>prologum</strong></span> <span class='ocrx_word' id='word_1_347' title='bbox 1030 3806 1389 3851; x_wconf 81' lang='lat' dir='ltr'><strong>memoratum</strong></span> <span class='ocrx_word' id='word_1_348' title='bbox 1425 3807 1552 3850; x_wconf 88' lang='lat' dir='ltr'><strong>ante.</strong></span> <span class='ocrx_word' id='word_1_349' title='bbox 1588 3808 1794 3865; x_wconf 87' lang='lat' dir='ltr'><strong>septem</strong></span> <span class='ocrx_word' id='word_1_350' title='bbox 1821 3795 2090 3863; x_wconf 80' lang='lat' dir='ltr'><strong>Epistolas</strong></span> 
     </span>
    </p>
   </div>
   <div class='ocr_carea' id='block_1_50' title="bbox 490 3867 2089 3937">
    <p class='ocr_par' dir='ltr' id='par_1_50' title="bbox 490 3867 2089 3937">
     <span class='ocr_line' id='line_1_50' title="bbox 490 3867 2089 3937; baseline 0 -16"><span class='ocrx_word' id='word_1_351' title='bbox 490 3867 796 3922; x_wconf 86' lang='lat' dir='ltr'><strong>Canonicas</strong></span> <span class='ocrx_word' id='word_1_352' title='bbox 835 3868 1192 3935; x_wconf 87' lang='lat' dir='ltr'><strong>descriptum.</strong></span> <span class='ocrx_word' id='word_1_353' title='bbox 1247 3868 1400 3924; x_wconf 88' lang='lat' dir='ltr'><strong>Unde</strong></span> <span class='ocrx_word' id='word_1_354' title='bbox 1437 3867 1662 3924; x_wconf 76' lang='lat' dir='ltr'><strong>evidens</strong></span> <span class='ocrx_word' id='word_1_355' title='bbox 1712 3877 2089 3937; x_wconf 81' lang='lat' dir='ltr'><strong>argumentum</strong></span> 
     </span>
    </p>
   </div>
   <div class='ocr_carea' id='block_1_51' title="bbox 493 3939 2091 4010">
    <p class='ocr_par' dir='ltr' id='par_1_51' title="bbox 493 3939 2091 4010">
     <span class='ocr_line' id='line_1_51' title="bbox 493 3939 2091 4010; baseline 0 -17"><span class='ocrx_word' id='word_1_356' title='bbox 493 3941 736 4010; x_wconf 78' lang='lat' dir='ltr'><strong>exsurgit</strong></span> <span class='ocrx_word' id='word_1_357' title='bbox 759 3951 946 3997; x_wconf 84' lang='lat' dir='ltr'><strong>contra</strong></span> <span class='ocrx_word' id='word_1_358' title='bbox 974 3945 1283 4010; x_wconf 89' lang='lat' dir='ltr'><strong>opinionem</strong></span> <span class='ocrx_word' id='word_1_359' title='bbox 1318 3943 1508 4010; x_wconf 80' lang='lat' dir='ltr'><strong>nuperi</strong></span> <span class='ocrx_word' id='word_1_360' title='bbox 1530 3943 1703 3998; x_wconf 85' lang='lat' dir='ltr'><strong>critici</strong></span> <span class='ocrx_word' id='word_1_361' title='bbox 1731 3958 1746 4008; x_wconf 88' lang='lat'><strong>;</strong></span> <span class='ocrx_word' id='word_1_362' title='bbox 1778 3942 2010 3996; x_wconf 81' lang='lat' dir='ltr'><strong>maxime</strong></span> <span class='ocrx_word' id='word_1_363' title='bbox 2043 3939 2091 3994; x_wconf 91' lang='lat' dir='ltr'><strong>si</strong></span> 
     </span>
    </p>
   </div>
   <div class='ocr_carea' id='block_1_52' title="bbox 494 4010 2091 4085">
    <p class='ocr_par' dir='ltr' id='par_1_52' title="bbox 494 4010 2091 4085">
     <span class='ocr_line' id='line_1_52' title="bbox 494 4010 2091 4085; baseline 0.002 -22"><span class='ocrx_word' id='word_1_364' title='bbox 494 4010 622 4085; x_wconf 76' lang='lat' dir='ltr'><strong>huic</strong></span> <span class='ocrx_word' id='word_1_365' title='bbox 665 4012 982 4085; x_wconf 81' lang='lat' dir='ltr'><strong>auctoritati</strong></span> <span class='ocrx_word' id='word_1_366' title='bbox 1053 4014 1276 4068; x_wconf 85' lang='lat' dir='ltr'><strong>accedat</strong></span> <span class='ocrx_word' id='word_1_367' title='bbox 1320 4015 1511 4071; x_wconf 81' lang='lat' dir='ltr'><strong>eadem</strong></span> <span class='ocrx_word' id='word_1_368' title='bbox 1546 4017 1792 4085; x_wconf 89' lang='lat' dir='ltr'><strong>probatio</strong></span> <span class='ocrx_word' id='word_1_369' title='bbox 1823 4029 1854 4067; x_wconf 90' lang='lat' dir='ltr'><strong>e</strong></span> <span class='ocrx_word' id='word_1_370' title='bbox 1902 4030 2091 4066; x_wconf 73' lang='lat' dir='ltr'><strong>manu-</strong></span> 
     </span>
    </p>
   </div>
   <div class='ocr_carea' id='block_1_53' title="bbox 496 4080 2091 4152">
    <p class='ocr_par' dir='ltr' id='par_1_53' title="bbox 496 4080 2091 4152">
     <span class='ocr_line' id='line_1_53' title="bbox 496 4080 2091 4152; baseline 0.004 -17"><span class='ocrx_word' id='word_1_371' title='bbox 496 4080 716 4149; x_wconf 87' lang='lat' dir='ltr'><strong>scriptis</strong></span> <span class='ocrx_word' id='word_1_372' title='bbox 748 4082 944 4136; x_wconf 89' lang='lat' dir='ltr'><strong>iterum</strong></span> <span class='ocrx_word' id='word_1_373' title='bbox 971 4092 1204 4152; x_wconf 87' lang='lat' dir='ltr'><strong>quatuor</strong></span> <span class='ocrx_word' id='word_1_374' title='bbox 1223 4080 1561 4140; x_wconf 63' lang='lat' dir='ltr'><strong>bibliotheca?</strong></span> <span class='ocrx_word' id='word_1_375' title='bbox 1594 4099 1791 4141; x_wconf 66' lang='lat' dir='ltr'><strong>nostra:</strong></span> <span class='ocrx_word' id='word_1_376' title='bbox 1820 4091 1925 4143; x_wconf 79' lang='lat' dir='ltr'><strong>San</strong></span> <span class='ocrx_word' id='word_1_377' title='bbox 1954 4085 2091 4142; x_wconf 87' lang='lat' dir='ltr'><strong>Ger-</strong></span> 
     </span>
    </p>
   </div>
   <div class='ocr_carea' id='block_1_54' title="bbox 497 4152 2089 4226">
    <p class='ocr_par' dir='ltr' id='par_1_54' title="bbox 497 4152 2089 4226">
     <span class='ocr_line' id='line_1_54' title="bbox 497 4152 2089 4226; baseline 0.004 -21"><span class='ocrx_word' id='word_1_378' title='bbox 497 4153 809 4226; x_wconf 55' lang='lat' dir='ltr'><strong>matiensis,</strong></span> <span class='ocrx_word' id='word_1_379' title='bbox 840 4152 932 4208; x_wconf 91' lang='lat' dir='ltr'><strong>ubi</strong></span> <span class='ocrx_word' id='word_1_380' title='bbox 986 4164 1281 4226; x_wconf 79' lang='lat' dir='ltr'><strong>supersunt</strong></span> <span class='ocrx_word' id='word_1_381' title='bbox 1327 4158 1484 4209; x_wconf 86' lang='lat' dir='ltr'><strong>nobis</strong></span> <span class='ocrx_word' id='word_1_382' title='bbox 1533 4168 1643 4212; x_wconf 90' lang='lat' dir='ltr'><strong>tum</strong></span> <span class='ocrx_word' id='word_1_383' title='bbox 1688 4160 1922 4226; x_wconf 87' lang='lat' dir='ltr'><strong>propria,</strong></span> <span class='ocrx_word' id='word_1_384' title='bbox 1977 4170 2089 4213; x_wconf 88' lang='lat' dir='ltr'><strong>tum</strong></span> 
     </span>
    </p>
   </div>
   <div class='ocr_carea' id='block_1_55' title="bbox 494 4222 2091 4293">
    <p class='ocr_par' dir='ltr' id='par_1_55' title="bbox 494 4222 2091 4293">
     <span class='ocr_line' id='line_1_55' title="bbox 494 4222 2091 4293; baseline 0.002 -14"><span class='ocrx_word' id='word_1_385' title='bbox 494 4222 843 4279; x_wconf 90' lang='lat' dir='ltr'><strong>Corbeiensis</strong></span> <span class='ocrx_word' id='word_1_386' title='bbox 886 4224 1199 4279; x_wconf 90' lang='lat' dir='ltr'><strong>monasterii</strong></span> <span class='ocrx_word' id='word_1_387' title='bbox 1242 4228 1571 4293; x_wconf 79' lang='lat' dir='ltr'><strong>exemplaria</strong></span> <span class='ocrx_word' id='word_1_388' title='bbox 1603 4222 1924 4283; x_wconf 69' lang='lat' dir='ltr'><strong>veneranda:</strong></span> <span class='ocrx_word' id='word_1_389' title='bbox 1949 4234 2091 4283; x_wconf 87' lang='lat' dir='ltr'><strong>anti-</strong></span> 
     </span>
    </p>
   </div>
   <div class='ocr_carea' id='block_1_56' title="bbox 494 4294 2090 4366">
    <p class='ocr_par' dir='ltr' id='par_1_56' title="bbox 494 4294 2090 4366">
     <span class='ocr_line' id='line_1_56' title="bbox 494 4294 2090 4366; baseline 0.004 -18"><span class='ocrx_word' id='word_1_390' title='bbox 494 4294 740 4366; x_wconf 81' lang='lat' dir='ltr'><strong>quitatis,</strong></span> <span class='ocrx_word' id='word_1_391' title='bbox 773 4304 899 4366; x_wconf 86' lang='lat' dir='ltr'><strong>ante</strong></span> <span class='ocrx_word' id='word_1_392' title='bbox 928 4297 1271 4366; x_wconf 76' lang='lat' dir='ltr'><strong>octingentos</strong></span> <span class='ocrx_word' id='word_1_393' title='bbox 1294 4310 1466 4349; x_wconf 90' lang='lat' dir='ltr'><strong>annos</strong></span> <span class='ocrx_word' id='word_1_394' title='bbox 1509 4298 1559 4349; x_wconf 86' lang='lat' dir='ltr'><strong>in</strong></span> <span class='ocrx_word' id='word_1_395' title='bbox 1596 4300 1926 4355; x_wconf 88' lang='lat' dir='ltr'><strong>membranis</strong></span> <span class='ocrx_word' id='word_1_396' title='bbox 1956 4316 2090 4355; x_wconf 81' lang='lat' dir='ltr'><strong>exa-</strong></span> 
     </span>
    </p>
   </div>
   <div class='ocr_carea' id='block_1_57' title="bbox 493 4363 2088 4437">
    <p class='ocr_par' dir='ltr' id='par_1_57' title="bbox 493 4363 2088 4437">
     <span class='ocr_line' id='line_1_57' title="bbox 493 4363 2088 4437; baseline 0.004 -16"><span class='ocrx_word' id='word_1_397' title='bbox 493 4363 631 4421; x_wconf 71' lang='lat' dir='ltr'><strong>rata.</strong></span> <span class='ocrx_word' id='word_1_398' title='bbox 664 4365 733 4422; x_wconf 92' lang='lat' dir='ltr'><strong>Ut</strong></span> <span class='ocrx_word' id='word_1_399' title='bbox 763 4368 815 4421; x_wconf 92' lang='lat' dir='ltr'><strong>in</strong></span> <span class='ocrx_word' id='word_1_400' title='bbox 846 4363 1033 4437; x_wconf 78' lang='lat' dir='ltr'><strong>Regiis</strong></span> <span class='ocrx_word' id='word_1_401' title='bbox 1057 4363 1111 4422; x_wconf 77' lang='lat' dir='ltr'><strong>ei</strong></span> <span class='ocrx_word' id='word_1_402' title='bbox 1140 4363 1469 4421; x_wconf 88' lang='lat' dir='ltr'><strong>Colbertinis</strong></span> <span class='ocrx_word' id='word_1_403' title='bbox 1493 4367 1808 4429; x_wconf 84' lang='lat' dir='ltr'><strong>codicibus.</strong></span> <span class='ocrx_word' id='word_1_404' title='bbox 1845 4373 1914 4423; x_wconf 87' lang='lat' dir='ltr'><strong>ila</strong></span> <span class='ocrx_word' id='word_1_405' title='bbox 1956 4380 2009 4424; x_wconf 77' lang='lat' dir='ltr'><strong>et</strong></span> <span class='ocrx_word' id='word_1_406' title='bbox 2035 4374 2088 4427; x_wconf 92' lang='lat' dir='ltr'><strong>in</strong></span> 
     </span>
    </p>
   </div>
   <div class='ocr_carea' id='block_1_58' title="bbox 497 4439 2091 4510">
    <p class='ocr_par' dir='ltr' id='par_1_58' title="bbox 497 4439 2091 4510">
     <span class='ocr_line' id='line_1_58' title="bbox 497 4439 2091 4510; baseline 0.003 -18"><span class='ocrx_word' id='word_1_407' title='bbox 497 4440 700 4493; x_wconf 90' lang='lat' dir='ltr'><strong>nostris</strong></span> <span class='ocrx_word' id='word_1_408' title='bbox 724 4441 907 4494; x_wconf 89' lang='lat' dir='ltr'><strong>evenit</strong></span> <span class='ocrx_word' id='word_1_409' title='bbox 948 4453 963 4494; x_wconf 91' lang='lat'><strong>:</strong></span> <span class='ocrx_word' id='word_1_410' title='bbox 992 4453 1115 4491; x_wconf 90' lang='lat' dir='ltr'><strong>nam</strong></span> <span class='ocrx_word' id='word_1_411' title='bbox 1146 4439 1328 4492; x_wconf 92' lang='lat' dir='ltr'><strong>nullus</strong></span> <span class='ocrx_word' id='word_1_412' title='bbox 1359 4439 1500 4510; x_wconf 85' lang='lat' dir='ltr'><strong>inter</strong></span> <span class='ocrx_word' id='word_1_413' title='bbox 1521 4456 1614 4493; x_wconf 86' lang='lat' dir='ltr'><strong>eos</strong></span> <span class='ocrx_word' id='word_1_414' title='bbox 1654 4452 1737 4495; x_wconf 88' lang='lat' dir='ltr'><strong>est</strong></span> <span class='ocrx_word' id='word_1_415' title='bbox 1764 4454 1963 4510; x_wconf 66' lang='lat' dir='ltr'><strong>praater</strong></span> <span class='ocrx_word' id='word_1_416' title='bbox 1995 4458 2091 4497; x_wconf 86' lang='lat' dir='ltr'><strong>no-</strong></span> 
     </span>
    </p>
   </div>
   <div class='ocr_carea' id='block_1_59' title="bbox 494 4509 2094 4580">
    <p class='ocr_par' dir='ltr' id='par_1_59' title="bbox 494 4509 2094 4580">
     <span class='ocr_line' id='line_1_59' title="bbox 494 4509 2094 4580; baseline 0.003 -17"><span class='ocrx_word' id='word_1_417' title='bbox 494 4518 666 4564; x_wconf 88' lang='lat' dir='ltr'><strong>tatum</strong></span> <span class='ocrx_word' id='word_1_418' title='bbox 697 4524 927 4564; x_wconf 90' lang='lat' dir='ltr'><strong>numero</strong></span> <span class='ocrx_word' id='word_1_419' title='bbox 959 4510 1046 4577; x_wconf 83' lang='lat' dir='ltr'><strong>l5,</strong></span> <span class='ocrx_word' id='word_1_420' title='bbox 1080 4511 1167 4578; x_wconf 88' lang='lat' dir='ltr'><strong>qui</strong></span> <span class='ocrx_word' id='word_1_421' title='bbox 1194 4525 1310 4580; x_wconf 87' lang='lat' dir='ltr'><strong>non</strong></span> <span class='ocrx_word' id='word_1_422' title='bbox 1340 4509 1535 4564; x_wconf 71' lang='lat' dir='ltr'><strong>habeat</strong></span> <span class='ocrx_word' id='word_1_423' title='bbox 1562 4512 1840 4579; x_wconf 87' lang='lat' dir='ltr'><strong>prol0gum</strong></span> <span class='ocrx_word' id='word_1_424' title='bbox 1865 4513 1930 4567; x_wconf 89' lang='lat' dir='ltr'><strong>ad</strong></span> <span class='ocrx_word' id='word_1_425' title='bbox 1969 4525 2094 4580; x_wconf 78' lang='lat' dir='ltr'><strong>sep-&#39;</strong></span> 
     </span>
    </p>
   </div>
   <div class='ocr_carea' id='block_1_60' title="bbox 492 4579 2087 4651">
    <p class='ocr_par' dir='ltr' id='par_1_60' title="bbox 492 4579 2087 4651">
     <span class='ocr_line' id='line_1_60' title="bbox 492 4579 2087 4651; baseline 0.001 -17"><span class='ocrx_word' id='word_1_426' title='bbox 492 4586 602 4635; x_wconf 88' lang='lat' dir='ltr'><strong>tem</strong></span> <span class='ocrx_word' id='word_1_427' title='bbox 643 4581 913 4651; x_wconf 80' lang='lat' dir='ltr'><strong>Epistolas</strong></span> <span class='ocrx_word' id='word_1_428' title='bbox 960 4579 1320 4650; x_wconf 83' lang='lat' dir='ltr'><strong>Apostolicas.</strong></span> <span class='ocrx_word' id='word_1_429' title='bbox 1354 4580 1503 4648; x_wconf 87' lang='lat' dir='ltr'><strong>Quos</strong></span> <span class='ocrx_word' id='word_1_430' title='bbox 1550 4583 1640 4648; x_wconf 87' lang='lat' dir='ltr'><strong>qui</strong></span> <span class='ocrx_word' id='word_1_431' title='bbox 1671 4584 1963 4638; x_wconf 82' lang='lat' dir='ltr'><strong>consulere</strong></span> <span class='ocrx_word' id='word_1_432' title='bbox 1996 4579 2087 4636; x_wconf 49' lang='lat' dir='ltr'><strong>vo.</strong></span> 
     </span>
    </p>
   </div>
   <div class='ocr_carea' id='block_1_61' title="bbox 491 4651 2087 4721">
    <p class='ocr_par' dir='ltr' id='par_1_61' title="bbox 491 4651 2087 4721">
     <span class='ocr_line' id='line_1_61' title="bbox 491 4651 2087 4721; baseline 0.002 -15"><span class='ocrx_word' id='word_1_433' title='bbox 491 4651 681 4719; x_wconf 89' lang='lat' dir='ltr'><strong>luerit,</strong></span> <span class='ocrx_word' id='word_1_434' title='bbox 713 4652 957 4707; x_wconf 88' lang='lat' dir='ltr'><strong>numeris</strong></span> <span class='ocrx_word' id='word_1_435' title='bbox 995 4654 1113 4708; x_wconf 65' lang='lat' dir='ltr'><strong>istis</strong></span> <span class='ocrx_word' id='word_1_436' title='bbox 1141 4651 1456 4721; x_wconf 86' lang='lat' dir='ltr'><strong>designatos</strong></span> <span class='ocrx_word' id='word_1_437' title='bbox 1487 4653 1680 4707; x_wconf 77' lang='lat' dir='ltr'><strong>habeat</strong></span> <span class='ocrx_word' id='word_1_438' title='bbox 1704 4695 1719 4717; x_wconf 90' lang='lat'><strong>,</strong></span> <span class='ocrx_word' id='word_1_439' title='bbox 1751 4652 1803 4720; x_wconf 83' lang='lat'><strong>2,</strong></span> <span class='ocrx_word' id='word_1_440' title='bbox 1843 4654 1875 4707; x_wconf 71' lang='grc'>4</span> <span class='ocrx_word' id='word_1_441' title='bbox 1908 4664 1959 4709; x_wconf 90' lang='lat' dir='ltr'><strong>et</strong></span> <span class='ocrx_word' id='word_1_442' title='bbox 1998 4655 2087 4709; x_wconf 71' lang='lat'><strong>23.</strong></span> 
     </span>
    </p>
   </div>
   <div class='ocr_carea' id='block_1_62' title="bbox 494 4723 2092 4795">
    <p class='ocr_par' dir='ltr' id='par_1_62' title="bbox 494 4723 2092 4795">
     <span class='ocr_line' id='line_1_62' title="bbox 494 4723 2092 4795; baseline 0.002 -19"><span class='ocrx_word' id='word_1_443' title='bbox 494 4723 581 4795; x_wconf 81' lang='lat' dir='ltr'><strong>Ex</strong></span> <span class='ocrx_word' id='word_1_444' title='bbox 602 4733 727 4779; x_wconf 90' lang='lat' dir='ltr'><strong>octo</strong></span> <span class='ocrx_word' id='word_1_445' title='bbox 751 4726 917 4795; x_wconf 84' lang='lat' dir='ltr'><strong>igitur</strong></span> <span class='ocrx_word' id='word_1_446' title='bbox 938 4740 1064 4795; x_wconf 69' lang='lat' dir='ltr'><strong>mss.</strong></span> <span class='ocrx_word' id='word_1_447' title='bbox 1093 4724 1374 4795; x_wconf 82' lang='lat' dir='ltr'><strong>codicibus</strong></span> <span class='ocrx_word' id='word_1_448' title='bbox 1397 4726 1815 4795; x_wconf 58' lang='lat' dir='ltr'><strong>antiquioribus,</strong></span> <span class='ocrx_word' id='word_1_449' title='bbox 1848 4741 1940 4779; x_wconf 88' lang='lat' dir='ltr'><strong>sex</strong></span> <span class='ocrx_word' id='word_1_450' title='bbox 1968 4738 2092 4779; x_wconf 84' lang='lat' dir='ltr'><strong>sunt</strong></span> 
     </span>
    </p>
   </div>
   <div class='ocr_carea' id='block_1_63' title="bbox 494 4793 2091 4864">
    <p class='ocr_par' dir='ltr' id='par_1_63' title="bbox 494 4793 2091 4864">
     <span class='ocr_line' id='line_1_63' title="bbox 494 4793 2091 4864; baseline 0.001 -17"><span class='ocrx_word' id='word_1_451' title='bbox 494 4794 586 4860; x_wconf 89' lang='lat' dir='ltr'><strong>qui</strong></span> <span class='ocrx_word' id='word_1_452' title='bbox 613 4793 929 4850; x_wconf 78' lang='lat' dir='ltr'><strong>constanter</strong></span> <span class='ocrx_word' id='word_1_453' title='bbox 960 4794 1195 4851; x_wconf 89' lang='lat' dir='ltr'><strong>retinent</strong></span> <span class='ocrx_word' id='word_1_454' title='bbox 1222 4793 1592 4863; x_wconf 60' lang='lat' dir='ltr'><strong>prarfalionem</strong></span> <span class='ocrx_word' id='word_1_455' title='bbox 1618 4837 1632 4861; x_wconf 90' lang='lat'><strong>,</strong></span> <span class='ocrx_word' id='word_1_456' title='bbox 1664 4800 1863 4864; x_wconf 66' lang='lat' dir='ltr'><strong>passim</strong></span> <span class='ocrx_word' id='word_1_457' title='bbox 1896 4797 2091 4849; x_wconf 88' lang='lat' dir='ltr'><strong>Hiero-</strong></span> 
     </span>
    </p>
   </div>
   <div class='ocr_carea' id='block_1_64' title="bbox 494 4865 2089 4935">
    <p class='ocr_par' dir='ltr' id='par_1_64' title="bbox 494 4865 2089 4935">
     <span class='ocr_line' id='line_1_64' title="bbox 494 4865 2089 4935; baseline 0.001 -17"><span class='ocrx_word' id='word_1_458' title='bbox 494 4879 659 4934; x_wconf 84' lang='lat' dir='ltr'><strong>nymo</strong></span> <span class='ocrx_word' id='word_1_459' title='bbox 687 4866 979 4935; x_wconf 90' lang='lat' dir='ltr'><strong>ascriptam</strong></span> <span class='ocrx_word' id='word_1_460' title='bbox 1010 4884 1022 4921; x_wconf 91' lang='lat'>:</span> <span class='ocrx_word' id='word_1_461' title='bbox 1058 4867 1110 4921; x_wconf 91' lang='lat' dir='ltr'><strong>in</strong></span> <span class='ocrx_word' id='word_1_462' title='bbox 1157 4865 1552 4921; x_wconf 87' lang='lat' dir='ltr'><strong>recentioribus</strong></span> <span class='ocrx_word' id='word_1_463' title='bbox 1590 4879 1768 4921; x_wconf 87' lang='lat' dir='ltr'><strong>autem</strong></span> <span class='ocrx_word' id='word_1_464' title='bbox 1805 4881 1903 4921; x_wconf 88' lang='lat' dir='ltr'><strong>nec</strong></span> <span class='ocrx_word' id='word_1_465' title='bbox 1948 4882 2089 4920; x_wconf 90' lang='lat' dir='ltr'><strong>sem-</strong></span> 
     </span>
    </p>
   </div>
   <div class='ocr_carea' id='block_1_65' title="bbox 497 4937 2089 5008">
    <p class='ocr_par' dir='ltr' id='par_1_65' title="bbox 497 4937 2089 5008">
     <span class='ocr_line' id='line_1_65' title="bbox 497 4937 2089 5008; baseline 0.003 -19"><span class='ocrx_word' id='word_1_466' title='bbox 497 4949 614 5008; x_wconf 75' lang='lat' dir='ltr'><strong>per,</strong></span> <span class='ocrx_word' id='word_1_467' title='bbox 667 4952 766 4993; x_wconf 89' lang='lat' dir='ltr'><strong>nec</strong></span> <span class='ocrx_word' id='word_1_468' title='bbox 816 4937 1015 5008; x_wconf 88' lang='lat' dir='ltr'><strong>ubique</strong></span> <span class='ocrx_word' id='word_1_469' title='bbox 1054 4938 1330 5008; x_wconf 84' lang='lat' dir='ltr'><strong>descripta</strong></span> <span class='ocrx_word' id='word_1_470' title='bbox 1376 4937 1610 5007; x_wconf 82' lang='lat' dir='ltr'><strong>legitur:</strong></span> <span class='ocrx_word' id='word_1_471' title='bbox 1651 4940 1809 4992; x_wconf 86' lang='lat' dir='ltr'><strong>abest</strong></span> <span class='ocrx_word' id='word_1_472' title='bbox 1850 4940 1997 4991; x_wconf 86' lang='lat' dir='ltr'><strong>enim</strong></span> <span class='ocrx_word' id='word_1_473' title='bbox 2034 4940 2089 4993; x_wconf 91' lang='lat' dir='ltr'><strong>in</strong></span> 
     </span>
    </p>
   </div>
   <div class='ocr_carea' id='block_1_66' title="bbox 496 5006 2090 5077">
    <p class='ocr_par' dir='ltr' id='par_1_66' title="bbox 496 5006 2090 5077">
     <span class='ocr_line' id='line_1_66' title="bbox 496 5006 2090 5077; baseline 0.002 -16"><span class='ocrx_word' id='word_1_474' title='bbox 496 5006 821 5063; x_wconf 87' lang='lat' dir='ltr'><strong>Colbertinis</strong></span> <span class='ocrx_word' id='word_1_475' title='bbox 846 5006 1126 5065; x_wconf 85' lang='lat' dir='ltr'><strong>codicibus</strong></span> <span class='ocrx_word' id='word_1_476' title='bbox 1156 5006 1305 5063; x_wconf 53' lang='lat' dir='ltr'><strong>nut&#39;n.</strong></span> <span class='ocrx_word' id='word_1_477' title='bbox 1340 5006 1504 5077; x_wconf 75' lang='grc'><strong>6155,</strong></span> <span class='ocrx_word' id='word_1_478' title='bbox 1536 5020 1592 5064; x_wconf 88' lang='lat' dir='ltr'><strong>et</strong></span> <span class='ocrx_word' id='word_1_479' title='bbox 1619 5012 1781 5065; x_wconf 75' lang='lat'><strong>6180.</strong></span> <span class='ocrx_word' id='word_1_480' title='bbox 1814 5009 1977 5063; x_wconf 83' lang='lat' dir='ltr'><strong>Certe</strong></span> <span class='ocrx_word' id='word_1_481' title='bbox 1998 5049 2013 5073; x_wconf 91' lang='lat'><strong>,</strong></span> <span class='ocrx_word' id='word_1_482' title='bbox 2043 5010 2090 5064; x_wconf 87' lang='lat' dir='ltr'><strong>si</strong></span> 
     </span>
    </p>
   </div>
   <div class='ocr_carea' id='block_1_67' title="bbox 498 5079 2087 5147">
    <p class='ocr_par' dir='ltr' id='par_1_67' title="bbox 498 5079 2087 5147">
     <span class='ocr_line' id='line_1_67' title="bbox 498 5079 2087 5147; baseline 0.003 -17"><span class='ocrx_word' id='word_1_483' title='bbox 498 5079 636 5133; x_wconf 85' lang='lat' dir='ltr'><strong>bene</strong></span> <span class='ocrx_word' id='word_1_484' title='bbox 667 5081 925 5145; x_wconf 89' lang='lat' dir='ltr'><strong>memini,</strong></span> <span class='ocrx_word' id='word_1_485' title='bbox 959 5079 1295 5147; x_wconf 84' lang='lat' dir='ltr'><strong>frequentius</strong></span> <span class='ocrx_word' id='word_1_486' title='bbox 1335 5083 1497 5136; x_wconf 88' lang='lat' dir='ltr'><strong>etiam</strong></span> <span class='ocrx_word' id='word_1_487' title='bbox 1544 5083 1596 5136; x_wconf 92' lang='lat' dir='ltr'><strong>in</strong></span> <span class='ocrx_word' id='word_1_488' title='bbox 1634 5082 1699 5135; x_wconf 92' lang='lat' dir='ltr'><strong>iis</strong></span> <span class='ocrx_word' id='word_1_489' title='bbox 1727 5083 2087 5145; x_wconf 85' lang='lat' dir='ltr'><strong>desideratur,</strong></span> 
     </span>
    </p>
   </div>
   <div class='ocr_carea' id='block_1_68' title="bbox 498 5151 2090 5223">
    <p class='ocr_par' dir='ltr' id='par_1_68' title="bbox 498 5151 2090 5223">
     <span class='ocr_line' id='line_1_68' title="bbox 498 5151 2090 5223; baseline 0.003 -20"><span class='ocrx_word' id='word_1_490' title='bbox 498 5162 656 5217; x_wconf 89' lang='lat' dir='ltr'><strong>quam</strong></span> <span class='ocrx_word' id='word_1_491' title='bbox 686 5151 739 5205; x_wconf 92' lang='lat' dir='ltr'><strong>in</strong></span> <span class='ocrx_word' id='word_1_492' title='bbox 788 5151 895 5217; x_wconf 88' lang='lat' dir='ltr'><strong>jam</strong></span> <span class='ocrx_word' id='word_1_493' title='bbox 936 5152 1165 5207; x_wconf 86' lang='lat' dir='ltr'><strong>laudatis</strong></span> <span class='ocrx_word' id='word_1_494' title='bbox 1216 5153 1624 5209; x_wconf 82' lang='lat' dir='ltr'><strong>vetustioribus.</strong></span> <span class='ocrx_word' id='word_1_495' title='bbox 1659 5153 1812 5208; x_wconf 91' lang='lat' dir='ltr'><strong>Hunc</strong></span> <span class='ocrx_word' id='word_1_496' title='bbox 1856 5166 2090 5223; x_wconf 88' lang='lat' dir='ltr'><strong>namque</strong></span> 
     </span>
    </p>
   </div>
   <div class='ocr_carea' id='block_1_69' title="bbox 501 5222 2090 5295">
    <p class='ocr_par' dir='ltr' id='par_1_69' title="bbox 501 5222 2090 5295">
     <span class='ocr_line' id='line_1_69' title="bbox 501 5222 2090 5295; baseline 0.004 -22"><span class='ocrx_word' id='word_1_497' title='bbox 501 5223 779 5293; x_wconf 82' lang='lat' dir='ltr'><strong>prologum</strong></span> <span class='ocrx_word' id='word_1_498' title='bbox 810 5238 932 5277; x_wconf 90' lang='lat' dir='ltr'><strong>cum</strong></span> <span class='ocrx_word' id='word_1_499' title='bbox 965 5226 1018 5295; x_wconf 89' lang='lat' dir='ltr'><strong>in</strong></span> <span class='ocrx_word' id='word_1_500' title='bbox 1053 5222 1543 5295; x_wconf 83' lang='lat' dir='ltr'><strong>nniltis_codieibus</strong></span> <span class='ocrx_word' id='word_1_501' title='bbox 1571 5232 1697 5280; x_wconf 90' lang='lat' dir='ltr'><strong>ante</strong></span> <span class='ocrx_word' id='word_1_502' title='bbox 1727 5226 2090 5295; x_wconf 86' lang='lat' dir='ltr'><strong>quadringen-</strong></span> 
     </span>
    </p>
   </div>
   <div class='ocr_carea' id='block_1_70' title="bbox 497 5293 2092 5364">
    <p class='ocr_par' dir='ltr' id='par_1_70' title="bbox 497 5293 2092 5364">
     <span class='ocr_line' id='line_1_70' title="bbox 497 5293 2092 5364; baseline 0.007 -22"><span class='ocrx_word' id='word_1_503' title='bbox 497 5299 580 5345; x_wconf 90' lang='lat' dir='ltr'><strong>tos</strong></span> <span class='ocrx_word' id='word_1_504' title='bbox 606 5308 778 5348; x_wconf 88' lang='lat' dir='ltr'><strong>annos</strong></span> <span class='ocrx_word' id='word_1_505' title='bbox 804 5294 1115 5363; x_wconf 83' lang='lat' dir='ltr'><strong>exscriptis,</strong></span> <span class='ocrx_word' id='word_1_506' title='bbox 1142 5295 1192 5348; x_wconf 90' lang='lat' dir='ltr'><strong>in</strong></span> <span class='ocrx_word' id='word_1_507' title='bbox 1215 5293 1488 5349; x_wconf 87' lang='lat' dir='ltr'><strong>Occitania</strong></span> <span class='ocrx_word' id='word_1_508' title='bbox 1512 5293 1818 5363; x_wconf 26' lang='lat' dir='ltr'><strong>dudum,’et</strong></span> <span class='ocrx_word' id='word_1_509' title='bbox 1848 5299 1898 5349; x_wconf 91' lang='lat' dir='ltr'><strong>in</strong></span> <span class='ocrx_word' id='word_1_510' title='bbox 1925 5296 2092 5364; x_wconf 85' lang='lat' dir='ltr'><strong>Aqui-</strong></span> 
     </span>
    </p>
   </div>
   <div class='ocr_carea' id='block_1_71' title="bbox 496 5364 2087 5436">
    <p class='ocr_par' dir='ltr' id='par_1_71' title="bbox 496 5364 2087 5436">
     <span class='ocr_line' id='line_1_71' title="bbox 496 5364 2087 5436; baseline 0.004 -20"><span class='ocrx_word' id='word_1_511' title='bbox 496 5364 642 5418; x_wconf 88' lang='lat' dir='ltr'><strong>tania</strong></span> <span class='ocrx_word' id='word_1_512' title='bbox 688 5365 895 5436; x_wconf 77' lang='lat' dir='ltr'><strong>positus</strong></span> <span class='ocrx_word' id='word_1_513' title='bbox 945 5366 1298 5436; x_wconf 83' lang='lat' dir='ltr'><strong>requirerem,</strong></span> <span class='ocrx_word' id='word_1_514' title='bbox 1342 5366 1411 5420; x_wconf 87' lang='lat' dir='ltr'><strong>ab</strong></span> <span class='ocrx_word' id='word_1_515' title='bbox 1463 5368 1527 5420; x_wconf 85' lang='lat' dir='ltr'><strong>iis</strong></span> <span class='ocrx_word' id='word_1_516' title='bbox 1574 5369 1767 5423; x_wconf 89' lang='lat' dir='ltr'><strong>abesse</strong></span> <span class='ocrx_word' id='word_1_517' title='bbox 1811 5366 1937 5421; x_wconf 80' lang='lat' dir='ltr'><strong>mihi</strong></span> <span class='ocrx_word' id='word_1_518' title='bbox 1980 5382 2087 5422; x_wconf 92' lang='lat' dir='ltr'><strong>non</strong></span> 
     </span>
    </p>
   </div>
   <div class='ocr_carea' id='block_1_72' title="bbox 496 5434 2085 5506">
    <p class='ocr_par' dir='ltr' id='par_1_72' title="bbox 496 5434 2085 5506">
     <span class='ocr_line' id='line_1_72' title="bbox 496 5434 2085 5506; baseline 0.004 -18"><span class='ocrx_word' id='word_1_519' title='bbox 496 5447 622 5490; x_wconf 87' lang='lat' dir='ltr'><strong>raro</strong></span> <span class='ocrx_word' id='word_1_520' title='bbox 652 5434 953 5503; x_wconf 88' lang='lat' dir='ltr'><strong>videbatur,</strong></span> <span class='ocrx_word' id='word_1_521' title='bbox 1003 5434 1062 5490; x_wconf 81' lang='lat' dir='ltr'><strong>tit</strong></span> <span class='ocrx_word' id='word_1_522' title='bbox 1098 5451 1213 5490; x_wconf 86' lang='lat' dir='ltr'><strong>mea</strong></span> <span class='ocrx_word' id='word_1_523' title='bbox 1248 5439 1510 5490; x_wconf 81' lang='lat' dir='ltr'><strong>memoria</strong></span> <span class='ocrx_word' id='word_1_524' title='bbox 1541 5447 1642 5493; x_wconf 78' lang='lat' dir='ltr'><strong>est.</strong></span> <span class='ocrx_word' id='word_1_525' title='bbox 1682 5440 1833 5504; x_wconf 89' lang='lat' dir='ltr'><strong>Quod</strong></span> <span class='ocrx_word' id='word_1_526' title='bbox 1867 5439 2085 5506; x_wconf 84' lang='lat' dir='ltr'><strong>quidem</strong></span> 
     </span>
    </p>
   </div>
   <div class='ocr_carea' id='block_1_73' title="bbox 496 5507 2087 5578">
    <p class='ocr_par' dir='ltr' id='par_1_73' title="bbox 496 5507 2087 5578">
     <span class='ocr_line' id='line_1_73' title="bbox 496 5507 2087 5578; baseline 0.004 -19"><span class='ocrx_word' id='word_1_527' title='bbox 496 5507 598 5560; x_wconf 91' lang='lat' dir='ltr'><strong>etsi</strong></span> <span class='ocrx_word' id='word_1_528' title='bbox 626 5520 731 5559; x_wconf 91' lang='lat' dir='ltr'><strong>non</strong></span> <span class='ocrx_word' id='word_1_529' title='bbox 759 5513 947 5578; x_wconf 63' lang='lat' dir='ltr'><strong>esset.</strong></span> <span class='ocrx_word' id='word_1_530' title='bbox 987 5507 1116 5562; x_wconf 75' lang='lat' dir='ltr'><strong>nihil</strong></span> <span class='ocrx_word' id='word_1_531' title='bbox 1148 5512 1365 5560; x_wconf 89' lang='lat' dir='ltr'><strong>contert</strong></span> <span class='ocrx_word' id='word_1_532' title='bbox 1388 5509 1636 5562; x_wconf 74' lang='lat' dir='ltr'><strong>absentia</strong></span> <span class='ocrx_word' id='word_1_533' title='bbox 1668 5512 1872 5578; x_wconf 80' lang='lat' dir='ltr'><strong>prologi</strong></span> <span class='ocrx_word' id='word_1_534' title='bbox 1908 5512 1958 5563; x_wconf 88' lang='lat' dir='ltr'><strong>in</strong></span> <span class='ocrx_word' id='word_1_535' title='bbox 1991 5510 2087 5564; x_wconf 79' lang='lat' dir='ltr'><strong>uli-</strong></span> 
     </span>
    </p>
   </div>
   <div class='ocr_carea' id='block_1_74' title="bbox 494 5575 2084 5657">
    <p class='ocr_par' dir='ltr' id='par_1_74' title="bbox 494 5575 2084 5657">
     <span class='ocr_line' id='line_1_74' title="bbox 494 5575 2084 5657; baseline 0.003 -27"><span class='ocrx_word' id='word_1_536' title='bbox 494 5575 1035 5657; x_wconf 41' lang='lat' dir='ltr'><strong>quolﬁvelustioribus</strong></span> <span class='ocrx_word' id='word_1_537' title='bbox 1062 5578 1300 5657; x_wconf 42' lang='lat' dir='ltr'><strong>librisﬁatl</strong></span> <span class='ocrx_word' id='word_1_538' title='bbox 1331 5580 1703 5657; x_wconf 78' lang='lat' dir='ltr'><strong>probationettt</strong></span> <span class='ocrx_word' id='word_1_539' title='bbox 1732 5575 1850 5657; x_wconf 71' lang='lat' dir='ltr'><strong>ejus</strong></span> <span class='ocrx_word' id='word_1_540' title='bbox 1881 5580 2084 5657; x_wconf 33' lang='lat' dir='ltr'><strong>falsitas</strong></span> 
     </span>
    </p>
   </div>
   <div class='ocr_carea' id='block_1_75' title="bbox 493 5647 2083 5722">
    <p class='ocr_par' dir='ltr' id='par_1_75' title="bbox 493 5647 2083 5722">
     <span class='ocr_line' id='line_1_75' title="bbox 493 5647 2083 5722; baseline 0.005 -25"><span class='ocrx_word' id='word_1_541' title='bbox 493 5647 581 5722; x_wconf 79' lang='lat' dir='ltr'><strong>tis.</strong></span> <span class='ocrx_word' id='word_1_542' title='bbox 611 5647 1052 5722; x_wconf 25' lang='lat' dir='ltr'><strong>Quia‘no‘unullie</strong></span> <span class='ocrx_word' id='word_1_543' title='bbox 1094 5647 1440 5722; x_wconf 64' lang='lat' dir='ltr'><strong>priefationes</strong></span> <span class='ocrx_word' id='word_1_544' title='bbox 1481 5650 1727 5718; x_wconf 67' lang='lat' dir='ltr'><strong>genuino:</strong></span> <span class='ocrx_word' id='word_1_545' title='bbox 1770 5652 2083 5722; x_wconf 84' lang='lat' dir='ltr'><strong>Hieronymi</strong></span> 
     </span>
    </p>
   </div>
   <div class='ocr_carea' id='block_1_76' title="bbox 531 5716 2077 5788">
    <p class='ocr_par' dir='ltr' id='par_1_76' title="bbox 531 5716 2077 5788">
     <span class='ocr_line' id='line_1_76' title="bbox 531 5716 2077 5788; baseline 0.006 -21"><span class='ocrx_word' id='word_1_546' title='bbox 531 5718 689 5788; x_wconf 74' lang='lat' dir='ltr'><strong>&#39;istint</strong></span> <span class='ocrx_word' id='word_1_547' title='bbox 738 5716 992 5788; x_wconf 81' lang='lat' dir='ltr'><strong>similiter</strong></span> <span class='ocrx_word' id='word_1_548' title='bbox 1038 5718 1113 5788; x_wconf 21' lang='lat' dir='ltr'><strong>in,</strong></span> <span class='ocrx_word' id='word_1_549' title='bbox 1142 5718 1464 5788; x_wconf 81' lang='lat' dir='ltr'><strong>quibusdam</strong></span> <span class='ocrx_word' id='word_1_550' title='bbox 1488 5716 1873 5775; x_wconf 53' lang='lat' dir='ltr'><strong>Vetustissitnis</strong></span> <span class='ocrx_word' id='word_1_551' title='bbox 1923 5716 2077 5788; x_wconf 55' lang='lat' dir='ltr'><strong>tn&#39;sS.,</strong></span> 
     </span>
    </p>
   </div>
   <div class='ocr_carea' id='block_1_77' title="bbox 547 5785 2081 5862">
    <p class='ocr_par' dir='ltr' id='par_1_77' title="bbox 547 5785 2081 5862">
     <span class='ocr_line' id='line_1_77' title="bbox 547 5785 2081 5862; baseline 0.009 -25"><span class='ocrx_word' id='word_1_552' title='bbox 547 5786 640 5839; x_wconf 46' lang='lat' dir='ltr'><strong>‘rbi</strong></span> <span class='ocrx_word' id='word_1_553' title='bbox 670 5786 844 5853; x_wconf 84' lang='lat' dir='ltr'><strong>gratia</strong></span> <span class='ocrx_word' id='word_1_554' title='bbox 872 5785 927 5840; x_wconf 89' lang='lat' dir='ltr'><strong>in</strong></span> <span class='ocrx_word' id='word_1_555' title='bbox 955 5801 1056 5843; x_wconf 86' lang='lat' dir='ltr'><strong>ius.</strong></span> <span class='ocrx_word' id='word_1_556' title='bbox 1093 5785 1260 5856; x_wconf 77' lang='lat' dir='ltr'><strong>Regio</strong></span> <span class='ocrx_word' id='word_1_557' title='bbox 1286 5803 1435 5842; x_wconf 89' lang='lat' dir='ltr'><strong>num.</strong></span> <span class='ocrx_word' id='word_1_558' title='bbox 1465 5788 1628 5859; x_wconf 63' lang='lat'><strong>5864,</strong></span> <span class='ocrx_word' id='word_1_559' title='bbox 1657 5794 1810 5847; x_wconf 88' lang='lat' dir='ltr'><strong>abest</strong></span> <span class='ocrx_word' id='word_1_560' title='bbox 1839 5785 2081 5862; x_wconf 74' lang='lat' dir='ltr'><strong>praefatio</strong></span> 
     </span>
    </p>
   </div>
   <div class='ocr_carea' id='block_1_78' title="bbox 2121 4830 2168 4889">
    <p class='ocr_par' dir='ltr' id='par_1_78' title="bbox 2121 4830 2168 4889">
     <span class='ocr_line' id='line_1_78' title="bbox 2121 4830 2168 4889; baseline 0 0"><span class='ocrx_word' id='word_1_561' title='bbox 2121 4830 2168 4889; x_wconf 92' lang='lat' dir='ltr'><strong>D</strong></span> 
     </span>
    </p>
   </div>
   <div class='ocr_carea' id='block_1_79' title="bbox 2173 516 3789 591">
    <p class='ocr_par' dir='ltr' id='par_1_79' title="bbox 2173 516 3789 591">
     <span class='ocr_line' id='line_1_79' title="bbox 2173 516 3789 591; baseline -0.001 -15"><span class='ocrx_word' id='word_1_562' title='bbox 2173 524 2246 577; x_wconf 91' lang='lat' dir='ltr'><strong>ita</strong></span> <span class='ocrx_word' id='word_1_563' title='bbox 2269 521 2366 576; x_wconf 90' lang='lat' dir='ltr'><strong>has</strong></span> <span class='ocrx_word' id='word_1_564' title='bbox 2392 518 2619 591; x_wconf 90' lang='lat' dir='ltr'><strong>proprio</strong></span> <span class='ocrx_word' id='word_1_565' title='bbox 2640 518 2842 586; x_wconf 89' lang='lat' dir='ltr'><strong>ordini,</strong></span> <span class='ocrx_word' id='word_1_566' title='bbox 2867 516 2985 575; x_wconf 89' lang='lat' dir='ltr'><strong>Deo</strong></span> <span class='ocrx_word' id='word_1_567' title='bbox 3004 532 3106 573; x_wconf 89' lang='lat' dir='ltr'><strong>nos</strong></span> <span class='ocrx_word' id='word_1_568' title='bbox 3131 517 3384 587; x_wconf 84' lang='lat' dir='ltr'><strong>juvante,</strong></span> <span class='ocrx_word' id='word_1_569' title='bbox 3410 516 3789 574; x_wconf 82' lang='lat' dir='ltr'><strong>reddidimus.</strong></span> 
     </span>
    </p>
   </div>
   <div class='ocr_carea' id='block_1_80' title="bbox 2167 729 3791 800">
    <p class='ocr_par' dir='ltr' id='par_1_80' title="bbox 2167 729 3791 800">
     <span class='ocr_line' id='line_1_80' title="bbox 2167 729 3791 800; baseline 0.001 -15"><span class='ocrx_word' id='word_1_570' title='bbox 2167 731 2222 785; x_wconf 92' lang='lat' dir='ltr'><strong>in</strong></span> <span class='ocrx_word' id='word_1_571' title='bbox 2271 730 2468 785; x_wconf 90' lang='lat' dir='ltr'><strong>librum</strong></span> <span class='ocrx_word' id='word_1_572' title='bbox 2519 729 2701 795; x_wconf 67' lang='lat' dir='ltr'><strong>Ezrat;</strong></span> <span class='ocrx_word' id='word_1_573' title='bbox 2730 730 2986 800; x_wconf 86' lang='lat' dir='ltr'><strong>quodque</strong></span> <span class='ocrx_word' id='word_1_574' title='bbox 3031 732 3203 795; x_wconf 76' lang='lat' dir='ltr'><strong>magis</strong></span> <span class='ocrx_word' id='word_1_575' title='bbox 3243 730 3471 797; x_wconf 87' lang='lat' dir='ltr'><strong>mirere,</strong></span> <span class='ocrx_word' id='word_1_576' title='bbox 3526 729 3691 785; x_wconf 85' lang='lat' dir='ltr'><strong>abest</strong></span> <span class='ocrx_word' id='word_1_577' title='bbox 3734 731 3791 787; x_wconf 81' lang='lat' dir='ltr'><strong>in</strong></span> 
     </span>
    </p>
   </div>
   <div class='ocr_carea' id='block_1_81' title="bbox 2168 800 3792 872">
    <p class='ocr_par' dir='ltr' id='par_1_81' title="bbox 2168 800 3792 872">
     <span class='ocr_line' id='line_1_81' title="bbox 2168 800 3792 872; baseline 0 -16"><span class='ocrx_word' id='word_1_578' title='bbox 2168 802 2343 872; x_wconf 90' lang='lat' dir='ltr'><strong>tribus</strong></span> <span class='ocrx_word' id='word_1_579' title='bbox 2366 800 2776 871; x_wconf 77' lang='lat' dir='ltr'><strong>exemplaribus</strong></span> <span class='ocrx_word' id='word_1_580' title='bbox 2798 801 3040 856; x_wconf 90' lang='lat' dir='ltr'><strong>Canonis</strong></span> <span class='ocrx_word' id='word_1_581' title='bbox 3070 802 3351 856; x_wconf 67' lang='lat' dir='ltr'><strong>Hebraicis:</strong></span> <span class='ocrx_word' id='word_1_582' title='bbox 3378 800 3632 856; x_wconf 81' lang='lat' dir='ltr'><strong>veritatis</strong></span> <span class='ocrx_word' id='word_1_583' title='bbox 3653 818 3792 872; x_wconf 72' lang='lat' dir='ltr'><strong>prte-</strong></span> 
     </span>
    </p>
   </div>
   <div class='ocr_carea' id='block_1_82' title="bbox 2167 871 3789 944">
    <p class='ocr_par' dir='ltr' id='par_1_82' title="bbox 2167 871 3789 944">
     <span class='ocr_line' id='line_1_82' title="bbox 2167 871 3789 944; baseline 0.002 -18"><span class='ocrx_word' id='word_1_584' title='bbox 2167 871 2300 926; x_wconf 86' lang='lat' dir='ltr'><strong>fatio</strong></span> <span class='ocrx_word' id='word_1_585' title='bbox 2341 872 2656 944; x_wconf 89' lang='lat' dir='ltr'><strong>Hieronymi</strong></span> <span class='ocrx_word' id='word_1_586' title='bbox 2702 873 2753 925; x_wconf 90' lang='lat' dir='ltr'><strong>in</strong></span> <span class='ocrx_word' id='word_1_587' title='bbox 2795 873 3124 927; x_wconf 85' lang='lat' dir='ltr'><strong>Psalterium</strong></span> <span class='ocrx_word' id='word_1_588' title='bbox 3164 888 3232 927; x_wconf 87' lang='lat' dir='ltr'><strong>ex</strong></span> <span class='ocrx_word' id='word_1_589' title='bbox 3279 872 3514 944; x_wconf 58' lang='lat' dir='ltr'><strong>Hebraeo</strong></span> <span class='ocrx_word' id='word_1_590' title='bbox 3560 871 3789 929; x_wconf 78' lang='lat' dir='ltr'><strong>Conver-</strong></span> 
     </span>
    </p>
   </div>
   <div class='ocr_carea' id='block_1_83' title="bbox 2169 943 3788 1013">
    <p class='ocr_par' dir='ltr' id='par_1_83' title="bbox 2169 943 3788 1013">
     <span class='ocr_line' id='line_1_83' title="bbox 2169 943 3788 1013; baseline 0.001 -16"><span class='ocrx_word' id='word_1_591' title='bbox 2169 959 2309 998; x_wconf 90' lang='lat' dir='ltr'><strong>sum.</strong></span> <span class='ocrx_word' id='word_1_592' title='bbox 2355 943 2746 999; x_wconf 87' lang='lat' dir='ltr'><strong>Perridiculum</strong></span> <span class='ocrx_word' id='word_1_593' title='bbox 2776 958 2907 998; x_wconf 90' lang='lat' dir='ltr'><strong>vero</strong></span> <span class='ocrx_word' id='word_1_594' title='bbox 2953 944 3093 1000; x_wconf 90' lang='lat' dir='ltr'><strong>foret</strong></span> <span class='ocrx_word' id='word_1_595' title='bbox 3143 956 3371 1013; x_wconf 89' lang='lat' dir='ltr'><strong>propter</strong></span> <span class='ocrx_word' id='word_1_596' title='bbox 3397 943 3575 997; x_wconf 84' lang='lat' dir='ltr'><strong>talem</strong></span> <span class='ocrx_word' id='word_1_597' title='bbox 3626 944 3788 999; x_wconf 84' lang='lat' dir='ltr'><strong>libra-</strong></span> 
     </span>
    </p>
   </div>
   <div class='ocr_carea' id='block_1_84' title="bbox 2171 1014 3787 1085">
    <p class='ocr_par' dir='ltr' id='par_1_84' title="bbox 2171 1014 3787 1085">
     <span class='ocr_line' id='line_1_84' title="bbox 2171 1014 3787 1085; baseline 0.002 -18"><span class='ocrx_word' id='word_1_598' title='bbox 2171 1014 2371 1068; x_wconf 81' lang='lat' dir='ltr'><strong>riornm</strong></span> <span class='ocrx_word' id='word_1_599' title='bbox 2430 1025 2673 1085; x_wconf 85' lang='lat' dir='ltr'><strong>veterum</strong></span> <span class='ocrx_word' id='word_1_600' title='bbox 2726 1015 3027 1078; x_wconf 88' lang='lat' dir='ltr'><strong>incuriam,</strong></span> <span class='ocrx_word' id='word_1_601' title='bbox 3075 1015 3408 1085; x_wconf 86' lang='lat' dir='ltr'><strong>Hieronymo</strong></span> <span class='ocrx_word' id='word_1_602' title='bbox 3462 1015 3787 1081; x_wconf 78' lang='lat' dir='ltr'><strong>abjudieare</strong></span> 
     </span>
    </p>
   </div>
   <div class='ocr_carea' id='block_1_85' title="bbox 2173 1084 3788 1155">
    <p class='ocr_par' dir='ltr' id='par_1_85' title="bbox 2173 1084 3788 1155">
     <span class='ocr_line' id='line_1_85' title="bbox 2173 1084 3788 1155; baseline 0.003 -17"><span class='ocrx_word' id='word_1_603' title='bbox 2173 1086 2458 1154; x_wconf 64' lang='lat' dir='ltr'><strong>perdit-tas</strong></span> <span class='ocrx_word' id='word_1_604' title='bbox 2489 1084 2950 1152; x_wconf 64' lang='lat' dir='ltr'><strong>pratfati&#39;unenlas,</strong></span> <span class='ocrx_word' id='word_1_605' title='bbox 2978 1103 3098 1152; x_wconf 75' lang='lat' dir='ltr'><strong>qua:</strong></span> <span class='ocrx_word' id='word_1_606' title='bbox 3126 1101 3248 1140; x_wconf 89' lang='lat' dir='ltr'><strong>eum</strong></span> <span class='ocrx_word' id='word_1_607' title='bbox 3276 1084 3398 1153; x_wconf 85' lang='lat' dir='ltr'><strong>ejus</strong></span> <span class='ocrx_word' id='word_1_608' title='bbox 3420 1085 3788 1155; x_wconf 85' lang='lat' dir='ltr'><strong>inscriptione</strong></span> 
     </span>
    </p>
   </div>
   <div class='ocr_carea' id='block_1_86' title="bbox 2173 1157 3792 1227">
    <p class='ocr_par' dir='ltr' id='par_1_86' title="bbox 2173 1157 3792 1227">
     <span class='ocr_line' id='line_1_86' title="bbox 2173 1157 3792 1227; baseline 0.002 -17"><span class='ocrx_word' id='word_1_609' title='bbox 2173 1158 2226 1211; x_wconf 93' lang='lat' dir='ltr'><strong>in</strong></span> <span class='ocrx_word' id='word_1_610' title='bbox 2266 1165 2345 1210; x_wconf 90' lang='lat' dir='ltr'><strong>tot</strong></span> <span class='ocrx_word' id='word_1_611' title='bbox 2386 1157 2508 1209; x_wconf 88' lang='lat' dir='ltr'><strong>aliis</strong></span> <span class='ocrx_word' id='word_1_612' title='bbox 2556 1172 2688 1211; x_wconf 86' lang='lat' dir='ltr'><strong>mss.</strong></span> <span class='ocrx_word' id='word_1_613' title='bbox 2720 1157 2841 1211; x_wconf 86' lang='lat' dir='ltr'><strong>eod.</strong></span> <span class='ocrx_word' id='word_1_614' title='bbox 2876 1158 3128 1226; x_wconf 74' lang='lat' dir='ltr'><strong>leguntur</strong></span> <span class='ocrx_word' id='word_1_615' title='bbox 3155 1158 3395 1224; x_wconf 73' lang='lat' dir='ltr'><strong>scriptas.</strong></span> <span class='ocrx_word' id='word_1_616' title='bbox 3427 1157 3573 1210; x_wconf 73' lang='lat' dir='ltr'><strong>Nihil</strong></span> <span class='ocrx_word' id='word_1_617' title='bbox 3607 1159 3792 1227; x_wconf 83' lang='lat' dir='ltr'><strong>itaque</strong></span> 
     </span>
    </p>
   </div>
   <div class='ocr_carea' id='block_1_87' title="bbox 2172 1228 3788 1297">
    <p class='ocr_par' dir='ltr' id='par_1_87' title="bbox 2172 1228 3788 1297">
     <span class='ocr_line' id='line_1_87' title="bbox 2172 1228 3788 1297; baseline 0.003 -16"><span class='ocrx_word' id='word_1_618' title='bbox 2172 1238 2331 1296; x_wconf 83' lang='lat' dir='ltr'><strong>urget</strong></span> <span class='ocrx_word' id='word_1_619' title='bbox 2366 1239 2742 1297; x_wconf 83' lang='lat' dir='ltr'><strong>argumentum</strong></span> <span class='ocrx_word' id='word_1_620' title='bbox 2788 1228 3178 1297; x_wconf 89' lang='lat' dir='ltr'><strong>suppositionis</strong></span> <span class='ocrx_word' id='word_1_621' title='bbox 3211 1229 3450 1297; x_wconf 84' lang='lat' dir='ltr'><strong>prologi,</strong></span> <span class='ocrx_word' id='word_1_622' title='bbox 3501 1245 3669 1297; x_wconf 82' lang='lat' dir='ltr'><strong>quam</strong></span> <span class='ocrx_word' id='word_1_623' title='bbox 3716 1245 3788 1285; x_wconf 86' lang='lat' dir='ltr'><strong>ex</strong></span> 
     </span>
    </p>
   </div>
   <div class='ocr_carea' id='block_1_88' title="bbox 2173 1299 3790 1369">
    <p class='ocr_par' dir='ltr' id='par_1_88' title="bbox 2173 1299 3790 1369">
     <span class='ocr_line' id='line_1_88' title="bbox 2173 1299 3790 1369; baseline 0.001 -16"><span class='ocrx_word' id='word_1_624' title='bbox 2173 1302 2291 1365; x_wconf 87' lang='lat' dir='ltr'><strong>ejus</strong></span> <span class='ocrx_word' id='word_1_625' title='bbox 2324 1299 2569 1353; x_wconf 65' lang='lat' dir='ltr'><strong>absentia</strong></span> <span class='ocrx_word' id='word_1_626' title='bbox 2612 1299 2664 1352; x_wconf 90' lang='lat' dir='ltr'><strong>in</strong></span> <span class='ocrx_word' id='word_1_627' title='bbox 2710 1299 2988 1354; x_wconf 87' lang='lat' dir='ltr'><strong>nonnullis</strong></span> <span class='ocrx_word' id='word_1_628' title='bbox 3037 1299 3324 1355; x_wconf 90' lang='lat' dir='ltr'><strong>codicibus</strong></span> <span class='ocrx_word' id='word_1_629' title='bbox 3372 1300 3616 1369; x_wconf 87' lang='lat' dir='ltr'><strong>antiquis</strong></span> <span class='ocrx_word' id='word_1_630' title='bbox 3669 1315 3790 1369; x_wconf 84' lang='lat' dir='ltr'><strong>pro-</strong></span> 
     </span>
    </p>
   </div>
   <div class='ocr_carea' id='block_1_89' title="bbox 2177 1370 3126 1436">
    <p class='ocr_par' dir='ltr' id='par_1_89' title="bbox 2177 1370 3126 1436">
     <span class='ocr_line' id='line_1_89' title="bbox 2177 1370 3126 1436; baseline -0.002 -12"><span class='ocrx_word' id='word_1_631' title='bbox 2177 1371 2306 1425; x_wconf 88' lang='lat' dir='ltr'><strong>bare</strong></span> <span class='ocrx_word' id='word_1_632' title='bbox 2331 1370 2615 1424; x_wconf 80' lang='lat' dir='ltr'><strong>cuiitendit</strong></span> <span class='ocrx_word' id='word_1_633' title='bbox 2645 1384 2886 1436; x_wconf 78' lang='lat' dir='ltr'><strong>nuperus</strong></span> <span class='ocrx_word' id='word_1_634' title='bbox 2915 1382 3126 1425; x_wconf 87' lang='lat' dir='ltr'><strong>auctor.</strong></span> 
     </span>
    </p>
   </div>
   <div class='ocr_carea' id='block_1_90' title="bbox 2255 1440 3787 1513">
    <p class='ocr_par' dir='ltr' id='par_1_90' title="bbox 2255 1440 3787 1513">
     <span class='ocr_line' id='line_1_90' title="bbox 2255 1440 3787 1513; baseline 0.002 -20"><span class='ocrx_word' id='word_1_635' title='bbox 2255 1460 2273 1493; x_wconf 87' lang='grc'><strong><em>‹</em></strong></span> <span class='ocrx_word' id='word_1_636' title='bbox 2300 1440 2356 1495; x_wconf 79' lang='grc' dir='ltr'><strong>Νι</strong></span> <span class='ocrx_word' id='word_1_637' title='bbox 2368 1449 2459 1513; x_wconf 69' lang='lat' dir='ltr'><strong>ttat</strong></span> <span class='ocrx_word' id='word_1_638' title='bbox 2479 1441 2717 1513; x_wconf 83' lang='lat' dir='ltr'><strong>secundo</strong></span> <span class='ocrx_word' id='word_1_639' title='bbox 2735 1456 2931 1513; x_wconf 87' lang='lat' dir='ltr'><strong>nomen</strong></span> <span class='ocrx_word' id='word_1_640' title='bbox 2947 1442 3259 1513; x_wconf 90' lang='lat' dir='ltr'><strong>Hieronymi</strong></span> <span class='ocrx_word' id='word_1_641' title='bbox 3285 1456 3386 1496; x_wconf 88' lang='lat' dir='ltr'><strong>nec</strong></span> <span class='ocrx_word' id='word_1_642' title='bbox 3402 1442 3627 1497; x_wconf 90' lang='lat' dir='ltr'><strong>alterius</strong></span> <span class='ocrx_word' id='word_1_643' title='bbox 3641 1446 3751 1497; x_wconf 87' lang='lat' dir='ltr'><strong>seri</strong></span> <span class='ocrx_word' id='word_1_644' title='bbox 3763 1471 3787 1483; x_wconf 86' lang='lat'><strong>-</strong></span> 
     </span>
    </p>
   </div>
   <div class='ocr_carea' id='block_1_91' title="bbox 2177 1510 3782 1583">
    <p class='ocr_par' dir='ltr' id='par_1_91' title="bbox 2177 1510 3782 1583">
     <span class='ocr_line' id='line_1_91' title="bbox 2177 1510 3782 1583; baseline 0.003 -19"><span class='ocrx_word' id='word_1_645' title='bbox 2177 1514 2351 1582; x_wconf 89' lang='lat' dir='ltr'><strong>ptoris</strong></span> <span class='ocrx_word' id='word_1_646' title='bbox 2377 1510 2546 1566; x_wconf 85' lang='lat' dir='ltr'><strong>fuisse</strong></span> <span class='ocrx_word' id='word_1_647' title='bbox 2580 1512 2812 1580; x_wconf 89' lang='lat' dir='ltr'><strong>positum</strong></span> <span class='ocrx_word' id='word_1_648' title='bbox 2844 1512 2911 1566; x_wconf 87' lang='lat' dir='ltr'><strong>ad</strong></span> <span class='ocrx_word' id='word_1_649' title='bbox 2942 1510 3173 1568; x_wconf 80' lang='lat' dir='ltr'><strong>frontem</strong></span> <span class='ocrx_word' id='word_1_650' title='bbox 3210 1514 3416 1581; x_wconf 83' lang='lat' dir='ltr'><strong>prologi</strong></span> <span class='ocrx_word' id='word_1_651' title='bbox 3467 1516 3517 1567; x_wconf 90' lang='lat' dir='ltr'><strong>in</strong></span> <span class='ocrx_word' id='word_1_652' title='bbox 3572 1513 3782 1583; x_wconf 79' lang='lat' dir='ltr'><strong>aliquot</strong></span> 
     </span>
    </p>
   </div>
   <div class='ocr_carea' id='block_1_92' title="bbox 2179 1584 3776 1654">
    <p class='ocr_par' dir='ltr' id='par_1_92' title="bbox 2179 1584 3776 1654">
     <span class='ocr_line' id='line_1_92' title="bbox 2179 1584 3776 1654; baseline 0.001 -16"><span class='ocrx_word' id='word_1_653' title='bbox 2179 1598 2312 1638; x_wconf 91' lang='lat' dir='ltr'><strong>mss.</strong></span> <span class='ocrx_word' id='word_1_654' title='bbox 2336 1584 2730 1651; x_wconf 88' lang='lat' dir='ltr'><strong>antiquioribus</strong></span> <span class='ocrx_word' id='word_1_655' title='bbox 2764 1601 2777 1635; x_wconf 87' lang='lat'><strong>:</strong></span> <span class='ocrx_word' id='word_1_656' title='bbox 2812 1584 3051 1651; x_wconf 86' lang='lat' dir='ltr'><strong>indeque</strong></span> <span class='ocrx_word' id='word_1_657' title='bbox 3077 1585 3291 1654; x_wconf 88' lang='lat' dir='ltr'><strong>colligit</strong></span> <span class='ocrx_word' id='word_1_658' title='bbox 3322 1586 3513 1638; x_wconf 78' lang='lat' dir='ltr'><strong>rationi</strong></span> <span class='ocrx_word' id='word_1_659' title='bbox 3537 1600 3776 1639; x_wconf 68' lang='lat' dir='ltr'><strong>consen-</strong></span> 
     </span>
    </p>
   </div>
   <div class='ocr_carea' id='block_1_93' title="bbox 2179 1655 3786 1728">
    <p class='ocr_par' dir='ltr' id='par_1_93' title="bbox 2179 1655 3786 1728">
     <span class='ocr_line' id='line_1_93' title="bbox 2179 1655 3786 1728; baseline 0.002 -20"><span class='ocrx_word' id='word_1_660' title='bbox 2179 1669 2573 1728; x_wconf 79' lang='lat' dir='ltr'><strong>iaiieumesse,</strong></span> <span class='ocrx_word' id='word_1_661' title='bbox 2608 1666 2664 1708; x_wconf 93' lang='lat' dir='ltr'><strong>ut</strong></span> <span class='ocrx_word' id='word_1_662' title='bbox 2691 1655 2977 1710; x_wconf 85' lang='lat' dir='ltr'><strong>credamus</strong></span> <span class='ocrx_word' id='word_1_663' title='bbox 2999 1672 3118 1711; x_wconf 85' lang='lat' dir='ltr'><strong>eam</strong></span> <span class='ocrx_word' id='word_1_664' title='bbox 3150 1657 3625 1728; x_wconf 70' lang='lat' dir='ltr'><strong>przeiatiunculam</strong></span> <span class='ocrx_word' id='word_1_665' title='bbox 3646 1672 3786 1712; x_wconf 87' lang='lat' dir='ltr'><strong>auc-</strong></span> 
     </span>
    </p>
   </div>
   <div class='ocr_carea' id='block_1_94' title="bbox 2182 1726 3788 1797">
    <p class='ocr_par' dir='ltr' id='par_1_94' title="bbox 2182 1726 3788 1797">
     <span class='ocr_line' id='line_1_94' title="bbox 2182 1726 3788 1797; baseline 0.001 -15"><span class='ocrx_word' id='word_1_666' title='bbox 2182 1742 2354 1782; x_wconf 88' lang='lat' dir='ltr'><strong>torem</strong></span> <span class='ocrx_word' id='word_1_667' title='bbox 2392 1726 2614 1781; x_wconf 88' lang='lat' dir='ltr'><strong>Hieron.</strong></span> <span class='ocrx_word' id='word_1_668' title='bbox 2657 1742 2763 1782; x_wconf 89' lang='lat' dir='ltr'><strong>non</strong></span> <span class='ocrx_word' id='word_1_669' title='bbox 2811 1728 3085 1783; x_wconf 88' lang='lat' dir='ltr'><strong>habuisse.</strong></span> <span class='ocrx_word' id='word_1_670' title='bbox 3144 1726 3251 1783; x_wconf 86' lang='lat' dir='ltr'><strong>Sed</strong></span> <span class='ocrx_word' id='word_1_671' title='bbox 3302 1743 3432 1796; x_wconf 87' lang='lat' dir='ltr'><strong>pace</strong></span> <span class='ocrx_word' id='word_1_672' title='bbox 3477 1730 3579 1783; x_wconf 79' lang='lat' dir='ltr'><strong>viri</strong></span> <span class='ocrx_word' id='word_1_673' title='bbox 3617 1727 3788 1797; x_wconf 83' lang='lat' dir='ltr'><strong>hujus</strong></span> 
     </span>
    </p>
   </div>
   <div class='ocr_carea' id='block_1_95' title="bbox 2180 1797 3784 1865">
    <p class='ocr_par' dir='ltr' id='par_1_95' title="bbox 2180 1797 3784 1865">
     <span class='ocr_line' id='line_1_95' title="bbox 2180 1797 3784 1865; baseline 0 -11"><span class='ocrx_word' id='word_1_674' title='bbox 2180 1797 2411 1855; x_wconf 89' lang='lat' dir='ltr'><strong>studiosi</strong></span> <span class='ocrx_word' id='word_1_675' title='bbox 2439 1797 2694 1863; x_wconf 84' lang='lat' dir='ltr'><strong>dixerim,</strong></span> <span class='ocrx_word' id='word_1_676' title='bbox 2730 1812 2919 1865; x_wconf 88' lang='lat' dir='ltr'><strong>parum</strong></span> <span class='ocrx_word' id='word_1_677' title='bbox 2948 1800 3281 1855; x_wconf 85' lang='lat' dir='ltr'><strong>exercitatos</strong></span> <span class='ocrx_word' id='word_1_678' title='bbox 3303 1816 3399 1855; x_wconf 89' lang='lat' dir='ltr'><strong>eos</strong></span> <span class='ocrx_word' id='word_1_679' title='bbox 3427 1814 3551 1853; x_wconf 88' lang='lat' dir='ltr'><strong>esse</strong></span> <span class='ocrx_word' id='word_1_680' title='bbox 3580 1800 3637 1854; x_wconf 88' lang='lat' dir='ltr'><strong>in</strong></span> <span class='ocrx_word' id='word_1_681' title='bbox 3668 1799 3784 1854; x_wconf 61' lang='lat' dir='ltr'><strong>leco</strong></span> 
     </span>
    </p>
   </div>
   <div class='ocr_carea' id='block_1_96' title="bbox 2183 1870 3786 1941">
    <p class='ocr_par' dir='ltr' id='par_1_96' title="bbox 2183 1870 3786 1941">
     <span class='ocr_line' id='line_1_96' title="bbox 2183 1870 3786 1941; baseline 0.001 -18"><span class='ocrx_word' id='word_1_682' title='bbox 2183 1872 2330 1927; x_wconf 82' lang='lat' dir='ltr'><strong>tione</strong></span> <span class='ocrx_word' id='word_1_683' title='bbox 2360 1880 2605 1923; x_wconf 86' lang='lat' dir='ltr'><strong>veterum</strong></span> <span class='ocrx_word' id='word_1_684' title='bbox 2634 1870 2916 1937; x_wconf 87' lang='lat' dir='ltr'><strong>codicum,</strong></span> <span class='ocrx_word' id='word_1_685' title='bbox 2947 1872 3037 1941; x_wconf 92' lang='lat' dir='ltr'><strong>qni</strong></span> <span class='ocrx_word' id='word_1_686' title='bbox 3070 1881 3180 1926; x_wconf 82' lang='lat' dir='ltr'><strong>tam</strong></span> <span class='ocrx_word' id='word_1_687' title='bbox 3213 1872 3427 1927; x_wconf 86' lang='lat' dir='ltr'><strong>levibus</strong></span> <span class='ocrx_word' id='word_1_688' title='bbox 3447 1872 3786 1939; x_wconf 80' lang='lat' dir='ltr'><strong>conjecturis</strong></span> 
     </span>
    </p>
   </div>
   <div class='ocr_carea' id='block_1_97' title="bbox 2182 1941 3786 2011">
    <p class='ocr_par' dir='ltr' id='par_1_97' title="bbox 2182 1941 3786 2011">
     <span class='ocr_line' id='line_1_97' title="bbox 2182 1941 3786 2011; baseline -0.002 -14"><span class='ocrx_word' id='word_1_689' title='bbox 2182 1957 2336 1997; x_wconf 88' lang='lat' dir='ltr'><strong>suam</strong></span> <span class='ocrx_word' id='word_1_690' title='bbox 2368 1951 2621 1997; x_wconf 82' lang='lat' dir='ltr'><strong>a5truunt</strong></span> <span class='ocrx_word' id='word_1_691' title='bbox 2640 1942 2976 2011; x_wconf 89' lang='lat' dir='ltr'><strong>opinionem.</strong></span> <span class='ocrx_word' id='word_1_692' title='bbox 3006 1942 3142 2011; x_wconf 85' lang='lat' dir='ltr'><strong>Quia</strong></span> <span class='ocrx_word' id='word_1_693' title='bbox 3164 1941 3615 1997; x_wconf 86' lang='lat' dir='ltr'><strong>manifestissime</strong></span> <span class='ocrx_word' id='word_1_694' title='bbox 3635 1958 3786 1995; x_wconf 82' lang='lat' dir='ltr'><strong>com-</strong></span> 
     </span>
    </p>
   </div>
   <div class='ocr_carea' id='block_1_98' title="bbox 2184 2012 3785 2085">
    <p class='ocr_par' dir='ltr' id='par_1_98' title="bbox 2184 2012 3785 2085">
     <span class='ocr_line' id='line_1_98' title="bbox 2184 2012 3785 2085; baseline -0.001 -16"><span class='ocrx_word' id='word_1_695' title='bbox 2184 2015 2441 2085; x_wconf 91' lang='lat' dir='ltr'><strong>probatur</strong></span> <span class='ocrx_word' id='word_1_696' title='bbox 2469 2012 2675 2066; x_wconf 89' lang='lat' dir='ltr'><strong>nulluni</strong></span> <span class='ocrx_word' id='word_1_697' title='bbox 2707 2029 2905 2085; x_wconf 87' lang='lat' dir='ltr'><strong>nomen</strong></span> <span class='ocrx_word' id='word_1_698' title='bbox 2929 2016 3127 2083; x_wconf 89' lang='lat' dir='ltr'><strong>apponi</strong></span> <span class='ocrx_word' id='word_1_699' title='bbox 3157 2015 3361 2082; x_wconf 80' lang='lat' dir='ltr'><strong>saepius</strong></span> <span class='ocrx_word' id='word_1_700' title='bbox 3394 2015 3450 2069; x_wconf 89' lang='lat' dir='ltr'><strong>iu</strong></span> <span class='ocrx_word' id='word_1_701' title='bbox 3480 2015 3640 2068; x_wconf 90' lang='lat' dir='ltr'><strong>titulo</strong></span> <span class='ocrx_word' id='word_1_702' title='bbox 3663 2013 3785 2068; x_wconf 83' lang='lat' dir='ltr'><strong>llic-</strong></span> 
     </span>
    </p>
   </div>
   <div class='ocr_carea' id='block_1_99' title="bbox 2187 2084 3785 2156">
    <p class='ocr_par' dir='ltr' id='par_1_99' title="bbox 2187 2084 3785 2156">
     <span class='ocr_line' id='line_1_99' title="bbox 2187 2084 3785 2156; baseline -0.001 -16"><span class='ocrx_word' id='word_1_703' title='bbox 2187 2084 2628 2156; x_wconf 85' lang='lat' dir='ltr'><strong>rOuymianarum</strong></span> <span class='ocrx_word' id='word_1_704' title='bbox 2665 2084 3307 2156; x_wconf 58' lang='lat' dir='ltr'><strong>praefationum,quando</strong></span> <span class='ocrx_word' id='word_1_705' title='bbox 3331 2102 3360 2139; x_wconf 93' lang='lat' dir='ltr'><strong>a</strong></span> <span class='ocrx_word' id='word_1_706' title='bbox 3395 2085 3639 2141; x_wconf 79' lang='lat' dir='ltr'><strong>librariis</strong></span> <span class='ocrx_word' id='word_1_707' title='bbox 3656 2084 3785 2139; x_wconf 87' lang='lat' dir='ltr'><strong>dor-</strong></span> 
     </span>
    </p>
   </div>
   <div class='ocr_carea' id='block_1_100' title="bbox 2186 2156 3784 2227">
    <p class='ocr_par' dir='ltr' id='par_1_100' title="bbox 2186 2156 3784 2227">
     <span class='ocr_line' id='line_1_100' title="bbox 2186 2156 3784 2227; baseline 0.001 -15"><span class='ocrx_word' id='word_1_708' title='bbox 2186 2156 2500 2211; x_wconf 78' lang='lat' dir='ltr'><strong>initanttbus</strong></span> <span class='ocrx_word' id='word_1_709' title='bbox 2531 2158 3199 2227; x_wconf 75' lang='lat' dir='ltr'><strong>reperiunturdesrriptze.</strong></span> <span class='ocrx_word' id='word_1_710' title='bbox 3220 2156 3391 2226; x_wconf 80' lang='lat' dir='ltr'><strong>Hujus</strong></span> <span class='ocrx_word' id='word_1_711' title='bbox 3412 2163 3640 2227; x_wconf 70' lang='lat' dir='ltr'><strong>generis</strong></span> <span class='ocrx_word' id='word_1_712' title='bbox 3660 2168 3784 2213; x_wconf 83' lang='lat' dir='ltr'><strong>sunt</strong></span> 
     </span>
    </p>
   </div>
   <div class='ocr_carea' id='block_1_101' title="bbox 2186 2227 3781 2295">
    <p class='ocr_par' dir='ltr' id='par_1_101' title="bbox 2186 2227 3781 2295">
     <span class='ocr_line' id='line_1_101' title="bbox 2186 2227 3781 2295; baseline 0.001 -13"><span class='ocrx_word' id='word_1_713' title='bbox 2186 2243 2319 2283; x_wconf 73' lang='lat' dir='ltr'><strong>mss.</strong></span> <span class='ocrx_word' id='word_1_714' title='bbox 2370 2227 2496 2281; x_wconf 89' lang='lat' dir='ltr'><strong>cod.</strong></span> <span class='ocrx_word' id='word_1_715' title='bbox 2526 2227 2823 2281; x_wconf 84' lang='lat' dir='ltr'><strong>Bibliornm</strong></span> <span class='ocrx_word' id='word_1_716' title='bbox 2856 2238 3151 2295; x_wconf 88' lang='lat' dir='ltr'><strong>sequentes</strong></span> <span class='ocrx_word' id='word_1_717' title='bbox 3183 2245 3196 2281; x_wconf 90' lang='lat'><strong>:</strong></span> <span class='ocrx_word' id='word_1_718' title='bbox 3223 2230 3407 2283; x_wconf 77' lang='lat' dir='ltr'><strong>Codex</strong></span> <span class='ocrx_word' id='word_1_719' title='bbox 3465 2230 3781 2284; x_wconf 83' lang='lat' dir='ltr'><strong>monasterii</strong></span> 
     </span>
    </p>
   </div>
   <div class='ocr_carea' id='block_1_102' title="bbox 2186 2298 3777 2369">
    <p class='ocr_par' dir='ltr' id='par_1_102' title="bbox 2186 2298 3777 2369">
     <span class='ocr_line' id='line_1_102' title="bbox 2186 2298 3777 2369; baseline 0.001 -15"><span class='ocrx_word' id='word_1_720' title='bbox 2186 2300 2357 2354; x_wconf 90' lang='lat' dir='ltr'><strong>nostri</strong></span> <span class='ocrx_word' id='word_1_721' title='bbox 2382 2298 2579 2352; x_wconf 80' lang='lat' dir='ltr'><strong>Montis</strong></span> <span class='ocrx_word' id='word_1_722' title='bbox 2610 2298 2829 2369; x_wconf 78' lang='lat' dir='ltr'><strong>Majoris</strong></span> <span class='ocrx_word' id='word_1_723' title='bbox 2863 2301 3005 2369; x_wconf 90' lang='lat' dir='ltr'><strong>apud</strong></span> <span class='ocrx_word' id='word_1_724' title='bbox 3033 2301 3342 2364; x_wconf 84' lang='lat' dir='ltr'><strong>Arelatem;</strong></span> <span class='ocrx_word' id='word_1_725' title='bbox 3396 2301 3572 2355; x_wconf 85' lang='lat' dir='ltr'><strong>codex</strong></span> <span class='ocrx_word' id='word_1_726' title='bbox 3611 2300 3777 2355; x_wconf 74' lang='lat' dir='ltr'><strong>emitr.</strong></span> 
     </span>
    </p>
   </div>
   <div class='ocr_carea' id='block_1_103' title="bbox 2185 2368 3776 2440">
    <p class='ocr_par' dir='ltr' id='par_1_103' title="bbox 2185 2368 3776 2440">
     <span class='ocr_line' id='line_1_103' title="bbox 2185 2368 3776 2440; baseline 0 -16"><span class='ocrx_word' id='word_1_727' title='bbox 2185 2371 2333 2424; x_wconf 88' lang='lat' dir='ltr'><strong>card.</strong></span> <span class='ocrx_word' id='word_1_728' title='bbox 2366 2369 2434 2423; x_wconf 87' lang='lat' dir='ltr'><strong>de</strong></span> <span class='ocrx_word' id='word_1_729' title='bbox 2459 2368 2647 2434; x_wconf 87' lang='lat' dir='ltr'><strong>Bonzi,</strong></span> <span class='ocrx_word' id='word_1_730' title='bbox 2676 2373 2763 2438; x_wconf 92' lang='lat' dir='ltr'><strong>qui</strong></span> <span class='ocrx_word' id='word_1_731' title='bbox 2800 2381 2979 2424; x_wconf 85' lang='lat' dir='ltr'><strong>exstat</strong></span> <span class='ocrx_word' id='word_1_732' title='bbox 3018 2375 3068 2424; x_wconf 86' lang='lat' dir='ltr'><strong>iii</strong></span> <span class='ocrx_word' id='word_1_733' title='bbox 3101 2372 3218 2440; x_wconf 84' lang='lat' dir='ltr'><strong>ejus</strong></span> <span class='ocrx_word' id='word_1_734' title='bbox 3259 2373 3598 2426; x_wconf 81' lang='lat' dir='ltr'><strong>bibliOtheCa</strong></span> <span class='ocrx_word' id='word_1_735' title='bbox 3643 2371 3776 2424; x_wconf 78' lang='lat' dir='ltr'><strong>Nar-</strong></span> 
     </span>
    </p>
   </div>
   <div class='ocr_carea' id='block_1_104' title="bbox 2187 2440 3778 2506">
    <p class='ocr_par' dir='ltr' id='par_1_104' title="bbox 2187 2440 3778 2506">
     <span class='ocr_line' id='line_1_104' title="bbox 2187 2440 3778 2506; baseline 0.002 -11"><span class='ocrx_word' id='word_1_736' title='bbox 2187 2442 2445 2495; x_wconf 85' lang='lat' dir='ltr'><strong>bonensi:</strong></span> <span class='ocrx_word' id='word_1_737' title='bbox 2476 2440 2662 2493; x_wconf 76' lang='lat' dir='ltr'><strong>Canon</strong></span> <span class='ocrx_word' id='word_1_738' title='bbox 2698 2441 2976 2497; x_wconf 67' lang='lat' dir='ltr'><strong>llebraica:</strong></span> <span class='ocrx_word' id='word_1_739' title='bbox 3004 2442 3247 2497; x_wconf 82' lang='lat' dir='ltr'><strong>veritatis</strong></span> <span class='ocrx_word' id='word_1_740' title='bbox 3268 2485 3283 2506; x_wconf 91' lang='lat'><strong>,</strong></span> <span class='ocrx_word' id='word_1_741' title='bbox 3324 2442 3778 2499; x_wconf 77' lang='lat' dir='ltr'><strong>Carcassoiiensis</strong></span> 
     </span>
    </p>
   </div>
   <div class='ocr_carea' id='block_1_105' title="bbox 2186 2510 3780 2584">
    <p class='ocr_par' dir='ltr' id='par_1_105' title="bbox 2186 2510 3780 2584">
     <span class='ocr_line' id='line_1_105' title="bbox 2186 2510 3780 2584; baseline 0.001 -17"><span class='ocrx_word' id='word_1_742' title='bbox 2186 2513 2441 2567; x_wconf 63' lang='lat' dir='ltr'><strong>Ecclesiie</strong></span> <span class='ocrx_word' id='word_1_743' title='bbox 2460 2526 2475 2565; x_wconf 87' lang='lat'><strong>:</strong></span> <span class='ocrx_word' id='word_1_744' title='bbox 2497 2510 2929 2584; x_wconf 81' lang='lat' dir='ltr'><strong>codex_denique</strong></span> <span class='ocrx_word' id='word_1_745' title='bbox 2954 2515 3270 2568; x_wconf 80' lang='lat' dir='ltr'><strong>monasterii</strong></span> <span class='ocrx_word' id='word_1_746' title='bbox 3300 2514 3477 2569; x_wconf 81' lang='lat' dir='ltr'><strong>noStri</strong></span> <span class='ocrx_word' id='word_1_747' title='bbox 3507 2514 3571 2568; x_wconf 84' lang='grc' dir='ltr'><strong>Β.</strong></span> <span class='ocrx_word' id='word_1_748' title='bbox 3601 2515 3780 2569; x_wconf 63' lang='lat' dir='ltr'><strong>Mariae</strong></span> 
     </span>
    </p>
   </div>
   <div class='ocr_carea' id='block_1_106' title="bbox 2189 2581 3782 2654">
    <p class='ocr_par' dir='ltr' id='par_1_106' title="bbox 2189 2581 3782 2654">
     <span class='ocr_line' id='line_1_106' title="bbox 2189 2581 3782 2654; baseline 0.003 -17"><span class='ocrx_word' id='word_1_749' title='bbox 2189 2586 2467 2637; x_wconf 74' lang='lat' dir='ltr'><strong>Deaurata:</strong></span> <span class='ocrx_word' id='word_1_750' title='bbox 2489 2581 2629 2651; x_wconf 88' lang='lat' dir='ltr'><strong>apud</strong></span> <span class='ocrx_word' id='word_1_751' title='bbox 2661 2581 2969 2639; x_wconf 63' lang='lat' dir='ltr'><strong>Tolosates.</strong></span> <span class='ocrx_word' id='word_1_752' title='bbox 3002 2584 3057 2639; x_wconf 83' lang='lat' dir='ltr'><strong>In</strong></span> <span class='ocrx_word' id='word_1_753' title='bbox 3089 2586 3173 2639; x_wconf 88' lang='lat' dir='ltr'><strong>his</strong></span> <span class='ocrx_word' id='word_1_754' title='bbox 3204 2585 3462 2640; x_wconf 82' lang='lat' dir='ltr'><strong>munibus</strong></span> <span class='ocrx_word' id='word_1_755' title='bbox 3501 2587 3782 2654; x_wconf 82' lang='lat' dir='ltr'><strong>exempla-</strong></span> 
     </span>
    </p>
   </div>
   <div class='ocr_carea' id='block_1_107' title="bbox 2185 2654 3780 2724">
    <p class='ocr_par' dir='ltr' id='par_1_107' title="bbox 2185 2654 3780 2724">
     <span class='ocr_line' id='line_1_107' title="bbox 2185 2654 3780 2724; baseline 0.001 -15"><span class='ocrx_word' id='word_1_756' title='bbox 2185 2656 2333 2709; x_wconf 87' lang='lat' dir='ltr'><strong>ribus</strong></span> <span class='ocrx_word' id='word_1_757' title='bbox 2356 2654 2617 2708; x_wconf 86' lang='lat' dir='ltr'><strong>omissum</strong></span> <span class='ocrx_word' id='word_1_758' title='bbox 2650 2665 2736 2708; x_wconf 91' lang='lat' dir='ltr'><strong>est</strong></span> <span class='ocrx_word' id='word_1_759' title='bbox 2764 2657 3148 2724; x_wconf 81' lang='lat' dir='ltr'><strong>quodcumque</strong></span> <span class='ocrx_word' id='word_1_760' title='bbox 3195 2672 3394 2711; x_wconf 87' lang='lat' dir='ltr'><strong>nomen</strong></span> <span class='ocrx_word' id='word_1_761' title='bbox 3436 2656 3680 2711; x_wconf 78' lang='lat' dir='ltr'><strong>auctoris</strong></span> <span class='ocrx_word' id='word_1_762' title='bbox 3726 2658 3780 2712; x_wconf 88' lang='lat' dir='ltr'><strong>in</strong></span> 
     </span>
    </p>
   </div>
   <div class='ocr_carea' id='block_1_108' title="bbox 2187 2726 3783 2797">
    <p class='ocr_par' dir='ltr' id='par_1_108' title="bbox 2187 2726 3783 2797">
     <span class='ocr_line' id='line_1_108' title="bbox 2187 2726 3783 2797; baseline 0.001 -18"><span class='ocrx_word' id='word_1_763' title='bbox 2187 2726 2991 2797; x_wconf 59' lang='lat' dir='ltr'><strong>[iriﬂiulitIIIUIIIjllSCl&#39;ipllOlle;</strong></span> <span class='ocrx_word' id='word_1_764' title='bbox 3023 2741 3184 2797; x_wconf 90' lang='lat' dir='ltr'><strong>atque</strong></span> <span class='ocrx_word' id='word_1_765' title='bbox 3216 2728 3291 2781; x_wconf 91' lang='lat' dir='ltr'><strong>ibi</strong></span> <span class='ocrx_word' id='word_1_766' title='bbox 3322 2730 3425 2781; x_wconf 89' lang='lat' dir='ltr'><strong>hnc</strong></span> <span class='ocrx_word' id='word_1_767' title='bbox 3458 2729 3623 2781; x_wconf 88' lang='lat' dir='ltr'><strong>modo</strong></span> <span class='ocrx_word' id='word_1_768' title='bbox 3647 2730 3783 2797; x_wconf 85' lang='lat' dir='ltr'><strong>legi-</strong></span> 
     </span>
    </p>
   </div>
   <div class='ocr_carea' id='block_1_109' title="bbox 2188 2792 3782 2866">
    <p class='ocr_par' dir='ltr' id='par_1_109' title="bbox 2188 2792 3782 2866">
     <span class='ocr_line' id='line_1_109' title="bbox 2188 2792 3782 2866; baseline 0.001 -15"><span class='ocrx_word' id='word_1_769' title='bbox 2188 2792 2272 2851; x_wconf 88' lang='lat' dir='ltr'><strong>tur</strong></span> <span class='ocrx_word' id='word_1_770' title='bbox 2304 2813 2316 2849; x_wconf 89' lang='lat'>:</span> <span class='ocrx_word' id='word_1_771' title='bbox 2350 2795 2540 2866; x_wconf 82' lang='lat' dir='ltr'><strong>Incipit</strong></span> <span class='ocrx_word' id='word_1_772' title='bbox 2570 2792 2821 2866; x_wconf 63' lang='lat' dir='ltr'><strong>infatio</strong></span> <span class='ocrx_word' id='word_1_773' title='bbox 2842 2800 2908 2852; x_wconf 84' lang='lat' dir='ltr'><strong>de</strong></span> <span class='ocrx_word' id='word_1_774' title='bbox 2938 2798 3068 2852; x_wconf 87' lang='lat' dir='ltr'><strong>libro</strong></span> <span class='ocrx_word' id='word_1_775' title='bbox 3098 2792 3296 2865; x_wconf 61' lang='lat' dir='ltr'><strong>Iosue;</strong></span> <span class='ocrx_word' id='word_1_776' title='bbox 3351 2799 3548 2863; x_wconf 79' lang='lat' dir='ltr'><strong>Incipit</strong></span> <span class='ocrx_word' id='word_1_777' title='bbox 3603 2792 3782 2853; x_wconf 68' lang='lat' dir='ltr'><strong>Prolo—</strong></span> 
     </span>
    </p>
   </div>
   <div class='ocr_carea' id='block_1_110' title="bbox 2184 2865 3782 2941">
    <p class='ocr_par' dir='ltr' id='par_1_110' title="bbox 2184 2865 3782 2941">
     <span class='ocr_line' id='line_1_110' title="bbox 2184 2865 3782 2941; baseline 0.001 -20"><span class='ocrx_word' id='word_1_778' title='bbox 2184 2885 2279 2938; x_wconf 76' lang='lat' dir='ltr'><strong>gus</strong></span> <span class='ocrx_word' id='word_1_779' title='bbox 2304 2868 2358 2941; x_wconf 76' lang='lat' dir='ltr'><strong>in</strong></span> <span class='ocrx_word' id='word_1_780' title='bbox 2388 2868 2531 2941; x_wconf 71' lang='lat' dir='ltr'><strong>libris</strong></span> <span class='ocrx_word' id='word_1_781' title='bbox 2563 2865 2789 2941; x_wconf 59' lang='lat' dir='ltr'><strong>Regum;</strong></span> <span class='ocrx_word' id='word_1_782' title='bbox 2824 2867 3016 2941; x_wconf 79' lang='lat' dir='ltr'><strong>Incipit</strong></span> <span class='ocrx_word' id='word_1_783' title='bbox 3040 2868 3294 2938; x_wconf 71' lang='lat' dir='ltr'><strong>Priefatio</strong></span> <span class='ocrx_word' id='word_1_784' title='bbox 3319 2871 3374 2923; x_wconf 80' lang='lat' dir='ltr'><strong>in</strong></span> <span class='ocrx_word' id='word_1_785' title='bbox 3414 2868 3562 2936; x_wconf 82' lang='lat' dir='ltr'><strong>Job;</strong></span> <span class='ocrx_word' id='word_1_786' title='bbox 3597 2869 3782 2924; x_wconf 77' lang='lat' dir='ltr'><strong>Prolo-</strong></span> 
     </span>
    </p>
   </div>
   <div class='ocr_carea' id='block_1_111' title="bbox 2183 2936 3771 3010">
    <p class='ocr_par' dir='ltr' id='par_1_111' title="bbox 2183 2936 3771 3010">
     <span class='ocr_line' id='line_1_111' title="bbox 2183 2936 3771 3010; baseline 0.001 -18"><span class='ocrx_word' id='word_1_787' title='bbox 2183 2936 2280 3010; x_wconf 62' lang='lat' dir='ltr'><strong>gus</strong></span> <span class='ocrx_word' id='word_1_788' title='bbox 2300 2939 2351 2992; x_wconf 84' lang='lat' dir='ltr'><strong>in</strong></span> <span class='ocrx_word' id='word_1_789' title='bbox 2380 2938 2550 2992; x_wconf 71' lang='lat' dir='ltr'><strong>Liltris</strong></span> <span class='ocrx_word' id='word_1_790' title='bbox 2575 2936 2795 3010; x_wconf 60' lang='lat' dir='ltr'><strong>Esdrw;</strong></span> <span class='ocrx_word' id='word_1_791' title='bbox 2824 2952 2879 2995; x_wconf 87' lang='lat' dir='ltr'><strong>et</strong></span> <span class='ocrx_word' id='word_1_792' title='bbox 2897 2936 2966 2995; x_wconf 72' lang='lat' dir='ltr'><strong>n2.</strong></span> <span class='ocrx_word' id='word_1_793' title='bbox 2990 2941 3056 2995; x_wconf 86' lang='lat' dir='ltr'><strong>de</strong></span> <span class='ocrx_word' id='word_1_794' title='bbox 3083 2936 3316 2995; x_wconf 68' lang='lat' dir='ltr'><strong>caeteris.</strong></span> <span class='ocrx_word' id='word_1_795' title='bbox 3338 2941 3449 2995; x_wconf 81' lang='lat' dir='ltr'><strong>Nec</strong></span> <span class='ocrx_word' id='word_1_796' title='bbox 3471 2946 3647 2995; x_wconf 88' lang='lat' dir='ltr'><strong>solum</strong></span> <span class='ocrx_word' id='word_1_797' title='bbox 3677 2943 3771 3009; x_wconf 88' lang='lat' dir='ltr'><strong>illi,</strong></span> 
     </span>
    </p>
   </div>
   <div class='ocr_carea' id='block_1_112' title="bbox 2186 3008 3772 3078">
    <p class='ocr_par' dir='ltr' id='par_1_112' title="bbox 2186 3008 3772 3078">
     <span class='ocr_line' id='line_1_112' title="bbox 2186 3008 3772 3078; baseline 0.002 -15"><span class='ocrx_word' id='word_1_798' title='bbox 2186 3008 2281 3064; x_wconf 73' lang='lat' dir='ltr'><strong>Sed</strong></span> <span class='ocrx_word' id='word_1_799' title='bbox 2308 3020 2364 3063; x_wconf 89' lang='lat' dir='ltr'><strong>et</strong></span> <span class='ocrx_word' id='word_1_800' title='bbox 2392 3011 2565 3063; x_wconf 90' lang='lat' dir='ltr'><strong>codie.</strong></span> <span class='ocrx_word' id='word_1_801' title='bbox 2604 3008 2777 3078; x_wconf 76' lang='lat' dir='ltr'><strong>Regii,</strong></span> <span class='ocrx_word' id='word_1_802' title='bbox 2815 3014 3145 3077; x_wconf 76' lang='lat' dir='ltr'><strong>Colbertini,</strong></span> <span class='ocrx_word' id='word_1_803' title='bbox 3175 3026 3239 3066; x_wconf 90' lang='lat' dir='ltr'><strong>ac</strong></span> <span class='ocrx_word' id='word_1_804' title='bbox 3262 3012 3394 3068; x_wconf 88' lang='lat' dir='ltr'><strong>San.</strong></span> <span class='ocrx_word' id='word_1_805' title='bbox 3429 3008 3772 3067; x_wconf 67' lang='lat' dir='ltr'><strong>Germanian-</strong></span> 
     </span>
    </p>
   </div>
   <div class='ocr_carea' id='block_1_113' title="bbox 2184 3080 3774 3153">
    <p class='ocr_par' dir='ltr' id='par_1_113' title="bbox 2184 3080 3774 3153">
     <span class='ocr_line' id='line_1_113' title="bbox 2184 3080 3774 3153; baseline 0.003 -18"><span class='ocrx_word' id='word_1_806' title='bbox 2184 3096 2273 3153; x_wconf 84' lang='lat' dir='ltr'><strong>ses</strong></span> <span class='ocrx_word' id='word_1_807' title='bbox 2302 3096 2502 3153; x_wconf 77' lang='lat' dir='ltr'><strong>nomen</strong></span> <span class='ocrx_word' id='word_1_808' title='bbox 2523 3080 2839 3151; x_wconf 85' lang='lat' dir='ltr'><strong>Hieronymi</strong></span> <span class='ocrx_word' id='word_1_809' title='bbox 2861 3084 3122 3138; x_wconf 80' lang='lat' dir='ltr'><strong>omittunt</strong></span> <span class='ocrx_word' id='word_1_810' title='bbox 3145 3084 3367 3153; x_wconf 62' lang='lat' dir='ltr'><strong>passim.</strong></span> <span class='ocrx_word' id='word_1_811' title='bbox 3410 3083 3613 3150; x_wconf 67' lang='lat' dir='ltr'><strong>Regios</strong></span> <span class='ocrx_word' id='word_1_812' title='bbox 3644 3082 3774 3140; x_wconf 55' lang='lat' dir='ltr'><strong>L301</strong></span> 
     </span>
    </p>
   </div>
   <div class='ocr_carea' id='block_1_114' title="bbox 2184 3151 3772 3228">
    <p class='ocr_par' dir='ltr' id='par_1_114' title="bbox 2184 3151 3772 3228">
     <span class='ocr_line' id='line_1_114' title="bbox 2184 3151 3772 3228; baseline 0.003 -24"><span class='ocrx_word' id='word_1_813' title='bbox 2184 3151 2267 3228; x_wconf 66' lang='lat' dir='ltr'><strong>sic</strong></span> <span class='ocrx_word' id='word_1_814' title='bbox 2300 3151 2531 3228; x_wconf 77' lang='lat' dir='ltr'><strong>Datiielis</strong></span> <span class='ocrx_word' id='word_1_815' title='bbox 2556 3153 2843 3228; x_wconf 71' lang='lat' dir='ltr'><strong>prologutit</strong></span> <span class='ocrx_word' id='word_1_816' title='bbox 2869 3154 3118 3210; x_wconf 81' lang='lat' dir='ltr'><strong>inscribit</strong></span> <span class='ocrx_word' id='word_1_817' title='bbox 3146 3151 3163 3207; x_wconf 70' lang='grc' dir='ltr'>Ξ</span> <span class='ocrx_word' id='word_1_818' title='bbox 3199 3154 3393 3223; x_wconf 77' lang='lat' dir='ltr'><strong>Incipit</strong></span> <span class='ocrx_word' id='word_1_819' title='bbox 3421 3154 3702 3228; x_wconf 56' lang='lat' dir='ltr'><strong>Prologus</strong></span> <span class='ocrx_word' id='word_1_820' title='bbox 3722 3156 3772 3228; x_wconf 75' lang='lat' dir='ltr'><strong>in</strong></span> 
     </span>
    </p>
   </div>
   <div class='ocr_carea' id='block_1_115' title="bbox 2184 3220 3767 3292">
    <p class='ocr_par' dir='ltr' id='par_1_115' title="bbox 2184 3220 3767 3292">
     <span class='ocr_line' id='line_1_115' title="bbox 2184 3220 3767 3292; baseline 0.003 -17"><span class='ocrx_word' id='word_1_821' title='bbox 2184 3220 2402 3277; x_wconf 82' lang='lat' dir='ltr'><strong>Daniele</strong></span> <span class='ocrx_word' id='word_1_822' title='bbox 2422 3220 2691 3289; x_wconf 74' lang='lat' dir='ltr'><strong>praplieta.</strong></span> <span class='ocrx_word' id='word_1_823' title='bbox 2711 3220 3059 3281; x_wconf 78' lang='lat' dir='ltr'><strong>Colbertinus</strong></span> <span class='ocrx_word' id='word_1_824' title='bbox 3080 3220 3495 3292; x_wconf 77' lang='lat' dir='ltr'><strong>antiquissimus</strong></span> <span class='ocrx_word' id='word_1_825' title='bbox 3516 3220 3659 3281; x_wconf 76' lang='lat' dir='ltr'><strong>inuiti.</strong></span> <span class='ocrx_word' id='word_1_826' title='bbox 3675 3225 3731 3281; x_wconf 85' lang='lat'><strong>6|</strong></span> <span class='ocrx_word' id='word_1_827' title='bbox 3754 3244 3767 3279; x_wconf 92' lang='lat'><strong>:</strong></span> 
     </span>
    </p>
   </div>
   <div class='ocr_carea' id='block_1_116' title="bbox 2186 3292 3770 3366">
    <p class='ocr_par' dir='ltr' id='par_1_116' title="bbox 2186 3292 3770 3366">
     <span class='ocr_line' id='line_1_116' title="bbox 2186 3292 3770 3366; baseline 0.002 -20"><span class='ocrx_word' id='word_1_828' title='bbox 2186 3292 2655 3366; x_wconf 70' lang='lat' dir='ltr'><strong>litcipitPrwfutio</strong></span> <span class='ocrx_word' id='word_1_829' title='bbox 2677 3293 2804 3348; x_wconf 81' lang='lat' dir='ltr'><strong>Jesu</strong></span> <span class='ocrx_word' id='word_1_830' title='bbox 2841 3298 2983 3353; x_wconf 72' lang='lat' dir='ltr'><strong>Nare</strong></span> <span class='ocrx_word' id='word_1_831' title='bbox 3011 3342 3026 3366; x_wconf 90' lang='lat'><strong>,</strong></span> <span class='ocrx_word' id='word_1_832' title='bbox 3076 3307 3125 3351; x_wconf 86' lang='lat' dir='ltr'><strong>et</strong></span> <span class='ocrx_word' id='word_1_833' title='bbox 3167 3297 3439 3351; x_wconf 76' lang='lat' dir='ltr'><strong>Juilirum.</strong></span> <span class='ocrx_word' id='word_1_834' title='bbox 3493 3296 3561 3351; x_wconf 87' lang='lat' dir='ltr'><strong>Et</strong></span> <span class='ocrx_word' id='word_1_835' title='bbox 3606 3300 3655 3350; x_wconf 92' lang='lat' dir='ltr'><strong>in</strong></span> <span class='ocrx_word' id='word_1_836' title='bbox 3708 3297 3770 3349; x_wconf 90' lang='lat' dir='ltr'><strong>li-</strong></span> 
     </span>
    </p>
   </div>
   <div class='ocr_carea' id='block_1_117' title="bbox 2189 3365 3769 3439">
    <p class='ocr_par' dir='ltr' id='par_1_117' title="bbox 2189 3365 3769 3439">
     <span class='ocr_line' id='line_1_117' title="bbox 2189 3365 3769 3439; baseline 0.002 -22"><span class='ocrx_word' id='word_1_837' title='bbox 2189 3365 2615 3439; x_wconf 55' lang='lat' dir='ltr'><strong>brutiijeremia:</strong></span> <span class='ocrx_word' id='word_1_838' title='bbox 2646 3382 2659 3418; x_wconf 93' lang='lat'><strong>:</strong></span> <span class='ocrx_word' id='word_1_839' title='bbox 2686 3366 2884 3439; x_wconf 65' lang='lat' dir='ltr'><strong>incipit</strong></span> <span class='ocrx_word' id='word_1_840' title='bbox 2916 3367 3173 3439; x_wconf 76' lang='lat' dir='ltr'><strong>Prologus</strong></span> <span class='ocrx_word' id='word_1_841' title='bbox 3211 3366 3454 3422; x_wconf 76' lang='lat' dir='ltr'><strong>Jereiitiaz</strong></span> <span class='ocrx_word' id='word_1_842' title='bbox 3499 3367 3769 3439; x_wconf 65' lang='lat' dir='ltr'><strong>prophetae.</strong></span> 
     </span>
    </p>
   </div>
   <div class='ocr_carea' id='block_1_118' title="bbox 3142 3439 3772 3507">
    <p class='ocr_par' dir='ltr' id='par_1_118' title="bbox 3142 3439 3772 3507">
     <span class='ocr_line' id='line_1_118' title="bbox 3142 3439 3772 3507; baseline 0 -14"><span class='ocrx_word' id='word_1_843' title='bbox 3142 3440 3294 3493; x_wconf 89' lang='lat' dir='ltr'><strong>initio</strong></span> <span class='ocrx_word' id='word_1_844' title='bbox 3322 3439 3772 3507; x_wconf 79' lang='lat' dir='ltr'><strong>l&#39;aralipoitienon</strong></span> 
     </span>
    </p>
   </div>
   <div class='ocr_carea' id='block_1_119' title="bbox 2193 3505 3773 3583">
    <p class='ocr_par' dir='ltr' id='par_1_119' title="bbox 2193 3505 3773 3583">
     <span class='ocr_line' id='line_1_119' title="bbox 2193 3505 3773 3583; baseline 0.003 -24"><span class='ocrx_word' id='word_1_845' title='bbox 2193 3506 2263 3583; x_wconf 81' lang='lat' dir='ltr'><strong>ita</strong></span> <span class='ocrx_word' id='word_1_846' title='bbox 2302 3508 2433 3583; x_wconf 65' lang='lat' dir='ltr'><strong>legit</strong></span> <span class='ocrx_word' id='word_1_847' title='bbox 2448 3524 2466 3583; x_wconf 88' lang='lat'><strong>_:</strong></span> <span class='ocrx_word' id='word_1_848' title='bbox 2498 3505 2688 3583; x_wconf 52' lang='lat' dir='ltr'><strong>Incipit</strong></span> <span class='ocrx_word' id='word_1_849' title='bbox 2720 3507 2869 3563; x_wconf 84' lang='lat' dir='ltr'><strong>Liber</strong></span> <span class='ocrx_word' id='word_1_850' title='bbox 2897 3509 3371 3583; x_wconf 76' lang='lat' dir='ltr'><strong>Dabre—Jamim...</strong></span> <span class='ocrx_word' id='word_1_851' title='bbox 3403 3505 3599 3583; x_wconf 76' lang='lat' dir='ltr'><strong>Incipit</strong></span> <span class='ocrx_word' id='word_1_852' title='bbox 3648 3508 3773 3563; x_wconf 86' lang='lat' dir='ltr'><strong>Pro-</strong></span> 
     </span>
    </p>
   </div>
   <div class='ocr_carea' id='block_1_120' title="bbox 2192 3577 3773 3650">
    <p class='ocr_par' dir='ltr' id='par_1_120' title="bbox 2192 3577 3773 3650">
     <span class='ocr_line' id='line_1_120' title="bbox 2192 3577 3773 3650; baseline 0.002 -19"><span class='ocrx_word' id='word_1_853' title='bbox 2192 3579 2361 3650; x_wconf 82' lang='lat' dir='ltr'><strong>logus.</strong></span> <span class='ocrx_word' id='word_1_854' title='bbox 2396 3578 2457 3632; x_wconf 86' lang='lat' dir='ltr'><strong>Si</strong></span> <span class='ocrx_word' id='word_1_855' title='bbox 2489 3577 2851 3650; x_wconf 72' lang='lat' dir='ltr'><strong>Septuaginta,</strong></span> <span class='ocrx_word' id='word_1_856' title='bbox 2883 3595 2988 3638; x_wconf 90' lang='lat' dir='ltr'><strong>etc.</strong></span> <span class='ocrx_word' id='word_1_857' title='bbox 3025 3584 3090 3639; x_wconf 83' lang='lat' dir='ltr'><strong>Et</strong></span> <span class='ocrx_word' id='word_1_858' title='bbox 3120 3600 3186 3637; x_wconf 87' lang='lat' dir='ltr'><strong>ne</strong></span> <span class='ocrx_word' id='word_1_859' title='bbox 3211 3582 3410 3635; x_wconf 79' lang='lat' dir='ltr'><strong>diutius</strong></span> <span class='ocrx_word' id='word_1_860' title='bbox 3430 3583 3481 3635; x_wconf 90' lang='lat' dir='ltr'><strong>iti</strong></span> <span class='ocrx_word' id='word_1_861' title='bbox 3506 3577 3573 3636; x_wconf 79' lang='lat' dir='ltr'><strong>iis</strong></span> <span class='ocrx_word' id='word_1_862' title='bbox 3593 3596 3773 3636; x_wconf 77' lang='lat' dir='ltr'><strong>ieceit-</strong></span> 
     </span>
    </p>
   </div>
   <div class='ocr_carea' id='block_1_121' title="bbox 2191 3649 3772 3718">
    <p class='ocr_par' dir='ltr' id='par_1_121' title="bbox 2191 3649 3772 3718">
     <span class='ocr_line' id='line_1_121' title="bbox 2191 3649 3772 3718; baseline 0.003 -16"><span class='ocrx_word' id='word_1_863' title='bbox 2191 3649 2378 3706; x_wconf 82' lang='lat' dir='ltr'><strong>sendis</strong></span> <span class='ocrx_word' id='word_1_864' title='bbox 2424 3649 2802 3718; x_wconf 87' lang='lat' dir='ltr'><strong>immorentur,</strong></span> <span class='ocrx_word' id='word_1_865' title='bbox 2852 3658 3025 3710; x_wconf 84' lang='lat' dir='ltr'><strong>eodex</strong></span> <span class='ocrx_word' id='word_1_866' title='bbox 3078 3654 3372 3709; x_wconf 88' lang='lat' dir='ltr'><strong>Bibliorum</strong></span> <span class='ocrx_word' id='word_1_867' title='bbox 3416 3652 3772 3709; x_wconf 83' lang='lat' dir='ltr'><strong>Sari-Germa-</strong></span> 
     </span>
    </p>
   </div>
   <div class='ocr_carea' id='block_1_122' title="bbox 2194 3719 3771 3797">
    <p class='ocr_par' dir='ltr' id='par_1_122' title="bbox 2194 3719 3771 3797">
     <span class='ocr_line' id='line_1_122' title="bbox 2194 3719 3771 3797; baseline 0.003 -24"><span class='ocrx_word' id='word_1_868' title='bbox 2194 3726 2378 3776; x_wconf 85' lang='lat' dir='ltr'><strong>nensis</strong></span> <span class='ocrx_word' id='word_1_869' title='bbox 2407 3719 2595 3797; x_wconf 68' lang='lat' dir='ltr'><strong>n.164</strong></span> <span class='ocrx_word' id='word_1_870' title='bbox 2622 3724 2925 3797; x_wconf 63' lang='lat' dir='ltr'><strong>descriptas</strong></span> <span class='ocrx_word' id='word_1_871' title='bbox 2957 3727 3155 3781; x_wconf 85' lang='lat' dir='ltr'><strong>retinet</strong></span> <span class='ocrx_word' id='word_1_872' title='bbox 3183 3724 3532 3797; x_wconf 71' lang='lat' dir='ltr'><strong>praefationes</strong></span> <span class='ocrx_word' id='word_1_873' title='bbox 3561 3728 3617 3780; x_wconf 83' lang='lat' dir='ltr'><strong>S.</strong></span> <span class='ocrx_word' id='word_1_874' title='bbox 3653 3725 3771 3797; x_wconf 78' lang='lat' dir='ltr'><strong>Hie-</strong></span> 
     </span>
    </p>
   </div>
   <div class='ocr_carea' id='block_1_123' title="bbox 2192 3795 3770 3869">
    <p class='ocr_par' dir='ltr' id='par_1_123' title="bbox 2192 3795 3770 3869">
     <span class='ocr_line' id='line_1_123' title="bbox 2192 3795 3770 3869; baseline 0.001 -23"><span class='ocrx_word' id='word_1_875' title='bbox 2192 3798 2406 3869; x_wconf 77' lang='lat' dir='ltr'><strong>ronymi</strong></span> <span class='ocrx_word' id='word_1_876' title='bbox 2435 3796 2639 3869; x_wconf 89' lang='lat' dir='ltr'><strong>absque</strong></span> <span class='ocrx_word' id='word_1_877' title='bbox 2668 3796 2773 3849; x_wconf 81' lang='lat' dir='ltr'><strong>ulla</strong></span> <span class='ocrx_word' id='word_1_878' title='bbox 2806 3798 3121 3869; x_wconf 81' lang='lat' dir='ltr'><strong>epigraphe,</strong></span> <span class='ocrx_word' id='word_1_879' title='bbox 3149 3795 3242 3852; x_wconf 86' lang='lat' dir='ltr'><strong>seu</strong></span> <span class='ocrx_word' id='word_1_880' title='bbox 3271 3798 3649 3869; x_wconf 83' lang='lat' dir='ltr'><strong>inscriptione.</strong></span> <span class='ocrx_word' id='word_1_881' title='bbox 3689 3795 3770 3869; x_wconf 63' lang='grc' dir='ltr'><strong>Υἱ-</strong></span> 
     </span>
    </p>
   </div>
   <div class='ocr_carea' id='block_1_124' title="bbox 2192 3866 3771 3939">
    <p class='ocr_par' dir='ltr' id='par_1_124' title="bbox 2192 3866 3771 3939">
     <span class='ocr_line' id='line_1_124' title="bbox 2192 3866 3771 3939; baseline 0.001 -20"><span class='ocrx_word' id='word_1_882' title='bbox 2192 3866 2319 3921; x_wconf 88' lang='lat' dir='ltr'><strong>deat</strong></span> <span class='ocrx_word' id='word_1_883' title='bbox 2336 3867 2707 3939; x_wconf 72' lang='lat' dir='ltr'><strong>nunccritieus</strong></span> <span class='ocrx_word' id='word_1_884' title='bbox 2723 3866 2933 3933; x_wconf 74' lang='lat' dir='ltr'><strong>noster,</strong></span> <span class='ocrx_word' id='word_1_885' title='bbox 2954 3884 3212 3939; x_wconf 89' lang='lat' dir='ltr'><strong>quantum</strong></span> <span class='ocrx_word' id='word_1_886' title='bbox 3228 3867 3432 3921; x_wconf 71' lang='lat' dir='ltr'><strong>distent</strong></span> <span class='ocrx_word' id='word_1_887' title='bbox 3446 3869 3570 3939; x_wconf 87' lang='lat' dir='ltr'><strong>ejus</strong></span> <span class='ocrx_word' id='word_1_888' title='bbox 3594 3866 3771 3937; x_wconf 86' lang='lat' dir='ltr'><strong>conje-</strong></span> 
     </span>
    </p>
   </div>
   <div class='ocr_carea' id='block_1_125' title="bbox 2192 3938 3769 4009">
    <p class='ocr_par' dir='ltr' id='par_1_125' title="bbox 2192 3938 3769 4009">
     <span class='ocr_line' id='line_1_125' title="bbox 2192 3938 3769 4009; baseline -0.001 -18"><span class='ocrx_word' id='word_1_889' title='bbox 2192 3948 2358 3993; x_wconf 65' lang='lat' dir='ltr'><strong>cturae</strong></span> <span class='ocrx_word' id='word_1_890' title='bbox 2389 3940 2456 3991; x_wconf 86' lang='lat' dir='ltr'><strong>ab</strong></span> <span class='ocrx_word' id='word_1_891' title='bbox 2485 3938 2596 4006; x_wconf 88' lang='lat' dir='ltr'><strong>ipsa</strong></span> <span class='ocrx_word' id='word_1_892' title='bbox 2620 3955 2799 3994; x_wconf 81' lang='lat' dir='ltr'><strong>rerum</strong></span> <span class='ocrx_word' id='word_1_893' title='bbox 2831 3938 3185 4009; x_wconf 71' lang='lat' dir='ltr'><strong>experientia,</strong></span> <span class='ocrx_word' id='word_1_894' title='bbox 3213 3954 3422 4009; x_wconf 86' lang='lat' dir='ltr'><strong>usuque</strong></span> <span class='ocrx_word' id='word_1_895' title='bbox 3448 3938 3769 4009; x_wconf 71' lang='lat' dir='ltr'><strong>quotidiana:</strong></span> 
     </span>
    </p>
   </div>
   <div class='ocr_carea' id='block_1_126' title="bbox 2194 4009 3716 4082">
    <p class='ocr_par' dir='ltr' id='par_1_126' title="bbox 2194 4009 3716 4082">
     <span class='ocr_line' id='line_1_126' title="bbox 2194 4009 3716 4082; baseline -0.001 -20"><span class='ocrx_word' id='word_1_896' title='bbox 2194 4009 2477 4082; x_wconf 79' lang='lat' dir='ltr'><strong>lectionis;</strong></span> <span class='ocrx_word' id='word_1_897' title='bbox 2511 4011 2559 4063; x_wconf 88' lang='lat' dir='ltr'><strong>id</strong></span> <span class='ocrx_word' id='word_1_898' title='bbox 2584 4021 2688 4074; x_wconf 84' lang='lat' dir='ltr'><strong>est,</strong></span> <span class='ocrx_word' id='word_1_899' title='bbox 2717 4013 2785 4065; x_wconf 89' lang='lat' dir='ltr'><strong>ab</strong></span> <span class='ocrx_word' id='word_1_900' title='bbox 2813 4016 2926 4078; x_wconf 81' lang='lat' dir='ltr'><strong>ipsa</strong></span> <span class='ocrx_word' id='word_1_901' title='bbox 2948 4014 3221 4082; x_wconf 71' lang='lat' dir='ltr'><strong>explorata</strong></span> <span class='ocrx_word' id='word_1_902' title='bbox 3250 4027 3431 4065; x_wconf 89' lang='lat' dir='ltr'><strong>rerum</strong></span> <span class='ocrx_word' id='word_1_903' title='bbox 3462 4011 3716 4082; x_wconf 81' lang='lat' dir='ltr'><strong>veritate.</strong></span> 
     </span>
    </p>
   </div>
   <div class='ocr_carea' id='block_1_127' title="bbox 2265 4081 3766 4149">
    <p class='ocr_par' dir='ltr' id='par_1_127' title="bbox 2265 4081 3766 4149">
     <span class='ocr_line' id='line_1_127' title="bbox 2265 4081 3766 4149; baseline -0.002 -14"><span class='ocrx_word' id='word_1_904' title='bbox 2265 4081 2449 4136; x_wconf 82' lang='lat' dir='ltr'><strong>Tertio</strong></span> <span class='ocrx_word' id='word_1_905' title='bbox 2482 4085 2598 4135; x_wconf 90' lang='lat' dir='ltr'><strong>Ioeo</strong></span> <span class='ocrx_word' id='word_1_906' title='bbox 2627 4083 2841 4137; x_wconf 79' lang='lat' dir='ltr'><strong>veritati</strong></span> <span class='ocrx_word' id='word_1_907' title='bbox 2864 4098 3177 4147; x_wconf 48' lang='grc' dir='ltr'><strong>,(-οιιεοιιωιι</strong></span> <span class='ocrx_word' id='word_1_908' title='bbox 3218 4098 3299 4135; x_wconf 88' lang='lat' dir='ltr'><strong>est</strong></span> <span class='ocrx_word' id='word_1_909' title='bbox 3329 4081 3475 4149; x_wconf 88' lang='lat' dir='ltr'><strong>quod</strong></span> <span class='ocrx_word' id='word_1_910' title='bbox 3505 4085 3610 4143; x_wconf 85' lang='lat' dir='ltr'><strong>ait,</strong></span> <span class='ocrx_word' id='word_1_911' title='bbox 3648 4096 3766 4149; x_wconf 85' lang='lat' dir='ltr'><strong>pro-</strong></span> 
     </span>
    </p>
   </div>
   <div class='ocr_carea' id='block_1_128' title="bbox 2191 4151 3767 4223">
    <p class='ocr_par' dir='ltr' id='par_1_128' title="bbox 2191 4151 3767 4223">
     <span class='ocr_line' id='line_1_128' title="bbox 2191 4151 3767 4223; baseline 0 -17"><span class='ocrx_word' id='word_1_912' title='bbox 2191 4152 2374 4222; x_wconf 78' lang='lat' dir='ltr'><strong>Iugum</strong></span> <span class='ocrx_word' id='word_1_913' title='bbox 2405 4153 2548 4208; x_wconf 86' lang='lat' dir='ltr'><strong>hunc</strong></span> <span class='ocrx_word' id='word_1_914' title='bbox 2588 4171 2692 4207; x_wconf 90' lang='lat' dir='ltr'><strong>non</strong></span> <span class='ocrx_word' id='word_1_915' title='bbox 2726 4154 2958 4209; x_wconf 81' lang='lat' dir='ltr'><strong>inveniri</strong></span> <span class='ocrx_word' id='word_1_916' title='bbox 3004 4155 3056 4208; x_wconf 91' lang='lat' dir='ltr'><strong>iit</strong></span> <span class='ocrx_word' id='word_1_917' title='bbox 3090 4156 3459 4221; x_wconf 83' lang='lat' dir='ltr'><strong>manuscripto</strong></span> <span class='ocrx_word' id='word_1_918' title='bbox 3489 4151 3655 4223; x_wconf 80' lang='lat' dir='ltr'><strong>Regio</strong></span> <span class='ocrx_word' id='word_1_919' title='bbox 3682 4165 3767 4206; x_wconf 85' lang='lat' dir='ltr'><strong>eo-</strong></span> 
     </span>
    </p>
   </div>
   <div class='ocr_carea' id='block_1_129' title="bbox 2191 4222 3766 4289">
    <p class='ocr_par' dir='ltr' id='par_1_129' title="bbox 2191 4222 3766 4289">
     <span class='ocr_line' id='line_1_129' title="bbox 2191 4222 3766 4289; baseline -0.004 -10"><span class='ocrx_word' id='word_1_920' title='bbox 2191 4223 2312 4279; x_wconf 85' lang='lat' dir='ltr'><strong>dice</strong></span> <span class='ocrx_word' id='word_1_921' title='bbox 2360 4242 2507 4280; x_wconf 91' lang='lat' dir='ltr'><strong>num.</strong></span> <span class='ocrx_word' id='word_1_922' title='bbox 2558 4225 2729 4289; x_wconf 68' lang='lat'><strong>5564;</strong></span> <span class='ocrx_word' id='word_1_923' title='bbox 2763 4226 2855 4279; x_wconf 88' lang='lat' dir='ltr'><strong>sed</strong></span> <span class='ocrx_word' id='word_1_924' title='bbox 2905 4227 3069 4280; x_wconf 86' lang='lat' dir='ltr'><strong>falsus</strong></span> <span class='ocrx_word' id='word_1_925' title='bbox 3115 4235 3197 4279; x_wconf 68' lang='lat' dir='ltr'><strong>est</strong></span> <span class='ocrx_word' id='word_1_926' title='bbox 3247 4226 3490 4285; x_wconf 86' lang='lat' dir='ltr'><strong>omnino,</strong></span> <span class='ocrx_word' id='word_1_927' title='bbox 3540 4240 3658 4277; x_wconf 84' lang='lat' dir='ltr'><strong>Cum</strong></span> <span class='ocrx_word' id='word_1_928' title='bbox 3697 4222 3766 4275; x_wconf 86' lang='lat' dir='ltr'><strong>ait</strong></span> 
     </span>
    </p>
   </div>
   <div class='ocr_carea' id='block_1_130' title="bbox 2193 4294 3759 4363">
    <p class='ocr_par' dir='ltr' id='par_1_130' title="bbox 2193 4294 3759 4363">
     <span class='ocr_line' id='line_1_130' title="bbox 2193 4294 3759 4363; baseline -0.003 -13"><span class='ocrx_word' id='word_1_929' title='bbox 2193 4297 2329 4350; x_wconf 89' lang='lat' dir='ltr'><strong>duos</strong></span> <span class='ocrx_word' id='word_1_930' title='bbox 2357 4312 2481 4351; x_wconf 87' lang='lat' dir='ltr'><strong>esse</strong></span> <span class='ocrx_word' id='word_1_931' title='bbox 2519 4296 2760 4363; x_wconf 81' lang='lat' dir='ltr'><strong>ejusdem</strong></span> <span class='ocrx_word' id='word_1_932' title='bbox 2805 4299 2982 4351; x_wconf 80' lang='lat' dir='ltr'><strong>ietalis</strong></span> <span class='ocrx_word' id='word_1_933' title='bbox 3021 4296 3240 4352; x_wconf 81' lang='lat' dir='ltr'><strong>codices</strong></span> <span class='ocrx_word' id='word_1_934' title='bbox 3289 4297 3683 4363; x_wconf 57' lang='lat' dir='ltr'><strong>&quot;LillllaCl&#39;ijtlUS</strong></span> <span class='ocrx_word' id='word_1_935' title='bbox 3712 4294 3759 4346; x_wconf 90' lang='lat' dir='ltr'><strong>iit</strong></span> 
     </span>
    </p>
   </div>
   <div class='ocr_carea' id='block_1_131' title="bbox 2194 4363 3761 4434">
    <p class='ocr_par' dir='ltr' id='par_1_131' title="bbox 2194 4363 3761 4434">
     <span class='ocr_line' id='line_1_131' title="bbox 2194 4363 3761 4434; baseline -0.003 -14"><span class='ocrx_word' id='word_1_936' title='bbox 2194 4367 2527 4422; x_wconf 80' lang='lat' dir='ltr'><strong>Bibliotheca</strong></span> <span class='ocrx_word' id='word_1_937' title='bbox 2555 4378 2732 4420; x_wconf 71' lang='lat' dir='ltr'><strong>titisll‘o</strong></span> <span class='ocrx_word' id='word_1_938' title='bbox 2778 4371 2947 4421; x_wconf 74' lang='lat' dir='ltr'><strong>sancti</strong></span> <span class='ocrx_word' id='word_1_939' title='bbox 2992 4367 3246 4422; x_wconf 87' lang='lat' dir='ltr'><strong>Germani</strong></span> <span class='ocrx_word' id='word_1_940' title='bbox 3275 4384 3304 4419; x_wconf 90' lang='lat' dir='ltr'><strong>a</strong></span> <span class='ocrx_word' id='word_1_941' title='bbox 3340 4365 3539 4429; x_wconf 88' lang='lat' dir='ltr'><strong>Pratis,</strong></span> <span class='ocrx_word' id='word_1_942' title='bbox 3566 4371 3615 4420; x_wconf 88' lang='lat' dir='ltr'><strong>iii</strong></span> <span class='ocrx_word' id='word_1_943' title='bbox 3646 4363 3761 4434; x_wconf 88' lang='lat' dir='ltr'><strong>qui-</strong></span> 
     </span>
    </p>
   </div>
   <div class='ocr_carea' id='block_1_132' title="bbox 2196 4439 3765 4508">
    <p class='ocr_par' dir='ltr' id='par_1_132' title="bbox 2196 4439 3765 4508">
     <span class='ocr_line' id='line_1_132' title="bbox 2196 4439 3765 4508; baseline -0.003 -17"><span class='ocrx_word' id='word_1_944' title='bbox 2196 4439 2294 4492; x_wconf 90' lang='lat' dir='ltr'><strong>bus</strong></span> <span class='ocrx_word' id='word_1_945' title='bbox 2316 4455 2422 4493; x_wconf 92' lang='lat' dir='ltr'><strong>nou</strong></span> <span class='ocrx_word' id='word_1_946' title='bbox 2461 4439 2654 4507; x_wconf 64' lang='lat' dir='ltr'><strong>ligittir</strong></span> <span class='ocrx_word' id='word_1_947' title='bbox 2700 4440 2950 4508; x_wconf 88' lang='lat' dir='ltr'><strong>prologns</strong></span> <span class='ocrx_word' id='word_1_948' title='bbox 2979 4450 3184 4507; x_wconf 77' lang='lat' dir='ltr'><strong>septeni</strong></span> <span class='ocrx_word' id='word_1_949' title='bbox 3231 4440 3585 4504; x_wconf 80' lang='lat' dir='ltr'><strong>epistularum</strong></span> <span class='ocrx_word' id='word_1_950' title='bbox 3611 4451 3765 4508; x_wconf 68' lang='lat' dir='ltr'><strong>eano-</strong></span> 
     </span>
    </p>
   </div>
   <div class='ocr_carea' id='block_1_133' title="bbox 2195 4507 3757 4579">
    <p class='ocr_par' dir='ltr' id='par_1_133' title="bbox 2195 4507 3757 4579">
     <span class='ocr_line' id='line_1_133' title="bbox 2195 4507 3757 4579; baseline -0.001 -19"><span class='ocrx_word' id='word_1_951' title='bbox 2195 4510 2461 4563; x_wconf 86' lang='lat' dir='ltr'><strong>nicarnm.</strong></span> <span class='ocrx_word' id='word_1_952' title='bbox 2492 4509 2545 4562; x_wconf 93' lang='lat' dir='ltr'><strong>ln</strong></span> <span class='ocrx_word' id='word_1_953' title='bbox 2585 4509 2836 4563; x_wconf 86' lang='lat' dir='ltr'><strong>omnibus</strong></span> <span class='ocrx_word' id='word_1_954' title='bbox 2866 4507 3096 4579; x_wconf 84' lang='lat' dir='ltr'><strong>namque</strong></span> <span class='ocrx_word' id='word_1_955' title='bbox 3119 4510 3504 4578; x_wconf 80' lang='lat' dir='ltr'><strong>manuscriptis</strong></span> <span class='ocrx_word' id='word_1_956' title='bbox 3531 4507 3757 4577; x_wconf 80' lang='lat' dir='ltr'><strong>ejusdem</strong></span> 
     </span>
    </p>
   </div>
   <div class='ocr_carea' id='block_1_134' title="bbox 2195 4579 3757 4649">
    <p class='ocr_par' dir='ltr' id='par_1_134' title="bbox 2195 4579 3757 4649">
     <span class='ocr_line' id='line_1_134' title="bbox 2195 4579 3757 4649; baseline -0.002 -17"><span class='ocrx_word' id='word_1_957' title='bbox 2195 4579 2536 4635; x_wconf 75' lang='lat' dir='ltr'><strong>bbhotbeea:</strong></span> <span class='ocrx_word' id='word_1_958' title='bbox 2562 4589 2763 4635; x_wconf 68' lang='lat' dir='ltr'><strong>nostra:</strong></span> <span class='ocrx_word' id='word_1_959' title='bbox 2783 4581 3060 4636; x_wconf 87' lang='lat' dir='ltr'><strong>codicibus</strong></span> <span class='ocrx_word' id='word_1_960' title='bbox 3091 4600 3117 4633; x_wconf 85' lang='lat' dir='ltr'><strong>a</strong></span> <span class='ocrx_word' id='word_1_961' title='bbox 3143 4579 3302 4636; x_wconf 90' lang='lat' dir='ltr'><strong>nobis</strong></span> <span class='ocrx_word' id='word_1_962' title='bbox 3332 4581 3613 4649; x_wconf 79' lang='lat' dir='ltr'><strong>diligenter</strong></span> <span class='ocrx_word' id='word_1_963' title='bbox 3636 4591 3757 4631; x_wconf 80' lang='lat' dir='ltr'><strong>exa-</strong></span> 
     </span>
    </p>
   </div>
   <div class='ocr_carea' id='block_1_135' title="bbox 2194 4649 3761 4713">
    <p class='ocr_par' dir='ltr' id='par_1_135' title="bbox 2194 4649 3761 4713">
     <span class='ocr_line' id='line_1_135' title="bbox 2194 4649 3761 4713; baseline -0.003 -9"><span class='ocrx_word' id='word_1_964' title='bbox 2194 4652 2433 4713; x_wconf 88' lang='lat' dir='ltr'><strong>minatis.</strong></span> <span class='ocrx_word' id='word_1_965' title='bbox 2465 4652 2511 4707; x_wconf 91' lang='lat' dir='ltr'><strong>si</strong></span> <span class='ocrx_word' id='word_1_966' title='bbox 2544 4668 2706 4705; x_wconf 90' lang='lat' dir='ltr'><strong>unum</strong></span> <span class='ocrx_word' id='word_1_967' title='bbox 2742 4654 2980 4711; x_wconf 79' lang='lat' dir='ltr'><strong>excipias</strong></span> <span class='ocrx_word' id='word_1_968' title='bbox 3025 4662 3270 4706; x_wconf 77' lang='lat' dir='ltr'><strong>notatum</strong></span> <span class='ocrx_word' id='word_1_969' title='bbox 3306 4667 3459 4706; x_wconf 91' lang='lat' dir='ltr'><strong>num.</strong></span> <span class='ocrx_word' id='word_1_970' title='bbox 3493 4652 3589 4713; x_wconf 73' lang='lat' dir='ltr'><strong>ts,</strong></span> <span class='ocrx_word' id='word_1_971' title='bbox 3617 4649 3761 4703; x_wconf 84' lang='lat' dir='ltr'><strong>iuve-</strong></span> 
     </span>
    </p>
   </div>
   <div class='ocr_carea' id='block_1_136' title="bbox 2198 4722 3759 4793">
    <p class='ocr_par' dir='ltr' id='par_1_136' title="bbox 2198 4722 3759 4793">
     <span class='ocr_line' id='line_1_136' title="bbox 2198 4722 3759 4793; baseline 0 -21"><span class='ocrx_word' id='word_1_972' title='bbox 2198 4722 2342 4774; x_wconf 88' lang='lat' dir='ltr'><strong>niiur</strong></span> <span class='ocrx_word' id='word_1_973' title='bbox 2367 4723 2460 4775; x_wconf 90' lang='lat' dir='ltr'><strong>ille</strong></span> <span class='ocrx_word' id='word_1_974' title='bbox 2491 4724 2744 4793; x_wconf 82' lang='lat' dir='ltr'><strong>pi-ologus</strong></span> <span class='ocrx_word' id='word_1_975' title='bbox 2775 4722 3044 4790; x_wconf 82' lang='lat' dir='ltr'><strong>perfectus</strong></span> <span class='ocrx_word' id='word_1_976' title='bbox 3068 4735 3121 4778; x_wconf 91' lang='lat' dir='ltr'><strong>et</strong></span> <span class='ocrx_word' id='word_1_977' title='bbox 3142 4725 3380 4791; x_wconf 83' lang='lat' dir='ltr'><strong>integer,</strong></span> <span class='ocrx_word' id='word_1_978' title='bbox 3411 4724 3759 4789; x_wconf 83' lang='lat' dir='ltr'><strong>omnibusque</strong></span> 
     </span>
    </p>
   </div>
   <div class='ocr_carea' id='block_1_137' title="bbox 2195 4794 2894 4848">
    <p class='ocr_par' dir='ltr' id='par_1_137' title="bbox 2195 4794 2894 4848">
     <span class='ocr_line' id='line_1_137' title="bbox 2195 4794 2894 4848; baseline 0.004 -4"><span class='ocrx_word' id='word_1_979' title='bbox 2195 4794 2306 4845; x_wconf 88' lang='lat' dir='ltr'><strong>suis</strong></span> <span class='ocrx_word' id='word_1_980' title='bbox 2332 4794 2570 4846; x_wconf 89' lang='lat' dir='ltr'><strong>numeris</strong></span> <span class='ocrx_word' id='word_1_981' title='bbox 2595 4794 2894 4848; x_wconf 76' lang='lat' dir='ltr'><strong>absolutus.</strong></span> 
     </span>
    </p>
   </div>
   <div class='ocr_carea' id='block_1_138' title="bbox 2273 4863 3754 4935">
    <p class='ocr_par' dir='ltr' id='par_1_138' title="bbox 2273 4863 3754 4935">
     <span class='ocr_line' id='line_1_138' title="bbox 2273 4863 3754 4935; baseline 0 -22"><span class='ocrx_word' id='word_1_982' title='bbox 2273 4880 2290 4913; x_wconf 76' lang='grc' dir='ltr'><strong><em>ι</em></strong></span> <span class='ocrx_word' id='word_1_983' title='bbox 2332 4863 2584 4935; x_wconf 88' lang='lat' dir='ltr'><strong>Errorein</strong></span> <span class='ocrx_word' id='word_1_984' title='bbox 2619 4864 2768 4918; x_wconf 90' lang='lat' dir='ltr'><strong>illum</strong></span> <span class='ocrx_word' id='word_1_985' title='bbox 2797 4873 3020 4933; x_wconf 85' lang='lat' dir='ltr'><strong>quartus</strong></span> <span class='ocrx_word' id='word_1_986' title='bbox 3045 4865 3282 4935; x_wconf 83' lang='lat' dir='ltr'><strong>excipit,</strong></span> <span class='ocrx_word' id='word_1_987' title='bbox 3314 4865 3360 4919; x_wconf 90' lang='lat' dir='ltr'><strong>si</strong></span> <span class='ocrx_word' id='word_1_988' title='bbox 3394 4874 3566 4919; x_wconf 82' lang='lat' dir='ltr'><strong>tamen</strong></span> <span class='ocrx_word' id='word_1_989' title='bbox 3593 4876 3754 4925; x_wconf 88' lang='lat' dir='ltr'><strong>unus,</strong></span> 
     </span>
    </p>
   </div>
   <div class='ocr_carea' id='block_1_139' title="bbox 2195 4934 3758 5003">
    <p class='ocr_par' dir='ltr' id='par_1_139' title="bbox 2195 4934 3758 5003">
     <span class='ocr_line' id='line_1_139' title="bbox 2195 4934 3758 5003; baseline 0.001 -20"><span class='ocrx_word' id='word_1_990' title='bbox 2195 4945 2246 4986; x_wconf 78' lang='lat' dir='ltr'><strong>el</strong></span> <span class='ocrx_word' id='word_1_991' title='bbox 2278 4949 2385 4988; x_wconf 88' lang='lat' dir='ltr'><strong>non</strong></span> <span class='ocrx_word' id='word_1_992' title='bbox 2420 4934 2702 4999; x_wconf 69' lang='lat' dir='ltr'><strong>multiplex</strong></span> <span class='ocrx_word' id='word_1_993' title='bbox 2732 4936 3041 5003; x_wconf 68' lang='lat' dir='ltr'><strong>invenitur,</strong></span> <span class='ocrx_word' id='word_1_994' title='bbox 3093 4934 3187 4991; x_wconf 82' lang='lat' dir='ltr'><strong>tibi</strong></span> <span class='ocrx_word' id='word_1_995' title='bbox 3237 4935 3430 4989; x_wconf 76' lang='lat' dir='ltr'><strong>iiititttr</strong></span> <span class='ocrx_word' id='word_1_996' title='bbox 3481 4935 3758 4990; x_wconf 71' lang='lat' dir='ltr'><strong>ostendere</strong></span> 
     </span>
    </p>
   </div>
   <div class='ocr_carea' id='block_1_140' title="bbox 2193 5006 3757 5077">
    <p class='ocr_par' dir='ltr' id='par_1_140' title="bbox 2193 5006 3757 5077">
     <span class='ocr_line' id='line_1_140' title="bbox 2193 5006 3757 5077; baseline -0.001 -19"><span class='ocrx_word' id='word_1_997' title='bbox 2193 5017 2471 5077; x_wconf 63' lang='lat' dir='ltr'><strong>anetorem</strong></span> <span class='ocrx_word' id='word_1_998' title='bbox 2510 5006 2849 5061; x_wconf 87' lang='lat' dir='ltr'><strong>collectionis</strong></span> <span class='ocrx_word' id='word_1_999' title='bbox 2870 5006 3164 5062; x_wconf 84' lang='lat' dir='ltr'><strong>Bibliorum</strong></span> <span class='ocrx_word' id='word_1_1000' title='bbox 3193 5049 3207 5073; x_wconf 93' lang='lat'><strong>,</strong></span> <span class='ocrx_word' id='word_1_1001' title='bbox 3230 5012 3319 5077; x_wconf 89' lang='lat' dir='ltr'><strong>qui</strong></span> <span class='ocrx_word' id='word_1_1002' title='bbox 3353 5009 3556 5076; x_wconf 88' lang='lat' dir='ltr'><strong>primus</strong></span> <span class='ocrx_word' id='word_1_1003' title='bbox 3574 5017 3757 5077; x_wconf 75' lang='lat' dir='ltr'><strong>omnes</strong></span> 
     </span>
    </p>
   </div>
   <div class='ocr_carea' id='block_1_141' title="bbox 2194 5074 3758 5146">
    <p class='ocr_par' dir='ltr' id='par_1_141' title="bbox 2194 5074 3758 5146">
     <span class='ocr_line' id='line_1_141' title="bbox 2194 5074 3758 5146; baseline -0.001 -16"><span class='ocrx_word' id='word_1_1004' title='bbox 2194 5076 2361 5131; x_wconf 85' lang='lat' dir='ltr'><strong>libros</strong></span> <span class='ocrx_word' id='word_1_1005' title='bbox 2394 5074 2637 5146; x_wconf 67' lang='lat' dir='ltr'><strong>Vulgata:</strong></span> <span class='ocrx_word' id='word_1_1006' title='bbox 2667 5078 2890 5143; x_wconf 76' lang='lat' dir='ltr'><strong>Latinte,</strong></span> <span class='ocrx_word' id='word_1_1007' title='bbox 2924 5080 2975 5132; x_wconf 91' lang='lat' dir='ltr'><strong>id</strong></span> <span class='ocrx_word' id='word_1_1008' title='bbox 2995 5086 3099 5139; x_wconf 76' lang='lat' dir='ltr'><strong>est,</strong></span> <span class='ocrx_word' id='word_1_1009' title='bbox 3124 5074 3321 5134; x_wconf 85' lang='lat' dir='ltr'><strong>veteiis</strong></span> <span class='ocrx_word' id='word_1_1010' title='bbox 3349 5074 3416 5133; x_wconf 82' lang='lat' dir='ltr'><strong>ac</strong></span> <span class='ocrx_word' id='word_1_1011' title='bbox 3441 5075 3758 5132; x_wconf 78' lang='lat' dir='ltr'><strong>noviTesia-</strong></span> 
     </span>
    </p>
   </div>
   <div class='ocr_carea' id='block_1_142' title="bbox 2196 5145 3751 5218">
    <p class='ocr_par' dir='ltr' id='par_1_142' title="bbox 2196 5145 3751 5218">
     <span class='ocr_line' id='line_1_142' title="bbox 2196 5145 3751 5218; baseline 0 -17"><span class='ocrx_word' id='word_1_1012' title='bbox 2196 5150 2383 5212; x_wconf 81' lang='lat' dir='ltr'><strong>menti,</strong></span> <span class='ocrx_word' id='word_1_1013' title='bbox 2415 5145 2521 5201; x_wconf 83' lang='lat' dir='ltr'><strong>uno</strong></span> <span class='ocrx_word' id='word_1_1014' title='bbox 2552 5150 2823 5203; x_wconf 88' lang='lat' dir='ltr'><strong>volumine</strong></span> <span class='ocrx_word' id='word_1_1015' title='bbox 2853 5150 3166 5218; x_wconf 81' lang='lat' dir='ltr'><strong>complexus</strong></span> <span class='ocrx_word' id='word_1_1016' title='bbox 3188 5162 3292 5215; x_wconf 73' lang='lat' dir='ltr'><strong>est,</strong></span> <span class='ocrx_word' id='word_1_1017' title='bbox 3318 5150 3551 5204; x_wconf 85' lang='lat' dir='ltr'><strong>edidisse</strong></span> <span class='ocrx_word' id='word_1_1018' title='bbox 3578 5145 3751 5216; x_wconf 79' lang='lat' dir='ltr'><strong>prolo-</strong></span> 
     </span>
    </p>
   </div>
   <div class='ocr_carea' id='block_1_143' title="bbox 2191 5217 3750 5289">
    <p class='ocr_par' dir='ltr' id='par_1_143' title="bbox 2191 5217 3750 5289">
     <span class='ocr_line' id='line_1_143' title="bbox 2191 5217 3750 5289; baseline -0.001 -17"><span class='ocrx_word' id='word_1_1019' title='bbox 2191 5235 2317 5288; x_wconf 88' lang='lat' dir='ltr'><strong>gutn</strong></span> <span class='ocrx_word' id='word_1_1020' title='bbox 2351 5219 2580 5289; x_wconf 54' lang='lat' dir='ltr'><strong>podium</strong></span> <span class='ocrx_word' id='word_1_1021' title='bbox 2617 5222 2667 5274; x_wconf 91' lang='lat' dir='ltr'><strong>itt</strong></span> <span class='ocrx_word' id='word_1_1022' title='bbox 2700 5224 2872 5274; x_wconf 85' lang='lat' dir='ltr'><strong>ironlc</strong></span> <span class='ocrx_word' id='word_1_1023' title='bbox 2906 5217 3128 5289; x_wconf 25' lang='lat' dir='ltr'><strong>Ep’istol.</strong></span> <span class='ocrx_word' id='word_1_1024' title='bbox 3166 5220 3579 5275; x_wconf 79' lang='lat' dir='ltr'><strong>Canonicaruin.</strong></span> <span class='ocrx_word' id='word_1_1025' title='bbox 3627 5217 3750 5289; x_wconf 51' lang='lat' dir='ltr'><strong>Cerj</strong></span> 
     </span>
    </p>
   </div>
   <div class='ocr_carea' id='block_1_144' title="bbox 2194 5287 3750 5361">
    <p class='ocr_par' dir='ltr' id='par_1_144' title="bbox 2194 5287 3750 5361">
     <span class='ocr_line' id='line_1_144' title="bbox 2194 5287 3750 5361; baseline -0.001 -20"><span class='ocrx_word' id='word_1_1026' title='bbox 2194 5287 2303 5342; x_wconf 86' lang='lat' dir='ltr'><strong>tum</strong></span> <span class='ocrx_word' id='word_1_1027' title='bbox 2335 5287 2437 5352; x_wconf 52' lang='lat' dir='ltr'><strong>Est,</strong></span> <span class='ocrx_word' id='word_1_1028' title='bbox 2472 5293 2668 5361; x_wconf 89' lang='lat' dir='ltr'><strong>inquit,</strong></span> <span class='ocrx_word' id='word_1_1029' title='bbox 2699 5287 3164 5357; x_wconf 77' lang='lat' dir='ltr'><strong>pra-latitinciilam</strong></span> <span class='ocrx_word' id='word_1_1030' title='bbox 3195 5294 3245 5345; x_wconf 89' lang='lat' dir='ltr'><strong>itt</strong></span> <span class='ocrx_word' id='word_1_1031' title='bbox 3270 5291 3561 5360; x_wconf 82' lang='lat' dir='ltr'><strong>exemplari</strong></span> <span class='ocrx_word' id='word_1_1032' title='bbox 3583 5287 3750 5343; x_wconf 77' lang='lat' dir='ltr'><strong>Caroli</strong></span> 
     </span>
    </p>
   </div>
   <div class='ocr_carea' id='block_1_145' title="bbox 2191 5361 3746 5432">
    <p class='ocr_par' dir='ltr' id='par_1_145' title="bbox 2191 5361 3746 5432">
     <span class='ocr_line' id='line_1_145' title="bbox 2191 5361 3746 5432; baseline 0.001 -19"><span class='ocrx_word' id='word_1_1033' title='bbox 2191 5362 2337 5414; x_wconf 77' lang='lat' dir='ltr'><strong>Calvi</strong></span> <span class='ocrx_word' id='word_1_1034' title='bbox 2368 5364 2581 5416; x_wconf 84' lang='lat' dir='ltr'><strong>al&#39;tixam</strong></span> <span class='ocrx_word' id='word_1_1035' title='bbox 2617 5364 2767 5417; x_wconf 82' lang='lat' dir='ltr'><strong>initio</strong></span> <span class='ocrx_word' id='word_1_1036' title='bbox 2791 5367 3019 5417; x_wconf 79' lang='lat' dir='ltr'><strong>Actuutn</strong></span> <span class='ocrx_word' id='word_1_1037' title='bbox 3046 5365 3449 5432; x_wconf 71' lang='lat' dir='ltr'><strong>Apostolorum,</strong></span> <span class='ocrx_word' id='word_1_1038' title='bbox 3471 5380 3574 5416; x_wconf 68' lang='lat' dir='ltr'><strong>non</strong></span> <span class='ocrx_word' id='word_1_1039' title='bbox 3595 5361 3746 5414; x_wconf 65' lang='lat' dir='ltr'><strong>fuisse</strong></span> 
     </span>
    </p>
   </div>
   <div class='ocr_carea' id='block_1_146' title="bbox 2190 5433 3743 5504">
    <p class='ocr_par' dir='ltr' id='par_1_146' title="bbox 2190 5433 3743 5504">
     <span class='ocr_line' id='line_1_146' title="bbox 2190 5433 3743 5504; baseline -0.001 -20"><span class='ocrx_word' id='word_1_1040' title='bbox 2190 5434 2241 5485; x_wconf 90' lang='lat' dir='ltr'><strong>in</strong></span> <span class='ocrx_word' id='word_1_1041' title='bbox 2274 5433 2594 5488; x_wconf 88' lang='lat' dir='ltr'><strong>hunclinetu</strong></span> <span class='ocrx_word' id='word_1_1042' title='bbox 2626 5437 2883 5504; x_wconf 87' lang='lat' dir='ltr'><strong>scriptam</strong></span> <span class='ocrx_word' id='word_1_1043' title='bbox 2915 5436 2985 5487; x_wconf 69' lang='lat' dir='ltr'><strong>ab&quot;</strong></span> <span class='ocrx_word' id='word_1_1044' title='bbox 3009 5433 3253 5499; x_wconf 88' lang='lat' dir='ltr'><strong>llicron.,</strong></span> <span class='ocrx_word' id='word_1_1045' title='bbox 3275 5435 3366 5488; x_wconf 76' lang='lat' dir='ltr'><strong>sed</strong></span> <span class='ocrx_word' id='word_1_1046' title='bbox 3394 5452 3514 5488; x_wconf 69' lang='lat' dir='ltr'><strong>esse.</strong></span> <span class='ocrx_word' id='word_1_1047' title='bbox 3539 5433 3743 5487; x_wconf 86' lang='lat' dir='ltr'><strong>desunt-</strong></span> 
     </span>
    </p>
   </div>
   <div class='ocr_carea' id='block_1_147' title="bbox 2190 5503 3741 5574">
    <p class='ocr_par' dir='ltr' id='par_1_147' title="bbox 2190 5503 3741 5574">
     <span class='ocr_line' id='line_1_147' title="bbox 2190 5503 3741 5574; baseline 0.002 -20"><span class='ocrx_word' id='word_1_1048' title='bbox 2190 5519 2335 5571; x_wconf 78' lang='lat' dir='ltr'><strong>pittm</strong></span> <span class='ocrx_word' id='word_1_1049' title='bbox 2369 5520 2434 5558; x_wconf 83' lang='lat' dir='ltr'><strong>ex</strong></span> <span class='ocrx_word' id='word_1_1050' title='bbox 2470 5504 2711 5573; x_wconf 84' lang='lat' dir='ltr'><strong>ejusdem</strong></span> <span class='ocrx_word' id='word_1_1051' title='bbox 2742 5503 2965 5574; x_wconf 76' lang='lat' dir='ltr'><strong>prologo</strong></span> <span class='ocrx_word' id='word_1_1052' title='bbox 2997 5506 3229 5574; x_wconf 87' lang='lat' dir='ltr'><strong>majori,</strong></span> <span class='ocrx_word' id='word_1_1053' title='bbox 3272 5522 3433 5574; x_wconf 85' lang='lat' dir='ltr'><strong>quem</strong></span> <span class='ocrx_word' id='word_1_1054' title='bbox 3479 5503 3741 5560; x_wconf 73' lang='lat' dir='ltr'><strong>Calcatum</strong></span> 
     </span>
    </p>
   </div>
   <div class='ocr_carea' id='block_1_148' title="bbox 2188 5576 3745 5644">
    <p class='ocr_par' dir='ltr' id='par_1_148' title="bbox 2188 5576 3745 5644">
     <span class='ocr_line' id='line_1_148' title="bbox 2188 5576 3745 5644; baseline -0.003 -15"><span class='ocrx_word' id='word_1_1055' title='bbox 2188 5590 2476 5641; x_wconf 76' lang='lat' dir='ltr'><strong>vocamus;</strong></span> <span class='ocrx_word' id='word_1_1056' title='bbox 2529 5576 2715 5644; x_wconf 88' lang='lat' dir='ltr'><strong>bisque</strong></span> <span class='ocrx_word' id='word_1_1057' title='bbox 2771 5576 2949 5628; x_wconf 87' lang='lat' dir='ltr'><strong>verbis</strong></span> <span class='ocrx_word' id='word_1_1058' title='bbox 2998 5588 3255 5642; x_wconf 76' lang='lat' dir='ltr'><strong>concepta</strong></span> <span class='ocrx_word' id='word_1_1059' title='bbox 3315 5576 3548 5643; x_wconf 73' lang='lat' dir='ltr'><strong>legitur:</strong></span> <span class='ocrx_word' id='word_1_1060' title='bbox 3602 5576 3745 5644; x_wconf 75' lang='lat' dir='ltr'><strong>Actu</strong></span> 
     </span>
    </p>
   </div>
   <div class='ocr_carea' id='block_1_149' title="bbox 2186 5643 3745 5714">
    <p class='ocr_par' dir='ltr' id='par_1_149' title="bbox 2186 5643 3745 5714">
     <span class='ocr_line' id='line_1_149' title="bbox 2186 5643 3745 5714; baseline -0.002 -17"><span class='ocrx_word' id='word_1_1061' title='bbox 2186 5645 2547 5714; x_wconf 75' lang='lat' dir='ltr'><strong>Apostolorum</strong></span> <span class='ocrx_word' id='word_1_1062' title='bbox 2576 5643 3000 5714; x_wconf 80' lang='lat' dir='ltr'><strong>nudam&#39;quidem</strong></span> <span class='ocrx_word' id='word_1_1063' title='bbox 3029 5663 3268 5699; x_wconf 76' lang='lat' dir='ltr'><strong>resonare</strong></span> <span class='ocrx_word' id='word_1_1064' title='bbox 3294 5648 3556 5699; x_wconf 67' lang='grc' dir='ltr'><strong>Ιιὸειοι·ἰιιοιι</strong></span> <span class='ocrx_word' id='word_1_1065' title='bbox 3585 5643 3745 5696; x_wconf 74' lang='lat' dir='ltr'><strong>riden-</strong></span> 
     </span>
    </p>
   </div>
   <div class='ocr_carea' id='block_1_150' title="bbox 2186 5715 3741 5792">
    <p class='ocr_par' dir='ltr' id='par_1_150' title="bbox 2186 5715 3741 5792">
     <span class='ocr_line' id='line_1_150' title="bbox 2186 5715 3741 5792; baseline -0.002 -25"><span class='ocrx_word' id='word_1_1066' title='bbox 2186 5727 2291 5792; x_wconf 81' lang='lat' dir='ltr'><strong>tur,</strong></span> <span class='ocrx_word' id='word_1_1067' title='bbox 2322 5726 2368 5768; x_wconf 82' lang='lat' dir='ltr'><strong>et</strong></span> <span class='ocrx_word' id='word_1_1068' title='bbox 2396 5728 2645 5792; x_wconf 57' lang='lat' dir='ltr'><strong>nascentis</strong></span> <span class='ocrx_word' id='word_1_1069' title='bbox 2677 5715 2924 5792; x_wconf 63' lang='lat' dir='ltr'><strong>Ecclesim</strong></span> <span class='ocrx_word' id='word_1_1070' title='bbox 2952 5718 3225 5792; x_wconf 65' lang='lat' dir='ltr'><strong>historiam</strong></span> <span class='ocrx_word' id='word_1_1071' title='bbox 3242 5729 3453 5792; x_wconf 64' lang='lat' dir='ltr'><strong>texere;</strong></span> <span class='ocrx_word' id='word_1_1072' title='bbox 3479 5726 3563 5770; x_wconf 78' lang='lat' dir='ltr'><strong>sed</strong></span> <span class='ocrx_word' id='word_1_1073' title='bbox 3587 5715 3631 5767; x_wconf 81' lang='lat' dir='ltr'><strong>si</strong></span> <span class='ocrx_word' id='word_1_1074' title='bbox 3658 5728 3741 5792; x_wconf 65' lang='lat' dir='ltr'><strong>itq-</strong></span> 
     </span>
    </p>
   </div>
   <div class='ocr_carea' id='block_1_151' title="bbox 2186 5786 3739 5857">
    <p class='ocr_par' dir='ltr' id='par_1_151' title="bbox 2186 5786 3739 5857">
     <span class='ocr_line' id='line_1_151' title="bbox 2186 5786 3739 5857; baseline -0.005 -16"><span class='ocrx_word' id='word_1_1075' title='bbox 2186 5789 2431 5857; x_wconf 76' lang='lat' dir='ltr'><strong>verimus,</strong></span> <span class='ocrx_word' id='word_1_1076' title='bbox 2458 5799 2562 5845; x_wconf 88' lang='lat' dir='ltr'><strong>etc.</strong></span> <span class='ocrx_word' id='word_1_1077' title='bbox 2594 5786 2946 5857; x_wconf 83' lang='lat' dir='ltr'><strong>lncogitantia</strong></span> <span class='ocrx_word' id='word_1_1078' title='bbox 2989 5788 3106 5845; x_wconf 66' lang='lat' dir='ltr'><strong>haec</strong></span> <span class='ocrx_word' id='word_1_1079' title='bbox 3148 5788 3228 5844; x_wconf 89' lang='lat' dir='ltr'><strong>illi</strong></span> <span class='ocrx_word' id='word_1_1080' title='bbox 3275 5788 3536 5844; x_wconf 85' lang='lat' dir='ltr'><strong>excidisse</strong></span> <span class='ocrx_word' id='word_1_1081' title='bbox 3580 5786 3739 5838; x_wconf 84' lang='lat' dir='ltr'><strong>inani-</strong></span> 
     </span>
    </p>
   </div>
  </div>
