3946 6198
183 283 316 338 ὶεὲῗί

975 280 1334 338 PROLOGUS
1374 281 1649 337 SEPTEM
1693 278 2172 340 EPISTOIARUM
2211 282 2728 344 CANONICARUM.

3412 289 3523 349 826

188 399 314 470 Est
345 401 498 457 enim
526 403 704 474 prima
733 416 912 456 carum
945 415 1045 454 una
1078 398 1281 462 Jacobi,
1319 397 1460 452 Petri
1486 396 1630 466 duae,
1655 396 1818 451 Joan-
1846 404 1894 464 Α
1923 408 2085 463 sunt,
2120 398 2192 452 ita
2225 413 2438 468 quoque
2480 399 2547 454 ab
2596 391 2989 470 interpretibus
3027 400 3262 457 tideliter
3288 401 3342 457 in
3375 400 3524 459 Lali-

194 495 299 547 nis
348 504 461 549 tres
489 541 503 564 ,
536 504 590 550 et
620 493 774 550 Judae
802 507 924 548 una.
973 492 1102 559 Quae
1128 492 1171 546 si
1202 531 1214 554 ,
1271 499 1327 544 ut
1354 489 1423 542 ab
1471 492 1550 545 eis
1594 488 1816 558 digestae

193 677 530 748 festumest
557 695 571 731 :
611 694 732 732 nam
756 677 874 748 quis
906 679 1114 733 nesciat
1142 679 1190 731 in
1215 678 1438 746 prologo
1465 678 1682 732 llieron.
1707 676 1809 732 Ga.

196 749 355 804 leato
385 747 558 801 altum
579 765 701 805 esse
723 747 992 804 silentium
1013 750 1081 803 de
1112 751 1263 804 libris
1293 751 1423 803 Novi
1443 748 1812 803 'l‘estanieuti?

195 821 386 888 Quam
411 820 858 874 allucinationem
889 836 987 876 nec
1012 823 1126 874 suis
1164 821 1555 876 confmderatis
1589 820 1811 873 criticns

196 899 406 945 auctor
436 892 834 954 eondonasset,
874 893 917 944 si
973 908 1297 962 quemquam
1331 908 1519 946 eorum
1575 893 1626 944 in
1666 892 1810 960 sl)|0

197 963 548 1034 decretorio,
584 978 686 1030 pro
713 967 871 1030 epist.
903 963 1215 1034 llicr0nyiui
1246 964 1310 1016 ad
1346 963 1649 1019 Paulinum.
1678 977 1806 1029 pro-

203 1033 401 1102 logum
435 1031 722 1088 Galeatum
758 1031 1465 1102 recitaredeprehenderet.
1510 1034 1676 1097 Huius
1722 1049 1812 1087 er-

200 1107 357 1158 roris
386 1107 676 1158 occiisione
709 1107 852 1158 venit
884 1105 933 1159 in
979 1115 1212 1159 trientem
1251 1106 1476 1159 ridicula
1527 1115 1809 1172 perconta-

203 1177 316 1240 tio,
350 1191 452 1243 qua
483 1175 780 1244 aliquando
810 1179 891 1230 vir
921 1179 1214 1243 caeteroqui
1248 1178 1439 1232 doctus
1463 1177 1740 1245 qiitcrrbzit
1777 1192 1804 1228 a

201 1247 394 1306 nobis.
423 1249 694 1314 quomodo
736 1248 786 1300 in
817 1247 1038 1302 Canone
1083 1247 1244 1302 llebr.
1288 1247 1532 1302 veritatis
1571 1256 1803 1309 poSttum

201 1328 366 1373 essm
407 1317 775 1372 testimonium
825 1321 1024 1386 prioris
1067 1319 1236 1386 Epist.
1284 1319 1345 1374 Β.
1399 1319 1624 1372 Joannis
1657 1358 1672 1379 ,
1716 1318 1805 1371 ubi

201 1403 400 1443 seruio
430 1389 600 1443 estde
627 1390 786 1443 Patre
808 1401 862 1444 et
893 1389 1028 1443 Filio
1058 1403 1106 1444 et
1134 1389 1336 1457 Spiritu
1367 1401 1574 1444 sancto.
1613 1389 1807 1442 Puduit

202 1463 404 1529 utique
431 1475 529 1514 nos
554 1460 825 1514 eruditum
850 1463 1124 1515 hominem
1149 1462 1284 1515 adeo
1309 1461 1498 1516 rudem
1528 1472 1801 1528 repertum

205 1533 266 1584 in
299 1531 480 1584 studio
510 1531 816 1584 divinarum
848 1531 1250 1601 Scripturaium
1286 1575 1299 1597 ,
1353 1546 1409 1587 ut
1454 1541 1615 1597 eaput
1647 1530 1805 1598 quin-

206 1612 330 1656 tum
367 1604 538 1671 Epist.
565 1602 584 1656 ι
615 1602 840 1658 Joannis
869 1605 1099 1673 apostoli
1153 1605 1456 1672 requireret
1507 1604 1557 1655 in
1608 1602 1803 1656 Penta-

210 1674 416 1728 teueho
451 1675 634 1737 Mosis,
660 1686 748 1728 aut
786 1677 836 1726 in
887 1676 1077 1728 ordine
1113 1674 1534 1743 Prophetarum,
1569 1675 1651 1726 vel
1699 1675 1800 1727 lla-

209 1746 661 1814 giograpliorum.
692 1745 806 1816 Sed
841 1747 905 1799 ad
939 1747 1273 1816 propositum
1309 1747 1611 1800 redi-amns.
1656 1743 1800 1799 Prac-

211 1819 350 1871 fatio
374 1817 548 1886 posita
581 1817 644 1869 ad
681 1815 912 1870 frontem
942 1815 1170 1870 Acutum
1201 1817 1578 1885 Apostolorum
1610 1816 1662 1869 in
1696 1833 1796 1868 ms.

211 1889 387 1957 Regio
412 1886 589 1942 Caroli
624 1888 768 1941 Calvi
797 1904 1047 1957 OXCt‘l'p‘ﬂ
1078 1895 1160 1940 est
1186 1905 1247 1941 ex
1283 1889 1507 1955 epistola
1557 1887 1614 1941 S.
1664 1887 1793 1940 Ilie-

1927 506 2052 544 num
2077 501 2422 546 verterentur
2443 491 2743 562 eloquium,
2779 507 2876 548 nec
2903 492 3310 563 ambiguitatem
3339 496 3523 566 legen-

1914 687 2049 752 tur;
2076 679 2183 745 vel,
2218 697 2332 752 qure
2353 683 2416 734 de
2437 693 2629 752 septem
2679 683 2960 736 Catholici:
3000 692 3093 736 est.
3135 681 3337 737 Contra
3387 698 3518 740 vero

1912 750 2112 805 artifex
2145 750 2720 821 suppositiiii'prulogi
2755 771 2859 808 non
2891 755 3053 807 aliter
3080 771 3240 816 quam
3283 753 3509 809 Canoni-

1912 825 2267 911 cas‘appellat
2293 824 2622 911 iNonidem
2653 826 2778 877 ordo
2808 837 2901 887 est,
2930 825 3102 894 inquit
3150 822 3512 911 Epist-alarum

1912 903 2124 962 septem,
2149 911 2262 961 qua:
2289 893 2560 948 Canonira:
2593 909 2976 962 nuncupantur,
3004 893 3114 951 etc.
3177 893 3253 951 Ex
3285 897 3384 952 hac
3415 913 3512 952 au-

1914 973 2021 1016 tem
2055 965 2423 1031 ιινρεῖιηιίυηρ
2453 983 2557 1019 non
2591 968 2723 1020 lovis
2755 981 2832 1021 est
2877 969 3188 1034 conjectura
3221 979 3497 1022 auctorem

1913 1037 2119 1103 prologi
2149 1052 2191 1108 si
2213 1040 2436 1102 ripsisse
2454 1039 3150 1104 postartatcans~iodori,
3168 1039 3257 1108 qui
3284 1040 3506 1096 easdem

1910 1115 2116 1177 septem
2178 1107 2347 1177 Epist.
2412 1118 2561 1162 vocat
2595 1108 2883 1162 Canoniras
2917 1110 3010 1166 lib.
3049 1111 3116 1164 de
3162 1107 3504 1167 Institutione

1911 1176 2232 1250 [Divinarum
2254 1179 2584 1250 Litterarum
2610 1195 2661 1232 c.
2693 1181 2727 1234 8
2754 1198 2766 1234 :
2806 1180 3027 1234 Oct/ltus
3050 1182 3236 1241 codex.
3264 1183 3341 1235 ait
3373 1183 3463 1238 ille
3485 1225 3501 1250 ,

1910 1246 2194 1321 (iunonicas
2218 1249 2483 1321 Epistolas
2506 1252 2730 1321 continet
2757 1253 3136 1321 apostolorum.
3169 1253 3232 1306 Et
3264 1251 3458 1308 iterum
3487 1246 3503 1309 ὲ

1910 1317 2016 1394 Sed
2045 1336 2161 1394 cum
2191 1320 2255 1394 de
2279 1322 2490 1390 reliquis
2513 1317 2803 1394 Canonicis'
2825 1323 3283 1394 Epistolisimagna
3316 1341 3406 1378 nos
3425 1341 3507 1379 co-

1907 1388 2094 1465 gitatio
2122 1388 2421 1465 fatigaret,
2448 1393 2616 1446 subito
2663 1395 2804 1447 nobis
2855 1388 3019 1448 codex
3065 1388 3278 1465 Ditlgnii
3322 1394 3504 1451 erco

1906 1460 2040 1536 style
2068 1460 2384 1536 conscriptus
2405 1464 2469 1536 in
2489 1466 2859 1534 expositionem
2891 1475 3080 1536 septem
3124 1460 3504 1522 canonicar-um

1907 1529 2286 1600 Epistolarum,
2322 1529 2842 1608 Domiiui'lurgiente,
2876 1529 3148 1591 concessus
3168 1546 3261 1590 est.
3290 1541 3400 1593 Hoc
3421 1541 3505 1594 di-

1907 1616 2066 1656 verso
2098 1619 2195 1658 usu
2232 1608 2454 1659 vocandi
2491 1606 2671 1674 Epist;
2697 1617 2906 1676 septeni
2929 1608 3499 1676 :ipostoloruiii,facile

1905 1683 2180 1728 auctorem
2211 1676 2279 1728 ab
2311 1677 2528 1730 Hieron.
2556 1679 2852 1742 diversum,
2888 1693 2952 1731 ac
2988 1687 3148 1732 relate
3187 1679 3500 1736 inferiorem

1905 1744 2366 1819 deprelieiidimus
2393 1749 2444 1800 in
2474 1751 2698 1816 prologo
2725 1750 2834 1803 illis
2863 1749 3044 1804 allixo.
3069 1749 3374 1804 Calltollcas
3403 1766 3498 1819 al“

1904 1816 2063 1882 pellat
2096 1815 2314 1871 Hieron.
2337 1834 2458 1872 cum
2489 1815 2783 1872 Athanasio
2809 1820 3041 1887 inepist.
3061 1822 3273 1886 le5tiva,
3299 1832 3353 1876 et
3371 1815 3494 1876 cuiu

1903 1898 2124 1941 auctore
2151 1887 2464 1958 Syuopseos
2487 1890 2664 1943 eidem
2697 1893 2930 1956 ascripta
2961 1908 2970 1942 :
3000 1890 3501 1946 Canonicasaotem

212 1975 340 2012 ron.
367 1959 431 2011 ad
469 1959 778 2035 Paulinum,
809 1960 899 2013 ubi
935 1969 1064 2035 post
1086 1961 1437 2035 summarium
1462 2001 1476 2020 ,
1518 1973 1579 2035 ac
1614 1964 1800 2030 mysti-
1831 1974 1880 2035 Β
1907 1969 2000 2009 eas
2050 1963 2296 2013 nominat
2346 1977 2468 2013 eum
2519 1961 3054 2035 C.issiodoro_lalsus
3102 1961 3199 2017 ille
3238 1963 3506 2035 llierony-

212 2045 336 2085 cani
366 2030 762 2095 exp0s'ili0iieut
793 2032 994 2084 veteris
1023 2030 1355 2084 Testamenti
1379 2073 1393 2095 ,
1431 2031 1600 2098 tangit
1629 2043 1682 2084 et
1705 2046 1802 2083 no-

212 2117 342 2154 vum
372 2101 608 2155 breviter
640 2100 1043 2155 Testamentum
1070 2142 1084 2164 ,
1133 2106 1330 2154 cursim
1376 2103 1617 2156 indicans
1667 2104 1795 2169 quid

215 2175 591 2240 unusquisque
619 2173 755 2225 liber
785 2173 1087 2228 contineat.
1121 2173 1191 2224 De
1216 2173 1314 2226 hac
1354 2174 1523 2239 lpist.
1561 2185 1806 2241 sumptas

215 2243 470 2297 novimus
492 2245 608 2297 illas
637 2252 835 2311 partes,
869 2259 989 2312 qua:
1018 2244 1281 2313 leguntur
1314 2245 1364 2297 in
1395 2260 1524 2296 mss.
1555 2245 1676 2294 eod.
1711 2245 1808 2298 de-

214 2317 434 2381 scripta:
457 2316 507 2368 in
530 2316 744 2367 modum
769 2317 1100 2384 praelationis
1121 2315 1187 2366 ad
1213 2313 1442 2368 frontem
1469 2314 1804 2380 singulorum

220 2386 559 2439 voluminum
614 2398 723 2438 tam
766 2387 963 2440 veteris
995 2425 1010 2449 ,
1055 2402 1212 2454 quam
1263 2387 1389 2438 novi
1447 2385 1802 2440 Testamenti.

217 2457 374 2510 Unde
405 2472 742 2526 nequaquam
767 2457 939 2511 caruit
964 2458 1141 2524 aliqua
1170 2457 1580 2524 priefaeinncula
1612 2457 1804 2513 lliero-

217 2528 474 2599 nymiana
504 2540 693 2582 auctor
718 2529 1057 2583 collectiouis
1082 2527 1320 2598 Vulgata:
1347 2527 1554 2582 Latium
1577 2570 1590 2589 ,
1624 2539 1678 2581 ut
1711 2546 1806 2582 no-

219 2614 340 2651 vam
369 2599 485 2670 ipse
512 2600 711 2654 cudere
741 2612 1024 2669 eligeretur
1058 2599 1208 2668 juxta
1251 2599 1573 2670 sententiam
1617 2603 1805 2663 nuperi

217 2669 402 2724 eritici
434 2689 445 2722 :
484 2687 604 2724 nam
640 2672 692 2723 in
726 2674 916 2724 eadem
959 2671 1120 2739 epist.
1159 2671 1226 2723 ad
1265 2669 1547 2724 Paulinum
1587 2671 1808 2739 pulchre

217 2741 286 2794 de
317 2741 572 2807 Epistolis
605 2754 809 2809 septem
844 2742 1131 2796 Canonicis
1178 2743 1290 2794 lia-c
1339 2743 1501 2794 liabet
1537 2741 1758 2796 Hieron.
1790 2761 1803 2797 :

215 2811 464 2874 Jacobus,
497 2812 700 2865 Petrus.
727 2811 977 2875 Joannes,
1012 2822 1056 2866 et
1083 2811 1275 2872 ludas,
1309 2825 1497 2883 sipfem
1547 2812 1809 2878 Epistolas

214 2883 488 2936 ediderunt
518 2895 619 2937 tam
641 2886 907 2952 mysticus,
939 2902 1091 2953 quam
1121 2884 1428 2945 succinctas,
1455 2894 1500 2936 et
1526 2884 1695 2937 breves
1717 2903 1805 2954 pa-

215 2956 339 3007 riter
368 2963 416 3006 et
444 2954 641 3024 longas,
677 2956 848 3008 breves
871 2957 920 3008 in
946 2956 1106 3008 verbis
1133 2997 1143 3014 .
1182 2956 1361 3024 longus
1408 2957 1460 3007 in
1505 2958 1807 3022 sententiis;

217 3035 271 3096 ut
302 3042 454 3078 rarus
482 3026 568 3089 sit,
593 3028 679 3096 qui
708 3043 808 3080 non
831 3032 884 3080 in
907 3043 1084 3079 earnm
1110 3027 1323 3079 lectione
1351 3027 1607 3079 «ccutiat.
1627 3026 1680 3078 In
1701 3043 1804 3081 nis.

219 3095 542 3150 Colbertino
583 3095 637 3150 ii.
674 3097 776 3155 158
811 3099 980 3160 posita
1019 3098 1270 3165 leguntur
1325 3098 1484 3149 verba
1538 3099 1724 3151 ismtec
1753 3099 1806 3154 in

219 3167 398 3221 fronte
431 3179 638 3237 septem
669 3168 1064 3232 Epistolarum,
1115 3170 1234 3221 licet
1276 3169 1590 3236 imprudens
1623 3173 1810 3224 neseio

218 3240 341 3308 quis
395 3241 717 3293 emendator
757 3256 820 3292 ea
872 3255 1183 3308 expungere
1239 3242 1548 3294 tentarerit.
1605 3240 1805 3294 Eodem

215 3325 429 3379 quoque
453 3311 576 3364 loco
604 3311 802 3376 Scripta
829 3324 950 3364 sunt
983 3314 1034 3364 iii
1058 3311 1178 3364 aliis
1207 3313 1376 3363 tribus
1407 3328 1535 3363 mss.
1562 3309 1803 3378 ejusdem

218 3358 561 3434 bibliotheca.-
593 3358 920 3435 tlollieriini-
950 3428 962 3442 ,
996 3398 1227 3451 quoium
1263 3385 1341 3434 liae
1375 3391 1500 3434 sunt
1531 3358 1669 3434 no‘tte
1702 3399 1798 3437 nuo
1833 3358 1881 3423 ο

216 3451 455 3514 moriere,
482 3454 644 3508 ‘2767.
672 3453 811 3506 5214
837 3463 892 3507 et
917 3453 986 3507 64
1005 3454 1076 3508 i9.
1099 3454 1270 3506 Potuit
1302 3455 1464 3522 igitur
1485 3456 1572 3521 qui
1601 3455 1804 3517 primus

218 3521 467 3591 Vulgatm
499 3527 704 3576 Latinae
737 3525 904 3577 libros
930 3523 1221 3592 tompegil,
1247 3521 1345 3578 liae
1374 3525 1447 3578 uti
1483 3524 1804 3579 Pl‘tlffolillll-

214 3595 338 3645 cula
371 3603 495 3648 ante
525 3605 733 3662 septem
780 3595 950 3663 Epist.
995 3598 1327 3659 (lationicas;
1364 3596 1503 3649 sicut
1545 3598 1799 3650 nonnulla

215 3667 398 3738 posuit
425 3667 475 3718 in
510 3666 684 3720 lrontc
714 3669 966 3738 Actuum,
995 3678 1046 3720 et
1068 3668 1491 3738 Apocalypscos,
1519 3667 1801 3738 desumpta

213 3736 282 3788 ab
315 3737 642 3806 Hieronymo
667 3738 730 3790 ad
767 3737 1049 3791 Paulinum
1080 3736 1375 3792 scribente.
1416 3737 1546 3790 Ruit
1573 3737 1802 3802 proinde

215 3807 386 3860 moles
411 3821 851 3876 argumentorum
885 3811 1056 3863 critici
1107 3811 1306 3872 nostri,
1353 3813 1475 3875 quia
1517 3818 1622 3862 tota
1672 3825 1802 3876 peu-

213 3877 719 3948 deteconjecturis.
743 3881 935 3946 quibus
959 3884 1218 3934 aberrare
1241 3897 1361 3932 eum
1383 3880 1512 3932 satis
1531 3895 1800 3948 superque

215 3947 729 4004 demonstravimus.
766 3952 872 4005 Nos
908 3951 1066 4004 aliam
1095 3954 1234 4004 viam
1276 3951 1528 4018 ingre-si,
1551 3947 1796 4018 supposi-

216 4018 416 4074 tionem
439 4023 670 4091 prologi,
707 4023 773 4076 de
802 4038 918 4090 quo
941 4039 1082 4075 nunc
1113 4023 1311 4090 agitur,
1347 4020 1687 4073 manifestam
1719 4020 1796 4074 fa-

214 4105 335 4145 cere
357 4093 678 4146 conabimur
703 4095 904 4162 aliquot
933 4094 1282 4147 validioribus
1307 4094 1659 4159 argumentis.

287 4181 306 4213 ‹
346 4163 588 4217 Primum
625 4161 824 4232 petitur
855 4168 946 4217 abs
975 4166 1192 4218 nomine
1219 4164 1581 4231 Epistolarum
1629 4161 1794 4216 Cano-

217 4235 468 4297 nirarum,
504 4238 646 4303 quod
675 4236 892 4290 Hieron.
927 4239 1166 4302 ignotum
1199 4247 1340 4298 erat,
1392 4245 1448 4287 ut
1482 4234 1711 4302 probare
1740 4233 1794 4288 in

216 4318 460 4374 promptu
493 4315 576 4359 est
601 4323 668 4359 ex
696 4309 938 4371 ejusdem
965 4307 1145 4360 verbis
1168 4352 1180 4374 ,
1225 4324 1343 4375 quae
1378 4324 1484 4360 non
1531 4320 1636 4358 uno
1677 4311 1796 4358 loco

217 4375 463 4447 leguntur
504 4377 556 4431 in
586 4378 840 4447 Catalogo
883 4379 1217 4446 Scriptorum
1264 4377 1793 4432 EetrlesiaSIicoriiiu.

217 4446 265 4500 In
295 4449 460 4502 Petro
493 4451 694 4516 itaque,
731 4446 844 4504 sive
871 4455 1048 4512 capite
1094 4448 1267 4514 primo
1323 4449 1481 4514 hujus
1526 4448 1708 4514 operis
1739 4449 1792 4500 in

215 4518 350 4589 l_i_nnc
379 4521 602 4573 modum
626 4521 813 4573 scribit
848 4540 860 4573 ι
895 4520 1079 4573 Simon
1106 4519 1387 4573 Petrus....
1429 4519 1632 4589 scripsit
1663 4519 1794 4572 duas

214 4586 496 4659 Epistolas,
528 4607 642 4659 quae
661 4590 940 4646 Catholica:
969 4592 1298 4644 nominantur
1328 4606 1345 4645 :
1375 4586 1594 4660 quarum
1615 4605 1795 4642 secun-

214 4660 274 4711 da
308 4679 338 4713 a
386 4663 642 4730 plerisque
681 4663 793 4733 ejus
842 4679 948 4715 esse
993 4674 1247 4733 negatur,
1301 4671 1510 4732 promer
1536 4660 1657 4730 styli
1677 4677 1793 4714 cum

1911 2042 2029 2104 nius
2061 2035 2294 2098 scriptor
2324 2035 2558 2104 suspecti
2597 2032 2827 2104 prologi.
2861 2031 3062 2086 Tamen
3096 2033 3333 2104 synodus
3364 2031 3502 2090 Lao-

1907 2097 2097 2171 dicena
2131 2097 2350 2155 easdem
2377 2097 2546 2167 Epist.
2579 2097 2881 2158 Canonicas
2903 2097 3220 2171 appellavit,
3249 2121 3370 2159 cum
3418 2107 3502 2160 dio

1909 2169 2153 2247 vitiarunt
2172 2173 2577 2247 scripturarum
2604 2175 2836 2247 iudicem
2867 2169 3275 2241 ac'Catalogum
3301 2193 3501 2247 propo-

1909 2243 2036 2292 suit.
2073 2244 2141 2294 At
2171 2243 2271 2297 lioc
2304 2247 2545 2307 nomine,
2582 2259 2636 2298 ut
2669 2245 2871 2309 sciam,
2904 2247 3092 2300 nullibi
3145 2243 3505 2304 recensentur

1910 2310 1976 2362 ab
2012 2313 2364 2383 Hier0nymo,
2399 2320 2488 2382 qui
2518 2315 2830 2370 (Iatliolicas
2859 2330 3075 2384 semper
3103 2319 3278 2385 Epist.
3329 2321 3503 2373 nemi-

1911 2396 2044 2458 n_a_re
2074 2386 2384 2458 cmisuevit.
2411 2387 2652 2454 llincque
2707 2405 2810 2440 non
2865 2387 3097 2441 obscure
3155 2389 3448 2456 probamus
3480 2435 3495 2458 ,

1909 2453 2075 2524 alium
2108 2471 2226 2509 esSe
2253 2472 2315 2509 ac
2343 2477 2351 2521 ι
2375 2457 2390 2510 1
2411 2472 2496 2509 ine
2529 2460 2597 2508 ab
2633 2459 2853 2512 Hieron.
2881 2453 3496 2524 diversorii—acriplorem

1912 2523 2060 2577 illum
2096 2529 2296 2595 prologi
2331 2530 2684 2593 controversi,
2720 2530 2962 2595 quisquis
2987 2531 3203 2582 tandem
3254 2532 3346 2583 ille
3384 2530 3504 2586 fue-

1911 2596 2001 2671 rit,
2026 2597 2140 2650 sive
2173 2599 2356 2652 Victor
2381 2598 2615 2652 Vitensis
2635 2640 2649 2664 ,
2676 2601 2790 2652 sive
2821 2615 3124 2671 anonymus
3150 2601 3343 2670 aliquis
3368 2643 3383 2667 ,
3409 2603 3500 2671 qui

1913 2668 2058 2740 prior
2091 2683 2198 2740 uno
2225 2684 2456 2736 corpore
2487 2686 2676 2724 omnes
2707 2668 3129 2740 librosVulgata:
3155 2668 3358 2726 Latina:
3384 2668 3502 2726 stu-

1910 2735 2029 2790 duit
2057 2735 2332 2808 colligare.

1991 2828 2008 2859 ι
2042 2809 2480 2884 Stippiisitii~nt2iii
2512 2813 2754 2879 ejusdem
2781 2813 2986 2882 prologi
3021 2814 3216 2868 iterum
3243 2816 3496 2884 explora-

1915 2889 2020 2932 tam
2048 2880 2250 2934 liabere
2283 2899 2589 2948 possumus,
2620 2900 2686 2939 eo
2709 2880 2849 2954 quod
2884 2880 3039 2954 hujus
3069 2897 3258 2940 auctor
3295 2880 3502 2954 glorie-

1915 2961 2000 3002 tur
2024 2954 2174 3020 quasi
2202 2967 2445 3021 magnam
2483 2970 2617 3017 rem,
2644 2970 2706 3009 ac
2731 2957 3014 3010 utilitatem
3039 2971 3142 3012 n0n
3175 2958 3501 3014 mediocrem

1917 3023 2174 3076 Ecclesia;
2207 3023 2302 3077 Dei
2349 3031 2650 3093 procuraril
2681 3067 2696 3092 ,
2727 3028 2902 3080 ordini
2957 3031 3175 3095 proprio
3208 3034 3503 3086 restituens

1913 3104 2119 3162 septem
2152 3095 2424 3162 Epistolas
2447 3095 2749 3151 Cinonicas
2780 3116 2792 3150 :
2825 3097 3078 3166 dicatque
3124 3101 3320 3155 seriem
3356 3103 3502 3165 ipsa-

1915 3180 2031 3238 rom
2067 3166 2338 3238 diversam
2363 3185 2482 3220 esse
2510 3169 2648 3238 apud
2684 3169 2902 3223 (il'll‘CUS
2941 3169 3289 3224 Orthodosos
3312 3214 3327 3235 ,
3361 3185 3413 3226 et
3444 3174 3497 3228 in

1917 3235 2121 3288 Latinis
2154 3235 2582 3310 exeiiiplaiibus.
2619 3241 2728 3293 lloc
2754 3256 2982 3310 namque
3010 3245 3278 3310 posterius
3305 3244 3501 3299 falsum

1915 3319 1998 3384 est
2027 3309 2252 3384 omnino
2281 3325 2348 3361 ex
2374 3309 2593 3384 Conone
2618 3313 2686 3366 {.9
2717 3312 2798 3384 vel
2823 3309 3106 3384 60synodi
3138 3313 3458 3368 Laodicenae
3482 3357 3500 3384 ,

1913 3377 2130 3453 UlJi‘iIOC
2158 3380 2352 3453 0r_dine
2387 3382 2634 3453 leguntur
2663 3383 2844 3449 posita:
2863 3377 3117 3452 Epistolas
3142 3398 3348 3453 septem
3369 3405 3380 3437 :
3401 3377 3498 3441 la;

1908 3449 2022 3501 cobi
2046 3467 2169 3516 una,
2197 3450 2339 3504 Petri
2369 3454 2507 3516 dare,
2527 3451 2748 3506 Joannis
2773 3449 2948 3517 ινα-εξ]
2963 3455 3076 3507 uda:
3099 3449 3222 3510 una:
3241 3457 3499 3512 Eamdem

1909 3522 2106 3596 seriem
2136 3522 2496 3589 Epistolarum
2522 3526 2773 3577 observat
2829 3525 3156 3579 Athanasius
3205 3527 3376 3596 Epist.
3422 3527 3501 3582 fe-

1906 3592 2065 3665 stiva,
2095 3603 2145 3645 et
2172 3605 2358 3665 auctor
2389 3599 2701 3664 Synopseos
2733 3596 3138 3661 Scripturarum
3163 3592 3302 3665 apud
3327 3598 3500 3652 Atha-

1907 3662 2139 3716 nasium.
2171 3662 2466 3734 Gregorius
2489 3662 2704 3734 quoque
2734 3667 3108 3720 Nazianzenus
3149 3662 3388 3722 tartnine
3430 3670 3500 3724 de

1904 3735 2154 3804 geiiiiinis
2172 3735 2489 3804 Scripiuris,
2510 3736 2747 3790 Joannes
2773 3737 3137 3790 Damascenus
3169 3738 3203 3790 Ι.
3230 3753 3279 3791 iv
3294 3739 3362 3793 de
3389 3740 3490 3796 lide

1902 3803 2179 3857 CatboliCa
2207 3821 2256 3858 c.
2291 3803 2378 3869 i8,
2413 3822 2473 3859 ac
2506 3808 2841 3872 Nic-ephorus
2870 3806 2928 3862 P.
2957 3810 3014 3859 (Β.
3038 3809 3102 3860 ad
3132 3810 3292 3862 linem
3322 3811 3495 3864 Ebro-

1905 3878 2167 3942 ttolngim;
2201 3894 2230 3926 e
2266 3894 2372 3944 quo
2406 3881 2726 3931 Anastasius
2749 3877 3207 3933 Bibliotlicc:liitts
3240 3884 3318 3936 sic
3355 3883 3500 3936 Lati-

1905 3962 1970 4016 ne
2001 3946 2232 3998 reddidit
2265 3965 2275 3998 :
2304 3945 2583 4000 Cntltolica'
2613 3948 2862 4016 Epistoer
2914 3965 2932 4003 :
2965 3947 3151 4003 Jacobi
3183 3968 3317 4014 una,
3355 3953 3498 4008 Petri

1904 4015 2043 4078 dare,
2075 4018 2442 4092 Joaniii_s_tres,
2476 4020 2632 4072 Juu'a:
2662 4015 2774 4092 luna
2809 4036 2827 4072 :
2861 4022 3014 4073 simul
3062 4033 3250 4092 septem
3277 4065 3290 4088 ,
3321 4041 3498 4080 versus

1903 4102 2014 4138 rero
2044 4103 2080 4139 ι.
2110 4102 2226 4167 ccc.
2266 4087 2414 4143 Unde
2445 4106 2584 4167 ergo
2601 4091 2782 4144 habuit
2812 4092 2978 4167 falsus
3011 4095 3098 4147 ille
3119 4087 3496 4167 'llieronymus

1904 4173 2011 4238 non.
2041 4164 2289 4238 eumdem
2319 4178 2439 4213 esse
2471 4162 2717 4216 ordinem
2746 4164 2886 4235 apud
2909 4162 3139 4238 Graecos,
3177 4167 3263 4234 qui
3301 4162 3497 4238 integre

1899 4232 2127 4306 sapiunt,
2146 4242 2190 4283 et
2215 4231 2368 4297 ﬁdem
2394 4242 2581 4285 rectum
2599 4231 2879 4296 sectantur,
2908 4231 3259 4306 Epistolarum
3279 4231 3491 4306 so-pte'm,

1898 4316 2012 4376 qua:
2040 4299 2310 4376 Canonica’
2347 4315 2742 4376 nuncupantur,
2776 4308 2862 4376 qui
2905 4299 2964 4358 in
3005 4305 3202 4358 Latinis
3238 4299 3497 4361 codicibus

1899 4372 2187 4447 ini'enirur;
2213 4374 2452 4447 duasque
2480 4372 2618 4428 Petri
2656 4372 2923 4444 Epistolas
2961 4377 3165 4442 priores
3196 4393 3318 4430 CSSt'.
3350 4380 3490 4447 apud

1899 4459 1992 4494 eos
2032 4445 2085 4494 in
2128 4445 2306 4497 ordine
2352 4448 2838 4512 t‘tctei'ariiiiiilunis
2879 4451 3046 4512 magis
3088 4447 3228 4513 apud
3275 4445 3495 4503 (iiaicos

1901 4515 2075 4588 lidem_
2087 4525 2286 4588 rectam
2318 4528 2556 4588 sci-latus
2580 4528 2683 4580 est,
2711 4533 2869 4586 quam
2904 4515 3248 4581 Athanasius,
3290 4516 3488 4588 Grego-

1898 4587 2006 4636 rius
2039 4585 2368 4656 'Ilieologus,
2404 4601 2452 4640 et
2487 4585 3148 4641 Joannesillamasccnus?
3194 4589 3364 4642 Penes
3395 4585 3492 4646 eos

1902 4668 2076 4709 tamen
2104 4657 2170 4708 id:
2195 4675 2243 4710 m
2277 4673 2353 4711 ρει
2385 4661 2519 4710 oido
2548 4659 2907 4724 Epistolarum
2939 4670 3144 4727 septem
3186 4658 3491 4714 Catholica-

211 4727 790 4804 priore'dissonautiam.
817 4734 870 4786 ln
895 4727 1271 4804 Jacob'eadeui
1297 4727 1548 4804 inculcat,
1570 4727 1788 4804 dlcellsz
1818 4743 1874 4804 Ι)
1901 4746 2037 4804 rum,
2068 4744 2160 4804 seu
2191 4730 2606 4804 anoiizcaruni,
2636 4730 2720 4804 qui
2748 4731 2810 4804 in
2835 4727 3031 4804 Latinis
3063 4730 3326 4783 codicibus
3351 4734 3492 4786 iure-

208 4798 452 4866 Jacobus,
487 4805 576 4874 qui
606 4803 896 4875 appellatur
927 4805 1084 4868 frater
1111 4803 1410 4859 Domini...
1438 4801 1788 4875 Jerosolymo-

208 4891 316 4925 rum
338 4872 612 4943 episcopus
634 4872 920 4938 ordinatus,
949 4891 1104 4926 unum
1126 4885 1324 4927 tantum
1345 4877 1550 4938 scripsit
1582 4872 1786 4941 Episto-

206 4946 326 5007 (ain,
357 4961 478 5009 quia
504 4946 569 4998 de
593 4955 782 5012 septem
806 4945 1083 4998 Cutltolicis
1110 4958 1203 5006 est,
1237 4961 1353 5015 qua:
1381 4957 1424 4998 et
1449 4948 1562 5016 ipsa
1605 4945 1668 4997 ab
1691 4947 1788 4998 ali-

203 5032 300 5084 quo
324 5017 555 5085 quodam
590 5017 680 5069 sub
728 5017 931 5069 nomine
974 5020 1085 5088 ejus
1129 5018 1264 5069 edita
1314 5022 1564 5070 asseritur
1609 5032 1627 5069 :
1669 5017 1786 5069 licet

203 5089 479 5155 paulatim,
505 5098 728 5158 tempore
757 5087 1079 5158 procedente,
1109 5088 1381 5140 obtinuerit
1403 5087 1782 5139 auctoritatem.

201 5161 253 5213 lu
283 5159 422 5213 Juda
458 5158 696 5218 deoiuue
723 5162 790 5212 de
812 5169 1016 5227 Sepiem
1063 5159 1232 5225 Epist.
1276 5159 1414 5211 idem
1449 5169 1744 5227 anneclens
1766 5198 1782 5222 ,

201 5241 370 5308 totum
404 5229 703 5308 capitulum
733 5230 801 5282 ita
833 5225 1109 5308 contexuit
1137 5247 1146 5280 :
1179 5227 1347 5308 ludus
1370 5232 1598 5308 ,lfruter
1620 5225 1781 5308 lapa-

197 5305 264 5366 bi,
295 5296 514 5373 parvam
535 5299 763 5373 quidem,
786 5301 994 5373 qutede
1011 5308 1197 5373 septem
1221 5296 1501 5373 catholicis
1528 5307 1600 5349 est
1620 5339 1632 5358 ,
1660 5296 1790 5368 Epi-

193 5369 381 5428 stolam
409 5369 638 5440 reliquit.
661 5369 726 5423 Et
747 5371 870 5440 quia
891 5371 953 5425 de
974 5369 1107 5424 libro
1128 5369 1333 5431 Enocli,
1355 5370 1440 5439 qui
1465 5374 1788 5440 upocryp/ias

192 5458 289 5508 est,
324 5447 376 5496 in
410 5460 474 5497 ea
498 5442 707 5496 assumit
735 5444 1078 5496 testimonium
1106 5483 1118 5506 ,
1167 5458 1199 5495 a
1240 5442 1492 5510 plerisque
1531 5441 1782 5504 reficitur.

196 5517 238 5571 Τ
238 5531 392 5569 amen
422 5517 779 5567 auctoritatem
801 5522 1044 5566 vetustate
1063 5514 1180 5584 jam
1201 5523 1250 5584 et
1266 5530 1369 5584 usu
1402 5511 1604 5584 meruit,
1633 5519 1677 5561 et
1706 5510 1787 5562 in-

193 5601 269 5644 ter
294 5596 511 5641 sanctas
541 5585 840 5654 Scriptura:
865 5595 1209 5650 computatur.
1240 5583 1399 5637 Vides
1422 5597 1570 5652 ergo,
1591 5583 1782 5654 lector,

195 5673 395 5716 nomen
426 5651 808 5709 Canonicarum
840 5655 1206 5730 Epistolarum
1241 5671 1315 5730 nu
1342 5673 1499 5730 quani
1545 5651 1782 5730 :ibhlliej

195 5748 316 5786 ron.
352 5729 528 5784 loiSse
561 5721 938 5794 usurpatum’:
990 5729 1082 5780 sed
1112 5741 1233 5779 cum
1289 5721 1371 5778 de'
1405 5724 1534 5793 ipsis
1581 5721 1781 5790 aliquid

199 5800 496 5869 scriberet,
525 5796 727 5856 dixisse
755 5810 996 5868 semper,
1020 5812 1134 5868 qua:
1153 5794 1432 5853 Cat/rolicti:
1472 5808 1778 5861 nuncupan-

1897 4802 2051 4850 nitur.
2086 4802 2222 4865 Quid
2257 4815 2383 4851 vero
2417 4810 2573 4852 tanta:
2603 4801 2844 4853 utilitatis
2875 4803 3056 4853 inesse
3101 4811 3277 4869 potest
3303 4804 3353 4855 in
3401 4805 3489 4859 illa

1898 4873 2040 4924 serie
2067 4871 2449 4943 Epistolarum,
2487 4873 2535 4921 in
2566 4885 2668 4939 qua
2698 4871 2879 4923 ,ιω-,ιη
2913 4871 3079 4938 Epid.
3119 4875 3287 4937 piima
3325 4879 3483 4943 poni-

1869 4949 2002 5009 -tur,
2037 4952 2093 4992 ut
2124 4945 2267 4992 ltuuc
2288 4942 2600 5014 ordinem‘a
2628 4957 2686 4994 sc.
2711 4948 3016 5014 restitututtt
3050 4954 3239 4996 auctor
3278 4942 3486 5014 prologi

1893 5021 2191 5082 :i-q~iiparct
2217 5012 2433 5082 pur_iiati
2464 5025 2529 5063 ac
2547 5011 2838 5078 integritati
2860 5011 3319 5082 Evangelistarun.
3338 5015 3360 5067 ?
3381 5015 3489 5070 Sed

1890 5087 2041 5141 sicut.
2069 5081 2264 5146 inquit,
2298 5079 2652 5149 Erangelistus
2681 5082 2875 5134 dudun
2919 5085 2986 5134 ad
3019 5079 3250 5138 cei-italis
3298 5089 3486 5140 lincunt

1892 5157 2240 5227 corrmttnus,
2271 5153 2346 5227 ita
2366 5149 2460 5227 llas
2493 5154 2702 5221 propiio
2734 5157 2928 5227 ordini,
2961 5153 3067 5207 Deo
3096 5174 3186 5208 nos
3231 5161 3445 5227 jurante
3467 5200 3483 5224 ,

1894 5224 2233 5297 retldidimus.
2267 5220 2555 5297 Nilnll'acit
2579 5220 2724 5276 έιιειω
2753 5225 3014 5297 dot-trium
3041 5265 3054 5286 ,
3108 5220 3285 5297 neque
3325 5220 3486 5283 lecta:

1897 5298 2044 5356 lidei,
2090 5293 2134 5345 si
2171 5297 2344 5368 primo
2377 5293 2520 5368 loco.
2571 5298 2653 5368 vel
2699 5295 2885 5368 tiltlltttt
2929 5310 3156 5362 ponatur
3191 5293 3364 5368 Epist.
3397 5301 3487 5354 Ja-

1892 5368 2008 5418 cobi
2042 5383 2052 5416 :
2088 5365 2244 5414 modo
2275 5361 2563 5432 (Lanuuii-ae
2594 5362 2890 5432 Scriptura:
2907 5361 3483 5425 auctoritatcineidem

1891 5436 2226 5509 ascribamus
2249 5448 2369 5509 cum
2406 5431 2645 5509 licrlesia
2676 5431 2889 5509 Eutliol.
2925 5439 3045 5491 Sint
3073 5445 3278 5508 priores
3304 5442 3482 5509 Petri;

1889 5509 1995 5561 sint
2022 5508 2228 5559 ultimae
2258 5503 2524 5574 Joannis;
2559 5508 2625 5557 sit
2657 5508 2830 5560 inedia
2854 5503 3155 5574 Jacopifel
3186 5516 3356 5566 altera
3381 5503 3478 5568 lu;

1889 5578 1972 5631 die
2007 5596 2016 5627 :
2049 5577 2181 5629 nibil
2217 5575 2340 5628 inde
2365 5573 2646 5644 lucrantnr
2685 5579 2772 5644 qui
2822 5582 2977 5631 talem
3019 5590 3222 5637 rectam
3268 5594 3483 5640 sectan-

1889 5657 2002 5713 tur;
2039 5645 2166 5700 mhil
2202 5647 2308 5699 illis
2335 5643 2752 5719 etianideperit,
2780 5650 2976 5718 quibus
3001 5652 3120 5719 plus
3155 5655 3294 5707 inest
3330 5671 3506 5709 leve--

1888 5720 2080 5796 remitte
2103 5733 2226 5796 erga
2256 5716 2480 5796 verbum
2510 5714 2818 5796 Dei._quat_ii
2859 5714 3193 5796 curiositatis
3225 5729 3278 5780 in
3312 5742 3482 5796 pecu.

1887 5791 2036 5846 liaris
2069 5787 2314 5845 lectionis
2335 5786 2525 5844 ordine
2546 5786 2851 5848 retinendo.
2882 5793 3033 5852 Illinc
3062 5797 3228 5854 etiam
3256 5786 3476 5869 Episto-
