3946 6198
176 181 309 237 835

1090 186 1153 241 B.
1192 183 1428 243 JACObl
1469 184 1807 244 APOSTOLI
1846 182 2188 251 EPISTOLA
2226 181 2641 241 CATIIOLICA.

3408 184 3515 242 εδι

178 292 342 358 ima.
376 292 488 348 Sed
513 292 657 350 dicet
710 292 827 365 quis
858 310 869 347 :
902 293 983 350 Tu
1026 293 1183 351 ﬁdem
1228 298 1415 364 habes,
1442 308 1491 353 et
1525 315 1624 369 ego
1655 315 1815 369 opera
1850 302 1891 357 Α
1927 296 2091 351 hinc?
2135 312 2202 351 ex
2238 296 2697 365 coocupiscentiis
2748 295 2977 365 vestris,
3016 310 3139 367 quas
3186 296 3419 352 militant
3464 299 3519 352 in

183 384 406 441 habeo.
434 388 673 442 Ostende
718 387 849 441 mihi
886 388 1044 443 ﬁdem
1091 400 1233 443 tuam
1276 392 1393 446 sine
1433 394 1689 462 Operibus
1718 412 1728 445 :
1760 404 1815 448 et

183 493 307 546 ego
333 480 613 533 ostendam
650 480 741 535 tibi
773 496 837 534 ex
871 480 1125 549 operibus
1151 483 1307 537 fiderit
1342 500 1536 539 meam.
1575 487 1651 539 'i‘u
1694 502 1815 540 cre-

185 569 291 624 dis
317 573 569 641 quoniam
600 588 736 628 unus
766 585 845 627 est
878 574 1022 629 Deus
1053 592 1066 631 :
1100 577 1237 633 bene
1266 578 1396 633 facis
1422 595 1436 632 :
1463 588 1515 633 et
1540 580 1813 634 tia-mones

189 662 467 729 credunt,
499 675 552 719 et
582 668 1029 721 contremiscunt.
1066 666 1157 721 Vis
1183 681 1361 725 autem
1392 672 1555 736 scire,
1590 688 1620 725 0
1654 672 1813 727 homo

186 752 417 821 inanis,
458 758 711 827 quoniam
770 759 905 813 ﬁdes
956 760 1075 815 sine
1122 763 1379 830 operibus
1425 774 1636 818 mortua
1688 765 1813 818 est?

184 847 487 903 Abraham
521 860 672 917 pater
703 863 886 905 noster
911 893 926 915 ,
961 866 1143 909 nonne
1174 870 1238 908 ex
1272 857 1525 923 operibus
1548 856 1811 925 justiﬁca-

187 953 290 995 tus
337 951 444 1010 est,
491 942 729 999 oﬁ‘erens
770 944 921 1000 Isaac
963 946 1130 1002 ﬁlium
1178 963 1337 1002 suum
1388 966 1553 1016 super
1598 951 1815 1006 altare?

185 1034 375 1091 Vides
404 1038 659 1107 quoniam
712 1038 846 1092 ﬁdes
874 1042 1270 1109 cooperabatur
1315 1043 1570 1109 operibus
1621 1044 1763 1097 illius
1797 1062 1807 1096 :

186 1141 253 1185 et
296 1146 371 1186 ex
412 1132 666 1201 operibus
719 1131 851 1187 ﬁdes
882 1145 1252 1189 consummata
1294 1137 1410 1190 est?
1454 1137 1519 1189 Et
1568 1138 1811 1206 suppleta

186 1232 287 1276 est
319 1223 624 1292 Scriptura,
646 1222 870 1279 dicens:
902 1224 1146 1280 Credidit
1175 1226 1447 1281 Abraham
1480 1227 1611 1295 Deo,
1637 1241 1689 1283 et
1721 1246 1808 1284 re.

189 1326 459 1386 putatum
491 1326 571 1371 est
613 1316 687 1371 illi
715 1317 780 1371 al
809 1318 1099 1386 juStitiam,
1126 1330 1179 1375 et
1211 1323 1415 1376 amicus
1439 1322 1534 1375 Dei
1568 1326 1810 1393 appella-

193 1420 298 1465 tus
358 1420 461 1465 est.
512 1409 717 1464 Videtis
767 1414 1018 1480 quoniam
1067 1429 1133 1467 ex
1184 1416 1439 1483 Operibus
1485 1416 1813 1485 justiﬁcatur

192 1502 377 1557 homo
404 1549 417 1571 ,
455 1514 505 1558 et
540 1518 646 1557 non
696 1519 759 1560 ex
796 1504 902 1559 ﬁde
944 1508 1193 1560 tantum?
1231 1508 1490 1563 Similiter
1530 1522 1582 1564 et
1628 1511 1812 1564 liahib

192 1595 491 1660 meretrix,
550 1612 729 1651 nonne
767 1612 837 1652 ex
887 1600 1452 1668 operibusjustiiicata
1494 1614 1596 1666 est,
1642 1605 1813 1657 susci-

1920 388 2178 442 membris
2215 388 2464 443 vestris?
2514 385 2914 457 Concupiscitis
2942 428 2958 455 ,
3007 396 3062 443 et
3106 402 3214 443 non
3256 387 3471 443 habetis
3505 403 3519 441 :

1917 481 2185 549 occiditis,
2213 492 2266 536 et
2297 480 2506 547 zelatis,
2545 490 2600 537 et
2632 498 2737 536 non
2772 482 2997 552 potestis
3038 482 3261 553 adipisci
3295 500 3308 536 :
3342 481 3521 554 litiga-

1918 574 2007 637 tis,
2064 584 2115 627 et
2159 573 2509 643 belligeratis,
2552 583 2607 629 et
2653 590 2760 629 non
2804 574 3053 642 habetis,
3098 588 3320 645 pr0pter
3370 576 3513 645 quod

1917 679 2021 716 non
2061 664 2365 733 postulatis.
2410 664 2633 732 Petitis,
2674 676 2727 719 et
2773 680 2877 719 non
2918 666 3167 736 accipitis
3196 709 3211 733 ,
3265 682 3333 722 eo
3372 667 3517 736 quod

1918 755 2059 809 male
2091 756 2286 824 petatis
2321 770 2333 807 :
2379 765 2435 809 ut
2466 756 2516 809 iit
2550 756 3017 824 concupiscentiis
3048 759 3243 813 vestris
3276 760 3515 813 insuma-

1920 845 2009 899 tis.
2044 843 2289 899 Adulteri
2316 888 2331 912 ,
2374 846 2625 910 nescitis,
2674 849 2800 918 quia
2845 848 3085 903 amicitia
3132 848 3292 919 hujus
3326 852 3513 905 mundi

1916 938 2135 991 inimica
2155 948 2241 992 est
2262 937 2357 992 Dei
2378 938 2753 1010 iQuicumque
2774 956 2902 1011 ergo
2925 941 3373 998 volueritamicus
3393 958 3513 999 esse

1916 1031 2105 1085 szeculi
2140 1031 2331 1102 hujus,
2379 1032 2632 1088 inimicus
2666 1035 2759 1089 Dei
2792 1037 3163 1091 constituitur.
3200 1038 3280 1092 An
3316 1038 3517 1108 putatis

1916 1125 2042 1194 quia
2078 1125 2310 1180 inaniter
2348 1124 2631 1196 Scriptura
2668 1128 2815 1183 dicat
2846 1147 2857 1181 :
2900 1130 2982 1185 Ad
3016 1130 3270 1185 invidiam
3315 1146 3517 1187 concu-

1918 1216 2076 1283 piscit
2106 1216 2349 1285 Spiritus,
2379 1219 2469 1287 qui
2501 1218 2709 1274 habitat
2741 1220 2793 1274 in
2818 1220 3010 1276 vobis?
3046 1222 3303 1291 Majorem
3332 1232 3515 1280 autem

1917 1308 2009 1360 dat
2037 1309 2289 1376 gratiam.
2320 1311 2548 1379 Propter
2576 1311 2721 1381 quod
2752 1312 2884 1368 dicit
2917 1330 2930 1367 :
2975 1314 3117 1371 Deus
3156 1318 3403 1385 superbis
3432 1332 3517 1372 re-

1917 1399 2091 1465 sisﬁt,
2136 1400 2430 1457 humilibus
2475 1413 2655 1459 autem
2697 1404 2791 1460 dat
2829 1408 3083 1477 gratiam.
3128 1409 3341 1465 Subditi
3389 1427 3520 1483 ergo

1917 1500 2090 1545 estote
2116 1492 2228 1545 Deo
2255 1511 2268 1547 :
2295 1495 2532 1551 resistite
2554 1506 2735 1552 autem
2758 1498 2996 1565 diabolo,
3024 1510 3079 1555 et
3108 1500 3271 1571 fugiet
3289 1518 3319 1557 a
3342 1505 3516 1560 vobis.

1918 1582 2359 1653 Appropinquate
2390 1587 2519 1651 Deo,
2548 1601 2601 1642 et
2631 1591 3088 1661 appropinquahit
3114 1594 3289 1649 vobis.
3316 1596 3516 1650 Emun-

194 1690 367 1757 piens
398 1690 638 1755 nuntios,
664 1698 713 1743 et
745 1690 846 1743 alia
870 1692 953 1743 via
982 1691 1242 1760 ejiciens?
1272 1693 1419 1747 Sicut
1452 1696 1594 1748 enim
1620 1712 1814 1763 corpus

1925 1674 2041 1727 date
2073 1690 2287 1741 manus,
2323 1688 2664 1745 peccatores:
2692 1691 2745 1735 et
2777 1684 3061 1751 puriﬁcate
3087 1687 3252 1741 corda
3278 1728 3293 1753 ,
3343 1688 3520 1757 dupli-

194 1783 329 1836 sine
377 1781 567 1850 spiritu
602 1792 873 1836 mortuum
922 1791 1027 1845 est,
1064 1784 1133 1837 ita
1165 1794 1216 1838 et
1250 1785 1381 1839 ﬁdes
1411 1788 1530 1840 sine
1562 1788 1814 1857 operibus

195 1883 424 1926 mortua
458 1882 563 1927 est.

285 1964 437 2039 [Cap.
473 1966 589 2036 Ill.j
621 1967 793 2021 Nolite
817 1966 995 2036 plures
1027 1969 1267 2039 magistri
1304 1969 1439 2032 ﬁeri,
1466 1971 1657 2026 fratres
1683 1971 1812 2035 mei,

201 2062 456 2117 scientes
485 2064 737 2132 quoniam
772 2063 947 2131 majus
976 2062 1234 2132 judicium
1266 2065 1500 2119 sumitis.
1536 2066 1591 2119 lu
1634 2067 1814 2121 multis

202 2157 363 2210 enim
388 2156 714 2211 offendimus
743 2172 955 2211 omnes.
984 2158 1039 2211 Si
1072 2158 1194 2227 quis
1228 2159 1277 2211 in
1310 2160 1473 2214 verbo
1504 2175 1609 2213 non
1643 2162 1814 2215 oﬁ'en«

203 2249 316 2317 dit,
345 2248 435 2306 hic
467 2248 737 2319 perfectus
768 2261 849 2303 est
874 2251 971 2304 vir.
994 2250 1177 2306 Potest
1207 2253 1369 2306 etiam
1398 2252 1550 2307 freno
1580 2257 1812 2307 circum-

203 2342 420 2397 ducere
461 2350 631 2397 totum
679 2356 899 2411 corpus.
927 2344 981 2397 Si
1022 2351 1203 2398 autem
1250 2344 1403 2412 equis
1438 2346 1583 2398 frena
1627 2347 1676 2397 in
1721 2361 1812 2400 ora

204 2436 484 2491 mittimus
521 2434 586 2489 ad
619 2436 1069 2491 consentiendum
1109 2438 1295 2503 nobis,
1326 2446 1381 2493 et
1411 2454 1572 2493 omne
1616 2454 1813 2506 corpus

206 2526 435 2583 illorum
464 2528 918 2583 circurnferimus.
959 2530 1093 2583 licce
1131 2539 1185 2584 et
1218 2545 1412 2597 naves,
1450 2547 1572 2585 cum
1608 2547 1814 2601 magnae

206 2619 348 2684 sint,
383 2627 436 2673 et
474 2633 504 2672 a
538 2620 715 2674 ventis
746 2619 940 2674 validis
978 2621 1268 2685 minentur,
1299 2622 1755 2677 circumferuntur
1784 2642 1811 2677 a

206 2709 433 2764 modico
454 2710 846 2779 gubernaculo,
870 2712 959 2765 tibi
993 2712 1225 2781 impetus
1256 2714 1539 2783 dirigentis
1557 2716 1811 2769 voluerit.

213 2801 294 2855 Ita
323 2810 378 2857 et
400 2802 580 2872 lingua
616 2803 885 2857 modicum
916 2805 1129 2873 quidem
1154 2806 1457 2861 membrum
1487 2816 1589 2875 est,
1622 2818 1672 2861 et
1703 2822 1814 2862 ma-

210 2910 321 2966 gna
364 2896 587 2949 exultat.
630 2895 771 2951 Ecce
797 2906 1030 2967 quantus
1080 2897 1218 2967 ignis
1247 2914 1406 2969 quam
1438 2914 1682 2969 magnam
1719 2900 1814 2953 sil-

222 3002 351 3040 vam
399 2987 675 3042 incendit!
711 2988 775 3043 Et
804 2990 979 3059 lingua
1028 2990 1165 3059 ignis
1206 3000 1285 3045 est
1311 3035 1325 3059 ,
1360 2992 1681 3046 universitas
1715 2991 1811 3044 ini-

1920 1778 2009 1818 ces
2035 1767 2236 1820 animo.
2268 1768 2449 1823 Miseri
2479 1780 2675 1839 estote,
2706 1783 2759 1828 et
2786 1775 2983 1845 lugete,
3010 1786 3064 1831 et
3098 1780 3305 1846 plorate
3334 1798 3345 1834 :
3378 1782 3522 1838 risus

1920 1866 2100 1912 vester
2130 1859 2181 1912 in
2210 1858 2413 1913 luctum
2441 1875 2811 1932 convertatur,
2843 1879 2900 1922 et
2929 1869 3183 1937 gaudium
3229 1871 3281 1924 in
3322 1886 3523 1928 maero-

1919 1966 2055 2005 reru.
2086 1950 2457 2009 Humiliamini
2489 1956 2542 2010 in
2573 1971 2869 2027 conspectu
2902 1960 3149 2029 Domini,
3177 1978 3232 2019 et
3263 1966 3522 2022 exaltabit

1921 2044 2221 2102 vos.Nolite
2243 2048 2536 2105 detrahere
2559 2051 2903 2122 alterutrum,
2929 2054 3259 2125 fratres.Qui
3284 2059 3521 2115 detrahit

1921 2138 2094 2207 fratri,
2142 2149 2235 2195 aut
2273 2143 2364 2212 qui
2399 2143 2606 2213 judicat
2642 2145 2868 2203 fratrem
2911 2165 3091 2215 suum,
3122 2150 3359 2208 detrahit
3388 2154 3513 2225 legi,

1919 2241 1974 2285 et
2018 2232 2231 2301 judicat
2275 2235 2473 2303 legem.
2509 2236 2564 2289 Si
2597 2245 2777 2291 autem
2811 2238 3025 2307 judicas
3062 2241 3238 2311 legem
3261 2282 3278 2309 ,
3326 2258 3434 2299 non
3461 2260 3520 2299 es

1918 2323 2090 2378 factor
2118 2324 2273 2394 legis,
2302 2326 2398 2379 sed
2421 2325 2613 2395 judex.
2643 2327 2788 2384 Unus
2817 2340 2901 2385 est
2928 2330 3207 2401 legislator
3232 2342 3288 2389 et
3324 2334 3513 2402 judex,

1917 2417 2007 2486 qui
2050 2425 2229 2486 potest
2272 2417 2520 2487 perdere,
2554 2430 2609 2473 et
2645 2420 2899 2475 liberare.
2945 2422 3025 2477 Tu
3056 2433 3237 2480 autem
3268 2428 3390 2496 quis
3425 2442 3508 2495 es,

1918 2510 2009 2579 qui
2056 2510 2270 2579 judicas
2300 2512 2657 2581 proximum?
2687 2513 2828 2570 Ecce
2851 2531 2998 2571 nunc
3024 2519 3118 2588 qui
3145 2519 3327 2576 dicitis
3360 2537 3374 2575 :
3404 2522 3513 2578 Ho-

1918 2606 2029 2671 die,
2053 2616 2146 2661 aut
2176 2608 2418 2663 crastino
2456 2609 2656 2665 ibimus
2682 2610 2735 2664 in
2760 2609 2906 2665 illam
2936 2613 3231 2683 civitatem,
3258 2624 3315 2671 et
3345 2617 3513 2675 facie-

1870 2720 1875 2723 -
1918 2713 2040 2753 mus
2084 2699 2157 2754 ibi
2182 2700 2402 2771 quidem
2438 2717 2660 2769 annum,
2694 2710 2748 2758 et
2788 2705 3180 2775 mercabimur,
3212 2719 3265 2763 et
3297 2708 3509 2767 lucrum

1919 2792 2178 2848 iaciemus
2213 2794 2346 2864 :qui
2396 2794 2657 2865 ignoratis
2684 2796 2810 2866 quid
2839 2798 2948 2851 erit
2993 2796 3049 2853 in
3084 2800 3345 2856 crastino.
3375 2802 3507 2869 Quae

1918 2891 2001 2937 est
2026 2886 2169 2939 enim
2189 2885 2296 2940 vita
2323 2886 2543 2941 vestra?
2570 2901 2737 2956 vapor
2764 2897 2845 2943 est
2871 2888 2937 2943 ad
2970 2890 3243 2947 modicum
3272 2909 3471 2963 parens
3493 2936 3509 2962 ,

1918 2986 1973 3028 et
2003 2976 2263 3045 deinceps
2305 2978 2778 3034 exterminabitur.
2824 2979 2929 3035 Pro
2974 2996 3041 3037 eo
3072 2992 3130 3038 ut
3164 2983 3356 3041 dicatis
3389 3007 3403 3043 :
3448 2986 3508 3043 Si

215 3080 462 3151 quitatis.
516 3080 723 3151 Lingua
772 3083 1117 3137 constituitur
1166 3084 1216 3137 in
1265 3084 1522 3138 membris
1578 3085 1798 3151 nostris,

1925 3066 2179 3122 Dominus
2208 3068 2441 3123 voluerit
2462 3086 2477 3135 ;
2498 3080 2594 3125 et:
2639 3072 2693 3128 Si
2718 3069 3017 3129 vixerimus
3042 3115 3058 3139 ,
3092 3074 3349 3133 faciemus
3381 3076 3505 3148 hoc,

216 3188 342 3243 qua:
373 3174 607 3229 maculat
633 3184 803 3228 totum
832 3189 1060 3244 corpus,
1094 3184 1149 3230 et
1189 3176 1487 3230 inflammat
1514 3186 1689 3231 rotam
1720 3192 1814 3230 na-

218 3267 447 3320 tivitatis
476 3274 708 3335 nostrae,
742 3268 1071 3322 inflammata
1096 3284 1122 3320 a
1146 3268 1415 3338 gehenna.
1448 3268 1635 3323 Omnis
1670 3270 1813 3323 enim

215 3368 413 3416 natura
468 3361 784 3427 bestiarum,
836 3373 889 3416 et
928 3363 1241 3427 Volucrum,
1272 3372 1327 3419 et
1367 3365 1726 3435 serpentium,
1762 3375 1817 3419 et

216 3464 540 3508 czeterorum
584 3455 906 3521 domantur,
954 3464 1006 3509 et
1038 3455 1237 3510 domita
1266 3465 1392 3511 sunt
1418 3474 1444 3510 a
1490 3465 1680 3511 natura
1715 3459 1813 3511 hu-

220 3561 382 3601 mana
414 3563 427 3600 :
458 3546 691 3617 linguam
722 3559 899 3603 autem
935 3548 1114 3602 nullus
1146 3548 1423 3604 hominum
1470 3550 1696 3605 domare
1725 3564 1819 3619 po-

222 3651 332 3697 test
363 3661 375 3694 :
403 3642 699 3713 inquietum
742 3643 939 3697 malum
963 3685 978 3709 ,
1008 3644 1168 3714 plena
1192 3660 1402 3700 veneno
1433 3644 1735 3699 mortifero.
1763 3644 1817 3698 In

219 3737 341 3806 ipsa
374 3735 740 3791 benedicimus
762 3736 932 3791 Deum
975 3744 1030 3791 et
1061 3736 1271 3791 Patrem
1305 3755 1317 3790 ε
1346 3745 1400 3791 et
1429 3737 1478 3791 in
1510 3737 1620 3806 ipsa
1655 3737 1821 3790 male-

198 3828 454 3885 .dicimus
512 3829 783 3897 homines,
829 3832 920 3901 qui
959 3831 1024 3885 ad
1076 3830 1485 3886 similitudinem
1543 3832 1635 3885 Dei
1690 3830 1819 3886 facti

222 3929 368 3976 sunt.
407 3922 481 3975 Ex
510 3921 630 3990 ipso
651 3937 744 3976 ore
769 3923 1012 3991 procedit
1037 3922 1365 3988 benedictio,
1398 3934 1449 3978 et
1486 3923 1815 3978 maledictio.

222 4013 345 4069 Non
392 4021 627 4083 oportet,
682 4012 879 4069 fratres
922 4015 1047 4079 mei,
1096 4014 1212 4069 haec
1262 4015 1333 4069 ita
1365 4016 1498 4070 ﬁeri.
1550 4014 1822 4086 Numquid

224 4109 348 4163 fons
368 4106 435 4163 de
461 4108 652 4163 eodem
694 4108 956 4164 foramine
984 4118 1199 4164 emanat
1226 4106 1465 4175 dulcem,
1498 4118 1551 4164 et
1580 4124 1819 4164 amaram

225 4200 462 4269 aquam?
490 4199 757 4270 Numquid
795 4208 991 4269 potest,
1024 4202 1216 4255 fratres
1245 4201 1348 4256 mei
1369 4241 1383 4261 ,
1418 4201 1552 4257 ﬁcus
1582 4217 1714 4256 uvas
1742 4202 1819 4255 fa-

226 4308 373 4359 cere,
417 4303 511 4347 aut
553 4294 675 4348 vitis
703 4293 869 4347 ﬁcus?
897 4294 986 4349 Sic
1026 4309 1200 4365 neque
1230 4294 1371 4349 Salsa
1398 4294 1610 4350 dulcem
1644 4305 1825 4364 potest

228 4388 407 4443 facere
447 4402 665 4458 aquam.
716 4388 848 4456 Quis
879 4387 1117 4458 sapiens,
1165 4399 1215 4443 et
1258 4388 1627 4459 disciplinatus
1684 4391 1825 4445 inter

1916 3170 2011 3213 aut
2039 3160 2190 3215 illud.
2213 3160 2366 3215 Nunc
2388 3173 2571 3217 autem
2594 3164 2882 3220 exsultatis
2912 3166 2966 3221 in
2990 3170 3261 3238 superbiis
3289 3173 3504 3228 vestris.

1917 3251 2107 3307 Omnis
2152 3254 2444 3309 exsultatio
2476 3256 2618 3321 talis,
2667 3258 2901 3329 maligna
2957 3270 3060 3315 est.
3110 3263 3313 3319 Scienti
3347 3267 3511 3336 igitur

1918 3346 2119 3400 bonum
2143 3345 2343 3414 facere,
2374 3356 2428 3402 et
2458 3363 2565 3403 non
2589 3348 2829 3417 facienti,
2856 3364 3133 3422 peccatum
3156 3368 3238 3412 est
3262 3358 3365 3415 illi.

1992 3438 2143 3510 [ϐαρ.
2178 3438 2266 3509 ν.]
2298 3440 2456 3509 Agite
2485 3456 2652 3507 nunc,
2710 3442 2929 3514 divites,
2978 3448 3188 3515 plorate
3242 3450 3514 3511 ululantes

1921 3532 1974 3586 in
2027 3534 2262 3588 miseriis
2300 3535 2519 3602 vestris,
2576 3552 2699 3607 quas
2739 3539 3032 3595 advenient
3074 3543 3247 3598 vobis.
3304 3545 3517 3604 Divitim

1920 3640 2118 3683 vestra:
2171 3628 2490 3698 putrefacta!
2523 3641 2651 3685 sunt
2683 3647 2697 3684 :
2730 3640 2786 3686 et
2813 3632 3141 3689 vestimenta
3172 3646 3351 3692 vestra
3382 3656 3409 3693 a
3445 3643 3517 3695 ti-

1923 3721 2040 3774 neis
2066 3730 2307 3775 comesta
2336 3731 2482 3774 sunt.
2506 3722 2711 3776 Aurum
2735 3729 2791 3775 et
2812 3733 3091 3791 argentum
3112 3737 3348 3782 vesrrum
3374 3746 3519 3786 azru-

1921 3811 2129 3880 ginavit
2160 3829 2171 3864 :
2230 3822 2284 3866 et
2309 3826 2492 3881 aerugo
2521 3826 2713 3866 eorum
2744 3813 2797 3866 in
2825 3816 3200 3872 testimonium
3222 3820 3378 3877 vobis
3392 3823 3518 3893 erit,

1925 3917 1977 3957 et
2028 3904 2375 3959 ntanducabit
2414 3919 2609 3959 carnes
2650 3915 2860 3960 vestras
2890 3906 3032 3962 sicut
3065 3909 3227 3979 ignis.
3270 3912 3519 3971 Thesau-

1924 4001 2141 4056 rizastis
2170 4002 2328 4056 vobis
2360 4002 2493 4057 iram
2527 4002 2581 4057 in
2614 4006 2926 4061 novissimis
2956 4006 3168 4064 diebus.
3202 4009 3345 4067 Ecce
3373 4027 3520 4068 mer-

1924 4109 2016 4149 ces
2054 4094 2455 4163 cperariorum,
2488 4096 2578 4166 qui
2611 4107 2959 4155 messuerunt
2988 4101 3241 4173 regiones
3285 4114 3520 4162 vestras.

1926 4202 2047 4255 qua:
2070 4188 2313 4241 fraudata
2344 4199 2426 4242 est
2456 4203 2486 4242 a
2516 4189 2691 4259 vobis,
2723 4193 2925 4247 clamat
2953 4210 2963 4247 :
2994 4204 3048 4249 et
3079 4195 3286 4253 clamor
3330 4213 3519 4255 eorum

1928 4283 1980 4334 in
2009 4296 2167 4336 aures
2199 4281 2415 4336 Domini
2442 4284 2683 4339 Sabaoth
2714 4287 2998 4351 introivit.
3030 4290 3240 4359 Epulati
3268 4292 3401 4347 estis
3424 4307 3520 4347 su-

1929 4391 2025 4443 per
2055 4384 2279 4442 terram,
2313 4384 2369 4432 et
2400 4378 2452 4432 in
2486 4379 2719 4435 luxuriis
2749 4381 3031 4436 enutristis
3056 4386 3221 4439 corda
3241 4394 3441 4454 vestra,
3466 4388 3519 4444 in

230 4480 366 4537 vos?
412 4480 679 4537 Ostendat
719 4496 783 4536 ex
825 4481 965 4537 bona
1009 4483 1422 4537 conversatione
1452 4482 1819 4552 operationem

1934 4471 2024 4527 die
2068 4472 2381 4527 occisionis.
2432 4472 2755 4542 Addixistis,
2791 4484 2847 4530 et
2883 4475 3156 4531 occidistis
3204 4479 3433 4549 justum,
3468 4493 3523 4539 et

231 4588 381 4629 suam
428 4574 483 4627 in
548 4574 963 4629 mansuetudine
1010 4573 1306 4644 sapientiae.
1362 4573 1515 4641 Quod
1560 4574 1604 4628 si
1644 4574 1820 4628 zelum

233 4681 477 4722 amarum
521 4665 766 4733 habetis,
800 4677 855 4721 et
895 4667 1274 4722 contentiones
1312 4667 1421 4721 siut
1471 4667 1521 4720 in
1566 4665 1823 4721 cordibus

234 4745 429 4818 vestris
466 4780 477 4814 ε
513 4761 677 4817 nolite
704 4762 963 4833 gloriari,
998 4771 1051 4816 et
1090 4761 1375 4816 mendaces
1404 4776 1523 4816 esse
1564 4761 1825 4816 adversus

232 4846 539 4911 veritatem.
566 4854 679 4911 Non
707 4862 788 4909 est
814 4856 957 4909 enim
987 4854 1087 4908 ista
1123 4854 1384 4923 sapientia
1424 4852 1707 4909 desursum
1731 4853 1826 4907 de-

233 4949 538 5006 scendens:
575 4949 666 5003 sed
728 4958 976 5012 terrena,
1040 4947 1320 5015 animalis,
1386 4947 1675 5004 diabolica.
1726 4947 1828 5004 Ubi

233 5044 376 5099 enim
405 5042 562 5097 zelus
594 5051 647 5097 et
685 5042 983 5107 contentio,
1023 5042 1092 5096 ibi
1138 5043 1497 5097 inconstantia
1524 5084 1538 5109 ,
1572 5052 1625 5098 et
1667 5057 1830 5097 omne

234 5152 369 5207 opus
415 5120 668 5207 pravum.
701 5137 831 5204 Qua:
873 5146 1053 5191 autem
1088 5135 1373 5191 desursum
1406 5145 1490 5191 est
1539 5134 1828 5206 sapientia,

235 5229 470 5300 primum
528 5227 744 5298 quidem
798 5227 987 5297 pudica
1040 5238 1141 5287 est.
1189 5227 1386 5283 deinde
1435 5228 1677 5297 pacifica,
1718 5242 1831 5279 mo-

235 5322 415 5383 desta,
468 5318 779 5385 suatlibilis,
814 5320 971 5375 bonis
1012 5321 1377 5386 consentiens,
1424 5320 1584 5389 plena
1624 5318 1835 5373 miseri-

237 5413 451 5476 cordia,
486 5422 537 5466 et
566 5410 826 5465 fructibus
862 5412 1015 5465 bonis
1036 5454 1049 5478 ,
1082 5428 1187 5465 non
1216 5411 1493 5483 judicans,
1525 5412 1642 5466 sine
1669 5410 1836 5464 simu-

237 5508 465 5563 latione.
499 5506 731 5561 Fructus
768 5516 945 5561 autem
968 5505 1193 5576 justitire
1220 5546 1236 5574 ,
1278 5508 1329 5560 in
1372 5521 1505 5576 pace
1535 5504 1837 5561 seminatur

236 5598 569 5658 facientibus
597 5612 805 5667 pacem.

312 5693 472 5771 [ϐαρ.
540 5688 657 5761 IV.]
698 5690 852 5749 Unde
906 5692 1043 5750 bella
1087 5706 1142 5752 et
1179 5696 1300 5751 lites
1341 5694 1396 5750 in
1425 5693 1621 5751 vobis?
1652 5693 1840 5752 Nonne

1932 4582 2042 4621 non
2091 4568 2290 4623 restitit
2334 4567 2509 4622 vobis.
2562 4569 2833 4625 Patientes
2864 4569 3029 4639 igitur
3074 4582 3267 4641 estote,
3302 4574 3517 4647 fratres,

1934 4680 2105 4735 usque
2140 4664 2206 4719 ad
2238 4663 2528 4719 adventum
2552 4663 2786 4720 Domini.
2814 4663 2956 4721 Etce
2976 4667 3213 4736 agricola
3242 4682 3523 4739 exspectat

1935 4760 2231 4830 pretiosum
2258 4758 2493 4815 fructum
2526 4768 2707 4821 terras,
2736 4760 3006 4829 patienter
3032 4759 3212 4817 ferens
3228 4763 3404 4820 donec
3426 4781 3519 4822 ac-

1934 4854 2101 4924 cipiat
2148 4864 2579 4923 temporaneum,
2613 4862 2667 4908 et
2694 4854 3012 4909 serotinum.
3056 4855 3332 4914 Patientes
3360 4860 3523 4931 igitur

1932 4958 2108 5004 estote
2153 4958 2208 5003 et
2238 4963 2355 5015 vos,
2391 4955 2444 5002 et
2474 4947 2796 5003 conﬁrmate
2826 4950 2984 5004 corda
3019 4959 3225 5019 vestra,
3269 4958 3523 5024 quoniam

1934 5043 2199 5097 adventus
2216 5038 3109 5111 Dominiappropinquavit.Nolite
3138 5044 3517 5116 ingemiscere,

1934 5132 2148 5197 fratres,
2179 5132 2229 5185 in
2262 5133 2599 5197 alterutrum,
2638 5141 2696 5187 ut
2741 5148 2846 5187 non
2872 5134 3213 5203 judicemini.
3263 5138 3404 5196 Ecce
3435 5142 3523 5211 ju-

1936 5224 2039 5279 dex
2059 5232 2183 5278 ante
2204 5222 2424 5292 jauuam
2448 5223 2676 5278 assistit.
2698 5224 3017 5296 Exemplum
3035 5230 3283 5300 accipite,
3304 5230 3522 5303 fratres,

1938 5318 2119 5373 exitus
2152 5314 2299 5381 mali,
2335 5314 2557 5383 laboris,
2583 5327 2637 5371 et
2659 5317 2958 5387 patientiae,
2992 5322 3308 5391 prophetas,
3331 5327 3420 5395 qui
3450 5326 3531 5381 lo-

1940 5408 2053 5464 cuti
2081 5414 2207 5462 sunt
2233 5405 2287 5461 iu
2321 5406 2541 5463 nomine
2572 5407 2817 5463 Domini:
2846 5411 2985 5467 Ecce
3011 5412 3387 5471 beatiﬁcamus
3411 5431 3531 5487 eos,

1941 5502 2032 5572 qui
2060 5502 2454 5555 sustinuerunt.
2483 5498 2869 5557 Suﬂ‘erentiam
2886 5503 2991 5560 Job
3018 5506 3267 5574 audistis,
3286 5518 3341 5564 et
3368 5510 3532 5568 ﬁnem

1943 5596 2159 5652 Domini
2188 5594 2422 5663 vidistis,
2477 5598 2735 5667 quoniam
2782 5601 3100 5659 misericors
3141 5602 3402 5661 Dominus
3429 5616 3537 5676 est,

1939 5700 1999 5749 et
2027 5690 2329 5749 miserator.
2365 5690 2508 5748 Ante
2529 5691 2713 5759 omnia
2744 5700 2947 5764 autem,
2980 5695 3173 5756 fratres
3202 5698 3308 5757 mei
3333 5740 3348 5769 ,
3381 5699 3551 5764 nolite
