3946 6198
470 214 576 271 83'»

1441 211 1499 271 Β.
1543 207 1922 270 ΗῘΕΒΟΝΠΙῘ
1961 209 2190 274 DIVINA
2230 214 2734 278 BlBLlOTHECA.-

463 332 544 398 jnt
575 346 676 397 .tc,
707 344 884 398 neque
911 343 1010 400 per
1039 328 1260 392 coelum,
1293 343 1471 398 neque
1503 346 1598 397 [cr
1632 341 1850 394 teriam,
1894 347 2057 398 neq-te

2177 338 2308 388 mini
2344 354 2356 387 :
2405 336 2630 387 multum
2663 333 2805 385 enim
2839 328 2983 383 valet
3016 318 3335 397 deprecatio
3362 321 3496 394 justi
3537 319 3781 378 assid.

471 424 617 476 aliud
669 423 1046 493 quodcumque
1099 420 1487 487 iuramentum.
1546 423 1628 476 Sit
1658 433 1837 475 autem
1882 437 2067 477 sermo

471 521 653 570 vester
685 532 699 570 :
736 514 849 580 Est,
883 519 1003 566 est:
1037 511 1178 579 Non,
1211 525 1317 568 non
1351 530 1364 565 :
1395 523 1454 568 ut
1481 529 1588 566 non
1619 511 1720 568 sub
1737 513 1944 583 judicio
1974 514 2067 570 de-

468 605 681 659 cidatis.
715 601 986 658 Tristatur
1016 601 1213 672 aliquis
1238 602 1521 656 vestrum?
1567 613 1707 658 oret.
1744 603 1922 673 Equo
1950 606 2068 658 ani-

471 707 560 750 mo
585 693 700 749 est?
755 694 976 765 psallat.
1009 692 1319 750 lnﬁrmatur
1347 695 1468 765 quis
1507 696 1557 749 in
1601 695 1796 749 vobis?
1849 695 2068 752 inducat

463 784 809 855 presbyteros
847 785 1141 853 Ecclesia,
1174 795 1228 840 et
1271 798 1428 840 orent
1472 803 1637 855 super
1681 805 1828 852 eum,
1861 805 2068 859 ungeno

469 886 549 932 tes
580 893 703 933 eum
735 878 855 934 oleo
887 879 940 934 in
976 880 1193 934 nomine
1217 877 1434 935 Domini
1464 899 1480 937 :
1514 892 1568 935 et
1600 885 1775 936 oratio
1804 882 1927 938 ﬁdei
1960 883 2068 938 sal-

468 971 615 1027 vabit
644 973 945 1040 inﬁrmum,
967 985 1022 1028 et
1055 975 1329 1030 alleviabit
1363 993 1484 1030 cum
1515 977 1781 1036 Dominus
1812 999 1823 1033 :
1855 991 1910 1036 et
1941 983 1985 1037 si
2013 984 2064 1036 in

462 1067 703 1136 peccatis
731 1071 822 1136 sit,
864 1070 1220 1124 remittuntur
1262 1071 1334 1125 ei.
1374 1069 1715 1126 Conﬁtemini
1745 1089 1873 1143 ergo
1904 1075 2068 1130 alter-

461 1168 639 1214 utrum
669 1165 887 1230 peccata
917 1170 1122 1233 vestra,
1142 1172 1198 1218 et
1222 1173 1378 1218 orate
1408 1179 1506 1235 pro
1531 1166 2058 1236 iiivicr-iii,utsalve-

2177 426 2326 481 Elias
2355 427 2520 480 homo
2543 435 2660 480 erat
2692 423 2887 476 similis
2911 421 3063 475 nobis
3091 418 3368 488 passibilis
3400 434 3414 469 :
3449 427 3504 470 et
3535 415 3786 468 oratione

2175 521 2371 584 oravit,
2407 531 2456 570 ut
2510 533 2617 571 non
2662 517 2873 586 plueret
2916 529 3080 582 super
3110 524 3335 576 terram,
3386 519 3444 562 et
3494 525 3601 562 non
3647 507 3787 576 pluit

2174 627 2344 666 annos
2371 620 2502 677 tres,
2533 619 2588 665 et
2609 623 2827 664 menses
2847 622 2964 661 sex.
2995 604 3232 658 Rursum
3257 603 3459 665 oravit,
3493 609 3552 655 et
3582 598 3786 653 coelum

2173 704 2322 758 dedit
2353 704 2609 774 pluviam,
2636 711 2691 758 et
2720 713 2860 756 terra
2890 697 3039 754 dedit
3071 695 3306 751 fructum
3333 711 3520 750 suum.
3557 693 3788 749 Fratres

2173 797 2307 860 mei,
2341 797 2385 849 si
2409 797 2529 863 quis
2559 811 2628 849 ex
2650 794 2806 848 vobis
2833 793 3098 846 erraverit
3121 805 3152 844 a
3181 790 3440 852 veritate,
3468 799 3525 842 et
3555 801 3788 841 co:.ver-

2175 889 2298 942 terit
2329 891 2451 957 quis
2481 903 2631 950 eum,
2679 887 2819 940 seire
2861 883 3042 948 debet,
3087 883 3347 953 quoniam
3393 881 3492 952 qui
3534 880 3784 937 converti

2175 980 2363 1034 fecerit
2389 988 2734 1049 peccatorem
2760 976 2827 1029 ab
2848 992 3034 1031 errore
3065 976 3163 1030 size
3201 989 3337 1036 suae.
3389 971 3620 1029 salvabit
3655 975 3788 1028 ani-

2176 1090 2316 1127 tnain
2345 1073 2462 1140 ejus
2498 1090 2529 1128 a
2562 1084 2758 1138 morte,
2811 1081 2864 1126 et
2896 1070 3104 1140 operiet
3146 1067 3555 1125 multitudinem
3585 1081 3787 1140 poma-

2176 1175 2371 1221 torum.

1415 1284 1644 1354 Explica
1671 1282 1916 1353 Epistola
1940 1285 2215 1340 Catholica
2243 1283 2308 1338 Β.
2331 1282 2520 1338 Jacobi
2548 1283 2801 1352 apostoli.

483 1413 3785 1447 W

1198 1553 1380 1664 Β.
1461 1550 2042 1664 PETRI

2163 1543 3027 1660 lPOSTOI-I

1959 1741 2255 1806 INCIPIT

679 1953 704 1966 °
1070 1901 2222 2053 EPISTOLA
2317 1905 3121 2049 PRIMA.

521 2228 670 2300 ICap.
701 2223 770 2297 1.]
800 2226 997 2280 Petrus
1019 2226 1300 2296 apostolus
1328 2223 1466 2279 Jesu
1495 2223 1723 2287 Christi,
1753 2223 1944 2279 electis
1968 2224 2059 2276 ad-
2092 2229 2140 2290 Β
2166 2222 2293 2277 dum
2326 2222 2752 2293 uniuscujusque
2774 2237 2931 2292 opus,
2975 2223 3026 2276 in
3068 2223 3262 2279 timore
3305 2225 3575 2281 incohatas
3605 2226 3774 2281 vestri

451 2321 602 2376 venis
627 2318 984 2388 dispersionis
1010 2317 1186 2384 Ponti,
1215 2315 1863 2384 Calatiie,Cappadnei2,
1892 2315 2058 2377 Asize,

427 2421 508 2478 ,et
532 2411 827 2483 Bithyniae.
860 2410 1160 2466 secundum
1203 2410 1597 2478 pra'scientiant
1627 2407 1721 2462 Dei
1760 2407 1957 2473 Patris,
2009 2407 2062 2460 in

452 2503 945 2558 sanctiticationem
986 2502 1245 2571 Spiritus,
1275 2500 1326 2554 in
1353 2498 1742 2567 obedientiam,
1789 2506 1849 2554 et
1875 2512 2061 2567 asper-

454 2597 664 2653 sionem
703 2596 986 2667 sanguinis
1019 2594 1148 2652 Iesu
1189 2593 1388 2650 Christi
1421 2611 1432 2647 :
1479 2594 1665 2648 Gratia
1693 2593 1847 2648 vobis
1874 2603 1927 2650 et
1959 2607 2062 2662 pax

453 2689 868 2757 multiplicetur.
905 2687 1230 2743 Benedictus
1262 2687 1403 2741 Deus
1432 2695 1488 2741 et
1513 2684 1676 2741 Pater
1716 2684 1927 2739 Domini
1963 2700 2064 2737 nu-

453 2784 551 2839 stri
582 2783 711 2839 lesu
738 2781 970 2847 Christi,
1003 2780 1095 2851 qui
1123 2780 1424 2837 secundum
1454 2777 1887 2834 misericordiam
1905 2791 2058 2832 suam

457 2893 711 2947 magnam
744 2876 1089 2946 regeneravit
1119 2889 1216 2930 nos
1247 2875 1300 2928 in
1325 2887 1477 2943 spem
1503 2875 1708 2939 vivum,
1741 2887 1837 2942 per
1873 2886 2058 2927 resur-

456 2972 758 3026 rectionem
800 2969 930 3025 Jestt
956 2967 1162 3023 Christi
1192 2982 1260 3023 ex
1301 2967 1554 3031 mortuis,
1589 2967 1643 3020 in
1677 2965 2057 3020 hereditatem

459 3059 956 3130 incorruptibilem,
990 3071 1042 3115 et
1077 3060 1580 3122 ineowimlnatam,
1613 3066 1667 3110 et
1696 3055 2060 3111 immarcesci-

458 3152 650 3218 bilem,
677 3164 1056 3209 conservatam
1092 3156 1144 3208 iit
1172 3153 1329 3210 cmlis
1357 3153 1409 3207 in
1435 3152 1614 3218 vobis,
1646 3151 1740 3222 qui
1779 3152 1832 3206 in
1860 3152 2060 3204 virtute

459 3246 556 3304 Dei
590 3245 939 3301 custodimini
973 3261 1067 3315 per
1115 3245 1278 3301 ﬁdem
1314 3247 1365 3299 in
1409 3246 1672 3310 salutem,
1704 3253 1946 3314 paratam
1975 3257 2062 3296 re-

457 3339 626 3395 velari
680 3339 733 3392 in
767 3345 1013 3408 tempore
1059 3339 1378 3393 novissimo.
1433 3338 1489 3392 In
1540 3351 1648 3406 quo
1676 3335 2057 3389 exsultabitis:

460 3434 734 3489 modicum
769 3448 912 3488 nunc
934 3434 978 3487 si
1003 3443 1218 3504 oportet
1245 3431 1557 3486 contristari
1608 3430 1660 3483 in
1691 3429 1856 3482 variis
1888 3436 2061 3483 tenta-

460 3529 738 3584 tionihus:
775 3536 831 3583 ut
859 3526 1111 3598 probatio
1133 3535 1331 3580 vestrae
1378 3524 1500 3578 fidei
1560 3521 1731 3575 multo
1766 3521 2058 3589 pretiosior

2170 2326 2416 2386 tempore
2439 2317 2866 2372 conversamini.
2892 2317 3144 2373 Scientes
3172 2319 3318 2388 quod
3353 2337 3460 2374 non
3491 2323 3773 2389 corrupti-

2165 2409 2366 2463 bilibus
2383 2423 2515 2463 auro
2537 2409 2621 2464 vel
2645 2420 2871 2478 argento
2890 2409 3157 2478 redempti
3179 2410 3314 2465 estis
3329 2411 3398 2466 de
3422 2425 3562 2466 vana
3587 2424 3771 2467 vestra

2165 2500 2582 2554 conversatione
2652 2510 2892 2570 paternae
2944 2501 3249 2556 traditionis
3302 2518 3317 2558 :
3360 2503 3459 2558 sed
3535 2505 3774 2574 pretioso

2165 2593 2432 2661 sanguine
2486 2593 2640 2660 quasi
2698 2593 2822 2663 agni
2887 2595 3212 2649 immaculati
3269 2595 3508 2661 Christi,
3573 2607 3626 2653 et
3687 2599 3773 2652 in-

2167 2685 2522 2738 contaminati
2555 2701 2568 2736 :
2602 2684 2919 2755 prtecngniti
2951 2684 3166 2753 quidi-m
3199 2698 3326 2740 ante
3354 2687 3544 2741 mttndi
3567 2688 3773 2742 consti-

2166 2779 2453 2841 tutionem,
2492 2779 2819 2833 nianifestati
2849 2791 3027 2834 autem
3078 2780 3392 2835 novissimis
3433 2781 3770 2850 temporibus

2165 2881 2385 2941 pr0pter
2413 2888 2528 2933 vos.
2559 2873 2651 2942 qui
2702 2888 2796 2941 per
2825 2874 2998 2942 ipsum
3029 2873 3220 2927 ﬁdeles
3249 2872 3381 2928 estis
3429 2874 3481 2928 in
3511 2875 3654 2937 Deo,
3675 2876 3772 2944 qui

2163 2962 2447 3017 suscitavit
2472 2978 2594 3017 enm
2617 2978 2648 3018 a
2676 2965 2926 3027 mortuis,
2951 2978 3002 3018 et
3027 2965 3175 3018 dedit
3202 2963 3254 3019 ei
3277 2966 3526 3033 gloriam,
3551 2977 3612 3020 ut
3634 2966 3770 3021 ﬁdes

2164 3066 2366 3122 vestra,
2409 3068 2462 3111 et
2493 3072 2615 3126 spes
2643 3066 2790 3113 esset
2819 3059 2875 3112 in
2909 3059 3036 3112 Deo.
3069 3056 3292 3112 Animas
3320 3068 3531 3113 vestras
3565 3059 3770 3114 castiﬁ-

2163 3158 2350 3204 cantes
2373 3149 2425 3202 in
2441 3149 2752 3204 ohedientia
2770 3150 3074 3215 eliaritatis,
3092 3152 3143 3204 in
3175 3150 3536 3205 fraternitatis
3555 3165 3764 3216 amore,

2162 3242 2394 3311 simplici
2427 3258 2491 3297 ex
2522 3242 2691 3300 eorde
2728 3241 2964 3297 invicem
3014 3243 3224 3313 diligite
3257 3245 3559 3299 attentius:
3597 3244 3766 3299 renati

2164 3352 2270 3392 non
2305 3354 2369 3393 ex
2425 3339 2633 3394 semine
2684 3339 3062 3409 corruptibili,
3117 3337 3213 3394 sed
3247 3340 3638 3409 incorruptibtli
3669 3353 3766 3409 per

2163 3430 2386 3482 verbum
2419 3429 2512 3483 Dei
2543 3431 2682 3495 vivi,
2715 3439 2771 3485 et
2803 3429 3169 3499 permanentis
3208 3429 3262 3484 in
3302 3442 3595 3485 aeternum.
3629 3431 3764 3498 Quia

2163 3523 2339 3575 Omnis
2362 3537 2489 3576 caro
2528 3532 2586 3576 ut
2609 3523 2818 3578 fenum:
2850 3532 2906 3578 et
2936 3521 3114 3577 omnis
3140 3521 3312 3592 gloria
3343 3523 3460 3592 ejus
3491 3533 3763 3592 tamquam

459 3635 593 3675 auro
618 3617 790 3693 (quod
836 3634 932 3690 per
981 3619 1158 3689 ignem
1205 3615 1493 3685 probatur)
1527 3611 1830 3667 inveniatur
1862 3612 1914 3665 in
1945 3610 2056 3664 lau-
2089 3623 2134 3686 ε
2166 3612 2265 3666 flos
2291 3613 2395 3668 leni
2430 3633 2441 3666 :
2475 3615 2691 3670 exaruit
2721 3614 2942 3680 fenum,
2974 3627 3027 3670 et
3068 3618 3162 3669 llos
3193 3614 3310 3685 ejus
3343 3615 3570 3671 decidit.
3635 3615 3764 3672 Ver-

458 3711 605 3775 detn,
638 3721 694 3767 et
738 3711 993 3782 gloriam,
1021 3718 1078 3766 et
1125 3708 1417 3774 honorem,
1465 3707 1520 3758 in
1553 3703 1887 3759 revelatione
1930 3702 2060 3758 Jesu

458 3803 660 3858 Christi
695 3818 708 3858 :
741 3820 902 3874 quem
931 3819 1051 3859 eum
1082 3817 1190 3857 non
1223 3800 1492 3862 videritis,
1521 3797 1782 3868 diligitis,
1815 3797 1866 3851 in
1895 3811 2058 3866 quem

458 3908 602 3947 nunc
625 3908 839 3962 quoque
871 3909 977 3947 non
1007 3892 1255 3948 videntes
1281 3891 1536 3946 creditis:
1566 3888 1852 3945 credentes
1875 3899 2059 3944 autem

456 3982 801 4038 exsultabitis
842 3983 1030 4036 laetitia
1078 3983 1452 4047 inenarrabili,
1500 3993 1555 4038 et
1598 3979 1919 4050 glorificata.
1956 3979 2062 4034 lte-

455 4083 740 4146 portantes
762 4073 927 4129 ﬁnem
955 4074 1076 4129 ﬁdei
1106 4085 1322 4141 vestrm,
1344 4077 1575 4131 salutem
1628 4075 1956 4129 animarum.
1986 4073 2060 4128 De

456 4183 563 4239 qua
621 4166 793 4222 salute
834 4163 1249 4235 esquisierunt,
1295 4175 1457 4234 atque
1483 4167 1710 4220 scrutati
1759 4177 1885 4221 sunt
1934 4180 2060 4236 pro-

454 4261 652 4332 phctte,
688 4258 778 4328 qui
800 4256 869 4313 de
900 4258 1078 4311 lutura
1103 4256 1156 4309 in
1184 4253 1337 4310 vobis
1358 4253 1533 4324 gratia
1562 4255 2053 4324 proplietaverunt:

455 4361 763 4409 scrutantes
787 4351 839 4407 in
870 4348 1044 4423 quod,
1079 4347 1167 4404 vel
1191 4347 1352 4418 quale
1381 4357 1595 4417 tempus
1637 4345 1968 4417 signiﬁcaret
2002 4348 2055 4403 in

455 4449 538 4506 eis
567 4449 808 4520 Spiritus
833 4444 1037 4503 Christi
1069 4460 1083 4498 :
1111 4443 1496 4515 praenuntiatus
1525 4458 1641 4509 eas,
1672 4457 1792 4511 quae
1816 4442 1871 4496 in
1899 4441 2058 4498 Chri-

451 4551 537 4599 sto
567 4552 724 4607 sunt,
758 4538 1071 4613 passiones,
1119 4548 1174 4594 et
1219 4536 1552 4608 posteriores
1579 4534 1786 4605 glorias
1816 4553 1828 4590 :
1861 4535 2058 4606 quibus

455 4637 751 4692 revelatum
784 4645 888 4697 est,
919 4633 1046 4705 quia
1093 4647 1200 4687 non
1245 4629 1624 4701 sibimetipsis,
1664 4629 1821 4684 vobis
1873 4642 2055 4684 autem

456 4729 844 4786 ministrabant
878 4743 974 4796 ea,
1007 4742 1128 4797 qua:
1160 4740 1303 4780 nunc
1336 4723 1578 4778 nuntiata
1621 4731 1751 4778 sunt
1781 4721 1934 4778 vobis
1962 4737 2058 4791 per

453 4839 568 4888 eos,
605 4823 692 4890 qui
713 4820 1228 4893 evangelizaverunt
1250 4816 1424 4881 vobis,
1451 4815 1655 4886 Spiritu
1680 4822 1869 4870 sancto
1885 4816 2056 4870 misso

452 4915 522 4971 de
543 4915 706 4982 et'elo,
742 4914 794 4968 in
827 4929 987 4984 quem
1018 4910 1333 4967 desiderant
1362 4908 1539 4979 angeli
1564 4907 1896 4979 prospicere.
1923 4906 2055 4961 Pro-

2164 3705 2289 3760 bum
2315 3717 2498 3762 autem
2529 3707 2742 3763 Domini
2774 3721 2955 3762 manet
2981 3707 3036 3763 in
3083 3717 3370 3763 aeternum.
3403 3708 3519 3763 lloc
3558 3718 3643 3764 est
3668 3723 3763 3764 au-

2163 3810 2276 3857 tem
2304 3802 2552 3869 verbum,
2584 3803 2729 3873 quod
2762 3803 3188 3873 evangelizatum
3233 3809 3318 3856 est
3345 3803 3399 3856 in
3431 3816 3550 3857 vos.

2235 3892 2388 3965 [ϐαρ.
2421 3891 2514 3964 1L]
2569 3894 2923 3964 Deponentes
2952 3896 3110 3963 igitur
3140 3907 3357 3948 omnem
3391 3894 3677 3961 malitiam,
3709 3903 3767 3950 et

2161 4002 2379 4041 omnem
2404 3987 2610 4053 dolum,
2629 3999 2684 4043 et
2701 3989 3099 4053 simulationes,
3127 3996 3183 4042 et
3202 3987 3462 4053 invidias,
3488 3997 3548 4043 et
3572 4002 3763 4043 omnes

2161 4078 2553 4147 detractiones,
2587 4081 2729 4135 sicut
2759 4080 2920 4134 modo
2947 4079 3115 4149 geniti
3141 4079 3395 4145 infantes,
3413 4081 3755 4147 rationabile,

2160 4171 2278 4224 sine
2301 4170 2428 4226 dolo
2465 4171 2548 4226 lac
2577 4172 2979 4240 concupiscite:
3023 4180 3080 4226 ut
3103 4172 3158 4227 in
3185 4188 3251 4227 eo
3295 4173 3556 4228 crescatis
3593 4172 3646 4226 in
3675 4187 3757 4228 sa-

2160 4264 2359 4321 lutem:
2383 4266 2426 4319 si
2463 4275 2641 4321 tamen
2669 4265 2953 4335 gustastis,
2979 4265 3235 4336 quoniam
3265 4265 3442 4322 dulcis
3457 4277 3542 4322 est
3573 4266 3753 4322 Domi-

2159 4373 2284 4412 nus.
2331 4360 2412 4414 Ad
2445 4375 2604 4427 quem
2637 4358 2964 4416 accedentes
2986 4358 3221 4428 lapidem
3244 4364 3450 4426 vivum,
3478 4360 3548 4416 ab
3573 4359 3744 4414 homi-

2164 4451 2325 4507 nibus
2353 4451 2573 4522 quidem
2601 4453 2975 4522 reprobatum,
3007 4468 3035 4504 τι
3064 4451 3176 4507 Deo
3201 4462 3383 4507 autem
3410 4453 3652 4518 electum,
3683 4457 3741 4504 et

2161 4544 2576 4599 lionoriﬁcatum
2609 4561 2621 4598 :
2651 4554 2705 4599 et
2749 4545 2850 4616 ipsi
2895 4553 3169 4614 tamquam
3196 4544 3405 4614 lapides
3428 4544 3525 4599 vivi
3551 4556 3739 4612 supero

2157 4635 2543 4704 aediﬁcatnini,
2591 4637 2786 4693 domus
2823 4637 3143 4708 spiritualis,
3202 4637 3562 4694 sacerdotium
3615 4650 3745 4692 san-

2156 4736 2326 4795 etum,
2383 4727 2582 4784 offerre
2635 4729 2945 4801 spirituales
2975 4728 3207 4795 hostias,
3237 4730 3598 4800 acceptabiles
3638 4725 3750 4786 Deo

2155 4834 2254 4890 per
2297 4818 2480 4876 Jesum
2511 4820 2816 4877 Christum.
2864 4821 3093 4890 PrOpter
3141 4822 3285 4893 quod
3331 4825 3567 4880 continet
3607 4822 3752 4880 Scri-

2155 4923 2311 4982 ptura
2343 4932 2354 4967 :
2389 4913 2531 4970 Ecce
2561 4930 2700 4984 pono
2738 4916 2791 4971 in
2847 4914 2978 4970 Sion
3039 4915 3274 4986 lapidem
3323 4931 3598 4971 summum
3655 4931 3751 4972 an-

451 5017 572 5079 pter
619 5006 767 5080 quod
813 5005 1073 5061 succincti
1124 5003 1339 5059 lumbos
1385 5001 1582 5057 mentis
1620 5009 1840 5066 vestrae,
1885 4999 2053 5055 sobrii
2081 4996 2745 5078 Dgularem,e|ecium,
2807 5007 3100 5079 pretiosum
3138 5027 3151 5062 ;
3211 5019 3266 5064 ei
3311 5010 3402 5078 qui
3455 5007 3752 5065 crediderit

449 5103 685 5172 perfecte
731 5109 949 5171 sperate
981 5099 1033 5154 in
1077 5113 1220 5166 eam,
1252 5111 1374 5168 qua:
1415 5093 1642 5150 oil‘ertur
1689 5094 1861 5161 vobis,
1919 5109 2048 5164 gra-

450 5197 600 5262 tiam,
653 5195 706 5252 in
767 5193 1158 5251 revelationem
1224 5191 1353 5247 Jesu
1413 5188 1680 5257 Christigz
1729 5185 1882 5260 quasi
1953 5187 2049 5242 ﬁlii

446 5287 803 5358 obedientim,
847 5303 953 5344 non
1007 5281 1326 5358 conﬁgurati
1399 5283 1676 5356 prioribus
1730 5281 2049 5352 ignorantia:

444 5393 645 5440 vestra:
691 5379 979 5439 desideriis
1031 5397 1041 5434 :
1094 5377 1190 5436 sed
1247 5377 1542 5434 secundum
1586 5390 1734 5442 eum,
1765 5375 1857 5445 qui
1886 5389 2048 5428 voca-

445 5475 524 5532 vit
550 5490 678 5541 vos,
727 5473 1038 5538 Sanctum;
1090 5478 1146 5527 et
1192 5469 1292 5539 ipsi
1333 5470 1387 5525 in
1435 5469 1585 5524 omni
1625 5467 2040 5523 conversatione

441 5571 615 5627 sancti
657 5569 778 5626 sitis
805 5585 816 5621 :
851 5564 1108 5637 quoniam
1155 5564 1418 5635 scriptum
1466 5574 1552 5620 est
1581 5582 1592 5618 :
1623 5563 1808 5622 Sancti
1840 5561 1990 5617 eritis
2019 5602 2035 5628 ,

437 5661 693 5732 quoniam
742 5675 843 5732 ego
886 5657 1120 5715 Sanctus
1163 5671 1308 5714 sum.
1352 5657 1420 5735 Et
1447 5656 1493 5712 si
1526 5663 1733 5729 patrem
1770 5653 2038 5712 invocatis

438 5765 590 5818 eum,
618 5753 708 5821 qui
735 5753 852 5807 sine
881 5747 1199 5817 acceptione
1227 5762 1585 5818 personarum
1604 5746 1812 5819 judicat
1836 5759 2030 5804 secun-

2153 5101 2207 5156 in
2236 5115 2384 5168 eum,
2415 5115 2524 5157 non
2579 5099 2965 5156 confundetur.
3027 5100 3191 5157 Vobis
3228 5102 3390 5173 igitur
3426 5101 3602 5158 honor
3631 5117 3750 5158 ere-

2153 5191 2406 5248 dentibus
2454 5210 2468 5247 :
2517 5208 2627 5249 non
2671 5191 3022 5249 credentibus
3072 5201 3253 5248 autem
3288 5233 3303 5260 ,
3378 5193 3517 5263 lapis
3588 5210 3750 5265 quem

2150 5285 2938 5355 reprobaveruntzcdiﬁcantes
2967 5327 2982 5355 ,
3027 5285 3114 5340 hic
3143 5286 3318 5341 factus
3354 5295 3440 5342 est
3487 5287 3542 5342 in
3588 5295 3752 5356 caput

2149 5379 2362 5447 anguli,
2411 5387 2466 5434 et
2513 5377 3028 5446 lapispﬁ‘ensionis,
3062 5388 3117 5433 et
3164 5390 3313 5448 petra
3352 5379 3629 5446 scndali,
3663 5378 3750 5436 bis

2148 5470 2238 5538 qui
2269 5467 2550 5525 offendunt
2581 5469 2746 5525 verbo
2776 5510 2791 5536 ,
2841 5484 2942 5525 nec
2989 5470 3221 5526 credunt
3259 5471 3313 5526 in
3342 5487 3452 5542 quo
3491 5481 3548 5528 et
3589 5473 3749 5543 positi

2147 5570 2292 5615 sunt.
2324 5560 2430 5616 Vos
2459 5571 2642 5616 autem
2671 5576 2842 5631 genus
2861 5561 3116 5628 electum,
3145 5562 3328 5634 regale
3357 5563 3751 5631 sacerdotium,

2145 5667 2280 5723 gens
2306 5667 2515 5722 sancta,
2567 5656 2798 5726 pepulus
2827 5655 3200 5725 acquisitionis
3238 5672 3252 5710 :
3283 5664 3343 5712 ut
3379 5656 3613 5714 virtutes
3653 5672 3750 5713 an-

2142 5745 2406 5803 nuntietis
2434 5746 2575 5818 ejus,
2607 5749 2698 5815 qui
2735 5750 2803 5806 de
2839 5747 3075 5806 tenebris
3101 5762 3199 5804 vos
3229 5747 3443 5805 vocavit
3472 5745 3532 5806 in
3567 5745 3747 5805 admi-
