3946 6198
123 231 231 289 85⁸7

130 446 284 489 nunc
310 444 486 489 autem
522 432 753 503 pepnlus
784 430 899 495 Dei,
931 430 1021 500 qui
1062 440 1169 483 non
1208 427 1486 483 consecuti
1522 425 1740 481 miseri-

131 530 408 593 cordiam,
430 542 569 582 nunc
609 534 794 581 autem
809 521 1238 578 misericordiam
1272 518 1572 576 consecuti.
1602 515 1744 573 Cha-

133 621 374 688 rissimi,
405 620 629 675 obsecro
657 632 753 673 vos
780 624 1052 687 tamquam
1083 612 1319 669 advenas
1346 620 1398 667 et
1431 608 1745 681 peregrinos

134 716 418 771 abstinere
458 727 553 767 vos
598 727 626 765 a
663 710 972 766 carnalibus
1003 706 1470 774 desideriis,-qn:e
1515 700 1745 758 militant

133 806 404 862 adversus
449 805 718 873 animam,
768 802 1245 858 conversationem
1303 808 1537 854 vestram
1607 798 1746 851 inter

134 912 329 971 gentes
376 898 640 953 habentes
680 897 873 951 bonam
909 914 921 949 :
958 898 1013 949 ut
1052 894 1103 948 in
1135 909 1221 959 eo,
1256 892 1399 963 quod
1443 889 1748 944 detrectant

134 995 205 1049 de
237 993 393 1048 vobis
422 1003 698 1060 tamquam
726 989 791 1044 de
823 984 1287 1050 utalefactnribus,
1323 999 1389 1037 ex
1436 976 1593 1037 bonis
1619 992 1748 1049 ope—

136 1088 289 1143 ribus
315 1102 411 1141 vos
447 1084 885 1145 considerantes,
914 1078 1223 1152 gloriﬁcent
1253 1077 1421 1132 Dento
1456 1076 1508 1129 in
1551 1074 1639 1128 die
1671 1071 1751 1126 vi-

140 1181 432 1237 sitatiouis.
468 1174 708 1246 Subjecti
737 1175 900 1245 igitur
931 1178 1104 1228 estote
1135 1171 1278 1225 omni
1309 1166 1557 1222 humanae
1598 1177 1751 1219 crea—

139 1283 277 1330 tum
318 1278 542 1343 propter
586 1268 757 1325 Deum
800 1284 815 1321 :
851 1267 966 1322 sive
1013 1261 1149 1335 regi,
1180 1261 1332 1332 quasi
1372 1256 1746 1330 praecedenti:

141 1367 263 1424 sive
288 1364 537 1431 ducibus,
595 1371 869 1431 tamquam
916 1358 985 1413 ab
1031 1372 1097 1413 eo
1126 1354 1310 1410 missis
1360 1351 1426 1407 ad
1461 1350 1748 1405 vindictam

144 1457 583 1521 malefactorum,
636 1452 853 1509 laudem
882 1458 1012 1505 vero
1042 1447 1310 1504 bonorum
1341 1462 1353 1496 :
1380 1442 1505 1513 quia
1544 1440 1623 1495 sic
1669 1446 1755 1494 est

147 1551 403 1608 voluntas
435 1546 547 1615 Dei,
578 1556 632 1602 ut
681 1544 821 1600 bene
852 1540 1111 1598 iacientes
1131 1540 1507 1594 obmutescere
1548 1531 1753 1587 faciatis

147 1641 577 1714 imprudentium
608 1637 887 1693 hominum
928 1632 1287 1705 ignorantiam
1320 1627 1475 1700 quasi
1508 1626 1751 1680 velamen

1214 226 1273 279 Β.
1316 216 1521 279 PETRl
1564 216 1903 277 APOSTOLI
1942 214 2275 277 EPlSTOLA
2306 220 2346 275 l.

126 344 311 400 raltile
358 342 541 398 iumen
595 354 775 395 suum.
818 338 917 406 Qui
962 336 1257 408 aliquando
1307 352 1411 391 non
1482 333 1732 405 populus,
1767 333 1813 393 Α
1844 330 2004 386 iaciat
2047 334 2246 385 bonum
2287 350 2298 383 :

3336 215 3441 277 858

2343 330 2583 400 inquirat
2632 344 2840 399 pacem,
2893 337 2945 382 et
2986 337 3242 400 sequatur
3282 345 3441 385 eam:

1844 424 1980 490 Quia
2010 425 2150 479 oculi
2184 424 2399 479 Domini
2426 439 2589 492 super
2610 425 2806 493 justus,
2838 432 3075 478 etaures
3102 421 3219 492 ejus
3250 423 3302 477 in
3332 439 3447 493 pre-

1844 534 1937 575 ces
1967 534 2153 575 eorum
2199 537 2212 573 :
2251 518 2438 574 Vultus
2477 527 2658 573 autem
2710 517 2924 571 Domini
2975 530 3139 586 super
3186 516 3448 573 facientes

1846 612 2005 666 mala.
2038 611 2100 666 Et
2131 611 2251 681 quis
2275 622 2359 666 est
2384 612 2475 683 qui
2512 609 2666 665 vobis
2690 618 2898 676 noceat,
2932 609 2974 664 si
3006 610 3133 664 boni
3165 610 3447 664 aemulato-

1847 718 1936 759 res
1966 703 2211 758 fueritis?
2245 702 2348 759 Sed
2396 712 2452 758 et
2490 704 2535 758 si
2564 702 2693 773 quid
2741 702 2984 773 patimini
3030 711 3250 772 propter
3285 702 3448 771 justi-

1849 796 2003 864 tiam,
2026 795 2193 851 beati.
2221 795 2493 852 Timorem
2519 807 2695 851 autem
2728 812 2915 852 eorum
2949 813 3016 851 ne
3040 797 3362 864 timueritis,
3396 805 3452 851 et

1849 902 1959 941 non
1989 887 2409 943 conturbemini.
2463 889 2750 943 Dominum
2783 896 2963 944 autem
3004 888 3281 945 Christum
3330 904 3455 945 san-

1848 980 2083 1036 ctiﬁcate
2125 982 2176 1035 itt
2208 981 2463 1037 cordibus
2495 984 2709 1049 \'eS|riS,
2744 985 2914 1053 parati
2947 998 3163 1053 semper
3193 978 3259 1038 ad
3291 984 3455 1038 satis-

1850 1076 2141 1131 factionem
2169 1079 2314 1131 omni
2347 1079 2592 1147 poscenti
2623 1094 2725 1132 vos
2752 1080 3016 1133 rationem
3048 1080 3114 1133 de
3136 1094 3221 1148 ea,
3252 1095 3372 1150 qua:
3401 1080 3456 1135 in

1850 1166 2007 1222 vobis
2037 1174 2137 1235 est,
2188 1183 2303 1236 spe.
2360 1169 2465 1225 Sed
2506 1185 2628 1226 cum
2662 1171 2949 1239 modestia,
2994 1179 3049 1227 et
3093 1171 3285 1227 timore
3330 1188 3461 1227 con-

1852 1257 2137 1313 scientiam
2189 1259 2449 1315 habentes
2499 1262 2741 1317 bonam:
2784 1275 2843 1317 ut
2876 1263 2926 1316 in
2968 1277 3056 1329 eo,
3090 1262 3232 1333 quod
3274 1264 3458 1318 detra-

1855 1348 1993 1403 hunt
2018 1350 2194 1415 vobis,
2223 1350 2645 1420 confundantur,
2678 1356 2765 1423 qtti
2796 1356 3197 1410 calumniantur
3224 1365 3458 1411 vestram

1854 1438 2051 1495 bonam
2084 1442 2137 1496 in
2165 1440 2383 1498 Christo
2413 1445 2909 1501 conversationem.
2948 1447 3139 1502 Melius
3183 1458 3267 1502 est
3311 1449 3457 1503 enim

1856 1532 2264 1592 benefacientes
2297 1537 2361 1610 (si
2396 1539 2648 1595 voluntas
2681 1539 2775 1596 Dei
2807 1541 2958 1611 velit)
2994 1542 3121 1610 pati,
3156 1558 3314 1612 quam
3348 1557 3462 1596 ma-

1857 1625 2193 1684 lefacientes.
2224 1630 2356 1698 Quia
2390 1641 2441 1685 et
2485 1630 2735 1687 Christus
2772 1635 2941 1687 semel
2968 1648 3065 1703 pro
3096 1637 3333 1703 peccatis
3365 1649 3463 1689 no-

145 1737 411 1792 babentes
457 1730 674 1787 malitia:
725 1728 1051 1793 libertatem,
1105 1723 1200 1779 sed
1242 1722 1383 1777 sicut
1431 1717 1573 1774 servi
1631 1715 1746 1770 Dei.

1876 1722 1983 1776 ttris
2023 1734 2270 1779 mortuus
2301 1735 2404 1790 cst,
2429 1727 2607 1795 justus
2632 1742 2731 1797 pro
2758 1727 2996 1797 injustis,
3034 1738 3092 1782 ut
3121 1743 3219 1783 nos
3242 1729 3464 1785 oﬁ‘erret

141 1829 350 1886 Omnes
391 1826 695 1888 honorate;
746 1820 1138 1875 fraternitatem
1185 1814 1425 1884 diligite;
1466 1809 1636 1865 Deum
1678 1806 1751 1860 ti-

142 1922 335 1984 mete;
374 1930 561 1988 regem
594 1912 972 1969 honoriﬁeate.
1022 1908 1201 1974 Servi,
1243 1903 1445 1960 subditi
1494 1908 1667 1957 estote
1696 1898 1752 1953 in

139 2013 300 2071 omni
328 2012 525 2067 timore
549 2005 808 2071 dominis,
842 2010 948 2059 non
982 2010 1193 2057 tantum
1236 1998 1416 2063 bonis,
1449 2004 1501 2051 et
1542 1991 1757 2048 modes-

145 2106 241 2173 tis,
267 2105 367 2161 sed
390 2105 555 2159 etiam
586 2097 843 2171 dyscolis.
874 2096 1000 2151 Haec
1022 2102 1105 2150 est
1134 2092 1279 2147 enim
1303 2089 1493 2160 gratia,
1516 2086 1563 2141 si
1594 2097 1758 2155 prop-

145 2210 230 2254 ter
253 2198 349 2254 Dei
386 2192 775 2251 conscientiam
806 2189 1039 2244 sustinet
1063 2185 1185 2256 quis
1217 2182 1466 2238 tristitias
1490 2219 1506 2243 ,
1549 2179 1756 2246 patiens

144 2292 374 2360 injuste.
404 2288 539 2354 Quae
575 2286 718 2340 enim
751 2290 831 2337 est
871 2281 1065 2351 gloria,
1100 2278 1144 2331 si
1179 2282 1486 2345 peccantes,
1515 2281 1570 2325 et
1610 2268 1756 2323 cola-

147 2385 353 2455 phizati
380 2376 788 2437 suﬁ'ertis?Sed
818 2377 862 2430 si
880 2377 1017 2431 bene
1044 2373 1303 2427 facientes
1332 2367 1605 2438 patienter
1631 2377 1757 2417 sus-

146 2479 360 2541 tinetis,
389 2474 507 2528 haec
532 2480 617 2527 est
641 2470 810 2539 gratia
841 2467 981 2537 apud
1015 2466 1210 2520 Deum.
1265 2462 1323 2516 In
1358 2459 1460 2514 hoc
1488 2457 1635 2513 enim
1665 2469 1761 2509 vo-

148 2570 262 2626 cati
294 2568 475 2623 estis:
526 2564 650 2635 quia
692 2571 748 2617 et
786 2560 1036 2615 Christus
1086 2568 1277 2627 passus
1316 2554 1399 2608 est
1441 2566 1539 2621 pro
1583 2547 1761 2613 nobis,

148 2662 314 2719 vobis
343 2659 657 2728 relinquens
701 2653 1032 2723 exemplum,
1084 2660 1143 2704 ut
1188 2645 1486 2717 sequamini
1537 2641 1764 2711 vestigia

150 2758 296 2828 ejus.
329 2755 431 2823 Qui
461 2758 742 2824 peccatum
774 2764 879 2803 non
908 2746 1057 2812 fecit,
1090 2758 1191 2799 nec
1218 2744 1471 2796 inventus
1496 2745 1582 2794 est
1608 2735 1765 2791 dolus

150 2856 213 2911 in
240 2865 341 2907 ore
369 2850 487 2920 ejus
520 2864 533 2901 :
564 2850 654 2916 qui
685 2860 805 2900 cum
853 2841 1293 2903 malediceretur,
1335 2851 1443 2890 non
1478 2832 1769 2888 maledice-

150 2946 252 3002 bat
301 2962 316 2999 :
348 2957 471 2998 cum
501 2949 797 3012 pateretur,
848 2952 955 2991 non
991 2931 1423 2989 comminabatur
1474 2943 1488 2981 :
1521 2923 1770 2980 tradebat

146 3048 340 3093 autem
383 3033 652 3105 judicanti
683 3048 743 3087 se
785 3029 984 3101 injuste
1014 3045 1027 3080 :
1058 3028 1152 3098 qui
1183 3034 1405 3094 peccata
1438 3031 1623 3076 nostra
1651 3019 1769 3088 ipse

1857 1812 1991 1879 Deo,
2036 1813 2391 1870 mortiﬁcatns
2431 1817 2647 1887 quidem
2692 1834 2879 1885 carne,
2929 1820 3235 1877 viviﬁcatus
3282 1830 3465 1878 autem

1856 1908 2070 1976 spiritu.
2106 1908 2160 1964 In
2191 1927 2297 1978 quo
2326 1918 2381 1964 et
2412 1911 2516 1978 his,
2552 1912 2644 1980 qui
2690 1912 2741 1966 in
2771 1928 2993 1969 carcere
3032 1924 3208 1981 erant,
3257 1916 3465 1984 spiriti-

1856 1998 1959 2056 bus
1988 2005 2212 2059 veniens
2254 2004 2563 2072 prmdicavit
2611 2025 2624 2061 :
2669 2008 2758 2077 qui
2810 2007 3074 2062 increduli
3108 2008 3317 2063 fuerant
3364 2010 3460 2064 ali-

1857 2094 2098 2161 quando,
2133 2095 2351 2166 quando
2378 2098 2765 2164 exspectabant
2791 2100 2880 2153 Dei
2916 2100 3228 2169 patientiam
3261 2102 3315 2154 in
3347 2101 3464 2156 die-

1859 2186 1960 2241 bus
1987 2186 2123 2253 Noe,
2175 2204 2298 2243 cum
2344 2188 2706 2244 fabricaretur
2754 2207 2877 2246 arca
2909 2209 2922 2244 :
2956 2191 3007 2245 in
3051 2208 3156 2261 qua
3203 2192 3378 2261 pauci,
3414 2193 3467 2247 id

1860 2286 1944 2334 est
1972 2287 2097 2334 Octo
2126 2281 2323 2335 anima:
2363 2284 2528 2337 salva:
2576 2284 2730 2337 facta:
2760 2295 2889 2339 sunt
2926 2301 3019 2353 per
3046 2301 3258 2355 aquam.
3309 2286 3466 2352 Quod

1860 2379 1915 2427 et
1943 2387 2039 2427 vos
2070 2389 2212 2428 nunc
2238 2374 2432 2429 similis
2456 2377 2643 2431 forma:
2664 2378 2846 2433 salvos
2872 2378 2996 2433 facit
3024 2379 3286 2448 baptisma
3317 2396 3331 2433 :
3358 2396 3468 2435 non

1866 2465 2046 2519 carnis
2075 2464 2345 2535 depositio
2376 2468 2639 2536 sordium,
2686 2471 2779 2525 sed
2821 2471 3171 2526 conscientiae
3209 2471 3365 2526 bonae
3391 2473 3471 2527 in-

1868 2560 2164 2633 terrogatio
2190 2558 2243 2615 in
2278 2560 2447 2615 Deum
2481 2577 2573 2631 per
2604 2565 3060 2619 resurrectionem
3090 2564 3218 2619 Jesu
3246 2562 3468 2629 Christi,

1864 2653 1955 2723 qui
1986 2664 2066 2708 est
2096 2654 2147 2708 in
2175 2654 2397 2710 dextera
2445 2656 2535 2710 Dei
2564 2697 2578 2720 ,
2623 2656 2929 2726 deglutiens
2959 2668 3212 2726 mortem,
3259 2667 3317 2710 ut
3346 2657 3472 2711 vita:

1866 2756 2086 2801 mternm
2132 2746 2378 2803 bmredes
2410 2747 2753 2803 efﬁceremur
2786 2767 2796 2801 :
2840 2749 3115 2818 profectus
3147 2749 3200 2803 in
3249 2748 3471 2817 caelum,

1866 2838 2127 2908 Subjectis
2156 2840 2262 2895 sibi
2292 2842 2523 2910 angelis,
2560 2850 2614 2895 et
2644 2841 3024 2911 potestatibus,
3058 2851 3110 2897 et
3159 2841 3471 2896 virtutibus.

1940 2931 2095 3004 [Cap.
2137 2928 2252 3005 lV.]
2298 2933 2519 2989 Christo
2557 2933 2721 3005 igitur
2765 2951 2923 3004 passo
2955 2936 3007 2990 in
3049 2950 3232 3001 carne,
3280 2943 3335 2991 et
3379 2950 3477 2991 vos

1868 3026 2057 3081 eadem
2087 3028 2414 3096 cogitatione
2443 3029 2750 3094 armamini,
2786 3030 2913 3099 quia
2938 3028 3042 3099 {qui
3071 3043 3263 3097 passus
3301 3038 3389 3083 est
3417 3029 3472 3081 in

145 3129 388 3204 pertulit
424 3128 477 3182 in
517 3139 748 3195 corpore
793 3137 894 3177 suo
932 3136 1099 3191 super
1145 3118 1355 3188 lignum
1387 3134 1400 3168 :
1436 3126 1492 3169 ut
1533 3110 1768 3183 peccatis

1876 3132 2059 3184 carne,
2092 3119 2254 3175 desiit
2297 3135 2325 3174 a
2358 3121 2593 3190 peccatis
2623 3139 2636 3174 :
2673 3132 2727 3174 ut
2755 3121 2865 3191 jam
2907 3136 3012 3175 non
3041 3120 3330 3177 desideriis
3375 3119 3478 3175 lto-

147 3222 380 3289 mortui,
430 3218 654 3291 justitiae
678 3217 923 3273 vivamus
954 3232 967 3268 :
1000 3213 1157 3284 cujus
1189 3211 1362 3265 livore
1403 3208 1575 3262 sanati
1617 3205 1769 3260 estis.

155 3315 343 3371 Eratis
386 3313 531 3369 enim
574 3311 716 3367 sicut
742 3324 871 3365 oves
902 3314 1169 3371 errantes,
1222 3303 1316 3358 sed
1350 3301 1600 3356 conversi
1642 3297 1775 3355 estis

162 3422 311 3464 nunc
350 3404 419 3461 ad
463 3414 738 3476 pastorem
769 3411 823 3458 et
864 3401 1180 3473 episcopum
1222 3397 1526 3451 animarum
1569 3401 1776 3449 vestra-

164 3515 319 3555 rum.

235 3589 393 3664 [ϐαρ.
423 3584 539 3660 111.]
570 3586 832 3642 Similiter
863 3594 917 3639 et
948 3582 1205 3639 mulieres
1255 3578 1483 3636 subditae
1516 3578 1624 3633 sint
1648 3575 1777 3632 viris

162 3685 281 3741 suis
314 3701 328 3737 :
356 3692 412 3737 ut
440 3692 493 3737 et
527 3682 572 3737 si
602 3681 691 3752 qui
734 3695 839 3735 non
871 3679 1097 3733 credunt
1131 3675 1321 3740 verbo,
1361 3691 1457 3745 per
1492 3674 1777 3727 mulierum

164 3778 639 3833 conversationem
683 3773 801 3828 sine
834 3771 1002 3826 verbo
1046 3768 1339 3833 lucriﬁant,
1369 3766 1781 3822 considerantes

162 3873 221 3929 in
247 3870 446 3924 timore
484 3876 685 3922 castam
732 3862 1199 3939 conversationem
1230 3871 1493 3915 vestram.
1535 3857 1778 3923 Quorum

161 3980 278 4020 non
335 3964 407 4016 sit
460 3959 797 4016 extrinsecus
851 3955 1167 4026 capillatura
1203 3998 1216 4021 ,
1276 3954 1369 4006 aut
1424 3949 1782 4006 circumdatio

162 4055 313 4121 auri,
344 4050 645 4108 indumenti
675 4051 1120 4106 vestimentorum
1148 4043 1331 4101 cultus
1362 4060 1376 4102 ;
1403 4042 1498 4099 sed
1529 4043 1619 4113 qui
1660 4042 1784 4097 abs-

166 4148 430 4208 conditus
493 4156 578 4201 est
655 4143 838 4199 cordis
892 4142 1103 4203 homo,
1152 4138 1203 4193 in
1268 4135 1784 4206 incorruptibilitate

170 4241 367 4313 quieti,
403 4246 459 4294 et
488 4235 722 4292 modeSIi
752 4235 1000 4305 spiritus,
1032 4232 1121 4302 qui
1154 4239 1237 4285 est
1278 4229 1333 4285 in
1364 4240 1659 4300 conspectu
1691 4228 1784 4282 Dei

171 4336 445 4406 locuples.
500 4332 592 4389 Sic
638 4332 780 4386 enim
832 4327 1126 4399 aliquando
1171 4336 1224 4381 et
1262 4334 1462 4380 sanctae
1502 4323 1781 4387 mulieres,

172 4441 465 4504 sperantes
515 4431 564 4484 in
611 4427 745 4493 Deo,
795 4422 1064 4479 ornabant
1112 4437 1192 4488 se,
1247 4420 1504 4487 subjecta:
1553 4416 1787 4488 propriis

178 4526 333 4581 viris.
384 4522 537 4577 Sicut
565 4519 698 4575 Sara
732 4515 1020 4571 obediebat
1063 4514 1315 4582 Abrahm,
1357 4512 1636 4567 dominum
1666 4524 1789 4565 eum

192 4629 402 4674 vocans
437 4632 448 4665 :
480 4611 632 4682 cujus
665 4610 799 4665 estis
831 4608 954 4662 ﬁliae
983 4603 1412 4671 benefacientes,
1442 4612 1497 4658 et
1527 4617 1632 4658 non
1674 4617 1796 4670 per-

178 4710 443 4765 timentes
472 4705 638 4759 ullam
678 4691 1166 4772 perturbationem.
1203 4697 1313 4751 V’iri
1355 4695 1605 4751 similiter
1632 4693 1796 4750 coha-

180 4804 425 4858 bitantes
478 4795 773 4851 secundum
810 4793 1120 4855 scientiam,
1163 4788 1317 4859 quasi
1367 4787 1656 4843 inﬁrmiori
1699 4802 1789 4841 va.

186 4893 342 4949 sculo
389 4886 642 4944 muliebri
694 4885 1071 4955 impartientes
1119 4881 1407 4947 honorem,
1442 4890 1714 4951 tamquam
1743 4888 1799 4934 et

190 4981 569 5041 cohaercdibus
609 4978 800 5051 gratim
829 4978 955 5032 vita:
988 4994 999 5029 :
1036 4983 1093 5028 ut
1134 4989 1241 5028 non
1288 4972 1654 5042 impediantur
1683 4987 1806 5027 ora-

194 5080 371 5133 tiones
397 5086 617 5131 vestraa.
646 5070 705 5127 In
737 5066 841 5127 ﬁne
864 5078 1070 5133 autem,
1100 5081 1291 5121 omnes
1318 5065 1624 5133 unanimes,
1657 5080 1808 5119 com-

186 5172 478 5244 patientes,
514 5164 870 5221 fraternitatis
900 5174 1209 5228 amatores,
1243 5158 1652 5223 misericordes,
1686 5143 1805 5211 mo.-

187 5265 349 5329 desti,
383 5262 661 5318 humiles:
690 5272 797 5313 non
825 5250 1115 5312 reddentes
1148 5254 1351 5309 malum
1380 5267 1480 5323 pro
1506 5251 1669 5317 malo,
1705 5264 1807 5305 nec

190 5357 545 5416 maledictum
581 5366 678 5423 pro
724 5349 1034 5418 maledicto,
1082 5348 1176 5403 sed
1224 5346 1529 5403 econtrario
1570 5343 1798 5399 benedi-

189 5463 375 5511 centes
408 5471 419 5506 :
453 5447 584 5520 quia
630 5447 682 5499 in
713 5442 816 5499 hoc
863 5446 1037 5499 vocati
1069 5443 1223 5509 estis,
1256 5449 1314 5497 ut
1363 5438 1799 5494 benedictionem

181 5548 513 5605 ha'reditate
543 5537 890 5609 possideatis.
923 5536 1025 5605 Qui
1055 5537 1197 5592 enim
1227 5534 1339 5589 vult
1365 5530 1531 5588 vitam
1555 5530 1799 5599 diligere,

180 5652 232 5699 et
258 5641 380 5697 dies
407 5634 605 5691 videre
628 5631 824 5696 bonos,
852 5637 1105 5685 coerceat
1132 5628 1367 5697 linguam
1398 5639 1555 5681 suam
1576 5637 1607 5677 a
1636 5620 1800 5688 malo,

177 5742 238 5804 et
267 5729 417 5789 labia
439 5724 568 5796 eius
590 5733 660 5777 ne
685 5708 973 5791 loquantur
993 5705 1200 5775 dolum.
1224 5713 1473 5773 Declinat
1490 5726 1523 5771 a
1554 5707 1719 5778 malo,
1749 5716 1806 5768 et

1876 3212 2105 3278 tninum,
2154 3213 2249 3266 sed
2297 3213 2574 3267 voluntate
2628 3213 2747 3277 Dei,
2801 3213 2943 3284 quod
2981 3213 3249 3284 reliquum
3294 3221 3379 3268 est
3427 3214 3481 3268 in

1876 3321 2057 3373 carne,
2086 3306 2235 3360 vivat
2262 3307 2542 3376 temporis.
2571 3306 2788 3362 Sufﬁcit
2813 3308 2958 3361 enim
2985 3308 3319 3377 praeteritum
3348 3314 3487 3361 tem-

1879 3417 1978 3472 pus
2005 3400 2070 3455 ad
2104 3400 2437 3457 voluntatem
2467 3403 2711 3473 gentium
2736 3402 3242 3467 consummandam,
3280 3400 3366 3456 his
3392 3400 3486 3471 qui

1878 3493 2293 3548 ambulaverunt
2324 3494 2375 3547 in
2408 3492 2660 3559 luxuriis,
2686 3492 2999 3560 desideriis,
3032 3493 3365 3560 vinolentiis,
3396 3506 3490 3547 c0-

1888 3584 2331 3650 tnessationibus,
2357 3585 2746 3655 potationibus,
2778 3595 2833 3640 et
2860 3586 3060 3640 illicitis
3084 3585 3345 3640 idolorum
3372 3587 3490 3640 cul-

1883 3680 2047 3735 tibus.
2081 3679 2137 3735 ln
2176 3696 2283 3749 quo
2317 3678 2656 3733 admirantur
2683 3696 2790 3733 non
2841 3677 3298 3734 concurrentibus
3330 3678 3489 3732 vobis

1881 3773 1936 3828 in
1967 3773 2215 3829 eamdem
2268 3774 2496 3827 luxurim
2551 3772 2971 3837 confusionem,
3025 3772 3490 3841 blasphemantes.

1882 3867 1986 3933 Qui
2012 3866 2246 3920 reddent
2294 3865 2559 3919 rationem
2589 3864 2638 3918 ei
2668 3908 2682 3932 ,
2715 3864 2808 3934 qui
2859 3875 3079 3932 paratus
3122 3874 3207 3919 est
3242 3862 3494 3933 judicare

1885 3964 2043 4013 vivos
2068 3969 2124 4013 et
2151 3968 2415 4013 mortuos.
2444 3959 2669 4029 Propter
2692 3958 2795 4012 hoc
2818 3960 2964 4014 enim
2988 3971 3044 4016 et
3070 3962 3299 4016 mortuis
3325 3976 3489 4015 evan-

1884 4053 2173 4124 gelizatutn
2232 4061 2373 4109 est:
2433 4060 2490 4107 ut
2551 4052 2862 4122 judicentur
2911 4054 3134 4125 quidem
3194 4054 3495 4111 secundum

1895 4157 2086 4197 omnes
2135 4141 2188 4196 in
2229 4157 2420 4208 carne,
2453 4143 2634 4197 vivant
2672 4153 2854 4200 autem
2891 4147 3192 4201 secundant
3233 4146 3397 4201 Deum
3442 4146 3499 4200 in

1888 4237 2105 4305 spiritu.
2136 4235 2391 4290 Omnium
2416 4246 2594 4293 autem
2624 4234 2750 4291 ﬁnis
2799 4238 3273 4308 apprOpinquavit.
3310 4236 3500 4290 Estote

1891 4334 2075 4399 itaque
2124 4328 2443 4399 prudentes,
2492 4339 2548 4385 et
2593 4330 2812 4400 vigilate
2856 4330 2908 4383 in
2950 4328 3311 4385 orationibus.
3358 4328 3501 4382 Ante

1893 4422 2075 4477 omnia
2121 4431 2328 4486 autem,
2371 4430 2612 4477 mutuam
2647 4422 2699 4476 in
2740 4420 3146 4490 vobismetipsis
3176 4418 3501 4474 charitatem

1897 4515 2209 4568 centinuam
2244 4514 2504 4567 habentes
2531 4530 2544 4566 :
2577 4512 2699 4583 quia
2723 4512 2961 4567 charitas
3000 4511 3177 4581 operit
3201 4510 3506 4567 multitudi-

1903 4622 2025 4660 nem
2056 4615 2423 4674 peccatorum.
2453 4604 2764 4675 Hospitales
2794 4604 3021 4659 invicem
3048 4604 3165 4658 sine
3191 4619 3503 4660 murmura-

1902 4699 2071 4754 tione.
2133 4697 2543 4768 Unusquisque,
2588 4696 2728 4751 sicut
2759 4697 2967 4766 accepit
3001 4696 3266 4764 gratiam,
3316 4698 3366 4751 in
3421 4699 3507 4753 alo

1902 4801 2167 4849 terutrum
2200 4792 2351 4847 illam
2377 4789 2821 4846 administrantes
2846 4830 2862 4857 ,
2890 4790 3031 4845 sicut
3073 4790 3197 4843 boni
3227 4790 3510 4859 dispensa.

1901 4898 2048 4943 tores
2074 4885 2428 4942 multiformis
2464 4884 2654 4954 gratia:
2684 4884 2798 4939 Dei.
2827 4884 2882 4939 Si
2913 4885 3034 4955 quis
3064 4884 3321 4954 loquitur,
3354 4884 3509 4954 quasi

1908 4992 2188 5035 sermones
2231 4978 2321 5031 Dei
2361 4994 2372 5030 :
2412 4976 2457 5031 si
2497 4978 2617 5046 quis
2656 4976 2943 5043 ministrat,
2988 4985 3256 5046 tamquam
3294 4993 3364 5032 ex
3403 4977 3512 5031 viro

1909 5080 2045 5135 tute,
2079 5085 2239 5138 quam
2268 5069 2607 5123 administrat
2637 5070 2779 5125 Deus
2809 5084 2826 5123 :
2852 5080 2913 5125 ut
2950 5069 3007 5124 in
3036 5070 3289 5125 omnibus
3334 5072 3509 5126 hono-

1911 5162 2154 5218 riﬁeetur
2186 5162 2326 5215 Deus
2371 5175 2465 5230 per
2492 5158 2679 5216 Jesum
2707 5158 2987 5217 Christum
3020 5179 3035 5216 :
3063 5163 3149 5218 cui
3195 5173 3276 5219 est
3316 5162 3510 5233 gloria,

1910 5264 1963 5308 et
2006 5253 2295 5322 imperium
2340 5250 2396 5307 in
2425 5250 2624 5306 stecula
2654 5252 2982 5308 saeculorum
3014 5271 3029 5308 :
3062 5257 3252 5309 Amen.
3286 5252 3512 5310 Charis-

1910 5346 2057 5416 simi,
2089 5344 2255 5400 nolite
2285 5344 2619 5415 peregrinari
2652 5346 2705 5400 in
2739 5347 2978 5414 fervore,
3010 5348 3099 5419 qui
3134 5348 3203 5403 ad
3251 5348 3513 5405 teotatio-

1904 5453 2029 5493 nem
2060 5437 2212 5494 vobis
2252 5435 2330 5503 ﬁt,
2366 5437 2517 5505 quasi
2568 5438 2693 5491 novi
2728 5438 2931 5509 aliquid
2986 5441 3142 5496 vobis
3186 5442 3510 5511 contingat:

1903 5530 2000 5585 sed
2038 5526 2502 5584 communicantes
2539 5527 2741 5583 Christi
2772 5512 3116 5599 passionibus
3158 5532 3410 5604 gaudete.
3457 5541 3519 5588 ut

1909 5632 1964 5678 et
1991 5622 2046 5678 in
2077 5621 2413 5678 revelatione
2439 5619 2626 5692 gloria:
2648 5621 2769 5692 ejus
2795 5624 3073 5694 gaudeatis
3101 5628 3522 5688 exnﬂtanlesﬁi

1909 5710 2315 5786 exprobramini
2364 5710 2417 5768 in
2450 5712 2669 5769 nomine
2696 5712 2923 5784 Christi,
2973 5715 3117 5776 beati
3159 5716 3315 5779 eritis
3350 5734 3363 5776 :
3426 5732 3535 5793 quo
