3946 6198
515 195 622 255 839

1537 196 1597 251 S.
1640 191 2026 251 HIEBONYMI
2064 188 2299 248 DIVINA
2337 186 2813 246 BIBLIOTHECA.

3735 193 3842 248 840

518 312 663 367 niam
690 311 835 384 quod
866 320 950 369 est
977 311 1218 379 honoris,
1242 292 1456 381 gloriic,
1485 319 1542 365 et
1566 312 1782 365 virtutis
1809 309 1927 377 Dei,
1954 319 2010 365 et
2033 309 2121 377 qui
2153 316 2204 373 Α
2227 304 2621 369 adolescentes,
2653 302 2853 358 subditi
2876 310 3051 358 estote
3075 301 3404 358 senioribus.
3428 302 3637 359 Umues
3661 317 3842 359 autem

512 414 596 462 est
628 406 748 475 ejus
776 405 1030 475 Spiritus,
1064 419 1228 474 super
1259 418 1355 458 vos
1379 403 1690 473 requiescit.
1736 402 1911 459 Nemo
1947 415 2126 457 autem

517 510 759 556 vestrum
790 499 1050 571 patiatur,
1092 506 1151 551 ut
1178 495 1468 561 homicida,
1507 506 1599 550 aut
1631 495 1737 571 fur,
1774 506 1865 549 aut
1908 495 2126 550 maledi.

516 605 637 658 cus,
684 600 778 645 aut
807 590 1113 646 alienorum
1150 588 1440 660 appetitor.
1469 587 1525 642 Si
1553 600 1732 642 autem
1767 599 1823 641 ut
1873 588 2127 642 uirida-

519 700 642 750 nus,
688 697 796 738 non
840 683 1162 738 erubescat:
1196 681 1465 752 glorificet
1494 689 1675 735 autem
1715 680 1881 735 Deum
1925 679 1976 733 in
2029 681 2131 735 isto

520 776 760 833 nomine.
792 772 1059 844 Quoniam
1089 783 1301 843 tempus
1322 783 1425 838 est,
1456 780 1517 827 ut
1548 770 1776 839 incipiat
1803 770 2070 840 judicium
2103 788 2131 823 a

524 867 689 924 domo
737 864 859 921 Dei.
913 864 971 923 Si
1016 877 1196 921 autem
1246 868 1555 947 primum}
1610 864 1787 928 nobis,
1838 864 1961 933 quis
2010 862 2133 918 ﬁnis

526 974 741 1027 eorum,
772 958 868 1030 qui
899 973 1007 1014 non
1038 958 1268 1014 credunt
1294 958 1389 1012 Dei
1424 957 1751 1027 Evangelio?
1786 956 1852 1011 Et
1884 956 1933 1009 si
1960 955 2135 1025 justus

523 1052 618 1108 vix
668 1051 990 1118 salvabitur,
1047 1051 1245 1122 impius
1286 1059 1342 1106 et
1393 1058 1645 1120 peccator
1690 1048 1782 1103 ubi
1832 1046 2136 1117 parebunt?

525 1142 711 1217 Itaque
754 1153 806 1202 et
852 1144 931 1215 hi,
980 1145 1071 1215 qui
1125 1144 1404 1215 patiuntur
1449 1142 1746 1198 secuudum
1802 1142 2136 1197 voluntatem

526 1236 648 1303 Dei,
683 1234 825 1292 ﬁdeli
856 1234 1105 1292 Creatori
1132 1234 1515 1291 commendent
1558 1235 1769 1287 animas
1800 1247 1923 1287 suas
1956 1234 2006 1286 in
2040 1231 2135 1286 be-

537 1329 789 1386 nefactis.

603 1419 753 1495 [Cap.
807 1420 897 1492 V.]
937 1420 1196 1477 Seniores
1234 1434 1387 1491 ergo,
1435 1420 1523 1492 qui
1572 1418 1626 1475 in
1659 1418 1810 1474 vobis
1852 1426 2000 1479 sunt,
2043 1417 2142 1472 ob-

2234 399 2462 454 invicem
2511 398 2872 454 humilitatem
2901 397 3195 465 insinuste,
3242 397 3368 467 quia
3400 397 3546 452 Deus
3595 400 3843 469 superbis

2232 496 2461 560 resistit,
2504 494 2804 550 humilibus
2829 505 3011 550 autem
3043 494 3136 549 dat
3178 495 3428 564 gratiam.
3470 494 3841 550 llumiliamini

2234 588 2401 658 igitur
2426 588 2526 643 sub
2562 590 2768 657 potenti
2816 603 2977 642 manu
3014 587 3129 654 Dei,
3165 595 3224 642 ut
3248 602 3347 641 vos
3376 588 3583 642 exaltet
3624 589 3675 642 iu
3715 598 3841 643 tem-

2235 695 2367 750 pore
2419 678 2797 734 visitatiouis:
2854 695 3070 734 omnem
3125 678 3551 734 sollicitmlincm
3609 691 3839 735 vestram

2236 773 2586 844 projicientes
2616 774 2670 827 in
2708 788 2830 828 eum
2854 814 2870 838 ,
2904 774 3160 843 quoniam
3210 773 3314 843 ipsi
3359 788 3490 828 cura
3520 781 3610 827 est
3647 772 3717 829 de
3748 789 3842 828 vo-

2244 865 2350 921 bis.
2393 864 2572 923 Subrii
2595 873 2802 934 estote,
2835 875 2889 919 et
2914 865 3131 936 vigilate
3170 883 3184 919 :
3218 865 3346 935 quia
3373 863 3724 920 adversarius
3759 881 3844 919 ve-

2236 966 2353 1015 ster
2382 958 2629 1013 diabolus
2655 970 2925 1029 tamquam
2973 958 3057 1013 leo
3103 957 3319 1028 rugiens
3344 958 3565 1026 circuit,
3596 973 3841 1029 quarens

2236 1067 2398 1122 quem
2428 1051 2653 1107 devoret
2684 1069 2699 1106 :
2731 1051 2816 1106 cui
2847 1050 3083 1107 resistite
3113 1050 3286 1106 fortes
3317 1051 3371 1105 iu
3422 1050 3531 1107 ﬁde
3561 1066 3578 1109 :
3614 1054 3843 1108 scientes

2237 1143 2484 1201 eamdem
2526 1143 2836 1213 passionem
2875 1143 2949 1208 ei,
2997 1160 3118 1213 quae
3162 1144 3219 1198 in
3269 1145 3477 1199 mundo
3507 1158 3616 1211 est,
3659 1155 3844 1201 vestra

2238 1237 2563 1292 fraternitati
2598 1236 2739 1291 ﬁeri.
2767 1235 2915 1292 Deus
2940 1245 3122 1292 autem
3163 1237 3343 1292 omnis
3379 1239 3592 1308 gratiae,
3619 1239 3711 1310 qui
3755 1254 3846 1295 vo-

2240 1332 2385 1386 cavit
2410 1344 2512 1383 nus
2544 1329 2598 1383 in
2630 1338 2890 1385 aeternam
2920 1344 3074 1383 suam
3100 1328 3326 1399 gloriam
3357 1329 3413 1383 in
3446 1329 3665 1385 Christo
3691 1331 3841 1397 Jesu,

2243 1422 2513 1478 modicum
2545 1436 2735 1490 passos
2777 1421 2894 1492 ipse
2922 1420 3187 1491 perﬁciet,
3238 1420 3600 1487 conﬁrmabit,
3641 1422 3841 1477 solida-

530 1527 709 1580 secro,
751 1514 1044 1569 consenior
1069 1523 1123 1568 et
1150 1512 1303 1569 testis
1332 1512 1536 1567 (lbristi
1572 1512 1883 1581 passionum
1913 1527 1926 1564 :
1953 1511 2046 1579 qui
2088 1520 2143 1565 et
2244 1513 2452 1584 bitque.
2486 1513 2591 1583 Ipsi
2638 1513 2834 1584 gloria,
2880 1520 2939 1569 et
2964 1512 3253 1584 imperium
3293 1513 3345 1568 in
3386 1513 3579 1569 saecula
3614 1513 3851 1571 saeculo-

530 1604 672 1676 ejus,
708 1620 830 1677 qua:
858 1603 912 1661 in
951 1602 1137 1660 futuro
1167 1604 1453 1662 revelauda
1481 1614 1588 1669 est,
1618 1603 1814 1674 gloria:
1843 1602 2145 1659 communi-
2247 1620 2390 1661 rum.
2419 1605 2615 1661 Amen.
2642 1605 2745 1661 Per
2769 1604 3047 1661 Silvanum
3076 1605 3291 1662 ﬁdelem
3318 1605 3529 1663 fratrem
3555 1606 3701 1666 vobis
3727 1650 3745 1674 ,
3783 1616 3855 1662 ut

535 1708 689 1756 cator
717 1718 729 1753 :
766 1700 970 1770 pascite
1014 1700 1104 1770 qui
1139 1699 1192 1755 in
1234 1699 1385 1753 vobis
1413 1705 1517 1767 est,
1562 1713 1778 1768 gregem
1816 1699 1928 1761 Dei,
1962 1696 2141 1767 provi-
2176 1711 2222 1771 Β
2248 1697 2512 1765 arbitror,
2540 1699 2776 1754 breviter
2804 1698 2995 1767 scripsi
3027 1716 3039 1750 ε
3074 1698 3369 1753 obsecrans
3409 1707 3464 1753 et
3504 1706 3847 1767 contestans,

535 1793 728 1850 dentes
755 1807 861 1847 non
890 1802 1101 1859 coacte,
1135 1792 1231 1848 sed
1259 1803 1557 1862 Spontauee
1598 1792 1893 1847 secundum
1929 1792 2095 1846 Deum
2129 1808 2140 1842 :
2249 1791 2391 1848 hanc
2416 1807 2536 1848 esse
2565 1807 2750 1848 veram
2779 1792 3010 1861 gratiam
3049 1792 3172 1860 Dei,
3205 1792 3259 1848 in
3289 1808 3391 1864 qua
3434 1792 3610 1847 statis.
3640 1791 3853 1847 Salutat

539 1901 716 1957 neque
745 1886 920 1957 turpis
962 1885 1097 1941 lucri
1129 1886 1326 1954 gratia,
1358 1883 1453 1939 sed
1484 1884 1790 1939 voluntarie
1823 1899 1836 1936 :
1870 1898 2043 1951 neque
2090 1890 2149 1936 ut
2247 1900 2345 1941 vos
2375 1886 2635 1953 Ecclesia,
2667 1900 2789 1956 qua:
2814 1892 2899 1940 est
2929 1884 2981 1940 in
3018 1885 3297 1957 Babylone
3323 1885 3585 1955 coelecta,
3615 1893 3665 1941 et
3709 1883 3851 1940 Mar-

539 1979 885 2036 dominantes
946 1978 1004 2034 in
1052 1978 1249 2043 cleris,
1297 1977 1391 2033 sed
1443 1977 1609 2031 forma
1659 1976 1781 2031 facti
1831 1976 2011 2047 gregis
2078 1991 2143 2030 ex

537 2073 742 2129 animo.
777 2071 846 2127 Et
870 2087 993 2127 cum
1022 2070 1335 2143 apparuerit
1363 2070 1614 2140 princeps
1643 2078 1941 2139 pastorum,
1968 2070 2145 2139 perci-

540 2166 699 2243 pictis
750 2165 1252 2223 immarceseibilein
1296 2164 1486 2236 gloria:
1525 2180 1805 2220 coronam.
1862 2164 2145 2229 Similiter,

2248 1993 2345 2034 cus
2376 1977 2519 2034 ﬁlius
2546 1993 2723 2035 meus.
2756 1978 3002 2036 Salutate
3040 1978 3273 2036 invicem
3306 1978 3361 2034 in
3402 1978 3595 2035 osculo
3639 1987 3846 2034 sancto.

2250 2071 2437 2129 Gratia
2487 2072 2642 2130 vobis
2686 2073 2962 2143 omnibus,
3018 2073 3114 2145 qui
3165 2073 3300 2130 estis
3326 2074 3382 2128 in
3432 2071 3655 2129 Christo
3700 2069 3844 2128 Iesu.

2256 2167 2453 2220 Amen.

1648 2254 1879 2328 Explicit
1904 2255 2144 2328 Epistula
2167 2255 2233 2313 B.
2267 2256 2416 2312 Petri
2442 2258 2667 2329 apostoli
2690 2256 2741 2311 Ι.

1297 2528 1472 2640 Β.
1545 2524 2124 2687 PETRI
2196 2521 3110 2639 APOSTOLI

2050 2715 2349 2780 INCIPIT

1163 2878 3225 3104 EPISTOLASECUNDA.

1949 3095 2318 3107 —-———g

611 3168 765 3243 [Cap.
797 3165 866 3240 1.]
894 3167 1084 3223 Simon
1113 3163 1333 3227 Petrus,
1384 3174 1575 3218 servus
1617 3168 1673 3215 et
1698 3157 1982 3229 apostolus
2010 3157 2141 3214 Jesu
2170 3162 2218 3224 (ζ
2251 3157 2490 3212 arbitror
2517 3155 2770 3228 quamdiu
2813 3170 2932 3211 sum
2956 3155 3017 3223 ,in
3048 3154 3151 3211 hoc
3188 3155 3557 3223 tabernaculo,
3586 3157 3844 3213 suscitare

540 3260 767 3325 Christi,
819 3260 885 3313 iis
927 3258 1020 3328 qui
1062 3253 1397 3325 coaequalem
1448 3251 1728 3306 nobiscum
1778 3248 1958 3304 sortiti
2014 3256 2146 3303 sunt

544 3353 706 3409 ﬁdem
738 3352 792 3406 iu
818 3349 1029 3421 justitia
1061 3347 1155 3403 Dei
1190 3346 1393 3411 nostri,
1422 3354 1476 3399 et
1503 3342 1802 3399 Salvatoris
1832 3342 1961 3398 Jesu
1984 3340 2146 3397 Chri-

546 3448 639 3502 sti.
686 3441 873 3501 Gratia
911 3441 1065 3497 vobis
1108 3448 1165 3494 et
1206 3452 1313 3506 pax
1345 3426 1713 3504 adimpleatur
1742 3435 1794 3488 in
1834 3432 2145 3504 cognitione

545 3537 674 3601 Dei.
704 3544 761 3592 et
783 3533 995 3591 Christi
1020 3530 1149 3588 Jesu
1176 3527 1389 3584 Domini
1424 3527 1596 3581 nostri
1625 3544 1637 3578 :
1669 3526 1942 3595 quomodo
1965 3525 2143 3580 omnia

540 3628 701 3686 nobis
725 3627 928 3684 divina:
948 3621 1167 3681 virtutis
1187 3633 1323 3684 sum,
1350 3633 1470 3689 qua:
1495 3615 1560 3671 ad
1584 3617 1775 3679 vitam,
1804 3624 1862 3669 et
1885 3614 2143 3684 pietatem

541 3714 741 3778 donata
770 3726 922 3783 sunt,
957 3731 1054 3789 per
1084 3712 1452 3785 cognitionem
1499 3709 1639 3780 ejus,
1684 3706 1777 3778 qui
1803 3707 2014 3762 vocavit
2040 3720 2141 3762 nos

540 3810 760 3884 proliria
795 3809 968 3883 gloria
994 3818 1051 3865 et
1082 3807 1315 3872 virtute,
1344 3819 1441 3875 per
1470 3816 1630 3874 quem
1661 3802 1894 3855 maxima
1926 3808 1982 3854 et
2014 3813 2139 3869 pre-

543 3903 680 3960 tiosa
712 3903 870 3959 nobis
899 3902 1168 3974 promissa
1190 3898 1421 3956 donavit
1443 3914 1458 3955 :
1479 3906 1535 3952 ut
1566 3910 1662 3966 per
1684 3895 1802 3951 haec
1824 3890 2141 3949 efficiamini

541 3996 744 4053 divina:
788 4004 1077 4053 consortes
1126 4007 1334 4067 natura}
1371 4010 1386 4051 :
1435 3993 1705 4064 fugientes
1745 3991 1887 4061 ejus,
1930 4006 2053 4060 qua:
2084 3988 2140 4044 in

539 4090 744 4148 mundo
763 4098 869 4156 est,
890 4088 1354 4159 concupiscentiae
1375 4087 1803 4157 corruptionem.
1825 4085 1935 4140 Vos
1957 4095 2138 4139 autem

539 4200 726 4243 curam
750 4197 969 4241 omnem
991 4180 1414 4245 subinfereutes,
1436 4181 1739 4234 ministrate
1760 4178 1816 4232 in
1838 4175 1943 4232 fide
1960 4185 2137 4232 vestra

539 4281 825 4344 virtutem,
871 4278 928 4333 in
981 4274 1180 4331 virtute
1211 4280 1390 4329 autem
1436 4271 1744 4339 scientiam,
1796 4269 1854 4324 in
1908 4268 2138 4324 scientia

537 4381 716 4431 autem
730 4370 1142 4437 abstinentiam,
1169 4367 1223 4422 in
1244 4363 1771 4435 abSIiueutia‘autem
1793 4361 2136 4432 patientiam,

538 4469 593 4524 in
616 4467 869 4538 patientia
888 4472 1071 4520 autem
1089 4462 1364 4533 pietatem,
1392 4459 1445 4514 in
1471 4458 1669 4529 pietate
1691 4463 1871 4511 autem
1895 4469 2135 4512 amorem

2247 3263 2345 3303 vos
2378 3249 2429 3304 in
2462 3248 2939 3303 communitionem
2966 3264 2980 3301 :
3010 3257 3190 3302 certus
3218 3246 3360 3318 quod
3391 3247 3549 3303 velox
3575 3257 3659 3303 est
3682 3248 3844 3318 depo-

2246 3341 2372 3395 sitio
2414 3340 2743 3395 tabernaculi
2792 3338 2920 3405 mei,
2964 3339 3260 3395 secundum
3309 3338 3453 3410 quod
3494 3350 3552 3396 et
3591 3340 3841 3396 Dominus

2248 3442 2431 3490 noster
2457 3434 2615 3489 Jesus
2640 3432 2893 3488 Christus
2921 3432 3243 3503 signiﬁcavit
3283 3432 3435 3488 inihi.
3487 3432 3639 3489 Dabo
3667 3444 3840 3488 autem

2248 3541 2471 3597 operam
2494 3536 2550 3581 et
2574 3526 2889 3597 frequenter
2915 3524 3117 3581 habere
3142 3538 3241 3580 vos
3263 3531 3387 3594 post
3411 3525 3620 3580 obitum
3643 3540 3836 3589 meum,

2251 3630 2309 3675 ut
2340 3619 2530 3675 horum
2560 3619 2879 3674 memoriam
2908 3618 3136 3674 faciatis.
3164 3617 3280 3673 Non
3306 3618 3453 3674 enim
3482 3617 3671 3675 doctas
3692 3618 3836 3673 fabu-

2249 3713 2328 3768 las
2354 3711 2550 3778 secuti,
2583 3721 2769 3767 notam
2817 3710 3045 3767 fecimus
3077 3710 3231 3766 vobis
3272 3710 3485 3766 Domini
3514 3712 3683 3767 nostri
3713 3710 3834 3767 Jesu

2245 3805 2443 3861 Christi
2488 3804 2747 3861 virtutem
2798 3814 2854 3862 et
2898 3804 3245 3878 przcsentiam
3288 3818 3304 3863 :
3347 3804 3444 3860 sed
3476 3804 3835 3876 speculatores

2243 3898 2371 3955 facti
2401 3898 2546 3955 illius
2575 3898 2981 3970 magnitudinis.
3005 3898 3290 3969 Accipiens
3314 3896 3460 3955 enim
3485 3913 3517 3953 a
3550 3900 3657 3954 Deo
3683 3897 3834 3953 Patre

2246 3992 2506 4048 honorem
2528 4001 2584 4048 et
2610 3992 2863 4064 gloriam,
2908 4006 3041 4047 voce
3081 3991 3297 4062 delapsa
3327 3990 3392 4045 ad
3430 4006 3551 4045 eum
3594 3990 3833 4059 hujusce-

2243 4085 2387 4141 modi
2411 4100 2440 4139 a
2464 4085 2748 4156 magniﬁca
2766 4084 2941 4156 gloria
2965 4102 2976 4139 ι
2998 4084 3097 4140 Hic
3116 4093 3201 4140 est
3221 4083 3392 4139 Filius
3416 4098 3565 4140 meus
3583 4083 3823 4149 dilectus,

2244 4181 2297 4235 in
2326 4194 2434 4251 quo
2463 4179 2592 4234 mihi
2613 4178 2944 4255 complacui,
2971 4178 3143 4249 ipsum
3165 4175 3367 4233 audite.
3399 4176 3468 4232 Et
3489 4176 3621 4232 hanc
3645 4188 3823 4230 vocem

2242 4288 2343 4329 uos
2379 4273 2683 4329 audivimus
2708 4271 2778 4328 de
2806 4271 2946 4328 cutio
2988 4271 3234 4339 allatam,
3278 4285 3400 4325 cum
3447 4282 3678 4324 essemus
3705 4280 3823 4320 cum

2242 4368 2359 4439 ipso
2390 4369 2442 4421 in
2486 4374 2668 4421 monte
2709 4372 2919 4420 sancto.
2973 4365 3037 4419 Et
3072 4363 3333 4420 habemus
3379 4364 3653 4419 firmiorem
3698 4373 3821 4427 pro-

2242 4459 2517 4531 pheticum
2562 4470 2868 4515 sermonem
2909 4458 3037 4514 :cui
3093 4457 3415 4513 benefacitis
3463 4455 3816 4518 attendentes,

538 4558 915 4624 fraternitatis,
934 4557 986 4611 in
1006 4567 1194 4609 amore
1208 4560 1387 4608 autem
1405 4548 1768 4607 fraternitatis
1786 4547 2135 4603 charitatem.
2165 4557 2220 4616 Ι)
2244 4553 2397 4625 quasi
2431 4554 2668 4609 lucerna;
2701 4551 2901 4607 lucenli
2944 4550 2998 4606 in
3031 4550 3332 4622 caliginoso
3359 4551 3488 4613 loco,
3509 4548 3666 4602 donec
3695 4542 3821 4600 dies

536 4650 666 4709 llaec
680 4651 823 4708 enim
844 4648 890 4706 si
905 4648 1187 4706 vobiscum
1207 4645 1410 4711 adsint,
1426 4653 1481 4701 et
1491 4650 1772 4715 superent,
1789 4657 1895 4696 non
1910 4656 2131 4711 vacuos,

537 4757 637 4799 nec
655 4742 775 4799 sine
796 4741 977 4797 fructu
997 4754 1096 4795 vos
1115 4738 1447 4795 constituent
1481 4737 1533 4791 iu
1558 4733 1772 4790 Domini
1802 4734 1973 4789 nostri
2004 4733 2134 4790 Jesu

533 4834 738 4892 Christi
754 4836 1079 4907 cognitione.
1101 4831 1201 4889 Cui
1220 4834 1365 4890 enim
1385 4847 1490 4887 non
1509 4836 1712 4901 prmsto
1730 4837 1860 4884 sunt
1876 4826 2013 4894 bace,
2026 4842 2133 4883 cae-

535 4944 632 4985 cus
648 4938 753 4996 est,
777 4937 834 4985 et
855 4943 1016 4984 manu
1041 4935 1279 4992 teutans,
1294 4924 1620 4981 oblivionem
1644 4919 1912 4992 accipiens
1936 4934 2131 4991 purga-

512 5024 695 5096 tionis
739 5033 983 5079 veterum
1006 5036 1228 5078 suorum
1249 5017 1595 5075 delictorum.
1640 5015 2001 5085 Quapropter.
2028 5010 2136 5066 fra-

531 5127 667 5183 tres,
682 5118 851 5191 magis
871 5118 1117 5189 satagite,
1132 5123 1194 5172 ut
1207 5131 1303 5189 per
1317 5114 1460 5172 bona
1478 5126 1642 5185 opera
1660 5117 1865 5168 certam
1890 5120 2130 5165 vestram

528 5211 870 5268 vocationem
887 5219 941 5267 et
955 5210 1277 5267 electionem
1293 5207 1526 5263 faciatis:
1545 5207 1662 5261 haec
1682 5203 1827 5260 enim
1848 5202 2129 5268 facientes,

532 5317 639 5359 non
659 5301 954 5373 peccabitis
977 5299 1294 5369 aliquando.
1322 5296 1413 5356 Sic
1442 5297 1586 5354 enim
1608 5293 1947 5351 abundanter
1968 5290 2128 5347 mini-

532 5393 793 5450 strabitur
815 5392 969 5449 vobis
990 5391 1243 5447 introitus
1287 5389 1340 5444 iu
1366 5398 1635 5445 aeternum
1665 5399 1888 5457 regnum
1910 5382 2126 5439 Domini

534 5484 729 5553 nostri,
751 5492 807 5541 et
829 5483 1127 5540 Salvatoris
1143 5480 1275 5539 Jesu
1295 5479 1519 5535 Christi.
1562 5478 1794 5549 Propter
1819 5475 1961 5548 quod
1994 5474 2127 5531 inci-

534 5580 676 5649 piam
688 5594 791 5634 vos
805 5592 1024 5649 semper
1037 5588 1385 5635 commonere
1401 5573 1470 5630 de
1479 5569 1872 5643 his,etquidem
1890 5568 2126 5624 scientes

529 5680 583 5728 et
599 5670 948 5730 conﬁrmatos
972 5684 1072 5729 vos
1090 5672 1145 5730 in
1170 5667 1424 5742 presenti
1447 5666 1693 5725 veritate.
1711 5663 1922 5722 Iustum
1943 5669 2123 5720 autem

2240 4645 2540 4709 elucescat,
2574 4651 2631 4698 et
2658 4641 2849 4698 lucifer
2876 4643 3083 4697 oriatur
3109 4643 3159 4697 iu
3190 4642 3447 4699 cordibus
3473 4639 3651 4695 vestris
3675 4653 3692 4689 :
3718 4635 3823 4691 hoc

2237 4734 2470 4806 primum
2491 4730 2876 4805 intelligentes,
2892 4733 3033 4802 quod
3051 4733 3228 4790 omnis
3245 4732 3525 4805 prOpbetia
3541 4730 3823 4800 Scriptura:

2240 4828 2455 4899 pr0pria
2496 4825 2947 4896 interpretatione
2977 4842 3083 4880 non
3118 4824 3196 4881 ﬁt.
3226 4826 3345 4881 Non
3374 4826 3518 4881 enim
3560 4822 3823 4877 voluntate

2238 4921 2472 4977 humana
2504 4919 2664 4975 allata
2690 4925 2775 4976 est
2807 4918 3101 4989 aliquando
3142 4918 3426 4991 prophetia
3463 4938 3475 4972 :
3508 4917 3598 4972 sed
3627 4914 3824 4985 Spiritu

2239 5022 2427 5069 sancto
2461 5012 2729 5081 inSpirati,
2766 5011 2930 5065 locuti
2959 5021 3088 5067 sunt
3120 5010 3294 5067 sancti
3325 5009 3422 5065 Dei
3457 5009 3721 5065 homines.

2311 5103 2460 5177 [Cap.
2495 5100 2582 5175 ll.]
2613 5101 2855 5187 Fuerunt
2891 5115 3023 5159 vero
3054 5111 3109 5159 et
3139 5101 3627 5174 pseudoproplteta‘.
3650 5100 3705 5154 iu
3739 5112 3825 5169 po.

2238 5198 2396 5268 pttlo;
2427 5196 2572 5252 sicut
2599 5206 2655 5251 et
2680 5195 2732 5250 iu
2765 5194 2922 5250 vobis
2947 5204 3109 5252 erunt
3131 5197 3379 5267 magistri
3405 5195 3713 5263 mendaces,
3740 5190 3822 5261 qui

2234 5290 2647 5347 iutroducentes
2673 5295 2849 5343 sectas
2882 5288 3225 5357 perditionis,
3275 5297 3331 5344 et
3376 5302 3521 5353 eum,
3570 5285 3662 5356 qui
3700 5282 3824 5340 emit

2233 5395 2351 5451 eos,
2383 5380 2670 5436 Dominum
2718 5389 2936 5451 negant,
2978 5378 3404 5451 superducentes
3445 5378 3550 5434 sibi
3595 5376 3820 5433 celerem

2234 5473 2613 5544 perditionem.
2641 5472 2709 5525 Et
2731 5472 2884 5526 multi
2906 5482 3198 5542 sequentur
3223 5486 3412 5527 eorum
3445 5470 3710 5535 luxurias,
3736 5483 3821 5535 per

2231 5578 2366 5636 quos
2388 5564 2471 5618 via
2493 5562 2739 5617 veritatis
2762 5562 3222 5632 blasphemabitur
3246 5579 3262 5618 :
3282 5573 3339 5619 et
3361 5563 3414 5618 in
3440 5562 3668 5617 avaritia
3694 5559 3819 5616 ﬁctis

2232 5655 2413 5716 verbis
2437 5653 2507 5713 de
2535 5652 2689 5710 vobis
2719 5657 3170 5729 negotiabuntur:
3201 5656 3401 5729 quibus
3422 5655 3691 5728 judicium
3716 5652 3817 5726 jam
