3946 6198
134 152 238 208 841

1063 158 1124 213 Β.
1165 162 1445 222 JUANNIS
1485 164 1822 224 APOSTOLI
1858 166 2193 225 EPISTOLA
2234 169 2465 225 PRIMA.
2522 222 2523 225 η

3318 174 3423 228 842

136 267 271 324 olim
302 284 413 325 non
442 276 655 336 cessat;
684 279 739 326 et
765 270 994 341 perditio
1020 288 1207 329 eorum
1233 292 1341 332 non
1370 278 1647 337 dormitat.
1674 283 1730 339 Si
1760 284 1807 346 Α
1835 286 1979 341 enim
2001 285 2081 341 eis
2101 285 2230 340 illud
2254 286 2364 341 veri
2387 283 2657 356 proverbii
2683 284 2882 339 :Canis
2902 297 3157 341 reversus
3178 284 3245 341 ad
3267 300 3425 343 suum

142 362 293 417 enim
318 362 461 419 Deus
482 365 688 434 angelis
721 366 1067 434 peccantibus
1089 383 1194 423 non
1226 374 1486 440 pepercit,
1520 375 1614 431 sed
1645 391 1737 431 ru-

145 452 407 510 dentibus
441 453 639 511 inferni
684 454 953 511 detractos
984 458 1036 512 in
1067 470 1321 515 tartarum
1358 464 1578 520 tradidit
1616 481 1737 522 cru-

140 544 393 612 ciandos,
432 545 485 599 in
522 546 783 616 judicium
814 549 1100 604 reservari.
1137 550 1208 605 Et
1245 552 1494 623 originali
1533 558 1739 613 mundo

141 650 257 691 non
304 638 573 708 pepercit,
607 638 703 693 sed
732 648 981 695 octavum
1024 641 1140 698 Noe
1166 644 1391 713 justitie
1432 662 1736 718 praeconem

140 728 459 794 custodivit,
488 729 746 785 diluvium
771 732 973 787 mundo
1016 733 1307 805 impiorum
1348 737 1632 797 inducens.
1668 745 1738 799 Et

151 816 403 873 civitates
430 816 790 876 Sodomorum
817 830 872 877 et
896 822 1373 884 Gomorrhteorum
1403 831 1456 885 in
1498 833 1735 889 cinerem

140 906 423 977 redigens,
444 911 727 969 eversione
748 912 1051 971 damnavit:
1072 921 1388 988 exemplum
1411 937 1621 989 eorum,
1644 926 1736 995 qui

142 1000 310 1072 impie
338 1004 511 1058 acturi
540 1015 687 1074 sunt,
715 1021 920 1075 ponens
948 1028 959 1061 :
984 1018 1038 1064 et
1060 1010 1264 1081 justum
1288 1012 1388 1068 Lot
1417 1030 1734 1085 Oppressum

142 1108 174 1147 a
218 1094 578 1153 nefandorum
630 1100 857 1171 injuria,
906 1118 968 1158 ac
1009 1104 1280 1161 luxuriosa
1329 1111 1739 1167 conversatione

137 1187 341 1257 eripuit
364 1207 377 1241 :
402 1200 624 1260 aSpectu
646 1193 812 1259 enim,
840 1204 892 1248 et
915 1194 1096 1250 auditu
1115 1196 1294 1265 justus
1315 1208 1432 1254 erat
1451 1217 1465 1253 :
1490 1200 1740 1257 habitans

138 1279 289 1349 apud
319 1294 443 1346 eos,
473 1284 562 1354 qui
588 1284 654 1338 de
681 1284 770 1340 die
802 1286 853 1340 in
880 1286 1023 1342 diem
1048 1290 1281 1344 animam
1306 1290 1513 1359 justam
1541 1294 1739 1365 iniquis

137 1373 404 1442 aperibus
431 1378 762 1433 cruciabaut.
805 1378 971 1434 Novit
1012 1380 1269 1437 Dominus
1298 1383 1416 1453 pios
1458 1386 1527 1443 de
1560 1396 1739 1444 tenta-

138 1465 292 1523 tione
324 1470 572 1538 eripere:
601 1472 815 1544 iniquos
841 1489 971 1529 vero
998 1475 1049 1530 in
1078 1476 1221 1532 diem
1241 1478 1429 1547 judicii
1456 1496 1739 1539 reservare

136 1561 470 1616 cruciandos
502 1581 514 1616 :
553 1564 721 1636 magis
767 1576 948 1621 autem
998 1583 1111 1635 eos,
1146 1571 1235 1639 qui
1279 1581 1402 1641 post
1436 1588 1655 1630 carnem
1684 1576 1739 1631 itt

1838 379 2141 434 vomitum:
2174 387 2265 433 et:
2298 378 2404 435 Sus
2435 379 2541 433 lota
2574 378 2625 432 in
2652 376 2935 435 volutabra
2966 378 3088 432 luti.

1913 470 2062 542 [Cap.
2095 468 2205 541 lll.]
2236 470 2384 526 lianc
2409 485 2537 527 ecce
2567 471 2740 538 vobis,
2768 470 3105 535 cltarissimi,
3131 471 3424 527 secundam

1838 562 2020 619 scribo
2050 562 2359 633 epistolam,
2392 562 2446 618 in
2474 563 2674 634 quibus
2699 574 2938 619 vestram
2964 563 3144 618 excito
3184 563 3237 617 in
3277 580 3427 618 com-

1839 658 2141 714 monitione
2174 657 2441 714 sinceram
2488 666 2724 714 mentem
2750 676 2762 711 :
2791 667 2852 712 ut
2882 671 3152 713 memores
3177 656 3299 712 sitis
3334 673 3428 713 eo-

1840 765 1982 814 rum,
2011 764 2132 819 qua:
2154 748 2380 819 prwdixi
2397 788 2414 815 ,
2441 750 2739 805 verborum
2767 764 2797 804 a
2820 748 3020 804 sanctis
3053 747 3350 818 prophetis,
3375 756 3429 803 et

1838 838 2210 909 apostolorum
2232 848 2563 905 vestrorum,
2587 847 2982 911 praeceptorum
3005 838 3217 895 Domini
3239 847 3293 894 et
3313 837 3430 894 Sal-

1839 929 2067 986 vatoris.
2112 929 2228 986 Hoc
2274 931 2508 1000 primum
2535 931 2797 999 scientes,
2825 931 2969 1002 quod
3001 931 3220 985 venient
3247 931 3299 985 in
3331 944 3429 985 no-

1840 1023 2074 1079 vissimis
2112 1023 2304 1080 diebus
2344 1025 2396 1079 in
2438 1024 2761 1094 deceptione
2804 1024 3079 1093 illusores,
3118 1025 3268 1093 juxta
3302 1039 3431 1095 pro-

1841 1115 1986 1185 prias
2011 1116 2481 1186 concupiscentias
2508 1116 2872 1185 ambulantes,
2904 1117 3147 1172 dicentes
3176 1133 3189 1170 :
3221 1116 3321 1172 Ubi
3350 1126 3433 1172 est

1841 1208 2155 1278 promissio,
2202 1217 2298 1264 aut
2325 1209 2595 1265 adventus
2639 1209 2794 1279 ejus?
2834 1225 2903 1265 ex
2932 1226 3039 1280 quo
3067 1211 3212 1266 enim
3245 1220 3430 1281 patres

1841 1300 2203 1366 dormierunt.
2222 1302 2400 1357 omnia
2418 1303 2500 1357 sic
2520 1310 2869 1371 perseverant
2886 1303 2955 1358 ab
2974 1302 3130 1358 initio
3145 1312 3428 1358 creaturae.

1840 1390 1998 1447 Latet
2024 1392 2170 1447 enim
2191 1407 2286 1447 eos
2315 1391 2419 1448 hoc
2448 1392 2716 1458 volentes,
2747 1393 2891 1464 quod
2923 1393 3046 1449 caeli
3076 1404 3232 1448 erant
3261 1393 3435 1463 prius,

1843 1494 1897 1538 et
1920 1492 2085 1549 terra,
2104 1484 2173 1539 de
2200 1496 2337 1553 aqua
2364 1492 2420 1538 et
2438 1498 2533 1553 per
2556 1499 2748 1553 aquam
2776 1484 3083 1540 consistens
3104 1485 3197 1539 Dei
3227 1485 3429 1540 verbo:

1845 1590 1942 1646 per
1955 1591 2079 1646 qua:
2103 1576 2193 1630 ille
2219 1584 2347 1631 tunc
2364 1576 2601 1631 mundus
2623 1592 2759 1647 aqua
2783 1578 3071 1632 inundatus
3092 1577 3272 1646 periit.
3296 1576 3434 1631 Coeli

138 1651 594 1721 concupiscentia
657 1657 1013 1713 immundititc
1068 1662 1368 1729 ambulant,
1418 1664 1744 1722 dominatio-
1771 1655 1821 1715 Β
1847 1678 2025 1723 autem
2052 1670 2143 1739 qui
2175 1684 2319 1724 nunc
2343 1679 2491 1734 sunt,
2518 1679 2572 1724 et
2601 1680 2769 1736 terra,
2796 1670 2988 1725 eodem
3018 1670 3187 1725 verbo
3209 1672 3436 1739 repositi

138 1758 385 1814 nemque
406 1756 783 1813 contemnunt,
814 1750 1069 1817 audaces,
1106 1752 1209 1807 sibi
1240 1753 1536 1821 placentes,
1566 1768 1744 1813 sectas

136 1850 254 1891 non
288 1844 532 1892 metuunt
560 1838 901 1896 introducere
933 1841 1407 1913 blasphemantes:
1441 1847 1529 1902 ubi
1566 1850 1765 1916 angeli

135 1928 466 1986 fortitudine
495 1940 549 1985 et
578 1932 780 1988 virtute
809 1949 930 1989 cum
960 1936 1067 1991 sint
1095 1937 1350 2008 majores,
1388 1955 1492 1995 non
1526 1950 1745 2011 portant

140 2020 443 2076 adversum
470 2036 531 2077 se
551 2025 880 2080 exsecrabile
892 2026 1174 2096 judicium.
1198 2029 1259 2083 Hi
1289 2046 1421 2086 vero
1444 2032 1590 2087 velut
1610 2034 1747 2089 irra-

135 2114 429 2171 tionabilia
457 2132 673 2187 pecora,
699 2120 1023 2177 naturaliter
1044 2121 1096 2176 in
1125 2125 1431 2194 captionem
1459 2136 1515 2181 et
1538 2126 1590 2181 in
1618 2142 1747 2198 per-

131 2205 342 2263 niciem
376 2208 429 2262 in
474 2209 559 2264 his
600 2225 721 2280 qua:
765 2210 1019 2283 ignorant
1044 2213 1504 2285 blasphemantes,
1534 2216 1589 2271 in
1620 2231 1745 2272 cor—

132 2300 407 2369 ruptione
450 2316 546 2356 sua
592 2302 877 2384 peribunt,
921 2305 1284 2375 percipientes
1313 2306 1618 2363 mercedem
1661 2308 1747 2363 in-

126 2391 399 2465 justitiaa,
429 2394 759 2465 voluptatem
779 2398 1151 2454 existimantes
1177 2398 1285 2455 diei
1310 2398 1534 2455 delicias
1560 2417 1572 2454 :
1597 2401 1749 2456 coin-

132 2487 523 2559 quinationes,
538 2496 595 2543 et
615 2490 839 2545 maculze
857 2490 1069 2548 deliciis
1084 2491 1393 2559 afﬂuentes,
1415 2492 1468 2549 in
1484 2494 1748 2551 conviviis

131 2580 260 2634 suis
305 2579 644 2636 luxuriantes
686 2581 989 2652 vobiscum,
1038 2585 1224 2640 oculos
1268 2584 1527 2641 habentes
1557 2585 1749 2656 plenos

134 2670 440 2738 adulterii,
486 2683 538 2728 et
572 2673 904 2730 incessabilis
932 2675 1136 2731 delicti.
1162 2676 1507 2732 Pellicientes
1535 2678 1751 2733 animas

136 2763 463 2832 instabiles,
493 2780 590 2820 cor
616 2766 971 2822 exercitatum
997 2767 1221 2823 avaritia
1250 2768 1538 2835 habentes,
1581 2768 1751 2824 male-

137 2853 415 2911 dictionis
440 2854 533 2910 ﬁlii
561 2873 575 2915 ;
609 2856 1057 2927 derelinquentes
1092 2868 1294 2915 rectam
1331 2860 1496 2927 viam,
1529 2873 1750 2915 errave-

131 2956 299 3015 runt,
335 2949 515 3003 secuti
544 2948 681 3003 viam
725 2948 943 3004 Balaam
988 2965 1055 3005 ex
1090 2949 1277 3016 Bosor,
1314 2951 1405 3022 qui
1441 2950 1748 3007 mercedem

1847 1771 1996 1829 sunt,
2028 1760 2136 1831 igni
2166 1761 2427 1817 reservati
2458 1760 2513 1814 in
2564 1761 2706 1815 diem
2743 1760 2967 1829 judicii,
3013 1770 3069 1816 et
3114 1760 3435 1828 perditionis

1848 1850 2137 1921 impiorum
2165 1852 2468 1907 hominum.
2496 1850 2675 1908 Unum
2702 1866 2835 1907 vero
2862 1851 2965 1906 hoc
2990 1866 3097 1905 non
3119 1851 3287 1907 lateat
3314 1868 3436 1918 vos,

1847 1944 2175 2015 charissimi,
2234 1946 2359 2017 quia
2418 1961 2559 2001 unus
2608 1945 2726 2001 dies
2773 1945 2914 2014 apud
2963 1944 3248 2000 Dominum
3300 1945 3443 1999 sicut

1849 2037 1997 2093 mille
2016 2037 2164 2102 anni,
2198 2047 2249 2093 et
2278 2037 2428 2093 mille
2447 2037 2575 2091 anni
2602 2037 2743 2092 sicut
2776 2036 2893 2092 dies
2928 2050 3088 2091 unus.
3118 2035 3235 2091 Non
3262 2035 3441 2091 tardat

1849 2129 2113 2185 Dominus
2162 2130 2579 2198 promissionem
2631 2120 2784 2183 suam
2834 2129 2979 2183 sicut
3006 2128 3225 2197 quidam
3255 2129 3443 2183 existi-

1847 2227 2001 2275 mant
2026 2238 2039 2274 :
2066 2220 2161 2274 sed
2189 2219 2458 2288 patienter
2484 2219 2591 2289 agit
2614 2227 2838 2289 propter
2866 2231 2985 2286 vos,
3014 2217 3206 2273 nolens
3228 2217 3439 2287 aliquos

1850 2310 2054 2379 perire,
2083 2308 2176 2365 sed
2208 2324 2396 2364 onmes
2417 2309 2484 2364 ad
2510 2310 2887 2379 paenitentiam
2923 2310 3147 2366 reverti.
3171 2310 3444 2365 Adveniet

1850 2410 2028 2455 autem
2072 2401 2187 2455 dies
2220 2399 2454 2469 Domini,
2487 2409 2546 2455 ut
2569 2399 2696 2457 fur:
2728 2401 2781 2455 in
2822 2416 2931 2470 quo
2960 2400 3090 2457 cmli
3120 2415 3315 2471 magno
3339 2401 3439 2454 im-

1852 2504 1978 2564 petu
2003 2495 2289 2561 transient,
2317 2494 2590 2550 elementa
2610 2508 2740 2550 vero
2762 2494 2943 2549 calore
2965 2494 3264 2558 solventur,
3294 2503 3440 2548 terra

1851 2598 2066 2653 autem,
2107 2596 2163 2641 et
2190 2602 2309 2655 qua:
2350 2586 2403 2639 in
2436 2587 2550 2656 ipsa
2580 2594 2707 2641 sunt
2734 2600 2927 2657 opera,
2958 2593 3278 2642 exurentur.
3309 2583 3442 2638 Cum

1852 2678 2021 2748 igitur
2052 2678 2169 2733 hzec
2197 2678 2378 2733 omnia
2412 2676 2756 2732 dissolvenda
2801 2678 2946 2744 sint,
2998 2677 3183 2746 quales
3227 2686 3445 2746 oportet

1856 2784 1958 2826 vos
1988 2785 2111 2826 esse
2142 2770 2195 2823 in
2228 2769 2433 2823 sanctis
2478 2768 2983 2825 conversationibus
3022 2776 3076 2823 et
3127 2768 3441 2837 pietatibus,

1852 2867 2251 2930 exspectantes,
2267 2867 2322 2914 ct
2338 2866 2693 2929 properantes
2709 2858 2761 2913 in
2779 2859 3065 2913 adventum
3084 2858 3189 2912 diei
3208 2856 3448 2919 Domini,

1855 2967 1951 3022 per
1976 2966 2136 3022 quem
2166 2950 2289 3006 caeli
2310 2949 2565 3005 ardentes
2594 2949 2894 3015 solventur,
2928 2958 2982 3004 et
3011 2950 3273 3004 elementa
3306 2945 3445 3017 ignis

134 3038 459 3110 iniquitatis
502 3040 701 3095 amavit
737 3057 752 3098 :
781 3042 1181 3112 correptionem
1230 3058 1361 3099 vero
1404 3043 1592 3099 habuit
1633 3058 1748 3100 sua:
1776 3032 1823 3096 C
1852 3042 2045 3098 ardore
2081 3042 2388 3097 tabescent!
2422 3040 2602 3096 Novos
2628 3054 2759 3095 vero
2797 3040 2988 3107 caelos,
3020 3048 3075 3095 et
3104 3053 3296 3093 novam
3336 3046 3446 3092 ter-

134 3130 420 3200 vesaniaz,
479 3131 757 3202 subjugale
808 3141 1016 3188 mutum
1063 3133 1279 3202 animal,
1332 3134 1570 3189 hominis
1617 3150 1751 3191 voce

134 3221 410 3293 loquens,
442 3224 724 3292 prohibuit
754 3224 1029 3296 propheta:
1079 3225 1462 3297 insipientiam.
1512 3226 1578 3281 Hi
1625 3238 1753 3284 sunt

132 3314 330 3370 fontes
380 3312 504 3369 sine
546 3329 705 3384 aqua,
736 3325 793 3371 et
839 3316 1050 3372 nebula:
1096 3316 1397 3373 turbinibus
1441 3317 1745 3388 exagitatae,

134 3405 351 3477 quibus
379 3404 553 3477 caligo
583 3406 927 3462 tenebrarum
959 3416 1289 3464 reservatur.
1329 3409 1571 3478 Superba
1604 3410 1751 3464 enim

133 3497 413 3553 vanitatis
451 3496 759 3568 loquentes,
808 3498 1091 3569 pelliciunt
1140 3498 1193 3553 in
1241 3499 1531 3555 desideriis
1572 3500 1751 3555 carnis

132 3591 387 3649 luxuriae
416 3605 537 3659 eos,
570 3592 659 3661 qui
700 3592 978 3662 paululum
1010 3592 1293 3663 eli‘ugiunt,
1325 3593 1417 3663 qui
1463 3594 1516 3647 in
1564 3608 1753 3649 errore

130 3691 553 3739 conversantur
594 3700 609 3736 :
655 3682 959 3739 libertatem
1012 3683 1122 3739 illis
1174 3685 1582 3752 promittentes,
1628 3700 1751 3739 cum

132 3774 251 3846 ipsi
282 3772 435 3831 servi
454 3773 562 3829 sint
588 3775 956 3844 corruptionis
984 3794 998 3831 :
1027 3790 1054 3829 a
1082 3791 1189 3847 quo
1210 3776 1357 3833 enim
1387 3776 1505 3846 quis
1535 3790 1754 3845 supera-

130 3876 229 3924 tus
258 3875 376 3933 est,
401 3865 560 3936 hujus
584 3876 639 3923 et
658 3882 846 3923 servus
876 3877 981 3924 est.
1008 3868 1063 3923 Si
1086 3868 1231 3923 enim
1254 3868 1585 3938 refugientes
1604 3870 1752 3923 coin-

132 3961 504 4035 quinationes
531 3960 713 4016 mundi
766 3962 818 4015 in
867 3962 1177 4033 cognitione
1210 3959 1426 4016 Domini
1465 3962 1655 4027 nostri,
1700 3971 1757 4017 et

130 4054 459 4115 Salvatoris
490 4054 619 4110 Jesu
668 4054 893 4121 Christi,
940 4055 1022 4110 bis
1054 4070 1243 4110 rursus
1284 4053 1544 4122 implicati
1589 4068 1754 4122 supe-

128 4160 381 4210 rantur:
406 4148 547 4205 l'acta
577 4158 704 4205 sunt
724 4149 806 4204 eis
830 4150 1135 4221 posteriora
1157 4147 1430 4204 deteriora
1464 4144 1751 4216 prioribus.

129 4244 352 4304 Melius
377 4241 521 4298 enim
552 4250 671 4297 erat
696 4242 806 4298 illis
838 4258 945 4299 non
975 4256 1310 4314 cognoscere
1339 4241 1482 4295 viam
1511 4238 1752 4309 justitiae,

1854 3150 1969 3190 ram
2000 3132 2297 3190 secundum
2321 3133 2592 3205 promissa
2623 3132 2793 3201 ipsius
2821 3134 3219 3201 exspectamus,
3250 3130 3304 3184 in
3326 3128 3445 3199 qui-

1852 3225 1953 3282 bus
1990 3226 2201 3295 justitia
2231 3224 2461 3279 habitat.
2492 3223 2723 3294 Propter
2760 3222 2931 3293 quod,
2965 3221 3297 3287 cltarissimi,
3330 3219 3448 3276 haec

1854 3325 2253 3385 exspectantes,
2275 3315 2502 3385 satagite
2531 3314 2863 3368 immaculati
2882 3324 2933 3368 et
2952 3312 3192 3369 inviolati
3217 3312 3267 3367 ei
3297 3311 3446 3367 inve-

1856 3409 1958 3465 niri
1988 3410 2041 3464 in
2067 3424 2219 3480 pace.
2251 3410 2315 3464 Et
2347 3408 2564 3465 Domini
2588 3410 2757 3463 nostri
2784 3407 3269 3479 longanimitatem,
3299 3406 3443 3461 salu-

1858 3512 1964 3557 tem
2006 3502 2346 3559 arbitremini
2372 3519 2386 3557 :
2419 3503 2563 3558 sicut
2598 3510 2653 3560 et
2682 3501 3037 3557 charissimus
3065 3501 3232 3555 frater
3259 3508 3447 3554 noster

1856 3595 2058 3651 Paulus
2080 3595 2380 3651 secundum
2413 3595 2594 3649 datam
2625 3595 2728 3649 sibi
2762 3595 3073 3664 patientiam
3102 3590 3320 3660 scripsit
3347 3604 3445 3644 vo-

1854 3685 1961 3752 bis,
1994 3686 2135 3741 sicut
2164 3696 2217 3742 et
2248 3687 2306 3740 iu
2337 3685 2593 3740 omnibus
2623 3684 2893 3753 epistolis,
2924 3685 3148 3753 loquens
3188 3682 3241 3735 in
3271 3680 3352 3736 cis
3379 3679 3449 3736 de

1858 3775 1942 3831 his
1969 3794 1982 3832 :
2010 3777 2062 3830 in
2086 3775 2280 3846 quibus
2307 3784 2431 3829 sunt
2457 3774 2701 3845 quaedam
2725 3773 2964 3828 difﬁcilia
2995 3773 3295 3838 intellectu,
3325 3787 3448 3843 qua:

1858 3868 2062 3924 indocti
2118 3876 2172 3922 ct
2230 3866 2514 3922 instabiles
2568 3866 2887 3935 depravant,
2938 3864 3077 3920 sicut
3125 3876 3177 3919 et
3223 3876 3454 3921 caeteras

1862 3960 2203 4028 Scripturas,
2243 3957 2308 4012 ad
2346 3972 2499 4013 suam
2537 3958 2776 4026 ipsorum
2807 3955 3189 4026 perditionem.
3217 3955 3324 4011 Vos
3354 3955 3455 4037 igi:

1862 4062 1969 4117 tur,
2004 4050 2218 4117 fratres,
2247 4050 2598 4119 piat-scientes
2637 4048 2943 4104 custodite:
2973 4063 3043 4103 ne
3074 4046 3449 4118 insipientium

1859 4155 2049 4196 errore
2076 4139 2306 4196 traducti
2329 4139 2593 4195 excidatis
2619 4155 2648 4193 a
2680 4139 2893 4209 propria
2917 4139 3190 4195 ﬁrmitate.
3210 4138 3454 4192 Crescite

1861 4248 1990 4289 vero
2038 4237 2090 4287 in
2147 4233 2343 4303 gratia,
2396 4241 2451 4287 et
2493 4234 2545 4287 in
2582 4232 2891 4303 cognitione
2924 4230 3135 4284 Domini
3168 4228 3368 4295 nostri,
3397 4234 3454 4281 et

130 4350 314 4409 quam
363 4345 501 4404 post‘
519 4334 886 4404 agnitionem,
932 4342 1233 4390 retrorsum
1265 4331 1510 4388 converti
1553 4332 1619 4386 ab
1664 4346 1752 4399 eo,
1785 4366 1835 4426 Β
1861 4325 2156 4383 Salvatoris
2182 4326 2313 4380 Jesu
2355 4324 2574 4380 Christi.
2608 4323 2713 4395 Ipsi
2744 4323 2938 4395 gloria,
2981 4329 3037 4377 et
3081 4332 3246 4384 nunc,
3297 4326 3351 4372 et
3394 4317 3449 4372 in

129 4429 297 4503 quod
339 4427 452 4485 illis
499 4427 756 4484 traditum
804 4438 907 4496 est,
956 4436 1147 4483 sancto
1193 4425 1469 4481 mandato.
1515 4421 1754 4494 Contigit

1862 4418 2004 4474 diem
2036 4415 2377 4472 :eternitatis.
2410 4416 2603 4472 Amen.

1230 4538 1461 4611 Eaplicit
1491 4537 1730 4607 Epistola
1755 4535 1821 4593 B.
1848 4534 1993 4590 Petri
2024 4532 2246 4603 apostoli
2276 4529 2361 4586 11.
2396 4610 2411 4619 ς

124 4667 3432 4711 _____________________________________________.___._.._..

800 4811 976 4922 Β.
1054 4801 1863 4921 JOANNIS
1937 4774 2836 4914 Apos'rou

1604 5076 1625 5085 μ.
1681 4997 1971 5063 INCIPIT
2008 5062 2016 5079 λ

1013 5154 2615 5373 ΕΡΙΞΤρ-Ιὲ-ΙῘΒΙΜΑ.

212 5460 386 5536 [ϐαρ.
410 5456 478 5531 l.]
500 5453 660 5524 Quod
687 5453 785 5508 fuit
804 5452 872 5508 ab
894 5452 1068 5521 initio,
1093 5451 1238 5523 quod
1261 5450 1589 5514 audivimus,
1616 5444 1759 5517 quod

116 5553 398 5611 vidimus
426 5548 606 5605 oculis
632 5545 856 5612 nostris,
884 5544 1030 5617 quod
1063 5544 1459 5615 perspeximus,
1485 5551 1537 5596 et
1570 5552 1763 5593 manus

114 5654 362 5709 nosu'a
401 5650 887 5698 contrectaverunt
926 5640 993 5696 de
1033 5638 1199 5696 verbo
1240 5638 1363 5693 vitze
1395 5679 1409 5702 ,
1448 5644 1501 5692 et
1536 5631 1765 5689 manife-

367 5733 647 5794 Pnnon.
688 5729 911 5793 XXIX

1868 5453 2004 5500 stata
2040 5447 2145 5505 est,
2188 5448 2243 5496 et
2283 5436 2541 5503 vidimus,
2573 5444 2627 5490 et
2669 5440 2951 5497 testamur,
2981 5439 3035 5488 et
3080 5429 3458 5489 annuntiamus

1871 5533 2025 5590 vobis
2052 5532 2215 5587 vitam
2248 5537 2531 5592 aeternam,
2561 5540 2681 5596 quae
2707 5532 2827 5579 erat
2850 5524 2991 5592 apud
3024 5522 3262 5593 Patrem,
3286 5532 3340 5579 et
3368 5540 3461 5594 ap-

1873 5625 2053 5698 paruit
2096 5622 2251 5681 nobis
2289 5639 2303 5675 :
2336 5618 2480 5691 quod
2521 5618 2772 5684 vidimus,
2806 5624 2859 5671 et
2880 5617 3206 5683 audivimus,
3237 5628 3449 5673 annun-

2902 5711 2986 5775 27
