3946 6198
541 201 648 258 859

1565 202 1624 256 S.
1667 197 2051 256 HIERONYMI
2091 195 2324 253 DlVlNA
2364 193 2840 251 BIBLIOTHECA.
3757 200 3832 253 84ft

545 317 688 371 niam
717 315 861 388 quod
893 324 977 373 est
1005 315 1244 384 honoris,
1271 315 1481 386 glorim,
1511 324 1568 370 et
1592 318 1808 370 virtutis
1837 316 1953 382 Dei,
1980 325 2035 370 et
2059 315 2146 382 qui
2179 322 2228 379 Α
2253 310 2646 375 adolescentes,
2679 308 2879 364 subditi
2903 316 3078 363 estote
3103 307 3439 364 senioribus.
3466 308 3677 363 Omnes
3701 323 3833 363 autern

539 419 622 465 est
655 410 774 479 ejus
804 408 1056 479 Spiritus,
1091 424 1253 478 super
1286 424 1381 462 vos
1405 409 1715 478 requiescit.
1762 409 1936 464 Nemo
1973 423 2150 462 autem

544 515 785 560 vestrum
817 503 1074 575 patiatur,
1119 511 1176 555 ut
1205 501 1494 567 homicida,
1533 512 1624 555 aut
1657 501 1762 576 fur,
1801 512 1890 554 aut
1934 501 2151 555 maledi-

544 610 663 661 cus,
711 605 803 649 aut
833 594 1139 650 alienorum
1177 594 1465 664 appetitor.
1495 593 1550 647 Si
1579 605 1756 647 autem
1793 604 1848 646 ut
1899 593 2152 646 Clil‘hl-a'

545 704 667 754 nus,
715 702 822 742 non
866 687 1187 742 erubescat:
1222 686 1490 756 glorificet
1520 695 1700 739 autem
1740 685 1906 740 Deum
1950 685 2001 738 iu
2055 686 2156 740 isto

547 781 785 837 nomine.
818 777 1084 847 Quoniam
1115 787 1326 847 tempus
1348 788 1450 842 cst,
1482 786 1542 831 ut
1574 775 1801 844 incipiat
1829 776 2095 844 judicium
2129 793 2156 828 a

550 872 714 927 domo
764 869 884 925 Dei.
939 869 996 926 Si
1043 882 1221 926 autem
1271 873 1580 951 primum}
1637 869 1812 932 nobis,
1865 869 1986 938 quis
2037 867 2158 923 finis

551 979 766 1030 eorum,
798 963 894 1034 qui
925 978 1033 1018 non
1065 963 1294 1018 credunt
1321 962 1415 1016 Dei
1451 962 1776 1031 Evangelia?
1812 961 1878 1015 Et
1910 961 1957 1014 si
1985 960 2160 1028 justus

549 1056 643 1111 vix
694 1056 1015 1122 salvabitur,
1074 1056 1270 1126 impius
1313 1063 1367 1110 et
1419 1062 1670 1124 peceator
1716 1053 1807 1107 ubi
1858 1052 2160 1122 parebunt?

550 1147 736 1220 Itaque
779 1158 831 1206 et
879 1149 956 1218 hi,
1005 1149 1096 1218 qui
1152 1149 1430 1218 patiuntur
1475 1147 1771 1202 secundum
1827 1147 2160 1200 volunlztlczn

551 1241 673 1306 Dei,
709 1241 850 1296 fideli
882 1239 1130 1296 Creatori
1159 1239 1539 1294 commendent
1583 1240 1793 1292 animas
1825 1252 1947 1292 suas
1980 1239 2030 1291 in
2065 1237 2159 1290 he-

562 1333 814 1390 nefactis.

629 1423 778 1498 [Cap.
832 1424 922 1495 V.]
963 1424 1220 1481 Seniores
1259 1438 1411 1494 ergo,
1460 1425 1548 1496 qui
1598 1423 1650 1479 in
1685 1424 1834 1478 vobis
1877 1431 2024 1483 sunt.
2069 1422 2166 1476 0b-

555 1531 734 1584 secro,
777 1517 1069 1572 conseuior
1094 1527 1148 1571 et
1176 1516 1328 1573 testis
1357 1517 1560 1571 (Ihristi
1597 1517 1907 1585 passionum
1938 1533 1950 1568 :
1977 1516 2070 1583 qui
2112 1525 2166 1570 et

555 1608 696 1680 ejus,
733 1624 855 1681 quae
883 1608 936 1664 in
976 1607 1161 1664 futuro
1192 1608 1478 1665 revelauda
1507 1618 1612 1673 est,
1643 1608 1837 1678 gloriae
1868 1607 2169 1663 communi-

2259 405 2487 460 invicem
2537 405 2898 458 humilitatem
2929 403 3223 470 insinuate,
3273 403 3401 472 quia
3435 402 3585 456 Deus
3637 407 3834 472 superbis

2258 502 2486 566 resiSIit,
2529 501 2830 556 humilibus
2856 511 3037 555 autem
3071 501 3163 554 dat
3207 501 3462 569 gratiam.
3506 499 3834 556 llumiliamini

2261 594 2425 664 igitur
2452 594 2550 648 sub
2589 596 2792 663 potenti
2843 609 3003 648 manu
3041 593 3156 660 Dei,
3193 600 3252 646 ut
3280 607 3377 646 vos
3409 593 3621 647 exaltet
3662 594 3711 646 in
3746 605 3834 647 tem-

2260 701 2392 756 pore
2444 685 2822 739 visitatiouis:
2881 701 3096 740 omnem
3153 684 3587 739 sollicitudinem
3647 696 3833 740 vestram

2261 779 2610 849 projicientes
2641 780 2694 832 in
2733 794 2855 834 eum
2881 821 2895 844 ,
2931 781 3187 848 quoniam
3239 779 3344 847 ipsi
3391 794 3523 833 cura
3555 787 3645 832 est
3683 778 3745 833 de
3769 795 3836 833 ro-

2269 870 2375 926 bis.
2419 871 2597 928 Sobrii
2621 879 2826 940 estote,
2862 881 2914 924 et
2940 872 3158 941 vigilate
3199 889 3212 925 :
3248 871 3377 940 quia
3405 869 3751 925 adversarius
3777 888 3838 923 Vr.-

2261 972 2377 1019 ster
2407 964 2653 1018 diabolus
2680 976 2951 1034 tamquam
3000 965 3083 1018 leo
3130 964 3349 1032 rugiens
3376 963 3599 1030 circuit,
3631 979 3836 1034 quarters

2261 1072 2422 1126 quem
2453 1057 2676 1111 devoret
2709 1075 2723 1111 :
2756 1057 2840 1111 cui
2873 1056 3110 1111 resistite
3140 1055 3314 1112 fortes
3348 1057 3400 1110 iu
3455 1056 3564 1111 fide
3594 1073 3610 1114 :
3648 1059 3838 1112 scientes

2263 1148 2508 1204 eamdem
2551 1148 2861 1217 passionem
2901 1149 2974 1214 ei,
3023 1165 3144 1218 qua:
3191 1149 3246 1203 in
3298 1151 3510 1203 mundo
3541 1163 3647 1215 esr,
3689 1161 3839 1206 vestra

2263 1243 2588 1297 fraternitati
2623 1242 2763 1296 ﬁeri.
2792 1241 2940 1296 Deus
2966 1251 3147 1297 autem
3191 1243 3373 1296 omnis
3410 1244 3623 1314 gratiae,
3651 1245 3736 1314 qui
3773 1261 3841 1299 vo-

2265 1337 2409 1390 cavit
2436 1349 2536 1388 nos
2569 1334 2622 1388 in
2656 1345 2914 1390 aeternam
2947 1349 3099 1389 suam
3127 1334 3356 1403 gloriam
3389 1334 3445 1388 in
3480 1334 3692 1389 Christo
3718 1337 3837 1398 Iesu,

2269 1427 2537 1482 modicum
2570 1441 2759 1495 passos
2802 1426 2919 1496 ipse
2948 1427 3212 1495 perficiet,
3265 1425 3627 1490 conﬁrmabit,
3667 1428 3838 1482 solida-

2268 1518 2476 1588 bitque.
2511 1518 2614 1587 lpsi
2663 1519 2859 1589 gloria,
2905 1527 2963 1574 et
2989 1518 3280 1588 imperium
3321 1518 3375 1572 in
3420 1519 3606 1573 saecula
3638 1519 3846 1574 saeculo-

2271 1626 2414 1664 rum.
2444 1610 2639 1666 Amen.
2667 1611 2769 1666 Per
2794 1609 3072 1665 Silvanum
3101 1611 3318 1667 fidelem
3351 1611 3558 1668 fratrem
3584 1613 3722 1671 vobis
3746 1656 3759 1679 ,
3792 1621 3849 1667 ut

560 1713 714 1759 cator
743 1722 754 1756 :
792 1705 996 1772 pascite
1039 1704 1129 1773 qui
1164 1703 1217 1758 in
1259 1702 1410 1756 vobis
1439 1711 1542 1771 est,
1587 1718 1802 1772 gregem
1841 1703 1952 1764 Dei,
1987 1701 2166 1770 provi-
2201 1716 2245 1775 Β
2273 1702 2535 1769 arbitror,
2564 1704 2800 1758 breviter
2829 1704 3019 1772 scripsi
3053 1722 3064 1754 :
3101 1704 3404 1758 obsecrans
3446 1713 3499 1758 et
3537 1712 3843 1769 contestans,

561 1797 753 1853 dentes
781 1812 886 1850 non
916 1807 1126 1862 coacte,
1161 1795 1257 1851 sed
1285 1807 1582 1865 Spontauce
1624 1797 1917 1850 secundum
1954 1796 2119 1850 Deum
2154 1813 2164 1846 :

565 1905 741 1960 neque
772 1890 946 1960 turpis
989 1889 1122 1944 lucri
1155 1890 1352 1957 gratia,
1385 1887 1478 1942 sed
1511 1889 1815 1942 voluntarie
1849 1904 1861 1940 :
1895 1903 2068 1954 neque
2115 1895 2173 1940 ut

565 1983 910 2039 dominantes
973 1982 1030 2037 in
1079 1981 1274 2045 cleris,
1324 1981 1417 2036 sed
1470 1982 1635 2034 forma
1685 1979 1806 2034 facti
1857 1980 2036 2050 gregis
2104 1995 2167 2034 ex

563 2077 766 2132 animo.
803 2075 870 2130 Et
897 2091 1018 2130 cum
1048 2074 1361 2145 apparuerit
1389 2073 1639 2143 princeps
1669 2082 1966 2142 pastorum,
1994 2073 2169 2142 perci-

565 2170 724 2246 pietis
775 2169 1277 2226 immarcescibilem
1322 2168 1511 2238 gloria:
1551 2184 1829 2222 coronam.
1887 2168 2169 2232 Similiter,

2273 1796 2415 1852 hanc
2440 1812 2560 1852 esse
2591 1812 2774 1852 veram
2804 1796 3035 1866 gratiam
3076 1797 3197 1864 Dei,
3232 1798 3285 1853 in
3317 1813 3423 1868 qua
3471 1798 3639 1852 statis.
3668 1796 3846 1852 Salutat

2273 1905 2368 1944 vos
2400 1891 2659 1957 Ecclesia,
2691 1906 2812 1961 quae
2839 1899 2924 1945 est
2954 1889 3005 1944 in
3043 1891 3325 1962 Babylone
3353 1891 3616 1960 coelecta,
3645 1899 3692 1946 et
3736 1889 3845 1944 Mar-

2273 1997 2369 2038 cus
2401 1982 2542 2039 filius
2571 1998 2746 2038 meus.
2781 1983 3026 2040 Salutate
3066 1983 3298 2040 invicem
3335 1984 3390 2039 in
3435 1984 3624 2040 osculo
3670 1994 3842 2038 sancto.

2275 2076 2460 2132 Gratia
2511 2077 2665 2134 vobis
2710 2078 2986 2147 omnibus,
3043 2078 3138 2149 qui
3191 2079 3326 2135 estis
3355 2080 3410 2133 in
3465 2077 3683 2135 Christo
3727 2075 3841 2133 ἔθευ.

2281 2172 2476 2224 Amen.

1673 2258 1903 2330 Explicit
1929 2259 2168 2331 Epistofa
2191 2259 2257 2316 B.
2292 2260 2440 2315 Petri
2466 2262 2690 2333 apostoli
2714 2261 2764 2315 Ι.

1322 2532 1495 2642 Β.
1571 2528 2147 2689 ιιετιιι
2220 2525 3134 2642 Διτοενινθιι

2074 2719 2373 2782 INCIPIT

1187 2881 3249 3106 EPISTOLLLSECUNDA.

1973 3098 2342 3110 .—_———

634 3170 788 3244 [Cap.
821 3168 889 3242 1.]
918 3169 1107 3225 Simon
1138 3166 1356 3229 Petrus,
1409 3178 1599 3220 servus
1641 3171 1696 3217 et
1722 3160 2005 3231 apostolus
2034 3160 2164 3215 Jesu
2194 3165 2241 3226 (ι
2275 3160 2512 3214 arbitror
2541 3159 2793 3230 quamdiu
2837 3174 2955 3214 sum
2989 3160 3040 3214 in
3071 3159 3174 3215 hoc
3212 3159 3588 3228 tabernaculo,
3617 3163 3839 3218 suscitare

565 3263 790 3327 Christi,
843 3262 908 3315 iis
951 3261 1042 3330 qui
1086 3256 1420 3327 coxequalem
1473 3253 1751 3308 nobiscum
1803 3251 1982 3306 sortiti
2039 3259 2168 3304 sunt

568 3355 728 3411 fidem
763 3355 814 3408 in
842 3352 1051 3422 justitia
1085 3350 1178 3405 Dei
1215 3349 1416 3412 nostri,
1446 3357 1500 3401 et
1527 3345 1825 3400 Salvatoris
1855 3345 1983 3400 ἔθευ
2008 3343 2168 3398 Chri-

570 3451 662 3504 sti.
711 3443 897 3502 Gratia
935 3443 1088 3499 vobis
1131 3451 1188 3496 et
1231 3454 1335 3508 pax
1369 3430 1736 3505 adimpleatur
1767 3438 1817 3490 in
1857 3435 2167 3505 cognitione

569 3540 696 3603 Dei.
728 3546 783 3593 ct
807 3536 1015 3593 Christi
1043 3533 1172 3590 ἔθευ
1201 3530 1412 3586 Domini
1448 3530 1618 3582 nostri
1649 3546 1660 3580 :
1692 3528 1964 3597 quomodo
1988 3528 2166 3581 omnia

563 3631 724 3687 nobis
748 3629 951 3685 divinae
972 3624 1190 3681 virtutis
1211 3636 1346 3685 sum,
1373 3636 1493 3691 qua:
1519 3618 1584 3673 ad
1609 3619 1798 3681 vitam,
1829 3626 1885 3671 et
1909 3617 2165 3686 pietatem

565 3724 763 3778 donata
794 3729 944 3784 sunt,
981 3734 1077 3790 per
1107 3714 1475 3787 cognitionem
1522 3711 1662 3782 ejus,
1707 3709 1799 3780 qui
1826 3709 2036 3764 vocavit
2065 3722 2163 3764 nos

563 3812 782 3884 prepria
819 3811 990 3884 gloria
1018 3820 1074 3866 et
1105 3809 1338 3873 virtute,
1368 3822 1464 3876 per
1493 3820 1653 3876 quem
1685 3804 1917 3858 maxima
1949 3811 2004 3856 et
2038 3816 2161 3870 pre-

567 3905 703 3961 tiosa
736 3906 892 3960 nobis
922 3903 1190 3975 promissa
1212 3901 1443 3957 donavit
1466 3917 1480 3958 :
1502 3909 1556 3953 ut
1589 3913 1684 3968 per
1707 3899 1824 3953 hth
1847 3893 2163 3951 efficiamini

565 3999 766 4055 divina:
811 4007 1099 4054 consortes
1149 4009 1356 4068 natura}
1395 4013 1409 4052 :
1458 3995 1727 4066 fugientes
1768 3993 1909 4062 ejus,
1953 4009 2074 4061 qum
2107 3991 2161 4046 in

563 4092 767 4150 mundo
787 4100 892 4157 est,
913 4090 1376 4160 concupiscentia:
1398 4089 1826 4159 corruptionem.
1847 4087 1956 4142 Vos
1979 4097 2159 4141 autem

562 4202 750 4244 curam
774 4199 991 4242 omnem
1015 4181 1436 4247 subinferentes,
1460 4183 1761 4236 ministrate
1784 4180 1838 4233 in
1861 4178 1964 4234 fide
1983 4187 2159 4233 vestra

563 4282 848 4345 virtutem,
894 4279 950 4333 in
1004 4276 1203 4331 virtute
1234 4281 1413 4330 autem
1459 4273 1766 4338 scientiam,
1819 4271 1876 4325 in
1931 4271 2160 4325 scientia

561 4383 739 4431 autem
754 4371 1164 4438 abstinentiam,
1193 4369 1246 4423 in
1268 4365 1592 4422 abSIinentia
1612 4373 1794 4418 autem
1817 4363 2158 4433 patientiam,

561 4470 617 4525 in
639 4467 892 4538 patientia
912 4475 1094 4520 autem
1113 4463 1387 4534 pietatem,
1417 4461 1467 4515 in
1494 4461 1691 4530 pietate
1714 4465 1893 4512 autem
1917 4472 2158 4512 amorem

2271 3266 2368 3305 vos
2401 3253 2452 3305 in
2485 3251 2961 3306 communitionem
2989 3269 3002 3305 :
3033 3261 3213 3306 certus
3243 3251 3387 3322 quod
3420 3253 3579 3308 velox
3607 3265 3682 3308 est
3706 3253 3838 3321 depo-

2269 3345 2394 3396 sitio
2437 3343 2765 3397 tabernaculi
2815 3343 2943 3407 mei,
2987 3344 3284 3399 secundum
3335 3344 3482 3415 quod
3525 3356 3582 3400 et
3621 3345 3836 3400 Dominus

2272 3445 2453 3491 noster
2480 3437 2637 3491 Jay-US
2663 3436 2915 3491 Christus
2944 3437 3267 3507 significavit
3308 3437 3463 3493 mihi.
3517 3438 3664 3494 Dabo
3691 3449 3834 3491 autem

2271 3543 2494 3598 Operam
2517 3538 2572 3583 et
2597 3529 2911 3600 frequenter
2939 3528 3140 3584 habere
3167 3543 3264 3584 vos
3288 3537 3412 3598 post
3439 3531 3646 3585 obitum
3669 3545 3832 3588 meum.

2274 3632 2332 3677 ut
2363 3621 2552 3676 borum
2583 3623 2901 3677 memoriam
2931 3621 3159 3676 faciatis.
3188 3622 3304 3677 Non
3332 3623 3479 3678 enim
3511 3623 3694 3679 doctas
3713 3622 3831 3677 [δὺυο

2272 3715 2350 3769 las
2377 3713 2572 3778 secuti,
2607 3725 2791 3769 notam
2841 3714 3066 3770 fecimus
3100 3715 3255 3770 vobis
3297 3715 3512 3770 Domini
3542 3718 3703 3771 nostri
3729 3715 3826 3769 ἔθευ

2267 3807 2466 3862 Christi
2512 3806 2769 3862 virtutem
2821 3818 2876 3864 et
2921 3807 3268 3880 prtcsentiam
3312 3823 3328 3867 :
3373 3809 3470 3864 sed
3504 3809 3829 3880 speculatores

2267 3900 2393 3956 facti
2425 3900 2568 3956 illius
2597 3901 3003 3972 magnitudinis.
3028 3903 3314 3972 Accipiens
3339 3902 3486 3959 enim
3512 3918 3544 3958 a
3577 3905 3678 3958 Deo
3702 3901 3827 3956 Patre

2269 3993 2527 4050 honorem
2550 4004 2606 4049 et
2632 3995 2885 4066 gloriam,
2931 4010 3062 4050 voce
3103 3994 3322 4066 delapsa
3351 3994 3416 4048 ad
3455 4011 3577 4049 eum
3618 3994 3827 4062 hujusce-

2267 4088 2409 4142 modi
2433 4103 2461 4140 a
2487 4088 2770 4158 magnifica
2788 4088 2962 4158 gloria
2988 4106 2998 4142 ;
3021 4087 3119 4142 Hic
3138 4097 3223 4144 est
3245 4087 3416 4142 Filius
3442 4102 3589 4143 meus
3607 4087 3819 4147 dilectus,

2267 4183 2318 4236 in
2349 4197 2456 4252 quo
2485 4182 2614 4236 mihi
2636 4181 2965 4250 complacui,
2992 4181 3165 4251 ipsum
3187 4180 3389 4236 audite.
3425 4181 3492 4236 Et
3514 4181 3640 4235 hanc
3665 4191 3818 4232 vocem

2265 4291 2364 4330 nos
2402 4275 2704 4330 audivimus
2731 4273 2800 4330 de
2828 4275 2968 4330 caelo
3011 4275 3256 4342 allatam,
3300 4289 3424 4329 cum
3471 4285 3691 4328 essemus
3716 4283 3819 4322 cum

2265 4369 2381 4440 ipso
2413 4371 2464 4423 in
2508 4377 2690 4423 monte
2732 4376 2941 4423 sancto.
2995 4368 3058 4422 Et
3094 4367 3356 4422 habemus
3403 4368 3667 4422 firmiorem
3707 4375 3816 4429 pro-

2266 4461 2539 4531 pheticum
2585 4476 2889 4516 sermonem
2931 4461 3057 4516 :cui
3116 4461 3438 4516 Inenefacitis
3485 4459 3812 4517 attendentes,

561 4559 938 4625 fraternitatis,
958 4558 1008 4611 in
1030 4569 1217 4610 amore
1232 4562 1410 4609 autem
1429 4549 1790 4608 fraternitatis
1809 4548 2156 4604 charitatem.
2187 4558 2241 4617 D
2266 4556 2418 4625 quasi
2455 4556 2690 4610 lucernae
2724 4554 2923 4608 lucenti
2966 4552 3019 4608 in
3052 4554 3353 4624 caliginoso
3381 4555 3509 4616 loco,
3530 4552 3679 4605 donec
3704 4545 3816 4601 dies

559 4653 688 4709 ilice
704 4652 846 4707 enim
867 4649 912 4706 si
930 4649 1209 4706 vobiscum
1231 4647 1432 4711 adsint,
1449 4651 1794 4715 etsuperent,
1811 4658 1916 4696 non
1933 4657 2152 4711 vacuos,

560 4759 660 4800 nec
679 4744 797 4800 sine
819 4743 1000 4798 fructu
1021 4756 1119 4797 vos
1139 4739 1468 4795 constituent
1504 4738 1556 4791 in
1581 4735 1794 4790 Domini
1824 4736 1995 4790 nosui
2027 4734 2156 4790 .Icsu

556 4837 760 4894 Christi
777 4837 1101 4908 cognitione.
1124 4833 1223 4890 Cui
1243 4835 1386 4890 enim
1407 4848 1511 4887 non
1531 4838 1734 4901 praesto
1753 4839 1880 4885 sunt
1899 4827 2035 4895 hmc,
2049 4843 2154 4883 ευξ-

557 4946 654 4986 cus
671 4940 775 4996 est,
800 4939 856 4986 et
879 4945 1039 4985 manu
1065 4937 1301 4992 tentans,
1317 4925 1642 4982 oblivionem
1667 4921 1934 4993 accipiens
1958 4935 2152 4991 purga-

535 5025 717 5098 tionis
762 5035 1005 5080 veterum
1029 5037 1250 5078 suorum
1272 5019 1616 5075 delictorum.
1663 5016 2022 5085 Quapropter.
2051 5012 2158 5066 ira.

552 5130 688 5184 tres,
705 5119 873 5191 magis
894 5119 1140 5190 satagite,
1155 5124 1215 5172 ut
1230 5133 1325 5190 per
1339 5115 1481 5172 bona
1501 5127 1663 5186 opera
1683 5120 1886 5168 certam
1912 5121 2152 5165 vestram

549 5213 891 5271 vocationem
910 5221 964 5268 et
978 5211 1298 5268 electionem
1317 5208 1548 5264 faciatis:
1568 5209 1684 5262 haec
1704 5205 1848 5260 enim
1870 5203 2150 5268 facientes,

552 5320 659 5361 non
681 5303 975 5375 peccabitis
999 5301 1315 5370 aliquando.
1343 5297 1435 5356 Sic
1465 5299 1607 5354 enim
1630 5295 1968 5352 abundanter
1991 5292 2149 5348 mini-

553 5395 814 5452 strabitur
837 5393 990 5449 vobis
1012 5393 1264 5448 introitus
1309 5391 1362 5445 in
1389 5399 1656 5446 :cternum
1687 5402 1909 5459 regnum
1932 5383 2147 5440 Domini

554 5487 750 5554 nostri,
772 5495 828 5542 et
851 5485 1148 5541 Salvatoris
1165 5482 1295 5541 ἔθευ
1317 5481 1540 5536 Christi.
1585 5481 1815 5551 Propter
1841 5476 1982 5549 quod
2015 5477 2148 5532 inci-

555 5583 696 5652 piam
710 5596 812 5636 vos
827 5595 1045 5652 semper
1059 5591 1406 5637 commonere
1423 5575 1491 5631 de
1501 5571 1893 5644 his,etquidem
1911 5571 2147 5626 scientes

551 5683 604 5730 et
621 5674 969 5732 confirmatos
994 5689 1093 5732 vos
1111 5675 1166 5732 in
1191 5669 1445 5744 praesenti
1467 5668 1714 5726 veritate.
1732 5666 1760 5722 ἔ
1768 5675 1943 5724 ustum
1965 5672 2142 5722 autem

2262 4647 2562 4711 elucescat,
2597 4654 2652 4699 et
2681 4643 2871 4700 lucifer
2898 4645 3104 4699 oriatur
3131 4647 3180 4699 in
3211 4645 3470 4700 cordibus
3496 4642 3702 4698 vestris:
3725 4637 3818 4690 hoc

2259 4735 2492 4807 primum
2513 4733 2897 4806 intelligentes,
2915 4737 3054 4804 quod
3073 4737 3248 4791 omnis
3266 4736 3546 4807 prOphetia
3563 4733 3818 4802 Scriptum

2262 4830 2476 4899 pr0pria
2518 4827 2967 4898 interpretatione
2999 4845 3103 4883 non
3139 4827 3215 4883 fit.
3247 4829 3364 4884 Non
3395 4829 3539 4884 enim
3583 4826 3817 4880 voluntate
3898 4855 3899 4894 ξ

2260 4923 2493 4978 humana
2526 4921 2685 4977 allata
2712 4929 2797 4978 est
2829 4921 3121 4990 aliquando
3163 4921 3446 4992 prophetia
3485 4941 3496 4976 :
3530 4920 3617 4975 sed
3646 4915 3817 4988 Spiritu

2261 5024 2448 5069 sancto
2482 5014 2750 5082 inSpirati,
2788 5014 2950 5067 locuti
2981 5023 3107 5069 sunt
3139 5013 3313 5068 sancti
3345 5012 3444 5068 Dei
3480 5012 3728 5068 homines.

2333 5104 2482 5178 [Cap.
2517 5103 2604 5176 IL]
2635 5104 2876 5188 Fuerunt
2912 5118 3042 5160 vero
3074 5114 3128 5160 et
3159 5104 3646 5175 pseudopropheta!
3666 5102 3714 5155 in
3745 5112 3816 5168 po—

2261 5199 2418 5270 pulo;
2449 5199 2592 5254 sicut
2620 5209 2676 5253 et
2702 5199 2752 5252 in
2787 5197 2941 5252 vobis
2968 5207 3127 5253 erunt
3151 5199 3399 5268 magistri
3426 5197 3723 5262 mendaces,
3745 5191 3814 5259 qui

2257 5293 2668 5347 introducentes
2694 5298 2870 5344 sectas
2902 5289 3244 5358 perditionis,
3293 5299 3350 5345 et
3395 5303 3543 5358 eum,
3588 5286 3680 5360 qui
3711 5280 3816 5340 emit

2255 5398 2372 5452 eos,
2405 5383 2691 5438 Dominum
2740 5392 2955 5452 negant,
2997 5381 3426 5451 superducentes
3461 5379 3572 5438 sibi
3613 5375 3812 5438 ceierem

2256 5475 2633 5546 perditionem.
2662 5474 2728 5526 Et
2752 5474 2903 5528 multi
2926 5484 3216 5543 sequentur
3242 5483 3436 5532 corn
3739 5479 3814 5538 Ρη

3563 5557 3584 5568 .Q

2253 5581 2387 5638 quos
2410 5567 2491 5621 via
2515 5563 2759 5619 veritatis
2782 5564 3242 5633 blasphemabitur
3263 5573 3360 5621 aet
3377 5555 3567 5638 ιιιξιᾳ

2254 5659 2434 5718 verbis
2458 5656 2527 5714 de
2555 5654 2708 5712 vobis
2740 5658 3188 5729 negotiabuntur:

3673 5817 3718 5840 "'
