1973 3099
44 83 93 111 8H
498 85 528 113 Β.
549 86 689 117 JOANNIS
708 88 876 118 APOSTOLI
895 88 1063 117 EPISTOLA
1083 89 1199 117 PRIMA.
1626 90 1679 118 8‘2

43 140 108 169 olim
122 148 174 169 non
188 143 290 173 cessat;
304 144 333 168 et
345 140 464 176 perditio
476 149 570 170 eorum
583 151 637 171 non
651 144 789 174 dormitat.
802 147 830 175 Si
845 147 870 178 Δ
883 147 956 175 enim
967 147 1007 175 eis
1017 147 1081 175 illud
1093 148 1148 177 veri
1160 146 1296 183 proverbii
1308 155 1315 175 :
1325 147 1409 175 Canis
1418 153 1546 175 reversus
1556 146 1590 175 ad
1601 154 1680 175 suum

45 188 117 216 enim
129 188 197 216 Dens
207 188 307 223 angelis
323 188 500 222 peccantibus
511 197 564 217 non
580 192 709 225 pepercit,
726 193 773 221 sed
788 201 834 221 ru-

47 233 171 261 dentibus
187 233 284 261 inferni
306 232 442 261 detractos
459 234 484 262 in
500 240 627 263 tartarum
645 237 755 265 tradidit
773 246 834 266 cru-

43 279 164 313 ciandos,
182 279 208 306 in
225 279 356 314 judicium
372 280 517 307 reservari.
535 280 570 308 Et
589 281 714 317 originali
732 284 835 311 mundo

44 332 98 352 non
119 325 252 361 pepercit,
269 324 317 353 sed
331 329 457 353 octavum
478 326 536 354 Noe
549 327 662 362 justitia:
682 336 834 364 praeconem

41 371 195 403 custodivit,
209 370 339 398 diluvium
351 371 453 399 mundo
475 372 620 408 impiorum
641 374 782 403 inducens.
800 377 835 404 Et

47 414 166 443 civitates
179 414 360 444 Sodomorum
373 421 402 444 et
414 416 653 447 Gomorrhaaorum
667 420 695 448 in
715 421 834 449 cinerem

41 460 176 496 redigens,
186 461 330 490 eversione
340 461 493 490 damnavit:
503 465 660 499 exemplum
671 474 776 499 eorum,
788 468 834 503 qui

42 507 119 543 impie
133 509 221 536 acturi
236 513 310 543 sunt,
323 516 426 543 ponens
440 519 446 536 :
458 514 486 537 et
497 510 599 545 justum
610 511 660 539 Lot
675 519 833 548 oppressum

40 560 54 580 a
73 554 255 583 nefandorum
281 555 394 591 injuria,
419 563 450 584 ac
471 556 607 585 luxuriosa
630 560 835 588 conversatione

39 600 133 635 eripuit
144 609 151 627 :
163 605 278 636 aSpectu
289 601 372 635 enim,
385 606 412 629 et
424 602 515 630 auditu
524 603 613 637 justus
624 608 682 632 erat
692 613 699 631 :
711 605 836 633 habitans

37 646 105 681 apud
120 653 184 679 eos,
199 647 247 683 qui
260 647 293 675 de
306 647 351 675 die
367 647 392 675 in
406 647 479 675 diem
491 649 607 677 animam
619 650 723 684 justam
737 652 835 687 iniquis

38 692 163 727 operibus
177 694 347 721 cruciabant.
368 693 452 721 Novit
473 694 601 723 Dominus
615 696 675 731 pias
695 697 730 726 de
746 703 835 726 tenta-

36 739 106 768 tione
121 740 251 774 eripere:
266 741 373 777 iniquos
386 748 453 769 vero
466 742 492 769 in
506 742 578 770 diem
587 743 681 778 judicii
694 753 836 774 reservare

36 786 197 814 cruciandos
215 796 222 813 :
241 787 326 823 magis
349 792 441 815 autem
466 795 523 822 eos,
540 789 585 824 qui
606 794 668 825 post
684 798 794 819 carnem
808 792 835 820 itt

885 194 1037 222 vomitum:
1053 198 1099 222 et:
1115 194 1168 222 Sus
1184 194 1237 221 lota
1254 194 1279 221 in
1292 193 1435 222 volutabro
1450 194 1511 221 luti.

923 240 997 276 [ϐαρ.
1013 239 1068 275 lll.]
1083 240 1158 268 Hanc
1171 247 1235 269 ecce
1249 240 1336 274 vobis,
1350 240 1520 272 charissimi,
1532 240 1679 267 secundant

885 286 976 314 scribo
991 286 1145 322 epistolam,
1162 286 1189 314 in
1203 286 1303 322 quibus
1316 291 1436 315 vestram
1449 286 1539 314 excito
1559 286 1585 313 in
1605 294 1681 313 conto

885 333 1036 362 monitione
1053 333 1187 362 sinceram
1210 338 1347 362 mentem:
1361 338 1392 361 ut
1407 340 1543 361 memores
1555 332 1616 360 sitis
1634 340 1681 360 eo-

886 387 958 411 rum.
972 387 1032 414 quae
1043 379 1173 414 praedixi,
1187 380 1335 407 verborum
1349 386 1365 407 a
1376 378 1477 406 sanctis
1493 378 1641 413 prophetis,
1653 382 1681 406 et

885 424 1071 459 apostolorum
1082 429 1247 457 vestrorum,
1259 428 1457 460 praeceptorum
1469 423 1575 452 Domini
1585 428 1613 451 et
1622 423 1682 451 Sal-

885 469 1000 498 vatoris.
1022 469 1080 498 Hoc
1102 470 1220 504 pritnum
1233 470 1364 504 scientes,
1379 470 1451 505 quod
1466 470 1576 497 venient
1589 469 1616 496 in
1632 476 1681 497 no-

886 516 1003 544 vissimis
1022 516 1118 545 diebus
1138 517 1164 544 in
1185 516 1346 551 deceptione
1367 517 1506 551 illusores,
1525 516 1600 551 juxta
1617 523 1682 551 pro-

887 562 959 597 prias
972 562 1206 598 concupiscentias
1220 562 1402 596 ambulantes,
1418 563 1539 590 dicentes
1554 571 1560 589 :
1576 562 1626 590 Ubi
1641 566 1683 589 est

886 609 1043 644 promissio,
1067 613 1114 637 aut
1128 609 1264 637 adventus
1285 609 1362 644 ejus?
1383 617 1418 637 ex
1431 617 1485 644 quo
1500 609 1572 637 enim
1588 614 1682 644 patres

886 655 1067 688 dormierunt,
1076 655 1166 683 omnia
1175 655 1216 683 sic
1225 659 1400 690 perseverant
1409 656 1443 683 ab
1453 655 1531 683 initio
1538 660 1680 683 creaturae.

886 699 965 728 Latet
978 700 1050 728 enim
1061 708 1109 728 eos
1123 700 1175 728 hoc
1189 701 1324 734 volentes,
1339 701 1411 736 quod
1427 701 1489 729 coeli
1503 706 1582 728 erant
1596 700 1683 735 prius,

887 751 915 773 et
925 750 1008 778 terra,
1018 746 1053 773 de
1066 752 1134 781 aqua
1148 750 1176 774 et
1184 753 1232 781 per
1244 754 1340 781 aquam
1354 746 1507 774 consistens
1518 746 1565 774 Dei
1579 746 1681 774 verbo:

888 799 937 827 per
944 799 1005 827 qua;
1017 792 1063 819 ille
1075 796 1139 820 tunc
1148 792 1266 820 mundus
1277 799 1345 827 aqua
1358 793 1501 820 inundatos
1512 792 1602 827 periit.
1614 791 1683 819 Coeli

35 831 262 867 concupiscentia
294 832 474 860 immunditia:
501 835 651 868 ambulant,
675 836 838 865 dominatio-
852 831 876 862 Β
889 843 978 866 autem
992 839 1038 874 qui
1053 846 1125 866 nunc
1137 843 1212 871 sunt,
1225 843 1252 866 et
1266 844 1350 872 terra,
1364 839 1460 866 eodem
1474 839 1559 866 verbo
1570 839 1684 873 repositi

35 886 151 914 nemque
161 883 357 911 contemnunt,
373 879 501 912 audaces,
519 879 572 907 sibi
587 880 734 914 placentes,
749 887 838 911 sectas

33 932 86 952 non
101 928 231 952 tnetuunt
244 924 417 952 introducere
432 924 670 960 blasphetnantes:
687 927 731 954 ubi
749 929 838 962 angeli

32 970 193 998 fortitudine
210 975 239 998 et
253 971 356 999 virtute
370 978 432 999 cum
446 972 500 999 sitit
514 972 642 1008 majores,
661 981 713 1001 non
730 978 839 1009 portant

34 1016 180 1044 adversum
196 1024 230 1044 se
240 1017 406 1045 exsecrabile
412 1016 554 1053 judicium.
566 1018 597 1046 Hi
612 1027 677 1047 vero
688 1020 761 1048 velut
771 1021 840 1048 irra-

30 1063 172 1091 tionabilia
188 1071 302 1099 pecora,
315 1064 478 1093 naturaliter
488 1065 515 1092 in
529 1066 683 1101 captionem
696 1067 762 1094 etin
775 1075 840 1103 per-

30 1109 127 1138 niciem
144 1110 173 1138 in
197 1110 245 1138 his
265 1118 326 1146 quze
348 1109 476 1147 ignorant
488 1111 719 1147 blasphemantes,
734 1112 761 1139 in
777 1119 839 1140 cor-

29 1157 161 1190 ruptione
184 1164 238 1184 sua
261 1156 405 1197 peribunt,
427 1157 608 1192 percipientes
623 1156 776 1185 mercedem
797 1157 840 1185 in-

26 1202 157 1238 justitiae,
173 1203 345 1238 voluptatem
356 1203 542 1231 existimantes
555 1203 609 1231 diei
621 1203 734 1231 delicias
746 1212 753 1231 :
765 1204 841 1232 coin-

28 1250 227 1285 quinationes,
234 1254 263 1277 et
273 1249 386 1277 maculte
395 1249 501 1278 deliciis
508 1249 663 1284 afﬂuentes,
674 1250 700 1278 in
709 1250 841 1280 conviviis

29 1296 86 1323 suis
108 1296 288 1324 luxuriantes
309 1295 461 1330 vobiscum,
485 1296 579 1324 oculos
600 1296 730 1324 habentes
745 1296 841 1332 plenos

28 1341 180 1376 adulterii,
206 1347 234 1369 et
250 1341 418 1370 incessabilis
432 1341 535 1370 delicti.
548 1341 720 1370 Pellicientes
733 1342 842 1370 animas

30 1387 193 1422 instabiles,
210 1395 260 1415 cor
273 1388 451 1416 exercitatum
464 1387 577 1415 avaritia
592 1387 735 1421 habentes,
757 1388 842 1416 male-

28 1432 165 1461 dictiOnis
180 1433 232 1461 ﬁlii
246 1441 253 1462 :
270 1433 495 1468 derelinquentes
512 1438 614 1461 rectam
632 1434 714 1467 viam,
731 1440 842 1462 errave-

26 1484 104 1513 runt,
123 1480 223 1508 secuti
237 1479 307 1507 viam
329 1478 438 1507 Balaam
460 1486 494 1506 ex
512 1479 605 1512 Bosor,
624 1479 669 1515 qui
687 1479 841 1508 mercedem

889 889 964 919 sunt,
980 884 1034 920 igni
1049 884 1179 913 reservati
1195 884 1223 911 itt
1248 884 1319 911 diem
1337 883 1449 918 judicii,
1472 888 1500 911 et
1523 883 1684 918 perditionis

890 929 1034 964 impiorum
1049 930 1200 957 hominum.
1214 929 1303 958 Unum
1317 936 1383 958 vero
1397 929 1449 957 hoc
1461 936 1515 957 non
1525 929 1609 957 lateat
1623 937 1684 962 vos,

890 976 1054 1011 charissimi,
1083 977 1145 1013 quia
1175 984 1245 1004 unus
1270 976 1329 1004 dies
1352 976 1424 1011 apud
1448 975 1590 1003 Dominum
1616 976 1688 1003 sicut

891 1022 965 1050 mille
974 1022 1049 1055 anni,
1065 1027 1091 1050 et
1105 1022 1180 1050 mille
1189 1022 1254 1049 anni
1267 1022 1337 1050 sicut
1354 1021 1413 1049 dies
1430 1028 1510 1049 unus.
1525 1021 1584 1049 Non
1597 1021 1687 1048 tardat

891 1068 1023 1096 Dominus
1047 1068 1256 1103 promissionem
1282 1064 1358 1095 suam
1383 1068 1456 1095 sicut
1470 1067 1579 1102 quidam
1594 1068 1688 1095 existi-

890 1117 967 1141 mant
979 1123 986 1141 :
999 1113 1046 1141 sed
1061 1113 1195 1148 patienter
1208 1113 1262 1148 agit
1273 1117 1386 1147 propter
1399 1119 1459 1146 vos,
1474 1112 1570 1140 nolens
1581 1112 1686 1147 aliquos

891 1159 993 1193 perire,
1008 1158 1055 1186 sed
1070 1166 1164 1186 omnes
1174 1158 1208 1186 ad
1221 1158 1411 1193 paenitentiam
1428 1158 1540 1187 reverti.
1552 1158 1688 1186 Adveniet

892 1208 980 1231 autem
1002 1204 1060 1231 dies
1076 1203 1193 1238 Domini,
1210 1208 1239 1231 ut
1251 1203 1294 1231 fur
1307 1212 1315 1232 :
1330 1204 1357 1231 in
1378 1212 1432 1239 quo
1447 1203 1512 1232 cteli
1527 1211 1624 1239 magno
1636 1204 1686 1231 im-

892 1255 955 1286 petu
968 1251 1111 1284 transient,
1125 1251 1261 1279 elementa
1271 1257 1337 1279 vero
1347 1250 1439 1278 calore
1449 1250 1599 1283 solventur,
1614 1255 1687 1278 terra

892 1303 999 1330 autem,
1020 1301 1048 1324 et
1061 1304 1121 1331 qua:
1142 1297 1168 1324 in
1184 1297 1241 1332 ipsa
1256 1301 1320 1324 sunt
1333 1304 1431 1332 opera,
1446 1300 1606 1325 exurentur.
1622 1295 1689 1323 Cum

892 1343 977 1378 igitur
992 1343 1051 1370 haec
1065 1343 1155 1370 omnia
1172 1342 1345 1370 dissolvenda
1367 1343 1440 1377 sint,
1466 1342 1559 1377 quales
1581 1347 1690 1377 oportet

894 1396 946 1417 vos
960 1396 1022 1417 esse
1037 1389 1064 1416 in
1080 1388 1183 1416 sanctis
1205 1388 1459 1416 conversationibus
1478 1392 1505 1416 et
1531 1388 1688 1422 pietatibus,

893 1437 1092 1469 exspectantes,
1100 1437 1128 1461 ct
1135 1438 1313 1468 properantes
1321 1433 1348 1461 in
1357 1433 1500 1461 adventum
1509 1433 1562 1460 diei
1571 1432 1692 1464 Domini.

894 1487 942 1515 per
954 1487 1034 1515 quem
1049 1479 1112 1507 cteli
1122 1478 1250 1507 ardentes
1264 1479 1414 1512 solventur,
1431 1484 1459 1507 et
1473 1479 1604 1506 elementa
1621 1476 1690 1512 ignis

26 1524 192 1560 iniquitatis
215 1525 317 1553 amavit
334 1533 342 1553 :
357 1525 558 1560 correptionem
582 1532 647 1553 vero
668 1525 763 1553 habuit
783 1533 840 1554 suat.
855 1520 878 1552 C
892 1525 989 1553 ardore
1007 1524 1161 1553 tabescent!
1178 1525 1268 1553 Novos
1281 1531 1347 1552 vero
1366 1524 1461 1558 ctelos,
1477 1529 1505 1552 et
1519 1530 1616 1551 novam
1636 1527 1691 1550 ter-

27 1570 168 1606 vesanite,
203 1570 345 1606 subjugale
370 1574 475 1598 mututn
498 1570 606 1604 animal,
632 1570 752 1599 hominis
775 1578 842 1599 voce

27 1615 163 1652 loquens,
181 1617 328 1652 prohibuit
343 1617 481 1653 propheta:
506 1615 698 1652 insipientiam.
722 1617 756 1644 Hi
779 1623 844 1645 sunt

27 1661 121 1690 fontes
147 1662 216 1690 sine
237 1670 319 1697 aqua,
334 1667 363 1690 et
386 1662 491 1690 nebulae
514 1661 666 1690 turbinibus
688 1662 839 1698 exagitatae,

28 1707 132 1742 quibus
146 1707 241 1744 caligo
256 1708 430 1736 tenebrarum
446 1712 611 1736 reservatur.
631 1708 753 1743 Superba
768 1708 842 1736 enim

29 1754 165 1781 vanitatis
187 1754 346 1790 loquentes,
370 1754 512 1789 pelliciunt
536 1753 563 1781 in
587 1753 732 1782 desideriis
752 1754 843 1782 carnis

28 1799 151 1829 luxuriae
167 1808 233 1836 eos,
249 1801 296 1836 qui
315 1801 456 1836 paululum
471 1800 613 1836 effugiunt,
629 1800 675 1836 qui
698 1801 724 1827 in
749 1807 844 1828 errore

28 1851 240 1874 conversantur
262 1855 269 1874 :
293 1847 446 1875 libertatem
472 1847 527 1875 illis
553 1847 758 1881 promittentes,
781 1854 843 1874 cum

28 1890 83 1926 ipsi
97 1892 178 1920 servi
190 1892 246 1920 sint
259 1893 445 1928 corruptionis
459 1902 466 1920 :
480 1900 494 1920 a
508 1900 561 1928 quo
572 1893 645 1921 enim
659 1892 719 1928 quis
734 1899 845 1927 supera-

28 1941 74 1965 tus
86 1943 145 1972 est,
158 1938 245 1973 hujus
257 1943 286 1967 et
295 1946 389 1967 servus
404 1943 457 1967 est.
471 1939 499 1966 Si
510 1939 582 1966 enim
594 1939 759 1974 refugientes
769 1939 844 1966 coin-

29 1985 216 2020 quinationes
229 1985 323 2014 mundi
349 1986 375 2013 in
400 1986 556 2022 cognitione
572 1984 679 2013 Domini
699 1985 795 2018 nostri,
817 1990 846 2013 et

30 2031 193 2060 Salvatoris
209 2032 276 2060 Jesu
301 2032 414 2066 Christi,
437 2032 478 2060 his
493 2039 589 2060 rursus
609 2031 739 2066 implicati
761 2038 845 2066 supe-

29 2083 148 2106 rantur:
162 2078 239 2107 t'acta
254 2083 320 2107 sunt
329 2080 370 2107 eis
381 2079 535 2116 posteriora
545 2079 682 2107 deteriora
698 2077 843 2113 prioribus.

31 2123 133 2153 Melius
146 2124 226 2153 enim
242 2129 304 2152 erat
316 2125 370 2153 illis
386 2134 440 2154 non
455 2133 622 2162 cognoscere
637 2125 708 2153 viam
722 2124 843 2160 iustitia},

31 2175 113 2204 quam
138 2175 215 2205 post‘
224 2170 410 2206 agnitionem,
433 2176 583 2200 retrorsum
599 2171 722 2199 converti
743 2171 777 2199 ab
799 2178 843 2205 eo,

32 2216 104 2250 quod
126 2216 188 2244 illis
213 2216 347 2244 traditum
370 2222 422 2251 est,
446 2223 541 2247 sancto
564 2218 702 2246 mandato.
724 2216 844 2253 Contigit

893 1578 951 1599 ram
966 1570 1116 1599 secundum
1127 1571 1263 1607 promissa
1279 1570 1364 1605 ipsius
1378 1575 1577 1605 exspectamus,
1593 1569 1620 1595 in
1631 1568 1691 1603 qui-

892 1616 943 1644 bus
961 1616 1068 1652 justitia
1082 1616 1198 1644 habitat.
1213 1616 1329 1652 Propter
1347 1616 1433 1651 quod,
1450 1614 1617 1647 charissimi,
1633 1613 1693 1641 lucc

893 1666 1093 1696 exspectantes,
1104 1662 1219 1697 satagite
1233 1661 1399 1689 immaculali
1408 1667 1435 1689 et
1443 1660 1564 1689 inviolati
1577 1659 1602 1687 ei
1617 1659 1692 1687 inve-

895 1708 946 1736 niri
960 1709 987 1736 in
1000 1716 1076 1745 pace.
1093 1709 1125 1737 Et
1140 1709 1249 1737 Domini
1261 1710 1345 1736 nostri
1359 1708 1603 1744 longanimitatem,
1618 1706 1691 1734 salu-

896 1760 948 1783 tem
969 1755 1140 1784 arbitremini
1153 1764 1160 1783 :
1177 1756 1249 1784 sicut
1266 1760 1294 1785 et
1308 1755 1487 1783 charissimus
1501 1754 1585 1781 frater
1599 1757 1693 1781 noster

895 1801 996 1830 Paulus
1007 1802 1157 1830 secundum
1174 1802 1264 1829 datam
1280 1802 1331 1829 sibi
1349 1802 1505 1837 patientiam
1520 1798 1630 1833 scripsit
1643 1805 1693 1825 vo—

894 1847 948 1881 bis,
964 1847 1034 1876 sicut
1049 1853 1076 1876 et
1091 1848 1120 1875 in
1136 1847 1264 1875 omnibus
1279 1847 1415 1881 epistolis,
1430 1847 1543 1880 loquens
1564 1844 1590 1871 in
1605 1843 1646 1872 cis
1659 1843 1695 1871 de

896 1892 939 1920 his
952 1902 958 1921 :
972 1893 998 1920 in
1010 1893 1108 1928 quibus
1121 1897 1183 1919 sunt
1197 1892 1319 1927 quaedam
1330 1891 1450 1919 difficilia
1466 1889 1617 1922 intellectu,
1632 1896 1695 1925 qua:

897 1938 999 1966 indocti
1026 1942 1054 1966 et
1083 1937 1225 1966 instabiles
1252 1937 1412 1972 depravanl,
1437 1936 1508 1964 sicut
1531 1941 1558 1963 et
1581 1940 1699 1963 czeteras

899 1984 1070 2019 Scripturas,
1089 1983 1122 2010 ad
1141 1990 1218 2010 suam
1236 1982 1356 2017 ipsorum
1371 1982 1564 2018 perditionem.
1577 1980 1633 2008 Vos
1648 1980 1700 2020 ἱεὶς

899 2035 953 2063 tur,
970 2029 1077 2062 fratres,
1092 2028 1266 2063 prarscienles
1286 2029 1439 2056 custodite:
1454 2035 1490 2055 ne
1506 2026 1699 2061 insipientium

897 2081 993 2102 errore
1006 2073 1121 2101 traducti
1132 2072 1264 2101 excidalis
1277 2081 1292 2100 a
1307 2073 1414 2108 propria
1426 2073 1565 2100 ﬁrmitate.
1575 2071 1704 2098 Crescite

898 2129 963 2149 vero
987 2122 1014 2148 ln
1042 2119 1140 2155 gratia,
1166 2124 1194 2147 ct
1214 2120 1240 2146 in
1258 2120 1414 2155 cognitione
1430 2117 1540 2146 Domini
1555 2115 1661 2148 nostri,
1676 2117 1706 2141 et

898 2166 1046 2197 Salvatoris
1059 2166 1125 2194 Jesu
1146 2164 1255 2193 Christi.
1272 2164 1324 2200 Ipsi
1340 2165 1438 2200 gloria,
1460 2167 1490 2191 et
1513 2168 1597 2194 nunc,
1623 2164 1652 2188 et
1676 2159 1707 2186 in

898 2214 970 2242 dietn
986 2211 1157 2240 aeternitatis.
1174 2210 1270 2238 Amen.

582 2274 698 2310 Eaplict't
712 2274 832 2309 Epistola
845 2273 878 2302 B.
891 2272 964 2300 Petri
980 2270 1091 2306 apostoli
1106 2268 1150 2297 II.
1166 2308 1173 2313 ἡ

28 2332 1704 2354 _______________________________________..

749 2534 755 2550 ξ
784 2535 786 2539 τ
1002 2524 1024 2542 ⁸
1070 2534 1085 2550 ν
1099 2535 1112 2546 ις
1665 2549 1675 2557 ε

632 2590 664 2635 ν
680 2611 685 2614 ν
704 2582 776 2621 ,δρῆ
798 2590 808 2622 ἶ
824 2594 847 2634 ,Α
1162 2605 1173 2647 Α
1201 2585 1259 2653 Α
1635 2584 1647 2598 ις

561 2635 605 2662 ,τ
615 2650 618 2651 ν
896 2650 902 2652 ,
911 2650 922 2653 ,γ
1160 2644 1162 2652 ,
1265 2635 1281 2648 ο
1570 2639 1573 2643 ι

524 2749 556 2767 πῆ
1048 2714 1068 2744 ἓ
1313 2724 1460 2751 testamur.
1474 2718 1500 2742 et
1561 2756 1565 2758 _

468 2767 531 2804 ,ις
551 2774 554 2778 ’
1312 2782 1318 2790 ι
1336 2768 1401 2794 eral
1413 2760 1480 2805 {illud

468 2820 469 2836 1
491 2803 522 2824 ³⁷⁸
538 2803 551 2808 ⁴
976 2808 989 2810 “
1347 2817 1373 2836 β.
1390 2810 1418 2834 et
1427 2803 1486 2832 aud'

51 2725 130 2762 ίαν,
143 2722 182 2760 1,]
195 2721 284 2756 Quod
296 2721 352 2750 fuit
361 2722 399 2751 ab
408 2721 556 2767 illam!

14 2770 136 2799 vidimus
149 2767 252 2797 oculis
265 2767 554 2816 nostris,quoﬂ:ﬂ

12 2821 114 2846 ηοσιηε
133 2811 569 2855 ωηιιαιθνςιῒηηῑξὲἒᾘ

109 2855 277 2892 λωιοις.
