  <div class='ocr_page' id='page_1' title='image "/cluster/home/n/w/nwhite01/storage/ocr_20150623/29/uva.x000826564/447.png"; bbox 0 0 3946 6198; ppageno 0'>
   <div class='ocr_carea' id='block_1_1' title="bbox 569 221 681 281">
    <p class='ocr_par' dir='ltr' id='par_1_1' title="bbox 569 221 681 281">
     <span class='ocr_line' id='line_1_1' title="bbox 569 221 681 281; baseline 0.009 -2"><span class='ocrx_word' id='word_1_1' title='bbox 569 221 681 281; x_wconf 70' lang='lat'><strong>855</strong></span> 
     </span>
    </p>
   </div>
   <div class='ocr_carea' id='block_1_2' title="bbox 1588 185 3845 272">
    <p class='ocr_par' dir='ltr' id='par_1_2' title="bbox 1588 185 3845 272">
     <span class='ocr_line' id='line_1_2' title="bbox 1588 185 3845 272; baseline -0 0"><span class='ocrx_word' id='word_1_2' title='bbox 1588 215 1647 272; x_wconf 90' lang='lat' dir='ltr'><strong>s.</strong></span> <span class='ocrx_word' id='word_1_3' title='bbox 1689 207 2073 272; x_wconf 66' lang='lat' dir='ltr'><strong>HIERONYMI</strong></span> <span class='ocrx_word' id='word_1_4' title='bbox 2112 205 2342 271; x_wconf 72' lang='lat' dir='ltr'><strong>strtus</strong></span> <span class='ocrx_word' id='word_1_5' title='bbox 2382 203 2856 270; x_wconf 76' lang='lat' dir='ltr'><strong>BlBLiO&#39;i&#39;iiEGA.</strong></span> <span class='ocrx_word' id='word_1_6' title='bbox 3384 212 3392 223; x_wconf 95' lang='grc'><strong>·</strong></span> <span class='ocrx_word' id='word_1_7' title='bbox 3539 185 3546 190; x_wconf 80' lang='grc'><em>’</em></span> <span class='ocrx_word' id='word_1_8' title='bbox 3761 209 3845 272; x_wconf 77' lang='lat' dir='ltr'><strong>su</strong></span> 
     </span>
    </p>
   </div>
   <div class='ocr_carea' id='block_1_3' title="bbox 570 319 3844 405">
    <p class='ocr_par' dir='ltr' id='par_1_3' title="bbox 570 319 3844 405">
     <span class='ocr_line' id='line_1_3' title="bbox 570 319 3844 405; baseline -0.003 -8"><span class='ocrx_word' id='word_1_9' title='bbox 570 344 773 398; x_wconf 87' lang='lat' dir='ltr'><strong>tiamus</strong></span> <span class='ocrx_word' id='word_1_10' title='bbox 816 338 990 405; x_wconf 85' lang='lat' dir='ltr'><strong>vobis,</strong></span> <span class='ocrx_word' id='word_1_11' title='bbox 1033 346 1091 392; x_wconf 93' lang='lat' dir='ltr'><strong>ut</strong></span> <span class='ocrx_word' id='word_1_12' title='bbox 1113 335 1186 391; x_wconf 85' lang='lat' dir='ltr'><strong>&#39;et</strong></span> <span class='ocrx_word' id='word_1_13' title='bbox 1225 345 1319 390; x_wconf 89' lang='lat' dir='ltr'><strong>vos</strong></span> <span class='ocrx_word' id='word_1_14' title='bbox 1363 333 1678 390; x_wconf 88' lang='lat' dir='ltr'><strong>societatem</strong></span> <span class='ocrx_word' id='word_1_15' title='bbox 1709 334 1953 390; x_wconf 79' lang='lat' dir='ltr'><strong>habeatis</strong></span> <span class='ocrx_word' id='word_1_16' title='bbox 1981 334 2168 389; x_wconf 76' lang='lat' dir='ltr'><strong>nobis-</strong></span> <span class='ocrx_word' id='word_1_17' title='bbox 2193 331 2244 394; x_wconf 80' lang='grc' dir='ltr'><strong>Α</strong></span> <span class='ocrx_word' id='word_1_18' title='bbox 2270 332 2408 402; x_wconf 85' lang='lat' dir='ltr'><strong>sint,</strong></span> <span class='ocrx_word' id='word_1_19' title='bbox 2453 331 2704 403; x_wconf 90' lang='lat' dir='ltr'><strong>quoniam</strong></span> <span class='ocrx_word' id='word_1_20' title='bbox 2747 345 2853 386; x_wconf 91' lang='lat' dir='ltr'><strong>non</strong></span> <span class='ocrx_word' id='word_1_21' title='bbox 2891 335 3018 386; x_wconf 87' lang='lat' dir='ltr'><strong>sunt</strong></span> <span class='ocrx_word' id='word_1_22' title='bbox 3058 325 3246 385; x_wconf 74' lang='lat' dir='ltr'><strong>onine&#39;s</strong></span> <span class='ocrx_word' id='word_1_23' title='bbox 3289 343 3356 385; x_wconf 80' lang='lat' dir='ltr'><strong>ex</strong></span> <span class='ocrx_word' id='word_1_24' title='bbox 3399 319 3558 384; x_wconf 89' lang='lat' dir='ltr'><strong>nobis</strong></span> <span class='ocrx_word' id='word_1_25' title='bbox 3590 341 3605 382; x_wconf 87' lang='lat'><strong>:</strong></span> <span class='ocrx_word' id='word_1_26' title='bbox 3637 326 3730 384; x_wconf 86' lang='lat' dir='ltr'><strong>sed</strong></span> <span class='ocrx_word' id='word_1_27' title='bbox 3768 346 3844 386; x_wconf 81' lang='lat' dir='ltr'><strong>vos</strong></span> 
     </span>
    </p>
   </div>
   <div class='ocr_carea' id='block_1_4' title="bbox 574 428 2169 506">
    <p class='ocr_par' dir='ltr' id='par_1_4' title="bbox 574 428 2169 506">
     <span class='ocr_line' id='line_1_4' title="bbox 574 428 2169 506; baseline -0.006 -12"><span class='ocrx_word' id='word_1_28' title='bbox 574 452 721 506; x_wconf 87' lang='lat' dir='ltr'><strong>cum,</strong></span> <span class='ocrx_word' id='word_1_29' title='bbox 755 443 810 490; x_wconf 84' lang='lat' dir='ltr'><strong>ct</strong></span> <span class='ocrx_word' id='word_1_30' title='bbox 850 433 1078 489; x_wconf 82' lang='lat' dir='ltr'><strong>societas</strong></span> <span class='ocrx_word' id='word_1_31' title='bbox 1110 439 1294 485; x_wconf 87' lang='lat' dir='ltr'><strong>nostra</strong></span> <span class='ocrx_word' id='word_1_32' title='bbox 1325 430 1394 484; x_wconf 86' lang='lat' dir='ltr'><strong>sit</strong></span> <span class='ocrx_word' id='word_1_33' title='bbox 1423 443 1548 484; x_wconf 91' lang='lat' dir='ltr'><strong>cum</strong></span> <span class='ocrx_word' id='word_1_34' title='bbox 1579 429 1763 496; x_wconf 85' lang='lat' dir='ltr'><strong>Patre,</strong></span> <span class='ocrx_word' id='word_1_35' title='bbox 1792 438 1848 485; x_wconf 90' lang='lat' dir='ltr'><strong>et</strong></span> <span class='ocrx_word' id='word_1_36' title='bbox 1874 438 1997 484; x_wconf 84' lang='lat' dir='ltr'><strong>cum</strong></span> <span class='ocrx_word' id='word_1_37' title='bbox 2030 428 2169 484; x_wconf 87' lang='lat' dir='ltr'><strong>Filio</strong></span> 
     </span>
    </p>
   </div>
   <div class='ocr_carea' id='block_1_5' title="bbox 575 520 2171 600">
    <p class='ocr_par' dir='ltr' id='par_1_5' title="bbox 575 520 2171 600">
     <span class='ocr_line' id='line_1_5' title="bbox 575 520 2171 600; baseline -0.007 -15"><span class='ocrx_word' id='word_1_38' title='bbox 575 529 694 600; x_wconf 87' lang='lat' dir='ltr'><strong>ejus</strong></span> <span class='ocrx_word' id='word_1_39' title='bbox 733 529 862 584; x_wconf 79' lang='lat' dir='ltr'><strong>Iesu</strong></span> <span class='ocrx_word' id='word_1_40' title='bbox 905 522 1141 580; x_wconf 75' lang='lat' dir='ltr'><strong>Christo.</strong></span> <span class='ocrx_word' id='word_1_41' title='bbox 1175 521 1244 577; x_wconf 89' lang='lat' dir='ltr'><strong>Et</strong></span> <span class='ocrx_word' id='word_1_42' title='bbox 1272 521 1391 577; x_wconf 69' lang='lat' dir='ltr'><strong>hinc</strong></span> <span class='ocrx_word' id='word_1_43' title='bbox 1433 520 1724 578; x_wconf 74' lang='lat' dir='ltr'><strong>scribimus</strong></span> <span class='ocrx_word' id='word_1_44' title='bbox 1752 521 1924 589; x_wconf 81' lang='lat' dir='ltr'><strong>vobis,</strong></span> <span class='ocrx_word' id='word_1_45' title='bbox 1955 528 2014 576; x_wconf 89' lang='lat' dir='ltr'><strong>ut</strong></span> <span class='ocrx_word' id='word_1_46' title='bbox 2041 533 2171 592; x_wconf 87' lang='lat' dir='ltr'><strong>gau-</strong></span> 
     </span>
    </p>
   </div>
   <div class='ocr_carea' id='block_1_6' title="bbox 559 607 2173 686">
    <p class='ocr_par' dir='ltr' id='par_1_6' title="bbox 559 607 2173 686">
     <span class='ocr_line' id='line_1_6' title="bbox 559 607 2173 686; baseline -0.006 -10"><span class='ocrx_word' id='word_1_47' title='bbox 559 612 770 684; x_wconf 79' lang='lat' dir='ltr'><strong>deatis,</strong></span> <span class='ocrx_word' id='word_1_48' title='bbox 817 626 872 672; x_wconf 89' lang='lat' dir='ltr'><strong>et</strong></span> <span class='ocrx_word' id='word_1_49' title='bbox 917 613 1172 686; x_wconf 85' lang='lat' dir='ltr'><strong>gaudium</strong></span> <span class='ocrx_word' id='word_1_50' title='bbox 1199 623 1438 670; x_wconf 86' lang='lat' dir='ltr'><strong>vestrum</strong></span> <span class='ocrx_word' id='word_1_51' title='bbox 1469 614 1539 668; x_wconf 89' lang='lat' dir='ltr'><strong>sit</strong></span> <span class='ocrx_word' id='word_1_52' title='bbox 1567 611 1810 684; x_wconf 89' lang='lat' dir='ltr'><strong>plenum.</strong></span> <span class='ocrx_word' id='word_1_53' title='bbox 1844 607 1915 667; x_wconf 80' lang='lat' dir='ltr'><strong>Et</strong></span> <span class='ocrx_word' id='word_1_54' title='bbox 1943 611 2060 666; x_wconf 84' lang='lat' dir='ltr'><strong>haec</strong></span> <span class='ocrx_word' id='word_1_55' title='bbox 2088 619 2173 666; x_wconf 86' lang='lat' dir='ltr'><strong>est</strong></span> 
     </span>
    </p>
   </div>
   <div class='ocr_carea' id='block_1_7' title="bbox 573 703 2171 780">
    <p class='ocr_par' dir='ltr' id='par_1_7' title="bbox 573 703 2171 780">
     <span class='ocr_line' id='line_1_7' title="bbox 573 703 2171 780; baseline -0.005 -13"><span class='ocrx_word' id='word_1_56' title='bbox 573 710 932 780; x_wconf 85' lang='lat' dir='ltr'><strong>annuutiatio,</strong></span> <span class='ocrx_word' id='word_1_57' title='bbox 975 723 1137 780; x_wconf 86' lang='lat' dir='ltr'><strong>quam</strong></span> <span class='ocrx_word' id='word_1_58' title='bbox 1165 706 1474 764; x_wconf 76' lang='lat' dir='ltr'><strong>audivimus</strong></span> <span class='ocrx_word' id='word_1_59' title='bbox 1501 707 1569 763; x_wconf 90' lang='lat' dir='ltr'><strong>ab</strong></span> <span class='ocrx_word' id='word_1_60' title='bbox 1597 721 1688 775; x_wconf 86' lang='lat' dir='ltr'><strong>eo,</strong></span> <span class='ocrx_word' id='word_1_61' title='bbox 1710 714 1764 764; x_wconf 84' lang='lat' dir='ltr'><strong>et</strong></span> <span class='ocrx_word' id='word_1_62' title='bbox 1786 703 2171 762; x_wconf 73' lang='lat' dir='ltr'><strong>annuntiomus</strong></span> 
     </span>
    </p>
   </div>
   <div class='ocr_carea' id='block_1_8' title="bbox 573 800 2170 870">
    <p class='ocr_par' dir='ltr' id='par_1_8' title="bbox 573 800 2170 870">
     <span class='ocr_line' id='line_1_8' title="bbox 573 800 2170 870; baseline -0.004 -10"><span class='ocrx_word' id='word_1_63' title='bbox 573 804 730 860; x_wconf 80' lang='lat' dir='ltr'><strong>vobis</strong></span> <span class='ocrx_word' id='word_1_64' title='bbox 758 817 773 859; x_wconf 87' lang='lat'><strong>:</strong></span> <span class='ocrx_word' id='word_1_65' title='bbox 805 802 1074 870; x_wconf 82' lang='lat' dir='ltr'><strong>Quoniam</strong></span> <span class='ocrx_word' id='word_1_66' title='bbox 1106 803 1249 858; x_wconf 89' lang='lat' dir='ltr'><strong>Deus</strong></span> <span class='ocrx_word' id='word_1_67' title='bbox 1280 801 1370 857; x_wconf 74' lang='lat' dir='ltr'><strong>lux</strong></span> <span class='ocrx_word' id='word_1_68' title='bbox 1399 809 1504 868; x_wconf 85' lang='lat' dir='ltr'><strong>est,</strong></span> <span class='ocrx_word' id='word_1_69' title='bbox 1535 809 1592 858; x_wconf 89' lang='lat' dir='ltr'><strong>et</strong></span> <span class='ocrx_word' id='word_1_70' title='bbox 1617 800 1856 858; x_wconf 67' lang='lat' dir='ltr'><strong>tenebrae</strong></span> <span class='ocrx_word' id='word_1_71' title='bbox 1885 800 1940 855; x_wconf 90' lang='lat' dir='ltr'><strong>in</strong></span> <span class='ocrx_word' id='word_1_72' title='bbox 1965 810 2032 855; x_wconf 85' lang='lat' dir='ltr'><strong>eo</strong></span> <span class='ocrx_word' id='word_1_73' title='bbox 2061 811 2170 855; x_wconf 91' lang='lat' dir='ltr'><strong>non</strong></span> 
     </span>
    </p>
   </div>
   <div class='ocr_carea' id='block_1_9' title="bbox 572 889 2170 965">
    <p class='ocr_par' dir='ltr' id='par_1_9' title="bbox 572 889 2170 965">
     <span class='ocr_line' id='line_1_9' title="bbox 572 889 2170 965; baseline -0.003 -12"><span class='ocrx_word' id='word_1_74' title='bbox 572 904 702 954; x_wconf 88' lang='lat' dir='ltr'><strong>sunt</strong></span> <span class='ocrx_word' id='word_1_75' title='bbox 733 895 883 951; x_wconf 72' lang='lat' dir='ltr'><strong>ullae.</strong></span> <span class='ocrx_word' id='word_1_76' title='bbox 919 895 977 951; x_wconf 79' lang='lat' dir='ltr'><strong>Si</strong></span> <span class='ocrx_word' id='word_1_77' title='bbox 1011 895 1319 951; x_wconf 78' lang='lat' dir='ltr'><strong>dixerimus</strong></span> <span class='ocrx_word' id='word_1_78' title='bbox 1355 894 1612 965; x_wconf 89' lang='lat' dir='ltr'><strong>quoniam</strong></span> <span class='ocrx_word' id='word_1_79' title='bbox 1655 889 1972 950; x_wconf 80' lang='lat' dir='ltr'><strong>societatem</strong></span> <span class='ocrx_word' id='word_1_80' title='bbox 2003 891 2170 948; x_wconf 80' lang='lat' dir='ltr'><strong>habe-</strong></span> 
     </span>
    </p>
   </div>
   <div class='ocr_carea' id='block_1_10' title="bbox 570 986 2174 1056">
    <p class='ocr_par' dir='ltr' id='par_1_10' title="bbox 570 986 2174 1056">
     <span class='ocr_line' id='line_1_10' title="bbox 570 986 2174 1056; baseline -0.005 -10"><span class='ocrx_word' id='word_1_81' title='bbox 570 1004 695 1046; x_wconf 89' lang='lat' dir='ltr'><strong>mus</strong></span> <span class='ocrx_word' id='word_1_82' title='bbox 721 1001 842 1045; x_wconf 92' lang='lat' dir='ltr'><strong>cum</strong></span> <span class='ocrx_word' id='word_1_83' title='bbox 868 997 1025 1056; x_wconf 90' lang='lat' dir='ltr'><strong>eo,et</strong></span> <span class='ocrx_word' id='word_1_84' title='bbox 1051 989 1103 1043; x_wconf 92' lang='lat' dir='ltr'><strong>in</strong></span> <span class='ocrx_word' id='word_1_85' title='bbox 1131 987 1372 1044; x_wconf 76' lang='lat' dir='ltr'><strong>tetiebris</strong></span> <span class='ocrx_word' id='word_1_86' title='bbox 1397 987 1752 1054; x_wconf 73' lang='lat' dir='ltr'><strong>ambulamus,</strong></span> <span class='ocrx_word' id='word_1_87' title='bbox 1778 986 2092 1052; x_wconf 80' lang='lat' dir='ltr'><strong>mentimur,</strong></span> <span class='ocrx_word' id='word_1_88' title='bbox 2118 987 2174 1039; x_wconf 82' lang='lat' dir='ltr'><strong>‘et</strong></span> 
     </span>
    </p>
   </div>
   <div class='ocr_carea' id='block_1_11' title="bbox 572 1069 2168 1142">
    <p class='ocr_par' dir='ltr' id='par_1_11' title="bbox 572 1069 2168 1142">
     <span class='ocr_line' id='line_1_11' title="bbox 572 1069 2168 1142; baseline -0.007 -2"><span class='ocrx_word' id='word_1_89' title='bbox 572 1083 857 1140; x_wconf 71' lang='lat' dir='ltr'><strong>veritatem</strong></span> <span class='ocrx_word' id='word_1_90' title='bbox 889 1093 996 1136; x_wconf 92' lang='lat' dir='ltr'><strong>non</strong></span> <span class='ocrx_word' id='word_1_91' title='bbox 1019 1080 1266 1136; x_wconf 79' lang='lat' dir='ltr'><strong>facimus.</strong></span> <span class='ocrx_word' id='word_1_92' title='bbox 1297 1079 1353 1136; x_wconf 82' lang='lat' dir='ltr'><strong>Si</strong></span> <span class='ocrx_word' id='word_1_93' title='bbox 1379 1087 1559 1135; x_wconf 88' lang='lat' dir='ltr'><strong>autem</strong></span> <span class='ocrx_word' id='word_1_94' title='bbox 1583 1079 1641 1134; x_wconf 89' lang='lat' dir='ltr'><strong>in</strong></span> <span class='ocrx_word' id='word_1_95' title='bbox 1662 1078 1782 1134; x_wconf 89' lang='lat' dir='ltr'><strong>luce</strong></span> <span class='ocrx_word' id='word_1_96' title='bbox 1807 1069 2168 1142; x_wconf 77' lang='lat' dir='ltr'><strong>ambulamus,</strong></span> 
     </span>
    </p>
   </div>
   <div class='ocr_carea' id='block_1_12' title="bbox 571 1167 2175 1245">
    <p class='ocr_par' dir='ltr' id='par_1_12' title="bbox 571 1167 2175 1245">
     <span class='ocr_line' id='line_1_12' title="bbox 571 1167 2175 1245; baseline -0.006 -12"><span class='ocrx_word' id='word_1_97' title='bbox 571 1176 717 1232; x_wconf 87' lang='lat' dir='ltr'><strong>sicut</strong></span> <span class='ocrx_word' id='word_1_98' title='bbox 740 1183 795 1231; x_wconf 90' lang='lat' dir='ltr'><strong>et</strong></span> <span class='ocrx_word' id='word_1_99' title='bbox 820 1176 936 1245; x_wconf 88' lang='lat' dir='ltr'><strong>ipse</strong></span> <span class='ocrx_word' id='word_1_100' title='bbox 963 1181 1052 1230; x_wconf 86' lang='lat' dir='ltr'><strong>est</strong></span> <span class='ocrx_word' id='word_1_101' title='bbox 1080 1174 1133 1228; x_wconf 90' lang='lat' dir='ltr'><strong>in</strong></span> <span class='ocrx_word' id='word_1_102' title='bbox 1162 1174 1314 1238; x_wconf 87' lang='lat' dir='ltr'><strong>luce;</strong></span> <span class='ocrx_word' id='word_1_103' title='bbox 1347 1172 1665 1228; x_wconf 83' lang='lat' dir='ltr'><strong>societatem</strong></span> <span class='ocrx_word' id='word_1_104' title='bbox 1694 1171 1960 1226; x_wconf 80' lang='lat' dir='ltr'><strong>habemus</strong></span> <span class='ocrx_word' id='word_1_105' title='bbox 1991 1168 2058 1224; x_wconf 89' lang='lat' dir='ltr'><strong>ad</strong></span> <span class='ocrx_word' id='word_1_106' title='bbox 2087 1167 2175 1223; x_wconf 82' lang='lat' dir='ltr'><strong>in-</strong></span> 
     </span>
    </p>
   </div>
   <div class='ocr_carea' id='block_1_13' title="bbox 567 1259 2175 1338">
    <p class='ocr_par' dir='ltr' id='par_1_13' title="bbox 567 1259 2175 1338">
     <span class='ocr_line' id='line_1_13' title="bbox 567 1259 2175 1338; baseline -0.005 -12"><span class='ocrx_word' id='word_1_107' title='bbox 567 1268 769 1336; x_wconf 85' lang='lat' dir='ltr'><strong>vicem,</strong></span> <span class='ocrx_word' id='word_1_108' title='bbox 797 1275 854 1324; x_wconf 83' lang='lat' dir='ltr'><strong>et</strong></span> <span class='ocrx_word' id='word_1_109' title='bbox 892 1267 1110 1338; x_wconf 81' lang='lat' dir='ltr'><strong>sanguis</strong></span> <span class='ocrx_word' id='word_1_110' title='bbox 1145 1267 1275 1322; x_wconf 85' lang='lat' dir='ltr'><strong>Jesu</strong></span> <span class='ocrx_word' id='word_1_111' title='bbox 1314 1259 1542 1334; x_wconf 84' lang='lat' dir='ltr'><strong>Christi,</strong></span> <span class='ocrx_word' id='word_1_112' title='bbox 1578 1267 1697 1322; x_wconf 84' lang='lat' dir='ltr'><strong>Filii</strong></span> <span class='ocrx_word' id='word_1_113' title='bbox 1743 1265 1886 1336; x_wconf 84' lang='lat' dir='ltr'><strong>ejus,</strong></span> <span class='ocrx_word' id='word_1_114' title='bbox 1915 1262 2175 1320; x_wconf 73' lang='lat' dir='ltr'><strong>smundat</strong></span> 
     </span>
    </p>
   </div>
   <div class='ocr_carea' id='block_1_14' title="bbox 571 1358 2173 1432">
    <p class='ocr_par' dir='ltr' id='par_1_14' title="bbox 571 1358 2173 1432">
     <span class='ocr_line' id='line_1_14' title="bbox 571 1358 2173 1432; baseline -0.006 -11"><span class='ocrx_word' id='word_1_115' title='bbox 571 1377 674 1421; x_wconf 91' lang='lat' dir='ltr'><strong>nos</strong></span> <span class='ocrx_word' id='word_1_116' title='bbox 699 1363 769 1419; x_wconf 83' lang='lat' dir='ltr'><strong>ab</strong></span> <span class='ocrx_word' id='word_1_117' title='bbox 812 1362 958 1418; x_wconf 90' lang='lat' dir='ltr'><strong>omni</strong></span> <span class='ocrx_word' id='word_1_118' title='bbox 997 1365 1238 1432; x_wconf 81' lang='lat' dir='ltr'><strong>peccato.</strong></span> <span class='ocrx_word' id='word_1_119' title='bbox 1267 1361 1327 1417; x_wconf 91' lang='lat' dir='ltr'><strong>Si</strong></span> <span class='ocrx_word' id='word_1_120' title='bbox 1358 1361 1658 1417; x_wconf 75' lang='lat' dir='ltr'><strong>dixerimus</strong></span> <span class='ocrx_word' id='word_1_121' title='bbox 1685 1358 1948 1431; x_wconf 85' lang='lat' dir='ltr'><strong>quoniam</strong></span> <span class='ocrx_word' id='word_1_122' title='bbox 1977 1361 2173 1428; x_wconf 62' lang='lat' dir='ltr'><strong>peccas</strong></span> 
     </span>
    </p>
   </div>
   <div class='ocr_carea' id='block_1_15' title="bbox 570 1439 2176 1525">
    <p class='ocr_par' dir='ltr' id='par_1_15' title="bbox 570 1439 2176 1525">
     <span class='ocr_line' id='line_1_15' title="bbox 570 1439 2176 1525; baseline -0.006 -11"><span class='ocrx_word' id='word_1_123' title='bbox 570 1466 686 1514; x_wconf 91' lang='lat' dir='ltr'><strong>tum</strong></span> <span class='ocrx_word' id='word_1_124' title='bbox 721 1463 826 1513; x_wconf 85' lang='lat' dir='ltr'><strong>non</strong></span> <span class='ocrx_word' id='word_1_125' title='bbox 849 1457 1142 1521; x_wconf 78' lang='lat' dir='ltr'><strong>habemus;</strong></span> <span class='ocrx_word' id='word_1_126' title='bbox 1177 1458 1279 1525; x_wconf 78' lang='lat' dir='ltr'><strong>ipsi</strong></span> <span class='ocrx_word' id='word_1_127' title='bbox 1311 1467 1411 1511; x_wconf 88' lang='lat' dir='ltr'><strong>nos</strong></span> <span class='ocrx_word' id='word_1_128' title='bbox 1442 1454 1775 1522; x_wconf 86' lang='lat' dir='ltr'><strong>seducimus,</strong></span> <span class='ocrx_word' id='word_1_129' title='bbox 1807 1457 1863 1509; x_wconf 84' lang='lat' dir='ltr'><strong>et</strong></span> <span class='ocrx_word' id='word_1_130' title='bbox 1891 1453 2090 1508; x_wconf 77' lang='lat' dir='ltr'><strong>veritas</strong></span> <span class='ocrx_word' id='word_1_131' title='bbox 2113 1439 2176 1506; x_wconf 72' lang='lat' dir='ltr'><strong>in</strong></span> 
     </span>
    </p>
   </div>
   <div class='ocr_carea' id='block_1_16' title="bbox 568 1542 2174 1626">
    <p class='ocr_par' dir='ltr' id='par_1_16' title="bbox 568 1542 2174 1626">
     <span class='ocr_line' id='line_1_16' title="bbox 568 1542 2174 1626; baseline -0.007 -17"><span class='ocrx_word' id='word_1_132' title='bbox 568 1552 730 1609; x_wconf 86' lang='lat' dir='ltr'><strong>nobis</strong></span> <span class='ocrx_word' id='word_1_133' title='bbox 759 1559 868 1608; x_wconf 85' lang='lat' dir='ltr'><strong>non</strong></span> <span class='ocrx_word' id='word_1_134' title='bbox 895 1559 998 1608; x_wconf 58' lang='lat' dir='ltr'><strong>at.</strong></span> <span class='ocrx_word' id='word_1_135' title='bbox 1031 1549 1091 1608; x_wconf 80' lang='lat' dir='ltr'><strong>Si</strong></span> <span class='ocrx_word' id='word_1_136' title='bbox 1113 1550 1470 1626; x_wconf 74' lang='lat' dir='ltr'><strong>conﬁteantur</strong></span> <span class='ocrx_word' id='word_1_137' title='bbox 1501 1551 1722 1620; x_wconf 62' lang='lat' dir='ltr'><strong>placenta</strong></span> <span class='ocrx_word' id='word_1_138' title='bbox 1745 1549 1970 1612; x_wconf 80' lang='lat' dir='ltr'><strong>nostra;</strong></span> <span class='ocrx_word' id='word_1_139' title='bbox 1999 1542 2174 1599; x_wconf 68' lang='lat' dir='ltr'><strong>fidelis</strong></span> 
     </span>
    </p>
   </div>
   <div class='ocr_carea' id='block_1_17' title="bbox 567 1633 2175 1714">
    <p class='ocr_par' dir='ltr' id='par_1_17' title="bbox 567 1633 2175 1714">
     <span class='ocr_line' id='line_1_17' title="bbox 567 1633 2175 1714; baseline -0.007 -14"><span class='ocrx_word' id='word_1_140' title='bbox 567 1650 674 1712; x_wconf 86' lang='lat' dir='ltr'><strong>est,</strong></span> <span class='ocrx_word' id='word_1_141' title='bbox 716 1651 770 1699; x_wconf 88' lang='lat' dir='ltr'><strong>et</strong></span> <span class='ocrx_word' id='word_1_142' title='bbox 803 1643 1007 1714; x_wconf 84' lang='lat' dir='ltr'><strong>justus,</strong></span> <span class='ocrx_word' id='word_1_143' title='bbox 1046 1651 1107 1698; x_wconf 86' lang='grc' dir='ltr'><strong>ιιι</strong></span> <span class='ocrx_word' id='word_1_144' title='bbox 1145 1641 1587 1697; x_wconf 73' lang='lat' dir='ltr'><strong>remittatnt&#39;ibis</strong></span> <span class='ocrx_word' id='word_1_145' title='bbox 1626 1641 1844 1710; x_wconf 70' lang='lat' dir='ltr'><strong>peccata</strong></span> <span class='ocrx_word' id='word_1_146' title='bbox 1875 1635 2087 1701; x_wconf 81' lang='lat' dir='ltr'><strong>nostra,</strong></span> <span class='ocrx_word' id='word_1_147' title='bbox 2117 1633 2175 1689; x_wconf 71' lang='grc' dir='ltr'><strong>ει</strong></span> 
     </span>
    </p>
   </div>
   <div class='ocr_carea' id='block_1_18' title="bbox 2271 411 3842 490">
    <p class='ocr_par' dir='ltr' id='par_1_18' title="bbox 2271 411 3842 490">
     <span class='ocr_line' id='line_1_18' title="bbox 2271 411 3842 490; baseline -0.001 -11"><span class='ocrx_word' id='word_1_148' title='bbox 2271 426 2584 480; x_wconf 88' lang='lat' dir='ltr'><strong>unctionem</strong></span> <span class='ocrx_word' id='word_1_149' title='bbox 2622 423 2836 479; x_wconf 83' lang='lat' dir='ltr'><strong>habetis</strong></span> <span class='ocrx_word' id='word_1_150' title='bbox 2880 433 2909 477; x_wconf 79' lang='grc' dir='ltr'><strong>ιι</strong></span> <span class='ocrx_word' id='word_1_151' title='bbox 2950 421 3172 490; x_wconf 81' lang='lat' dir='ltr'><strong>Sancto,</strong></span> <span class='ocrx_word' id='word_1_152' title='bbox 3217 427 3271 477; x_wconf 88' lang='lat' dir='ltr'><strong>et</strong></span> <span class='ocrx_word' id='word_1_153' title='bbox 3312 421 3481 477; x_wconf 87' lang='lat' dir='ltr'><strong>nostis</strong></span> <span class='ocrx_word' id='word_1_154' title='bbox 3513 411 3719 478; x_wconf 85' lang='lat' dir='ltr'><strong>omnia.</strong></span> <span class='ocrx_word' id='word_1_155' title='bbox 3749 421 3842 477; x_wconf 80' lang='lat' dir='ltr'><strong>Non</strong></span> 
     </span>
    </p>
   </div>
   <div class='ocr_carea' id='block_1_19' title="bbox 2269 511 3843 586">
    <p class='ocr_par' dir='ltr' id='par_1_19' title="bbox 2269 511 3843 586">
     <span class='ocr_line' id='line_1_19' title="bbox 2269 511 3843 586; baseline -0.001 -17"><span class='ocrx_word' id='word_1_156' title='bbox 2269 515 2466 586; x_wconf 68' lang='lat' dir='ltr'><strong>scripsi</strong></span> <span class='ocrx_word' id='word_1_157' title='bbox 2498 515 2651 570; x_wconf 81' lang='lat' dir='ltr'><strong>vobis</strong></span> <span class='ocrx_word' id='word_1_158' title='bbox 2681 513 2832 584; x_wconf 81' lang='lat' dir='ltr'><strong>quasi</strong></span> <span class='ocrx_word' id='word_1_159' title='bbox 2863 513 3240 585; x_wconf 78' lang='lat' dir='ltr'><strong>ignorantibus</strong></span> <span class='ocrx_word' id='word_1_160' title='bbox 3263 511 3574 580; x_wconf 75' lang='lat' dir='ltr'><strong>veritatem,</strong></span> <span class='ocrx_word' id='word_1_161' title='bbox 3599 512 3696 568; x_wconf 88' lang='lat' dir='ltr'><strong>sed</strong></span> <span class='ocrx_word' id='word_1_162' title='bbox 3718 516 3843 584; x_wconf 86' lang='lat' dir='ltr'><strong>quasi</strong></span> 
     </span>
    </p>
   </div>
   <div class='ocr_carea' id='block_1_20' title="bbox 2273 606 3842 678">
    <p class='ocr_par' dir='ltr' id='par_1_20' title="bbox 2273 606 3842 678">
     <span class='ocr_line' id='line_1_20' title="bbox 2273 606 3842 678; baseline -0.001 -15"><span class='ocrx_word' id='word_1_163' title='bbox 2273 608 2573 664; x_wconf 82' lang='lat' dir='ltr'><strong>scientibus</strong></span> <span class='ocrx_word' id='word_1_164' title='bbox 2617 617 2736 664; x_wconf 89' lang='lat' dir='ltr'><strong>eam</strong></span> <span class='ocrx_word' id='word_1_165' title='bbox 2784 625 2799 662; x_wconf 90' lang='lat'><strong>:</strong></span> <span class='ocrx_word' id='word_1_166' title='bbox 2842 617 2897 663; x_wconf 90' lang='lat' dir='ltr'><strong>et</strong></span> <span class='ocrx_word' id='word_1_167' title='bbox 2927 607 3182 678; x_wconf 85' lang='lat' dir='ltr'><strong>quoniam</strong></span> <span class='ocrx_word' id='word_1_168' title='bbox 3225 611 3387 663; x_wconf 75' lang='lat' dir='ltr'><strong>Omne</strong></span> <span class='ocrx_word' id='word_1_169' title='bbox 3425 606 3766 663; x_wconf 85' lang='lat' dir='ltr'><strong>mendacium</strong></span> <span class='ocrx_word' id='word_1_170' title='bbox 3789 624 3842 664; x_wconf 75' lang='lat' dir='ltr'><strong>ex</strong></span> 
     </span>
    </p>
   </div>
   <div class='ocr_carea' id='block_1_21' title="bbox 2273 689 3843 773">
    <p class='ocr_par' dir='ltr' id='par_1_21' title="bbox 2273 689 3843 773">
     <span class='ocr_line' id='line_1_21' title="bbox 2273 689 3843 773; baseline -0.002 -16"><span class='ocrx_word' id='word_1_171' title='bbox 2273 703 2502 758; x_wconf 83' lang='lat' dir='ltr'><strong>veritate</strong></span> <span class='ocrx_word' id='word_1_172' title='bbox 2525 705 2633 759; x_wconf 87' lang='lat' dir='ltr'><strong>non</strong></span> <span class='ocrx_word' id='word_1_173' title='bbox 2659 709 2764 758; x_wconf 89' lang='lat' dir='ltr'><strong>est.</strong></span> <span class='ocrx_word' id='word_1_174' title='bbox 2792 697 2927 769; x_wconf 89' lang='lat' dir='ltr'><strong>Quis</strong></span> <span class='ocrx_word' id='word_1_175' title='bbox 2952 709 3037 757; x_wconf 89' lang='lat' dir='ltr'><strong>est</strong></span> <span class='ocrx_word' id='word_1_176' title='bbox 3067 699 3320 768; x_wconf 77' lang='lat' dir='ltr'><strong>mendax,</strong></span> <span class='ocrx_word' id='word_1_177' title='bbox 3352 699 3456 755; x_wconf 86' lang='lat' dir='ltr'><strong>nisi</strong></span> <span class='ocrx_word' id='word_1_178' title='bbox 3487 689 3534 756; x_wconf 87' lang='lat' dir='ltr'><strong>is</strong></span> <span class='ocrx_word' id='word_1_179' title='bbox 3565 693 3656 772; x_wconf 72' lang='lat' dir='ltr'><strong>qui</strong></span> <span class='ocrx_word' id='word_1_180' title='bbox 3689 701 3843 773; x_wconf 66' lang='lat' dir='ltr'><strong>negat,</strong></span> 
     </span>
    </p>
   </div>
   <div class='ocr_carea' id='block_1_22' title="bbox 2273 787 3843 866">
    <p class='ocr_par' dir='ltr' id='par_1_22' title="bbox 2273 787 3843 866">
     <span class='ocr_line' id='line_1_22' title="bbox 2273 787 3843 866; baseline -0.002 -17"><span class='ocrx_word' id='word_1_181' title='bbox 2273 795 2528 866; x_wconf 83' lang='lat' dir='ltr'><strong>quoniam</strong></span> <span class='ocrx_word' id='word_1_182' title='bbox 2550 793 2709 851; x_wconf 82' lang='lat' dir='ltr'><strong>Jeshs</strong></span> <span class='ocrx_word' id='word_1_183' title='bbox 2727 801 2813 850; x_wconf 58' lang='grc' dir='ltr'>εει</span> <span class='ocrx_word' id='word_1_184' title='bbox 2832 791 3121 849; x_wconf 76' lang='lat' dir='ltr'><strong>Christus?</strong></span> <span class='ocrx_word' id='word_1_185' title='bbox 3144 789 3242 849; x_wconf 80' lang='lat' dir='ltr'><strong>Hic</strong></span> <span class='ocrx_word' id='word_1_186' title='bbox 3263 797 3348 848; x_wconf 84' lang='lat' dir='ltr'><strong>est</strong></span> <span class='ocrx_word' id='word_1_187' title='bbox 3367 787 3754 858; x_wconf 78' lang='lat' dir='ltr'><strong>Antichristus,</strong></span> <span class='ocrx_word' id='word_1_188' title='bbox 3774 791 3843 861; x_wconf 76' lang='lat' dir='ltr'><strong>qui</strong></span> 
     </span>
    </p>
   </div>
   <div class='ocr_carea' id='block_1_23' title="bbox 2275 874 3843 958">
    <p class='ocr_par' dir='ltr' id='par_1_23' title="bbox 2275 874 3843 958">
     <span class='ocr_line' id='line_1_23' title="bbox 2275 874 3843 958; baseline -0.003 -16"><span class='ocrx_word' id='word_1_189' title='bbox 2275 895 2437 958; x_wconf 83' lang='lat' dir='ltr'><strong>negat</strong></span> <span class='ocrx_word' id='word_1_190' title='bbox 2481 886 2721 954; x_wconf 85' lang='lat' dir='ltr'><strong>Patrem,</strong></span> <span class='ocrx_word' id='word_1_191' title='bbox 2759 893 2812 942; x_wconf 88' lang='lat' dir='ltr'><strong>et</strong></span> <span class='ocrx_word' id='word_1_192' title='bbox 2846 883 3063 941; x_wconf 77' lang='lat' dir='ltr'><strong>Filium.</strong></span> <span class='ocrx_word' id='word_1_193' title='bbox 3102 885 3290 941; x_wconf 81' lang='lat' dir='ltr'><strong>Omnis</strong></span> <span class='ocrx_word' id='word_1_194' title='bbox 3327 885 3418 957; x_wconf 89' lang='lat' dir='ltr'><strong>qui</strong></span> <span class='ocrx_word' id='word_1_195' title='bbox 3461 883 3622 956; x_wconf 82' lang='lat' dir='ltr'><strong>negat</strong></span> <span class='ocrx_word' id='word_1_196' title='bbox 3650 874 3843 950; x_wconf 81' lang='lat' dir='ltr'><strong>Filium,</strong></span> 
     </span>
    </p>
   </div>
   <div class='ocr_carea' id='block_1_24' title="bbox 2274 967 3844 1050">
    <p class='ocr_par' dir='ltr' id='par_1_24' title="bbox 2274 967 3844 1050">
     <span class='ocr_line' id='line_1_24' title="bbox 2274 967 3844 1050; baseline -0.001 -16"><span class='ocrx_word' id='word_1_197' title='bbox 2274 985 2376 1034; x_wconf 84' lang='lat' dir='ltr'><strong>nec</strong></span> <span class='ocrx_word' id='word_1_198' title='bbox 2403 979 2620 1035; x_wconf 86' lang='lat' dir='ltr'><strong>Patrem</strong></span> <span class='ocrx_word' id='word_1_199' title='bbox 2647 975 2810 1035; x_wconf 78' lang='lat' dir='ltr'><strong>habet</strong></span> <span class='ocrx_word' id='word_1_200' title='bbox 2839 987 2853 1034; x_wconf 84' lang='lat'>:</span> <span class='ocrx_word' id='word_1_201' title='bbox 2886 979 2977 1050; x_wconf 85' lang='lat' dir='ltr'><strong>qui</strong></span> <span class='ocrx_word' id='word_1_202' title='bbox 3009 979 3301 1034; x_wconf 79' lang='lat' dir='ltr'><strong>confitetur</strong></span> <span class='ocrx_word' id='word_1_203' title='bbox 3331 967 3552 1045; x_wconf 82' lang='lat' dir='ltr'><strong>Filium,</strong></span> <span class='ocrx_word' id='word_1_204' title='bbox 3582 969 3638 1034; x_wconf 86' lang='lat' dir='ltr'><strong>e&#39;t</strong></span> <span class='ocrx_word' id='word_1_205' title='bbox 3660 975 3844 1033; x_wconf 78' lang='lat' dir='ltr'><strong>Patrem</strong></span> 
     </span>
    </p>
   </div>
   <div class='ocr_carea' id='block_1_25' title="bbox 2275 1063 3843 1142">
    <p class='ocr_par' dir='ltr' id='par_1_25' title="bbox 2275 1063 3843 1142">
     <span class='ocr_line' id='line_1_25' title="bbox 2275 1063 3843 1142; baseline -0.003 -15"><span class='ocrx_word' id='word_1_206' title='bbox 2275 1070 2460 1127; x_wconf 83' lang='lat' dir='ltr'><strong>habet.</strong></span> <span class='ocrx_word' id='word_1_207' title='bbox 2492 1070 2600 1127; x_wconf 78' lang='lat' dir='ltr'><strong>Vos</strong></span> <span class='ocrx_word' id='word_1_208' title='bbox 2637 1066 2782 1142; x_wconf 80' lang='lat' dir='ltr'><strong>quod</strong></span> <span class='ocrx_word' id='word_1_209' title='bbox 2819 1069 3049 1127; x_wconf 76' lang='lat' dir='ltr'><strong>audistis</strong></span> <span class='ocrx_word' id='word_1_210' title='bbox 3077 1069 3143 1127; x_wconf 90' lang='lat' dir='ltr'><strong>ab</strong></span> <span class='ocrx_word' id='word_1_211' title='bbox 3173 1070 3350 1137; x_wconf 87' lang='lat' dir='ltr'><strong>initio,</strong></span> <span class='ocrx_word' id='word_1_212' title='bbox 3379 1069 3436 1125; x_wconf 87' lang='lat' dir='ltr'><strong>in</strong></span> <span class='ocrx_word' id='word_1_213' title='bbox 3465 1063 3624 1126; x_wconf 88' lang='lat' dir='ltr'><strong>vobis</strong></span> <span class='ocrx_word' id='word_1_214' title='bbox 3654 1071 3843 1142; x_wconf 77' lang='lat' dir='ltr'><strong>perma-</strong></span> 
     </span>
    </p>
   </div>
   <div class='ocr_carea' id='block_1_26' title="bbox 2273 1154 3842 1237">
    <p class='ocr_par' dir='ltr' id='par_1_26' title="bbox 2273 1154 3842 1237">
     <span class='ocr_line' id='line_1_26' title="bbox 2273 1154 3842 1237; baseline -0.003 -15"><span class='ocrx_word' id='word_1_215' title='bbox 2273 1175 2423 1222; x_wconf 83' lang='lat' dir='ltr'><strong>neat.</strong></span> <span class='ocrx_word' id='word_1_216' title='bbox 2450 1165 2507 1223; x_wconf 87' lang='lat' dir='ltr'><strong>Si</strong></span> <span class='ocrx_word' id='word_1_217' title='bbox 2534 1167 2585 1221; x_wconf 89' lang='lat' dir='ltr'><strong>in</strong></span> <span class='ocrx_word' id='word_1_218' title='bbox 2611 1167 2764 1222; x_wconf 88' lang='lat' dir='ltr'><strong>vobis</strong></span> <span class='ocrx_word' id='word_1_219' title='bbox 2791 1165 3155 1237; x_wconf 85' lang='lat' dir='ltr'><strong>permanserit</strong></span> <span class='ocrx_word' id='word_1_220' title='bbox 3177 1154 3322 1236; x_wconf 90' lang='lat' dir='ltr'><strong>quod</strong></span> <span class='ocrx_word' id='word_1_221' title='bbox 3348 1161 3577 1221; x_wconf 83' lang='lat' dir='ltr'><strong>audistis</strong></span> <span class='ocrx_word' id='word_1_222' title='bbox 3605 1165 3670 1220; x_wconf 89' lang='lat' dir='ltr'><strong>ab</strong></span> <span class='ocrx_word' id='word_1_223' title='bbox 3696 1155 3842 1230; x_wconf 87' lang='lat' dir='ltr'><strong>initio,</strong></span> 
     </span>
    </p>
   </div>
   <div class='ocr_carea' id='block_1_27' title="bbox 2271 1249 3846 1327">
    <p class='ocr_par' dir='ltr' id='par_1_27' title="bbox 2271 1249 3846 1327">
     <span class='ocr_line' id='line_1_27' title="bbox 2271 1249 3846 1327; baseline -0.004 -13"><span class='ocrx_word' id='word_1_224' title='bbox 2271 1267 2335 1314; x_wconf 82' lang='lat' dir='ltr'><strong>et</strong></span> <span class='ocrx_word' id='word_1_225' title='bbox 2364 1271 2459 1314; x_wconf 90' lang='lat' dir='ltr'><strong>vos</strong></span> <span class='ocrx_word' id='word_1_226' title='bbox 2489 1259 2543 1314; x_wconf 89' lang='lat' dir='ltr'><strong>in</strong></span> <span class='ocrx_word' id='word_1_227' title='bbox 2574 1255 2713 1314; x_wconf 84' lang='lat' dir='ltr'><strong>Filio</strong></span> <span class='ocrx_word' id='word_1_228' title='bbox 2740 1266 2796 1315; x_wconf 90' lang='lat' dir='ltr'><strong>et</strong></span> <span class='ocrx_word' id='word_1_229' title='bbox 2821 1258 2983 1314; x_wconf 87' lang='lat' dir='ltr'><strong>Patre</strong></span> <span class='ocrx_word' id='word_1_230' title='bbox 3011 1257 3318 1313; x_wconf 89' lang='lat' dir='ltr'><strong>manebitis.</strong></span> <span class='ocrx_word' id='word_1_231' title='bbox 3350 1249 3419 1311; x_wconf 85' lang='lat' dir='ltr'><strong>Et</strong></span> <span class='ocrx_word' id='word_1_232' title='bbox 3441 1256 3559 1312; x_wconf 76' lang='lat' dir='ltr'><strong>haec</strong></span> <span class='ocrx_word' id='word_1_233' title='bbox 3581 1261 3665 1312; x_wconf 86' lang='lat' dir='ltr'><strong>est</strong></span> <span class='ocrx_word' id='word_1_234' title='bbox 3683 1257 3846 1327; x_wconf 81' lang='lat' dir='ltr'><strong>repro-</strong></span> 
     </span>
    </p>
   </div>
   <div class='ocr_carea' id='block_1_28' title="bbox 2275 1347 3844 1423">
    <p class='ocr_par' dir='ltr' id='par_1_28' title="bbox 2275 1347 3844 1423">
     <span class='ocr_line' id='line_1_28' title="bbox 2275 1347 3844 1423; baseline -0.002 -17"><span class='ocrx_word' id='word_1_235' title='bbox 2275 1351 2488 1417; x_wconf 87' lang='lat' dir='ltr'><strong>missio,</strong></span> <span class='ocrx_word' id='word_1_236' title='bbox 2517 1362 2679 1423; x_wconf 84' lang='lat' dir='ltr'><strong>quam</strong></span> <span class='ocrx_word' id='word_1_237' title='bbox 2720 1351 2842 1422; x_wconf 90' lang='lat' dir='ltr'><strong>ipse</strong></span> <span class='ocrx_word' id='word_1_238' title='bbox 2883 1350 3153 1422; x_wconf 60' lang='lat' dir='ltr'><strong>pelli-citus</strong></span> <span class='ocrx_word' id='word_1_239' title='bbox 3192 1347 3279 1406; x_wconf 84' lang='lat' dir='ltr'><strong>est</strong></span> <span class='ocrx_word' id='word_1_240' title='bbox 3308 1349 3485 1417; x_wconf 84' lang='lat' dir='ltr'><strong>nobis,</strong></span> <span class='ocrx_word' id='word_1_241' title='bbox 3515 1349 3675 1404; x_wconf 74' lang='lat' dir='ltr'><strong>vitam</strong></span> <span class='ocrx_word' id='word_1_242' title='bbox 3707 1353 3844 1404; x_wconf 77' lang='lat' dir='ltr'><strong>:clcr-</strong></span> 
     </span>
    </p>
   </div>
   <div class='ocr_carea' id='block_1_29' title="bbox 2275 1435 3845 1514">
    <p class='ocr_par' dir='ltr' id='par_1_29' title="bbox 2275 1435 3845 1514">
     <span class='ocr_line' id='line_1_29' title="bbox 2275 1435 3845 1514; baseline -0.003 -16"><span class='ocrx_word' id='word_1_243' title='bbox 2275 1449 2422 1498; x_wconf 85' lang='lat' dir='ltr'><strong>nam.</strong></span> <span class='ocrx_word' id='word_1_244' title='bbox 2454 1443 2583 1499; x_wconf 63' lang='lat' dir='ltr'><strong>Haec</strong></span> <span class='ocrx_word' id='word_1_245' title='bbox 2607 1443 2802 1514; x_wconf 71' lang='lat' dir='ltr'><strong>scripsi</strong></span> <span class='ocrx_word' id='word_1_246' title='bbox 2832 1439 2989 1498; x_wconf 82' lang='lat' dir='ltr'><strong>vobis</strong></span> <span class='ocrx_word' id='word_1_247' title='bbox 3015 1443 3084 1499; x_wconf 88' lang='lat' dir='ltr'><strong>de</strong></span> <span class='ocrx_word' id='word_1_248' title='bbox 3113 1442 3220 1511; x_wconf 88' lang='lat' dir='ltr'><strong>his,</strong></span> <span class='ocrx_word' id='word_1_249' title='bbox 3248 1441 3338 1512; x_wconf 86' lang='lat' dir='ltr'><strong>qui</strong></span> <span class='ocrx_word' id='word_1_250' title='bbox 3367 1437 3630 1498; x_wconf 84' lang='lat' dir='ltr'><strong>seducunt</strong></span> <span class='ocrx_word' id='word_1_251' title='bbox 3659 1445 3762 1495; x_wconf 78' lang='lat' dir='ltr'><strong>vos.</strong></span> <span class='ocrx_word' id='word_1_252' title='bbox 3788 1435 3845 1494; x_wconf 79' lang='lat' dir='ltr'><strong>Et</strong></span> 
     </span>
    </p>
   </div>
   <div class='ocr_carea' id='block_1_30' title="bbox 2232 1523 3843 1609">
    <p class='ocr_par' dir='ltr' id='par_1_30' title="bbox 2232 1523 3843 1609">
     <span class='ocr_line' id='line_1_30' title="bbox 2232 1523 3843 1609; baseline -0.004 -17"><span class='ocrx_word' id='word_1_253' title='bbox 2232 1523 2241 1531; x_wconf 72' lang='grc'><strong>’</strong></span> <span class='ocrx_word' id='word_1_254' title='bbox 2273 1547 2374 1593; x_wconf 85' lang='lat' dir='ltr'><strong>vos</strong></span> <span class='ocrx_word' id='word_1_255' title='bbox 2403 1537 2713 1594; x_wconf 77' lang='lat' dir='ltr'><strong>unctionem</strong></span> <span class='ocrx_word' id='word_1_256' title='bbox 2744 1549 2903 1609; x_wconf 86' lang='lat' dir='ltr'><strong>quam</strong></span> <span class='ocrx_word' id='word_1_257' title='bbox 2928 1534 3213 1608; x_wconf 75' lang='lat' dir='ltr'><strong>aucepistis</strong></span> <span class='ocrx_word' id='word_1_258' title='bbox 3237 1535 3307 1591; x_wconf 87' lang='lat' dir='ltr'><strong>ab</strong></span> <span class='ocrx_word' id='word_1_259' title='bbox 3330 1543 3416 1603; x_wconf 88' lang='lat' dir='ltr'><strong>eo,</strong></span> <span class='ocrx_word' id='word_1_260' title='bbox 3441 1535 3649 1591; x_wconf 84' lang='lat' dir='ltr'><strong>maneat</strong></span> <span class='ocrx_word' id='word_1_261' title='bbox 3676 1535 3725 1588; x_wconf 87' lang='lat' dir='ltr'><strong>in</strong></span> <span class='ocrx_word' id='word_1_262' title='bbox 3755 1536 3843 1587; x_wconf 65' lang='grc' dir='ltr'>ιο.</span> 
     </span>
    </p>
   </div>
   <div class='ocr_carea' id='block_1_31' title="bbox 2274 1617 3841 1703">
    <p class='ocr_par' dir='ltr' id='par_1_31' title="bbox 2274 1617 3841 1703">
     <span class='ocr_line' id='line_1_31' title="bbox 2274 1617 3841 1703; baseline -0.005 -15"><span class='ocrx_word' id='word_1_263' title='bbox 2274 1617 2380 1688; x_wconf 85' lang='lat' dir='ltr'><strong>bis.</strong></span> <span class='ocrx_word' id='word_1_264' title='bbox 2404 1630 2468 1687; x_wconf 84' lang='lat' dir='ltr'><strong>Et</strong></span> <span class='ocrx_word' id='word_1_265' title='bbox 2486 1643 2590 1688; x_wconf 88' lang='lat' dir='ltr'><strong>non</strong></span> <span class='ocrx_word' id='word_1_266' title='bbox 2610 1637 2834 1690; x_wconf 79' lang='lat' dir='ltr'><strong>necesse</strong></span> <span class='ocrx_word' id='word_1_267' title='bbox 2849 1625 3085 1697; x_wconf 84' lang='lat' dir='ltr'><strong>habetis,</strong></span> <span class='ocrx_word' id='word_1_268' title='bbox 3103 1640 3162 1703; x_wconf 85' lang='lat' dir='ltr'><strong>ut</strong></span> <span class='ocrx_word' id='word_1_269' title='bbox 3189 1629 3382 1701; x_wconf 77' lang='lat' dir='ltr'><strong>aliquis</strong></span> <span class='ocrx_word' id='word_1_270' title='bbox 3400 1627 3582 1685; x_wconf 80' lang='lat' dir='ltr'><strong>deceat</strong></span> <span class='ocrx_word' id='word_1_271' title='bbox 3605 1632 3693 1683; x_wconf 81' lang='lat' dir='ltr'><strong>vos</strong></span> <span class='ocrx_word' id='word_1_272' title='bbox 3713 1645 3726 1695; x_wconf 88' lang='lat'><strong>;</strong></span> <span class='ocrx_word' id='word_1_273' title='bbox 3749 1617 3841 1681; x_wconf 86' lang='lat' dir='ltr'><strong>sed</strong></span> 
     </span>
    </p>
   </div>
   <div class='ocr_carea' id='block_1_32' title="bbox 571 1706 3844 1816">
    <p class='ocr_par' dir='ltr' id='par_1_32' title="bbox 571 1706 3844 1816">
     <span class='ocr_line' id='line_1_32' title="bbox 571 1706 3844 1816; baseline -0.006 -25"><span class='ocrx_word' id='word_1_274' title='bbox 571 1706 831 1816; x_wconf 9' lang='lat' dir='ltr'><strong>emund’e&#39;t</strong></span> <span class='ocrx_word' id='word_1_275' title='bbox 857 1741 959 1790; x_wconf 84' lang='lat' dir='ltr'><strong>tios</strong></span> <span class='ocrx_word' id='word_1_276' title='bbox 987 1706 1055 1788; x_wconf 85' lang='lat' dir='ltr'><strong>ab</strong></span> <span class='ocrx_word' id='word_1_277' title='bbox 1089 1735 1235 1789; x_wconf 89' lang='lat' dir='ltr'><strong>omni</strong></span> <span class='ocrx_word' id='word_1_278' title='bbox 1266 1732 1574 1803; x_wconf 72' lang='lat' dir='ltr'><strong>iniquitate.</strong></span> <span class='ocrx_word' id='word_1_279' title='bbox 1605 1706 1664 1786; x_wconf 65' lang='lat' dir='ltr'><strong>Si</strong></span> <span class='ocrx_word' id='word_1_280' title='bbox 1695 1728 1997 1786; x_wconf 66' lang='lat' dir='ltr'><strong>dixerimus</strong></span> <span class='ocrx_word' id='word_1_281' title='bbox 2023 1733 2169 1797; x_wconf 51' lang='lat' dir='ltr'><strong>quos</strong></span> <span class='ocrx_word' id='word_1_282' title='bbox 2199 1706 2248 1783; x_wconf 59' lang='grc' dir='ltr'><strong>ἓ</strong></span> <span class='ocrx_word' id='word_1_283' title='bbox 2276 1724 2415 1780; x_wconf 85' lang='lat' dir='ltr'><strong>sicut</strong></span> <span class='ocrx_word' id='word_1_284' title='bbox 2449 1725 2640 1780; x_wconf 86' lang='lat' dir='ltr'><strong>unctio</strong></span> <span class='ocrx_word' id='word_1_285' title='bbox 2661 1725 2779 1794; x_wconf 82' lang='lat' dir='ltr'><strong>ejus</strong></span> <span class='ocrx_word' id='word_1_286' title='bbox 2800 1721 2961 1780; x_wconf 90' lang='lat' dir='ltr'><strong>d&#39;ocet</strong></span> <span class='ocrx_word' id='word_1_287' title='bbox 2982 1727 3076 1779; x_wconf 80' lang='lat' dir='ltr'><strong>ves</strong></span> <span class='ocrx_word' id='word_1_288' title='bbox 3101 1723 3168 1780; x_wconf 82' lang='lat' dir='ltr'><strong>de</strong></span> <span class='ocrx_word' id='word_1_289' title='bbox 3191 1720 3460 1789; x_wconf 82' lang='lat' dir='ltr'><strong>omnibus,</strong></span> <span class='ocrx_word' id='word_1_290' title='bbox 3484 1723 3538 1776; x_wconf 81' lang='lat' dir='ltr'><strong>et</strong></span> <span class='ocrx_word' id='word_1_291' title='bbox 3564 1721 3742 1776; x_wconf 76' lang='lat' dir='ltr'><strong>&#39;vc‘ru‘m</strong></span> <span class='ocrx_word' id='word_1_292' title='bbox 3765 1715 3844 1774; x_wconf 78' lang='lat' dir='ltr'><strong>est</strong></span> 
     </span>
    </p>
   </div>
   <div class='ocr_carea' id='block_1_33' title="bbox 570 1819 2172 1898">
    <p class='ocr_par' dir='ltr' id='par_1_33' title="bbox 570 1819 2172 1898">
     <span class='ocr_line' id='line_1_33' title="bbox 570 1819 2172 1898; baseline -0.006 -15"><span class='ocrx_word' id='word_1_293' title='bbox 570 1829 719 1883; x_wconf 87' lang='lat' dir='ltr'><strong>niam</strong></span> <span class='ocrx_word' id='word_1_294' title='bbox 764 1837 871 1884; x_wconf 89' lang='lat' dir='ltr'><strong>non</strong></span> <span class='ocrx_word' id='word_1_295' title='bbox 914 1827 1284 1898; x_wconf 66' lang='lat' dir='ltr'><strong>peccatrimu&#39;s;</strong></span> <span class='ocrx_word' id='word_1_296' title='bbox 1317 1825 1633 1882; x_wconf 82' lang='lat' dir='ltr'><strong>mendacem</strong></span> <span class='ocrx_word' id='word_1_297' title='bbox 1671 1823 1900 1879; x_wconf 81' lang='lat' dir='ltr'><strong>facimus</strong></span> <span class='ocrx_word' id='word_1_298' title='bbox 1936 1821 2086 1888; x_wconf 75' lang='lat' dir='ltr'><strong>eum,</strong></span> <span class='ocrx_word' id='word_1_299' title='bbox 2117 1819 2172 1874; x_wconf 81' lang='lat' dir='ltr'><strong>et</strong></span> 
     </span>
    </p>
   </div>
   <div class='ocr_carea' id='block_1_34' title="bbox 569 1916 1481 1990">
    <p class='ocr_par' dir='ltr' id='par_1_34' title="bbox 569 1916 1481 1990">
     <span class='ocr_line' id='line_1_34' title="bbox 569 1916 1481 1990; baseline -0.004 -15"><span class='ocrx_word' id='word_1_300' title='bbox 569 1920 799 1977; x_wconf 86' lang='lat' dir='ltr'><strong>verbum</strong></span> <span class='ocrx_word' id='word_1_301' title='bbox 831 1919 951 1990; x_wconf 85' lang='lat' dir='ltr'><strong>ejus</strong></span> <span class='ocrx_word' id='word_1_302' title='bbox 974 1925 1084 1974; x_wconf 92' lang='lat' dir='ltr'><strong>non</strong></span> <span class='ocrx_word' id='word_1_303' title='bbox 1113 1925 1197 1975; x_wconf 87' lang='lat' dir='ltr'><strong>est</strong></span> <span class='ocrx_word' id='word_1_304' title='bbox 1223 1918 1277 1973; x_wconf 86' lang='lat' dir='ltr'><strong>in</strong></span> <span class='ocrx_word' id='word_1_305' title='bbox 1304 1916 1481 1974; x_wconf 84' lang='lat' dir='ltr'><strong>nobis.</strong></span> 
     </span>
    </p>
   </div>
   <div class='ocr_carea' id='block_1_35' title="bbox 642 1999 2167 2086">
    <p class='ocr_par' dir='ltr' id='par_1_35' title="bbox 642 1999 2167 2086">
     <span class='ocr_line' id='line_1_35' title="bbox 642 1999 2167 2086; baseline -0.004 -18"><span class='ocrx_word' id='word_1_306' title='bbox 642 2012 795 2086; x_wconf 83' lang='lat' dir='ltr'><strong>[Cap.</strong></span> <span class='ocrx_word' id='word_1_307' title='bbox 836 2010 929 2086; x_wconf 83' lang='lat' dir='ltr'><strong>il.]</strong></span> <span class='ocrx_word' id='word_1_308' title='bbox 967 1999 1150 2068; x_wconf 80' lang='lat' dir='ltr'><strong>Filioll</strong></span> <span class='ocrx_word' id='word_1_309' title='bbox 1187 2013 1326 2079; x_wconf 89' lang='lat' dir='ltr'><strong>mei,</strong></span> <span class='ocrx_word' id='word_1_310' title='bbox 1363 2011 1477 2067; x_wconf 82' lang='lat' dir='ltr'><strong>haec</strong></span> <span class='ocrx_word' id='word_1_311' title='bbox 1518 2011 1702 2068; x_wconf 83' lang='lat' dir='ltr'><strong>scribo</strong></span> <span class='ocrx_word' id='word_1_312' title='bbox 1739 2009 1916 2076; x_wconf 74' lang='lat' dir='ltr'><strong>vobis,</strong></span> <span class='ocrx_word' id='word_1_313' title='bbox 1969 2011 2026 2064; x_wconf 84' lang='lat' dir='ltr'><strong>tit</strong></span> <span class='ocrx_word' id='word_1_314' title='bbox 2061 2009 2167 2063; x_wconf 72' lang='lat' dir='ltr'><strong>non</strong></span> 
     </span>
    </p>
   </div>
   <div class='ocr_carea' id='block_1_36' title="bbox 568 2095 2172 2176">
    <p class='ocr_par' dir='ltr' id='par_1_36' title="bbox 568 2095 2172 2176">
     <span class='ocr_line' id='line_1_36' title="bbox 568 2095 2172 2176; baseline -0.003 -15"><span class='ocrx_word' id='word_1_315' title='bbox 568 2105 832 2176; x_wconf 81' lang='lat' dir='ltr'><strong>peccetis.</strong></span> <span class='ocrx_word' id='word_1_316' title='bbox 861 2095 972 2160; x_wconf 87' lang='lat' dir='ltr'><strong>Sed</strong></span> <span class='ocrx_word' id='word_1_317' title='bbox 999 2111 1058 2158; x_wconf 81' lang='lat' dir='ltr'><strong>et</strong></span> <span class='ocrx_word' id='word_1_318' title='bbox 1084 2104 1129 2158; x_wconf 89' lang='lat' dir='ltr'><strong>si</strong></span> <span class='ocrx_word' id='word_1_319' title='bbox 1153 2103 1276 2173; x_wconf 71' lang='lat' dir='ltr'><strong>nuis</strong></span> <span class='ocrx_word' id='word_1_320' title='bbox 1299 2101 1628 2173; x_wconf 74' lang='lat' dir='ltr'><strong>peccaverit,</strong></span> <span class='ocrx_word' id='word_1_321' title='bbox 1659 2101 1979 2157; x_wconf 82' lang='lat' dir='ltr'><strong>advocatUm</strong></span> <span class='ocrx_word' id='word_1_322' title='bbox 2006 2099 2172 2156; x_wconf 79' lang='lat' dir='ltr'><strong>tiabe-</strong></span> 
     </span>
    </p>
   </div>
   <div class='ocr_carea' id='block_1_37' title="bbox 566 2189 2171 2266">
    <p class='ocr_par' dir='ltr' id='par_1_37' title="bbox 566 2189 2171 2266">
     <span class='ocr_line' id='line_1_37' title="bbox 566 2189 2171 2266; baseline -0.004 -12"><span class='ocrx_word' id='word_1_323' title='bbox 566 2205 692 2254; x_wconf 80' lang='lat' dir='ltr'><strong>mus</strong></span> <span class='ocrx_word' id='word_1_324' title='bbox 721 2194 861 2266; x_wconf 76' lang='lat' dir='ltr'><strong>apud</strong></span> <span class='ocrx_word' id='word_1_325' title='bbox 901 2193 1141 2261; x_wconf 71' lang='lat' dir='ltr'><strong>Patrem,</strong></span> <span class='ocrx_word' id='word_1_326' title='bbox 1167 2194 1354 2250; x_wconf 66' lang='lat' dir='ltr'><strong>Iesum</strong></span> <span class='ocrx_word' id='word_1_327' title='bbox 1382 2193 1659 2250; x_wconf 83' lang='lat' dir='ltr'><strong>Christum</strong></span> <span class='ocrx_word' id='word_1_328' title='bbox 1684 2194 1892 2263; x_wconf 80' lang='lat' dir='ltr'><strong>juSttim</strong></span> <span class='ocrx_word' id='word_1_329' title='bbox 1927 2211 1938 2246; x_wconf 93' lang='lat'>:</span> <span class='ocrx_word' id='word_1_330' title='bbox 1971 2189 2026 2246; x_wconf 78' lang='lat' dir='ltr'><strong>et</strong></span> <span class='ocrx_word' id='word_1_331' title='bbox 2055 2193 2171 2261; x_wconf 81' lang='lat' dir='ltr'><strong>ipse</strong></span> 
     </span>
    </p>
   </div>
   <div class='ocr_carea' id='block_1_38' title="bbox 569 2283 2171 2359">
    <p class='ocr_par' dir='ltr' id='par_1_38' title="bbox 569 2283 2171 2359">
     <span class='ocr_line' id='line_1_38' title="bbox 569 2283 2171 2359; baseline -0.005 -13"><span class='ocrx_word' id='word_1_332' title='bbox 569 2295 657 2347; x_wconf 88' lang='lat' dir='ltr'><strong>cst</strong></span> <span class='ocrx_word' id='word_1_333' title='bbox 693 2287 1011 2359; x_wconf 77' lang='lat' dir='ltr'><strong>propitiatto</strong></span> <span class='ocrx_word' id='word_1_334' title='bbox 1037 2293 1137 2358; x_wconf 81' lang='lat' dir='ltr'><strong>pro</strong></span> <span class='ocrx_word' id='word_1_335' title='bbox 1168 2287 1402 2357; x_wconf 82' lang='lat' dir='ltr'><strong>peccatis</strong></span> <span class='ocrx_word' id='word_1_336' title='bbox 1429 2285 1662 2350; x_wconf 77' lang='lat' dir='ltr'><strong>nostris:</strong></span> <span class='ocrx_word' id='word_1_337' title='bbox 1693 2292 1800 2340; x_wconf 84' lang='lat' dir='ltr'><strong>non</strong></span> <span class='ocrx_word' id='word_1_338' title='bbox 1835 2291 1935 2355; x_wconf 80' lang='lat' dir='ltr'><strong>pro</strong></span> <span class='ocrx_word' id='word_1_339' title='bbox 1969 2283 2171 2338; x_wconf 76' lang='lat' dir='ltr'><strong>ndstris</strong></span> 
     </span>
    </p>
   </div>
   <div class='ocr_carea' id='block_1_39' title="bbox 565 2373 2171 2450">
    <p class='ocr_par' dir='ltr' id='par_1_39' title="bbox 565 2373 2171 2450">
     <span class='ocr_line' id='line_1_39' title="bbox 565 2373 2171 2450; baseline -0.004 -12"><span class='ocrx_word' id='word_1_340' title='bbox 565 2389 749 2438; x_wconf 75' lang='lat' dir='ltr'><strong>autem</strong></span> <span class='ocrx_word' id='word_1_341' title='bbox 777 2379 1008 2448; x_wconf 78' lang='lat' dir='ltr'><strong>tantum,</strong></span> <span class='ocrx_word' id='word_1_342' title='bbox 1031 2381 1130 2437; x_wconf 77' lang='lat' dir='ltr'><strong>sed</strong></span> <span class='ocrx_word' id='word_1_343' title='bbox 1161 2377 1323 2436; x_wconf 85' lang='lat' dir='ltr'><strong>etiam</strong></span> <span class='ocrx_word' id='word_1_344' title='bbox 1344 2383 1444 2450; x_wconf 79' lang='lat' dir='ltr'><strong>pro</strong></span> <span class='ocrx_word' id='word_1_345' title='bbox 1467 2377 1634 2434; x_wconf 89' lang='lat' dir='ltr'><strong>totius</strong></span> <span class='ocrx_word' id='word_1_346' title='bbox 1661 2373 1955 2433; x_wconf 66' lang='lat' dir='ltr'><strong>mundum</strong></span> <span class='ocrx_word' id='word_1_347' title='bbox 1984 2375 2036 2431; x_wconf 84' lang='lat' dir='ltr'><strong>in</strong></span> <span class='ocrx_word' id='word_1_348' title='bbox 2069 2373 2171 2432; x_wconf 86' lang='lat' dir='ltr'><strong>hoc</strong></span> 
     </span>
    </p>
   </div>
   <div class='ocr_carea' id='block_1_40' title="bbox 565 2466 2170 2547">
    <p class='ocr_par' dir='ltr' id='par_1_40' title="bbox 565 2466 2170 2547">
     <span class='ocr_line' id='line_1_40' title="bbox 565 2466 2170 2547; baseline -0.005 -15"><span class='ocrx_word' id='word_1_349' title='bbox 565 2478 769 2534; x_wconf 80' lang='lat' dir='ltr'><strong>Scimus</strong></span> <span class='ocrx_word' id='word_1_350' title='bbox 801 2473 1061 2547; x_wconf 69' lang='lat' dir='ltr'><strong>quoniam</strong></span> <span class='ocrx_word' id='word_1_351' title='bbox 1101 2466 1456 2545; x_wconf 78' lang='lat' dir='ltr'><strong>cognovimus</strong></span> <span class='ocrx_word' id='word_1_352' title='bbox 1496 2481 1646 2539; x_wconf 89' lang='lat' dir='ltr'><strong>eum,</strong></span> <span class='ocrx_word' id='word_1_353' title='bbox 1691 2469 1735 2526; x_wconf 88' lang='lat' dir='ltr'><strong>si</strong></span> <span class='ocrx_word' id='word_1_354' title='bbox 1774 2469 2025 2525; x_wconf 86' lang='lat' dir='ltr'><strong>mandata</strong></span> <span class='ocrx_word' id='word_1_355' title='bbox 2053 2468 2170 2537; x_wconf 86' lang='lat' dir='ltr'><strong>ejus</strong></span> 
     </span>
    </p>
   </div>
   <div class='ocr_carea' id='block_1_41' title="bbox 565 2560 2169 2637">
    <p class='ocr_par' dir='ltr' id='par_1_41' title="bbox 565 2560 2169 2637">
     <span class='ocr_line' id='line_1_41' title="bbox 565 2560 2169 2637; baseline -0.006 -10"><span class='ocrx_word' id='word_1_356' title='bbox 565 2572 939 2627; x_wconf 82' lang='lat' dir='ltr'><strong>observemus.</strong></span> <span class='ocrx_word' id='word_1_357' title='bbox 966 2563 1066 2637; x_wconf 89' lang='lat' dir='ltr'><strong>Qui</strong></span> <span class='ocrx_word' id='word_1_358' title='bbox 1089 2565 1220 2623; x_wconf 89' lang='lat' dir='ltr'><strong>dicit</strong></span> <span class='ocrx_word' id='word_1_359' title='bbox 1249 2575 1310 2624; x_wconf 83' lang='lat' dir='ltr'><strong>se</strong></span> <span class='ocrx_word' id='word_1_360' title='bbox 1341 2575 1503 2622; x_wconf 88' lang='lat' dir='ltr'><strong>nosse</strong></span> <span class='ocrx_word' id='word_1_361' title='bbox 1526 2575 1674 2632; x_wconf 90' lang='lat' dir='ltr'><strong>eum,</strong></span> <span class='ocrx_word' id='word_1_362' title='bbox 1699 2573 1753 2620; x_wconf 88' lang='lat' dir='ltr'><strong>et</strong></span> <span class='ocrx_word' id='word_1_363' title='bbox 1776 2562 2026 2619; x_wconf 87' lang='lat' dir='ltr'><strong>mandata</strong></span> <span class='ocrx_word' id='word_1_364' title='bbox 2051 2560 2169 2630; x_wconf 85' lang='lat' dir='ltr'><strong>ejus</strong></span> 
     </span>
    </p>
   </div>
   <div class='ocr_carea' id='block_1_42' title="bbox 564 2653 2166 2728">
    <p class='ocr_par' dir='ltr' id='par_1_42' title="bbox 564 2653 2166 2728">
     <span class='ocr_line' id='line_1_42' title="bbox 564 2653 2166 2728; baseline -0.007 -10"><span class='ocrx_word' id='word_1_365' title='bbox 564 2674 675 2718; x_wconf 84' lang='lat' dir='ltr'><strong>non</strong></span> <span class='ocrx_word' id='word_1_366' title='bbox 718 2653 978 2728; x_wconf 65' lang='lat' dir='ltr'><strong>cuistodit,</strong></span> <span class='ocrx_word' id='word_1_367' title='bbox 1015 2655 1246 2716; x_wconf 74' lang='lat' dir='ltr'><strong>mendax</strong></span> <span class='ocrx_word' id='word_1_368' title='bbox 1279 2665 1384 2726; x_wconf 89' lang='lat' dir='ltr'><strong>est,</strong></span> <span class='ocrx_word' id='word_1_369' title='bbox 1416 2667 1470 2712; x_wconf 89' lang='lat' dir='ltr'><strong>et</strong></span> <span class='ocrx_word' id='word_1_370' title='bbox 1494 2655 1548 2711; x_wconf 88' lang='lat' dir='ltr'><strong>in</strong></span> <span class='ocrx_word' id='word_1_371' title='bbox 1579 2655 1682 2710; x_wconf 93' lang='lat' dir='ltr'><strong>hoc</strong></span> <span class='ocrx_word' id='word_1_372' title='bbox 1711 2653 1912 2709; x_wconf 84' lang='lat' dir='ltr'><strong>veritas</strong></span> <span class='ocrx_word' id='word_1_373' title='bbox 1933 2665 2038 2708; x_wconf 90' lang='lat' dir='ltr'><strong>non</strong></span> <span class='ocrx_word' id='word_1_374' title='bbox 2062 2659 2166 2707; x_wconf 69' lang='grc' dir='ltr'>εει.</span> 
     </span>
    </p>
   </div>
   <div class='ocr_carea' id='block_1_43' title="bbox 565 2740 2169 2822">
    <p class='ocr_par' dir='ltr' id='par_1_43' title="bbox 565 2740 2169 2822">
     <span class='ocr_line' id='line_1_43' title="bbox 565 2740 2169 2822; baseline -0.008 -11"><span class='ocrx_word' id='word_1_375' title='bbox 565 2754 669 2822; x_wconf 89' lang='lat' dir='ltr'><strong>Qui</strong></span> <span class='ocrx_word' id='word_1_376' title='bbox 699 2757 878 2811; x_wconf 84' lang='lat' dir='ltr'><strong>autem</strong></span> <span class='ocrx_word' id='word_1_377' title='bbox 908 2761 1091 2811; x_wconf 86' lang='lat' dir='ltr'><strong>servat</strong></span> <span class='ocrx_word' id='word_1_378' title='bbox 1120 2752 1345 2808; x_wconf 80' lang='lat' dir='ltr'><strong>verbum</strong></span> <span class='ocrx_word' id='word_1_379' title='bbox 1374 2749 1512 2820; x_wconf 85' lang='lat' dir='ltr'><strong>ejus,</strong></span> <span class='ocrx_word' id='word_1_380' title='bbox 1555 2761 1685 2804; x_wconf 86' lang='lat' dir='ltr'><strong>vere</strong></span> <span class='ocrx_word' id='word_1_381' title='bbox 1711 2743 1764 2802; x_wconf 84' lang='lat' dir='ltr'><strong>in</strong></span> <span class='ocrx_word' id='word_1_382' title='bbox 1801 2740 1902 2801; x_wconf 84' lang='lat' dir='ltr'><strong>hoc</strong></span> <span class='ocrx_word' id='word_1_383' title='bbox 1931 2741 2169 2800; x_wconf 74' lang='lat' dir='ltr'><strong>charitas</strong></span> 
     </span>
    </p>
   </div>
   <div class='ocr_carea' id='block_1_44' title="bbox 567 2837 2168 2918">
    <p class='ocr_par' dir='ltr' id='par_1_44' title="bbox 567 2837 2168 2918">
     <span class='ocr_line' id='line_1_44' title="bbox 567 2837 2168 2918; baseline -0.007 -15"><span class='ocrx_word' id='word_1_384' title='bbox 567 2845 670 2903; x_wconf 86' lang='lat' dir='ltr'><strong>Dei</strong></span> <span class='ocrx_word' id='word_1_385' title='bbox 703 2846 941 2918; x_wconf 80' lang='lat' dir='ltr'><strong>perfecta</strong></span> <span class='ocrx_word' id='word_1_386' title='bbox 971 2850 1058 2901; x_wconf 88' lang='lat' dir='ltr'><strong>est</strong></span> <span class='ocrx_word' id='word_1_387' title='bbox 1086 2861 1099 2898; x_wconf 88' lang='lat'><strong>:</strong></span> <span class='ocrx_word' id='word_1_388' title='bbox 1134 2853 1187 2899; x_wconf 88' lang='lat' dir='ltr'><strong>ct</strong></span> <span class='ocrx_word' id='word_1_389' title='bbox 1217 2841 1270 2898; x_wconf 91' lang='lat' dir='ltr'><strong>in</strong></span> <span class='ocrx_word' id='word_1_390' title='bbox 1301 2843 1403 2898; x_wconf 89' lang='lat' dir='ltr'><strong>hoc</strong></span> <span class='ocrx_word' id='word_1_391' title='bbox 1427 2840 1649 2908; x_wconf 85' lang='lat' dir='ltr'><strong>scimus,</strong></span> <span class='ocrx_word' id='word_1_392' title='bbox 1681 2839 1935 2911; x_wconf 83' lang='lat' dir='ltr'><strong>quoniam</strong></span> <span class='ocrx_word' id='word_1_393' title='bbox 1967 2837 2021 2891; x_wconf 92' lang='lat' dir='ltr'><strong>in</strong></span> <span class='ocrx_word' id='word_1_394' title='bbox 2049 2837 2168 2906; x_wconf 86' lang='lat' dir='ltr'><strong>ipso</strong></span> 
     </span>
    </p>
   </div>
   <div class='ocr_carea' id='block_1_45' title="bbox 563 2919 2169 3006">
    <p class='ocr_par' dir='ltr' id='par_1_45' title="bbox 563 2919 2169 3006">
     <span class='ocr_line' id='line_1_45' title="bbox 563 2919 2169 3006; baseline -0.009 -11"><span class='ocrx_word' id='word_1_395' title='bbox 563 2949 772 2995; x_wconf 77' lang='lat' dir='ltr'><strong>sumus.</strong></span> <span class='ocrx_word' id='word_1_396' title='bbox 797 2937 902 3004; x_wconf 85' lang='lat' dir='ltr'><strong>Qui</strong></span> <span class='ocrx_word' id='word_1_397' title='bbox 932 2935 1063 2992; x_wconf 88' lang='lat' dir='ltr'><strong>dicit</strong></span> <span class='ocrx_word' id='word_1_398' title='bbox 1088 2950 1148 2992; x_wconf 92' lang='lat' dir='ltr'><strong>se</strong></span> <span class='ocrx_word' id='word_1_399' title='bbox 1177 2937 1231 2990; x_wconf 83' lang='lat' dir='ltr'><strong>in</strong></span> <span class='ocrx_word' id='word_1_400' title='bbox 1260 2937 1386 3006; x_wconf 88' lang='lat' dir='ltr'><strong>ipso</strong></span> <span class='ocrx_word' id='word_1_401' title='bbox 1413 2941 1656 3001; x_wconf 88' lang='lat' dir='ltr'><strong>manere,</strong></span> <span class='ocrx_word' id='word_1_402' title='bbox 1684 2919 1881 2999; x_wconf 84' lang='lat' dir='ltr'><strong>debet,</strong></span> <span class='ocrx_word' id='word_1_403' title='bbox 1910 2921 2050 2984; x_wconf 84' lang='lat' dir='ltr'><strong>sicut</strong></span> <span class='ocrx_word' id='word_1_404' title='bbox 2074 2923 2169 2982; x_wconf 78' lang='lat' dir='ltr'><strong>ine</strong></span> 
     </span>
    </p>
   </div>
   <div class='ocr_carea' id='block_1_46' title="bbox 2273 1809 3842 1881">
    <p class='ocr_par' dir='ltr' id='par_1_46' title="bbox 2273 1809 3842 1881">
     <span class='ocr_line' id='line_1_46' title="bbox 2273 1809 3842 1881; baseline -0.004 -9"><span class='ocrx_word' id='word_1_405' title='bbox 2273 1820 2329 1872; x_wconf 85' lang='lat' dir='ltr'><strong>ct</strong></span> <span class='ocrx_word' id='word_1_406' title='bbox 2378 1821 2484 1872; x_wconf 81' lang='lat' dir='ltr'><strong>nun</strong></span> <span class='ocrx_word' id='word_1_407' title='bbox 2517 1816 2600 1871; x_wconf 81' lang='lat' dir='ltr'><strong>est</strong></span> <span class='ocrx_word' id='word_1_408' title='bbox 2639 1816 3000 1872; x_wconf 83' lang='lat' dir='ltr'><strong>mendacium.</strong></span> <span class='ocrx_word' id='word_1_409' title='bbox 3039 1815 3104 1871; x_wconf 87' lang='lat' dir='ltr'><strong>Et</strong></span> <span class='ocrx_word' id='word_1_410' title='bbox 3144 1813 3285 1871; x_wconf 90' lang='lat' dir='ltr'><strong>sictit</strong></span> <span class='ocrx_word' id='word_1_411' title='bbox 3315 1809 3497 1870; x_wconf 82' lang='lat' dir='ltr'><strong>docuit</strong></span> <span class='ocrx_word' id='word_1_412' title='bbox 3534 1821 3648 1881; x_wconf 80' lang='lat' dir='ltr'><strong>ves,</strong></span> <span class='ocrx_word' id='word_1_413' title='bbox 3674 1809 3842 1867; x_wconf 72' lang='lat' dir='ltr'><strong>manet</strong></span> 
     </span>
    </p>
   </div>
   <div class='ocr_carea' id='block_1_47' title="bbox 2271 1904 3842 1977">
    <p class='ocr_par' dir='ltr' id='par_1_47' title="bbox 2271 1904 3842 1977">
     <span class='ocr_line' id='line_1_47' title="bbox 2271 1904 3842 1977; baseline -0.006 -12"><span class='ocrx_word' id='word_1_414' title='bbox 2271 1907 2328 1965; x_wconf 91' lang='lat' dir='ltr'><strong>in</strong></span> <span class='ocrx_word' id='word_1_415' title='bbox 2368 1913 2456 1966; x_wconf 81' lang='lat' dir='ltr'><strong>eo.</strong></span> <span class='ocrx_word' id='word_1_416' title='bbox 2498 1904 2565 1965; x_wconf 83' lang='lat' dir='ltr'><strong>Et</strong></span> <span class='ocrx_word' id='word_1_417' title='bbox 2599 1917 2760 1977; x_wconf 82' lang='lat' dir='ltr'><strong>nunc,</strong></span> <span class='ocrx_word' id='word_1_418' title='bbox 2794 1909 2966 1975; x_wconf 84' lang='lat' dir='ltr'><strong>filioli,</strong></span> <span class='ocrx_word' id='word_1_419' title='bbox 3001 1917 3216 1964; x_wconf 83' lang='lat' dir='ltr'><strong>manete</strong></span> <span class='ocrx_word' id='word_1_420' title='bbox 3257 1905 3309 1963; x_wconf 82' lang='lat' dir='ltr'><strong>iii</strong></span> <span class='ocrx_word' id='word_1_421' title='bbox 3343 1915 3430 1977; x_wconf 84' lang='lat' dir='ltr'><strong>eo,</strong></span> <span class='ocrx_word' id='word_1_422' title='bbox 3463 1911 3521 1962; x_wconf 86' lang='lat' dir='ltr'><strong>ut</strong></span> <span class='ocrx_word' id='word_1_423' title='bbox 3552 1909 3669 1962; x_wconf 76' lang='lat' dir='ltr'><strong>&#39;cu&#39;m</strong></span> <span class='ocrx_word' id='word_1_424' title='bbox 3699 1905 3842 1976; x_wconf 79' lang='lat' dir='ltr'><strong>appa-</strong></span> 
     </span>
    </p>
   </div>
   <div class='ocr_carea' id='block_1_48' title="bbox 2269 1991 3841 2072">
    <p class='ocr_par' dir='ltr' id='par_1_48' title="bbox 2269 1991 3841 2072">
     <span class='ocr_line' id='line_1_48' title="bbox 2269 1991 3841 2072; baseline -0.006 -13"><span class='ocrx_word' id='word_1_425' title='bbox 2269 1999 2476 2072; x_wconf 80' lang='lat' dir='ltr'><strong>i‘uerit,</strong></span> <span class='ocrx_word' id='word_1_426' title='bbox 2513 2002 2806 2060; x_wconf 77' lang='lat' dir='ltr'><strong>habeamus</strong></span> <span class='ocrx_word' id='word_1_427' title='bbox 2837 2001 3085 2058; x_wconf 67' lang='lat' dir='ltr'><strong>liducidm</strong></span> <span class='ocrx_word' id='word_1_428' title='bbox 3108 2044 3122 2069; x_wconf 93' lang='lat'><strong>,</strong></span> <span class='ocrx_word' id='word_1_429' title='bbox 3154 2005 3207 2057; x_wconf 85' lang='lat' dir='ltr'><strong>et</strong></span> <span class='ocrx_word' id='word_1_430' title='bbox 3237 2001 3342 2056; x_wconf 78' lang='lat' dir='ltr'><strong>non</strong></span> <span class='ocrx_word' id='word_1_431' title='bbox 3375 1991 3757 2056; x_wconf 70' lang='lat' dir='ltr'><strong>confundantur</strong></span> <span class='ocrx_word' id='word_1_432' title='bbox 3784 1995 3841 2050; x_wconf 85' lang='lat' dir='ltr'><strong>ab</strong></span> 
     </span>
    </p>
   </div>
   <div class='ocr_carea' id='block_1_49' title="bbox 2271 2085 3840 2167">
    <p class='ocr_par' dir='ltr' id='par_1_49' title="bbox 2271 2085 3840 2167">
     <span class='ocr_line' id='line_1_49' title="bbox 2271 2085 3840 2167; baseline -0.006 -16"><span class='ocrx_word' id='word_1_433' title='bbox 2271 2103 2338 2151; x_wconf 78' lang='lat' dir='ltr'><strong>co</strong></span> <span class='ocrx_word' id='word_1_434' title='bbox 2366 2093 2418 2151; x_wconf 86' lang='lat' dir='ltr'><strong>in</strong></span> <span class='ocrx_word' id='word_1_435' title='bbox 2451 2093 2680 2152; x_wconf 85' lang='lat' dir='ltr'><strong>adventu</strong></span> <span class='ocrx_word' id='word_1_436' title='bbox 2710 2093 2819 2167; x_wconf 76' lang='lat' dir='ltr'><strong>[AL</strong></span> <span class='ocrx_word' id='word_1_437' title='bbox 2851 2088 3164 2167; x_wconf 78' lang='lat' dir='ltr'><strong>adventum]</strong></span> <span class='ocrx_word' id='word_1_438' title='bbox 3185 2085 3322 2164; x_wconf 85' lang='lat' dir='ltr'><strong>ejus.</strong></span> <span class='ocrx_word' id='word_1_439' title='bbox 3351 2087 3407 2150; x_wconf 83' lang='lat' dir='ltr'><strong>Si</strong></span> <span class='ocrx_word' id='word_1_440' title='bbox 3432 2092 3585 2149; x_wconf 84' lang='lat' dir='ltr'><strong>scitis</strong></span> <span class='ocrx_word' id='word_1_441' title='bbox 3613 2087 3840 2162; x_wconf 77' lang='lat' dir='ltr'><strong>quoniam</strong></span> 
     </span>
    </p>
   </div>
   <div class='ocr_carea' id='block_1_50' title="bbox 2268 2171 3841 2259">
    <p class='ocr_par' dir='ltr' id='par_1_50' title="bbox 2268 2171 3841 2259">
     <span class='ocr_line' id='line_1_50' title="bbox 2268 2171 3841 2259; baseline -0.004 -16"><span class='ocrx_word' id='word_1_442' title='bbox 2268 2189 2446 2259; x_wconf 70' lang='lat' dir='ltr'><strong>juStus</strong></span> <span class='ocrx_word' id='word_1_443' title='bbox 2473 2195 2584 2256; x_wconf 88' lang='lat' dir='ltr'><strong>est,</strong></span> <span class='ocrx_word' id='word_1_444' title='bbox 2627 2181 2818 2244; x_wconf 79' lang='lat' dir='ltr'><strong>scitote</strong></span> <span class='ocrx_word' id='word_1_445' title='bbox 2857 2185 3112 2259; x_wconf 80' lang='lat' dir='ltr'><strong>quenialu</strong></span> <span class='ocrx_word' id='word_1_446' title='bbox 3140 2193 3196 2242; x_wconf 84' lang='lat' dir='ltr'><strong>et</strong></span> <span class='ocrx_word' id='word_1_447' title='bbox 3223 2185 3404 2242; x_wconf 89' lang='lat' dir='ltr'><strong>omnis</strong></span> <span class='ocrx_word' id='word_1_448' title='bbox 3442 2179 3534 2258; x_wconf 87' lang='lat' dir='ltr'><strong>qui</strong></span> <span class='ocrx_word' id='word_1_449' title='bbox 3565 2183 3688 2241; x_wconf 77' lang='lat' dir='ltr'><strong>facit</strong></span> <span class='ocrx_word' id='word_1_450' title='bbox 3709 2171 3841 2256; x_wconf 73' lang='lat' dir='ltr'><strong>jii‘sd-</strong></span> 
     </span>
    </p>
   </div>
   <div class='ocr_carea' id='block_1_51' title="bbox 2269 2277 2987 2352">
    <p class='ocr_par' dir='ltr' id='par_1_51' title="bbox 2269 2277 2987 2352">
     <span class='ocr_line' id='line_1_51' title="bbox 2269 2277 2987 2352; baseline 0 -15"><span class='ocrx_word' id='word_1_451' title='bbox 2269 2279 2421 2352; x_wconf 86' lang='lat' dir='ltr'><strong>tiam,</strong></span> <span class='ocrx_word' id='word_1_452' title='bbox 2453 2295 2518 2338; x_wconf 84' lang='lat' dir='ltr'><strong>ex</strong></span> <span class='ocrx_word' id='word_1_453' title='bbox 2551 2281 2670 2352; x_wconf 88' lang='lat' dir='ltr'><strong>ipso</strong></span> <span class='ocrx_word' id='word_1_454' title='bbox 2695 2277 2854 2338; x_wconf 77' lang='lat' dir='ltr'><strong>natus</strong></span> <span class='ocrx_word' id='word_1_455' title='bbox 2884 2285 2987 2339; x_wconf 79' lang='lat' dir='ltr'><strong>est.</strong></span> 
     </span>
    </p>
   </div>
   <div class='ocr_carea' id='block_1_52' title="bbox 2340 2361 3842 2448">
    <p class='ocr_par' dir='ltr' id='par_1_52' title="bbox 2340 2361 3842 2448">
     <span class='ocr_line' id='line_1_52' title="bbox 2340 2361 3842 2448; baseline -0.002 -18"><span class='ocrx_word' id='word_1_456' title='bbox 2340 2365 2494 2448; x_wconf 76' lang='grc' dir='ltr'>[ϐαρ.</span> <span class='ocrx_word' id='word_1_457' title='bbox 2529 2369 2643 2448; x_wconf 70' lang='grc' dir='ltr'>ιιι]</span> <span class='ocrx_word' id='word_1_458' title='bbox 2675 2369 2863 2432; x_wconf 76' lang='lat' dir='ltr'><strong>Videte</strong></span> <span class='ocrx_word' id='word_1_459' title='bbox 2903 2363 3119 2447; x_wconf 85' lang='lat' dir='ltr'><strong>qualem</strong></span> <span class='ocrx_word' id='word_1_460' title='bbox 3159 2365 3485 2431; x_wconf 78' lang='lat' dir='ltr'><strong>charitatem</strong></span> <span class='ocrx_word' id='word_1_461' title='bbox 3531 2361 3682 2430; x_wconf 83' lang='lat' dir='ltr'><strong>dedit</strong></span> <span class='ocrx_word' id='word_1_462' title='bbox 3710 2365 3842 2428; x_wconf 84' lang='lat' dir='ltr'><strong>nobis</strong></span> 
     </span>
    </p>
   </div>
   <div class='ocr_carea' id='block_1_53' title="bbox 2269 2454 3842 2540">
    <p class='ocr_par' dir='ltr' id='par_1_53' title="bbox 2269 2454 3842 2540">
     <span class='ocr_line' id='line_1_53' title="bbox 2269 2454 3842 2540; baseline -0.001 -16"><span class='ocrx_word' id='word_1_463' title='bbox 2269 2468 2451 2540; x_wconf 83' lang='lat' dir='ltr'><strong>Pater,</strong></span> <span class='ocrx_word' id='word_1_464' title='bbox 2485 2477 2542 2525; x_wconf 86' lang='lat' dir='ltr'><strong>tit</strong></span> <span class='ocrx_word' id='word_1_465' title='bbox 2575 2463 2669 2526; x_wconf 88' lang='lat' dir='ltr'><strong>filii</strong></span> <span class='ocrx_word' id='word_1_466' title='bbox 2693 2463 2788 2526; x_wconf 69' lang='lat' dir='ltr'><strong>Dci</strong></span> <span class='ocrx_word' id='word_1_467' title='bbox 2829 2471 3172 2527; x_wconf 68' lang='lat' dir='ltr'><strong>neminemut-</strong></span> <span class='ocrx_word' id='word_1_468' title='bbox 3202 2475 3256 2527; x_wconf 87' lang='lat' dir='ltr'><strong>et</strong></span> <span class='ocrx_word' id='word_1_469' title='bbox 3283 2454 3475 2526; x_wconf 85' lang='lat' dir='ltr'><strong>simus.</strong></span> <span class='ocrx_word' id='word_1_470' title='bbox 3508 2463 3732 2540; x_wconf 79' lang='lat' dir='ltr'><strong>Propter</strong></span> <span class='ocrx_word' id='word_1_471' title='bbox 3759 2458 3842 2523; x_wconf 82' lang='lat' dir='ltr'><strong>hoc</strong></span> 
     </span>
    </p>
   </div>
   <div class='ocr_carea' id='block_1_54' title="bbox 2269 2553 3840 2637">
    <p class='ocr_par' dir='ltr' id='par_1_54' title="bbox 2269 2553 3840 2637">
     <span class='ocr_line' id='line_1_54' title="bbox 2269 2553 3840 2637; baseline -0.001 -19"><span class='ocrx_word' id='word_1_472' title='bbox 2269 2563 2505 2619; x_wconf 83' lang='lat' dir='ltr'><strong>mundus</strong></span> <span class='ocrx_word' id='word_1_473' title='bbox 2525 2569 2634 2619; x_wconf 75' lang='lat' dir='ltr'><strong>litin</strong></span> <span class='ocrx_word' id='word_1_474' title='bbox 2663 2555 2812 2620; x_wconf 73' lang='lat' dir='ltr'><strong>nevit</strong></span> <span class='ocrx_word' id='word_1_475' title='bbox 2847 2567 2946 2621; x_wconf 80' lang='lat' dir='ltr'><strong>ii‘o&#39;s</strong></span> <span class='ocrx_word' id='word_1_476' title='bbox 2977 2585 2990 2622; x_wconf 89' lang='lat'><strong>:</strong></span> <span class='ocrx_word' id='word_1_477' title='bbox 3015 2553 3139 2637; x_wconf 76' lang='lat' dir='ltr'><strong>quia</strong></span> <span class='ocrx_word' id='word_1_478' title='bbox 3161 2569 3267 2621; x_wconf 87' lang='lat' dir='ltr'><strong>non</strong></span> <span class='ocrx_word' id='word_1_479' title='bbox 3296 2563 3444 2621; x_wconf 79' lang='lat' dir='ltr'><strong>novit</strong></span> <span class='ocrx_word' id='word_1_480' title='bbox 3473 2563 3620 2622; x_wconf 85' lang='lat' dir='ltr'><strong>eum.</strong></span> <span class='ocrx_word' id='word_1_481' title='bbox 3650 2555 3840 2620; x_wconf 81' lang='lat' dir='ltr'><strong>Charis-</strong></span> 
     </span>
    </p>
   </div>
   <div class='ocr_carea' id='block_1_55' title="bbox 2273 2647 3843 2730">
    <p class='ocr_par' dir='ltr' id='par_1_55' title="bbox 2273 2647 3843 2730">
     <span class='ocr_line' id='line_1_55' title="bbox 2273 2647 3843 2730; baseline -0.003 -17"><span class='ocrx_word' id='word_1_482' title='bbox 2273 2655 2420 2724; x_wconf 82' lang='lat' dir='ltr'><strong>slml,</strong></span> <span class='ocrx_word' id='word_1_483' title='bbox 2449 2657 2593 2712; x_wconf 70' lang='lat' dir='ltr'><strong>nunc</strong></span> <span class='ocrx_word' id='word_1_484' title='bbox 2621 2649 2714 2711; x_wconf 84' lang='lat' dir='ltr'><strong>lilii</strong></span> <span class='ocrx_word' id='word_1_485' title='bbox 2750 2653 2842 2714; x_wconf 72' lang='lat' dir='ltr'><strong>Dei</strong></span> <span class='ocrx_word' id='word_1_486' title='bbox 2868 2661 3053 2715; x_wconf 76' lang='lat' dir='ltr'><strong>sitmus</strong></span> <span class='ocrx_word' id='word_1_487' title='bbox 3083 2675 3096 2712; x_wconf 92' lang='lat'><strong>:</strong></span> <span class='ocrx_word' id='word_1_488' title='bbox 3131 2653 3184 2715; x_wconf 78' lang='lat' dir='ltr'><strong>et</strong></span> <span class='ocrx_word' id='word_1_489' title='bbox 3213 2657 3449 2713; x_wconf 77' lang='lat' dir='ltr'><strong>itondum</strong></span> <span class='ocrx_word' id='word_1_490' title='bbox 3473 2653 3720 2730; x_wconf 83' lang='lat' dir='ltr'><strong>apparuit</strong></span> <span class='ocrx_word' id='word_1_491' title='bbox 3741 2647 3843 2726; x_wconf 84' lang='lat' dir='ltr'><strong>quid</strong></span> 
     </span>
    </p>
   </div>
   <div class='ocr_carea' id='block_1_56' title="bbox 2272 2737 3844 2823">
    <p class='ocr_par' dir='ltr' id='par_1_56' title="bbox 2272 2737 3844 2823">
     <span class='ocr_line' id='line_1_56' title="bbox 2272 2737 3844 2823; baseline -0.002 -17"><span class='ocrx_word' id='word_1_492' title='bbox 2272 2745 2496 2806; x_wconf 79' lang='lat' dir='ltr'><strong>erimus.</strong></span> <span class='ocrx_word' id='word_1_493' title='bbox 2526 2737 2743 2806; x_wconf 73' lang='lat' dir='ltr'><strong>Scimus</strong></span> <span class='ocrx_word' id='word_1_494' title='bbox 2776 2739 3032 2821; x_wconf 76' lang='lat' dir='ltr'><strong>quoniam</strong></span> <span class='ocrx_word' id='word_1_495' title='bbox 3061 2747 3182 2807; x_wconf 81' lang='lat' dir='ltr'><strong>cuni</strong></span> <span class='ocrx_word' id='word_1_496' title='bbox 3213 2749 3552 2823; x_wconf 84' lang='lat' dir='ltr'><strong>apparuerit,</strong></span> <span class='ocrx_word' id='word_1_497' title='bbox 3585 2751 3784 2806; x_wconf 84' lang='lat' dir='ltr'><strong>similes</strong></span> <span class='ocrx_word' id='word_1_498' title='bbox 3807 2745 3844 2804; x_wconf 87' lang='lat' dir='ltr'><strong>ei</strong></span> 
     </span>
    </p>
   </div>
   <div class='ocr_carea' id='block_1_57' title="bbox 2272 2830 3848 2912">
    <p class='ocr_par' dir='ltr' id='par_1_57' title="bbox 2272 2830 3848 2912">
     <span class='ocr_line' id='line_1_57' title="bbox 2272 2830 3848 2912; baseline -0.002 -15"><span class='ocrx_word' id='word_1_499' title='bbox 2272 2841 2478 2897; x_wconf 77' lang='lat' dir='ltr'><strong>erimus</strong></span> <span class='ocrx_word' id='word_1_500' title='bbox 2507 2841 2521 2895; x_wconf 74' lang='grc' dir='ltr'>Ξ</span> <span class='ocrx_word' id='word_1_501' title='bbox 2553 2833 2805 2912; x_wconf 58' lang='lat' dir='ltr'><strong>quoniam</strong></span> <span class='ocrx_word' id='word_1_502' title='bbox 2832 2835 3132 2900; x_wconf 69' lang='lat' dir='ltr'><strong>Videbimus</strong></span> <span class='ocrx_word' id='word_1_503' title='bbox 3151 2830 3273 2899; x_wconf 73' lang='lat' dir='ltr'><strong>eam</strong></span> <span class='ocrx_word' id='word_1_504' title='bbox 3301 2833 3457 2900; x_wconf 84' lang='lat' dir='ltr'><strong>sicuti</strong></span> <span class='ocrx_word' id='word_1_505' title='bbox 3479 2854 3582 2900; x_wconf 87' lang='lat' dir='ltr'><strong>est.</strong></span> <span class='ocrx_word' id='word_1_506' title='bbox 3608 2839 3676 2899; x_wconf 84' lang='lat' dir='ltr'><strong>Et</strong></span> <span class='ocrx_word' id='word_1_507' title='bbox 3695 2839 3848 2897; x_wconf 89' lang='lat' dir='ltr'><strong>omnis</strong></span> 
     </span>
    </p>
   </div>
   <div class='ocr_carea' id='block_1_58' title="bbox 2273 2918 3848 3007">
    <p class='ocr_par' dir='ltr' id='par_1_58' title="bbox 2273 2918 3848 3007">
     <span class='ocr_line' id='line_1_58' title="bbox 2273 2918 3848 3007; baseline 0.001 -19"><span class='ocrx_word' id='word_1_508' title='bbox 2273 2918 2366 3004; x_wconf 89' lang='lat' dir='ltr'><strong>qui</strong></span> <span class='ocrx_word' id='word_1_509' title='bbox 2387 2921 2553 2990; x_wconf 83' lang='lat' dir='ltr'><strong>liabet</strong></span> <span class='ocrx_word' id='word_1_510' title='bbox 2571 2931 2713 2991; x_wconf 84' lang='lat' dir='ltr'><strong>hanc</strong></span> <span class='ocrx_word' id='word_1_511' title='bbox 2734 2952 2883 3007; x_wconf 89' lang='lat' dir='ltr'><strong>spem</strong></span> <span class='ocrx_word' id='word_1_512' title='bbox 2909 2937 2962 2992; x_wconf 94' lang='lat' dir='ltr'><strong>in</strong></span> <span class='ocrx_word' id='word_1_513' title='bbox 2986 2952 3073 3005; x_wconf 92' lang='lat' dir='ltr'><strong>eo,</strong></span> <span class='ocrx_word' id='word_1_514' title='bbox 3103 2936 3399 2993; x_wconf 81' lang='lat' dir='ltr'><strong>sanetiﬁcat</strong></span> <span class='ocrx_word' id='word_1_515' title='bbox 3429 2953 3509 3005; x_wconf 89' lang='lat' dir='ltr'><strong>se,</strong></span> <span class='ocrx_word' id='word_1_516' title='bbox 3536 2925 3677 2994; x_wconf 86' lang='lat' dir='ltr'><strong>sicut</strong></span> <span class='ocrx_word' id='word_1_517' title='bbox 3703 2946 3753 2992; x_wconf 90' lang='lat' dir='ltr'><strong>et</strong></span> <span class='ocrx_word' id='word_1_518' title='bbox 3773 2936 3848 2991; x_wconf 89' lang='lat' dir='ltr'><strong>ille</strong></span> 
     </span>
    </p>
   </div>
   <div class='ocr_carea' id='block_1_59' title="bbox 567 3017 3846 3100">
    <p class='ocr_par' dir='ltr' id='par_1_59' title="bbox 567 3017 3846 3100">
     <span class='ocr_line' id='line_1_59' title="bbox 567 3017 3846 3100; baseline -0.001 -16"><span class='ocrx_word' id='word_1_519' title='bbox 567 3029 885 3095; x_wconf 80' lang='lat' dir='ltr'><strong>ambulavit,</strong></span> <span class='ocrx_word' id='word_1_520' title='bbox 919 3031 973 3085; x_wconf 90' lang='lat' dir='ltr'><strong>et</strong></span> <span class='ocrx_word' id='word_1_521' title='bbox 1001 3030 1117 3100; x_wconf 90' lang='lat' dir='ltr'><strong>ipse</strong></span> <span class='ocrx_word' id='word_1_522' title='bbox 1160 3025 1458 3083; x_wconf 83' lang='lat' dir='ltr'><strong>ambulare.</strong></span> <span class='ocrx_word' id='word_1_523' title='bbox 1490 3024 1834 3092; x_wconf 85' lang='lat' dir='ltr'><strong>Charissimi,</strong></span> <span class='ocrx_word' id='word_1_524' title='bbox 1867 3033 1976 3079; x_wconf 92' lang='lat' dir='ltr'><strong>non</strong></span> <span class='ocrx_word' id='word_1_525' title='bbox 2009 3025 2165 3077; x_wconf 37' lang='lat' dir='ltr'><strong>inane</strong></span> <span class='ocrx_word' id='word_1_526' title='bbox 2199 3079 2241 3100; x_wconf 46' lang='grc' dir='ltr'><strong>,λ</strong></span> <span class='ocrx_word' id='word_1_527' title='bbox 2272 3027 2493 3081; x_wconf 82' lang='lat' dir='ltr'><strong>sanctus</strong></span> <span class='ocrx_word' id='word_1_528' title='bbox 2515 3031 2616 3082; x_wconf 80' lang='lat' dir='ltr'><strong>est.</strong></span> <span class='ocrx_word' id='word_1_529' title='bbox 2641 3017 2830 3084; x_wconf 85' lang='lat' dir='ltr'><strong>O‘m‘uis</strong></span> <span class='ocrx_word' id='word_1_530' title='bbox 2855 3027 2948 3099; x_wconf 85' lang='lat' dir='ltr'><strong>qui</strong></span> <span class='ocrx_word' id='word_1_531' title='bbox 2971 3017 3099 3084; x_wconf 75' lang='lat' dir='ltr'><strong>facit</strong></span> <span class='ocrx_word' id='word_1_532' title='bbox 3122 3029 3429 3100; x_wconf 87' lang='lat' dir='ltr'><strong>peccatum,</strong></span> <span class='ocrx_word' id='word_1_533' title='bbox 3455 3039 3511 3085; x_wconf 90' lang='lat' dir='ltr'><strong>et</strong></span> <span class='ocrx_word' id='word_1_534' title='bbox 3535 3019 3846 3100; x_wconf 83' lang='lat' dir='ltr'><strong>iniquitatem</strong></span> 
     </span>
    </p>
   </div>
   <div class='ocr_carea' id='block_1_60' title="bbox 566 3083 3850 3196">
    <p class='ocr_par' dir='ltr' id='par_1_60' title="bbox 566 3083 3850 3196">
     <span class='ocr_line' id='line_1_60' title="bbox 566 3083 3850 3196; baseline 0 -19"><span class='ocrx_word' id='word_1_535' title='bbox 566 3122 752 3178; x_wconf 89' lang='lat' dir='ltr'><strong>datum</strong></span> <span class='ocrx_word' id='word_1_536' title='bbox 793 3129 993 3177; x_wconf 87' lang='lat' dir='ltr'><strong>novum</strong></span> <span class='ocrx_word' id='word_1_537' title='bbox 1022 3083 1219 3177; x_wconf 48' lang='lat' dir='ltr'><strong>‘scribo</strong></span> <span class='ocrx_word' id='word_1_538' title='bbox 1263 3117 1419 3176; x_wconf 82' lang='lat' dir='ltr'><strong>vobis</strong></span> <span class='ocrx_word' id='word_1_539' title='bbox 1443 3163 1457 3188; x_wconf 94' lang='lat'><strong>,</strong></span> <span class='ocrx_word' id='word_1_540' title='bbox 1495 3119 1591 3176; x_wconf 86' lang='lat' dir='ltr'><strong>sed</strong></span> <span class='ocrx_word' id='word_1_541' title='bbox 1633 3115 1947 3173; x_wconf 87' lang='lat' dir='ltr'><strong>mandatum</strong></span> <span class='ocrx_word' id='word_1_542' title='bbox 1987 3117 2163 3182; x_wconf 79' lang='lat' dir='ltr'><strong>vetus,</strong></span> <span class='ocrx_word' id='word_1_543' title='bbox 2273 3114 2400 3178; x_wconf 81' lang='lat' dir='ltr'><strong>facit</strong></span> <span class='ocrx_word' id='word_1_544' title='bbox 2443 3123 2456 3177; x_wconf 77' lang='grc' dir='ltr'>Ξ</span> <span class='ocrx_word' id='word_1_545' title='bbox 2502 3127 2556 3178; x_wconf 83' lang='lat' dir='ltr'><strong>et</strong></span> <span class='ocrx_word' id='word_1_546' title='bbox 2593 3083 2888 3194; x_wconf 49' lang='lat' dir='ltr'><strong>pe‘ccatuml</strong></span> <span class='ocrx_word' id='word_1_547' title='bbox 2919 3115 3001 3180; x_wconf 81' lang='lat' dir='ltr'><strong>est</strong></span> <span class='ocrx_word' id='word_1_548' title='bbox 3043 3083 3318 3195; x_wconf 72' lang='lat' dir='ltr'><strong>iniquitas.</strong></span> <span class='ocrx_word' id='word_1_549' title='bbox 3354 3083 3429 3180; x_wconf 43' lang='lat' dir='ltr'><strong>Et,</strong></span> <span class='ocrx_word' id='word_1_550' title='bbox 3449 3115 3598 3180; x_wconf 86' lang='lat' dir='ltr'><strong>scitis</strong></span> <span class='ocrx_word' id='word_1_551' title='bbox 3621 3083 3744 3196; x_wconf 65' lang='lat' dir='ltr'><strong>quia</strong></span> <span class='ocrx_word' id='word_1_552' title='bbox 3774 3111 3850 3178; x_wconf 85' lang='lat' dir='ltr'><strong>ille</strong></span> 
     </span>
    </p>
   </div>
   <div class='ocr_carea' id='block_1_61' title="bbox 565 3199 3848 3288">
    <p class='ocr_par' dir='ltr' id='par_1_61' title="bbox 565 3199 3848 3288">
     <span class='ocr_line' id='line_1_61' title="bbox 565 3199 3848 3288; baseline -0.001 -18"><span class='ocrx_word' id='word_1_553' title='bbox 565 3215 710 3288; x_wconf 81' lang='lat' dir='ltr'><strong>quod</strong></span> <span class='ocrx_word' id='word_1_554' title='bbox 734 3203 998 3270; x_wconf 83' lang='lat' dir='ltr'><strong>habuistis</strong></span> <span class='ocrx_word' id='word_1_555' title='bbox 1017 3207 1085 3270; x_wconf 82' lang='lat' dir='ltr'><strong>ab</strong></span> <span class='ocrx_word' id='word_1_556' title='bbox 1105 3213 1283 3270; x_wconf 89' lang='lat' dir='ltr'><strong>initio.</strong></span> <span class='ocrx_word' id='word_1_557' title='bbox 1309 3211 1618 3269; x_wconf 84' lang='lat' dir='ltr'><strong>Mandatum</strong></span> <span class='ocrx_word' id='word_1_558' title='bbox 1641 3223 1817 3280; x_wconf 82' lang='lat' dir='ltr'><strong>vetus,</strong></span> <span class='ocrx_word' id='word_1_559' title='bbox 1839 3217 1923 3269; x_wconf 88' lang='lat' dir='ltr'><strong>est</strong></span> <span class='ocrx_word' id='word_1_560' title='bbox 1943 3211 2165 3266; x_wconf 83' lang='lat' dir='ltr'><strong>verbum</strong></span> <span class='ocrx_word' id='word_1_561' title='bbox 2210 3210 2211 3214; x_wconf 61' lang='grc'><em>“</em></span> <span class='ocrx_word' id='word_1_562' title='bbox 2271 3201 2540 3288; x_wconf 85' lang='lat' dir='ltr'><strong>apparuit,</strong></span> <span class='ocrx_word' id='word_1_563' title='bbox 2574 3223 2628 3270; x_wconf 93' lang='lat' dir='ltr'><strong>ut</strong></span> <span class='ocrx_word' id='word_1_564' title='bbox 2657 3225 2874 3286; x_wconf 87' lang='lat' dir='ltr'><strong>peceala</strong></span> <span class='ocrx_word' id='word_1_565' title='bbox 2907 3213 3092 3272; x_wconf 82' lang='lat' dir='ltr'><strong>nostra</strong></span> <span class='ocrx_word' id='word_1_566' title='bbox 3125 3199 3341 3272; x_wconf 83' lang='lat' dir='ltr'><strong>tolleret</strong></span> <span class='ocrx_word' id='word_1_567' title='bbox 3372 3234 3384 3270; x_wconf 89' lang='lat'><strong><em>:</em></strong></span> <span class='ocrx_word' id='word_1_568' title='bbox 3415 3223 3470 3273; x_wconf 86' lang='lat' dir='ltr'><strong>et</strong></span> <span class='ocrx_word' id='word_1_569' title='bbox 3503 3226 3774 3288; x_wconf 87' lang='lat' dir='ltr'><strong>peccatum</strong></span> <span class='ocrx_word' id='word_1_570' title='bbox 3806 3219 3848 3269; x_wconf 86' lang='lat' dir='ltr'><strong>in</strong></span> 
     </span>
    </p>
   </div>
   <div class='ocr_carea' id='block_1_62' title="bbox 566 3295 3851 3383">
    <p class='ocr_par' dir='ltr' id='par_1_62' title="bbox 566 3295 3851 3383">
     <span class='ocr_line' id='line_1_62' title="bbox 566 3295 3851 3383; baseline -0.001 -19"><span class='ocrx_word' id='word_1_571' title='bbox 566 3309 714 3383; x_wconf 76' lang='lat' dir='ltr'><strong>quad</strong></span> <span class='ocrx_word' id='word_1_572' title='bbox 734 3305 980 3364; x_wconf 81' lang='lat' dir='ltr'><strong>audistis.</strong></span> <span class='ocrx_word' id='word_1_573' title='bbox 1006 3297 1204 3364; x_wconf 82' lang='lat' dir='ltr'><strong>iterum</strong></span> <span class='ocrx_word' id='word_1_574' title='bbox 1227 3303 1542 3363; x_wconf 88' lang='lat' dir='ltr'><strong>mandatum</strong></span> <span class='ocrx_word' id='word_1_575' title='bbox 1565 3317 1764 3363; x_wconf 86' lang='lat' dir='ltr'><strong>novum</strong></span> <span class='ocrx_word' id='word_1_576' title='bbox 1785 3305 1965 3363; x_wconf 88' lang='lat' dir='ltr'><strong>scribo</strong></span> <span class='ocrx_word' id='word_1_577' title='bbox 1985 3301 2164 3374; x_wconf 67' lang='lat' dir='ltr'><strong>Vobis,</strong></span> <span class='ocrx_word' id='word_1_578' title='bbox 2271 3311 2339 3363; x_wconf 81' lang='lat' dir='ltr'><strong>eo</strong></span> <span class='ocrx_word' id='word_1_579' title='bbox 2370 3309 2477 3362; x_wconf 83' lang='lat' dir='ltr'><strong>&#39;non</strong></span> <span class='ocrx_word' id='word_1_580' title='bbox 2522 3301 2625 3362; x_wconf 79' lang='lat' dir='ltr'><strong>esi.</strong></span> <span class='ocrx_word' id='word_1_581' title='bbox 2657 3295 2847 3363; x_wconf 80' lang='lat' dir='ltr'><strong>Omnis</strong></span> <span class='ocrx_word' id='word_1_582' title='bbox 2876 3307 2965 3379; x_wconf 87' lang='lat' dir='ltr'><strong>qui</strong></span> <span class='ocrx_word' id='word_1_583' title='bbox 2998 3307 3048 3362; x_wconf 89' lang='lat' dir='ltr'><strong>iu</strong></span> <span class='ocrx_word' id='word_1_584' title='bbox 3084 3323 3148 3364; x_wconf 91' lang='lat' dir='ltr'><strong>co</strong></span> <span class='ocrx_word' id='word_1_585' title='bbox 3179 3316 3380 3376; x_wconf 89' lang='lat' dir='ltr'><strong>manet,</strong></span> <span class='ocrx_word' id='word_1_586' title='bbox 3417 3324 3526 3364; x_wconf 89' lang='lat' dir='ltr'><strong>non</strong></span> <span class='ocrx_word' id='word_1_587' title='bbox 3555 3317 3738 3380; x_wconf 83' lang='lat' dir='ltr'><strong>peccat</strong></span> <span class='ocrx_word' id='word_1_588' title='bbox 3767 3327 3777 3361; x_wconf 90' lang='lat'>:</span> <span class='ocrx_word' id='word_1_589' title='bbox 3806 3315 3851 3362; x_wconf 88' lang='lat' dir='ltr'><strong>et</strong></span> 
     </span>
    </p>
   </div>
   <div class='ocr_carea' id='block_1_63' title="bbox 569 3389 3846 3474">
    <p class='ocr_par' dir='ltr' id='par_1_63' title="bbox 569 3389 3846 3474">
     <span class='ocr_line' id='line_1_63' title="bbox 569 3389 3846 3474; baseline -0.001 -16"><span class='ocrx_word' id='word_1_590' title='bbox 569 3395 716 3474; x_wconf 90' lang='lat' dir='ltr'><strong>quod</strong></span> <span class='ocrx_word' id='word_1_591' title='bbox 746 3409 932 3456; x_wconf 85' lang='lat' dir='ltr'><strong>verum</strong></span> <span class='ocrx_word' id='word_1_592' title='bbox 962 3405 1044 3456; x_wconf 72' lang='lat' dir='ltr'><strong>“est</strong></span> <span class='ocrx_word' id='word_1_593' title='bbox 1066 3411 1120 3455; x_wconf 89' lang='lat' dir='ltr'><strong>et</strong></span> <span class='ocrx_word' id='word_1_594' title='bbox 1142 3401 1193 3454; x_wconf 94' lang='lat' dir='ltr'><strong>in</strong></span> <span class='ocrx_word' id='word_1_595' title='bbox 1215 3401 1356 3469; x_wconf 89' lang='lat' dir='ltr'><strong>ipso,</strong></span> <span class='ocrx_word' id='word_1_596' title='bbox 1380 3407 1434 3455; x_wconf 88' lang='lat' dir='ltr'><strong>et</strong></span> <span class='ocrx_word' id='word_1_597' title='bbox 1460 3398 1514 3455; x_wconf 89' lang='lat' dir='ltr'><strong>in</strong></span> <span class='ocrx_word' id='word_1_598' title='bbox 1544 3400 1700 3455; x_wconf 88' lang='lat' dir='ltr'><strong>vobis</strong></span> <span class='ocrx_word' id='word_1_599' title='bbox 1731 3417 1744 3454; x_wconf 86' lang='lat'><strong>:</strong></span> <span class='ocrx_word' id='word_1_600' title='bbox 1772 3399 1900 3470; x_wconf 87' lang='lat' dir='ltr'><strong>quia</strong></span> <span class='ocrx_word' id='word_1_601' title='bbox 1930 3395 2168 3454; x_wconf 59' lang='lat' dir='ltr'><strong>tenebrat</strong></span> <span class='ocrx_word' id='word_1_602' title='bbox 2271 3401 2448 3455; x_wconf 81' lang='lat' dir='ltr'><strong>Omnis</strong></span> <span class='ocrx_word' id='word_1_603' title='bbox 2475 3398 2566 3471; x_wconf 90' lang='lat' dir='ltr'><strong>qui</strong></span> <span class='ocrx_word' id='word_1_604' title='bbox 2599 3393 2808 3472; x_wconf 82' lang='lat' dir='ltr'><strong>peccat,</strong></span> <span class='ocrx_word' id='word_1_605' title='bbox 2836 3417 2945 3457; x_wconf 89' lang='lat' dir='ltr'><strong>non</strong></span> <span class='ocrx_word' id='word_1_606' title='bbox 2975 3389 3110 3458; x_wconf 87' lang='lat' dir='ltr'><strong>vidit</strong></span> <span class='ocrx_word' id='word_1_607' title='bbox 3136 3417 3282 3471; x_wconf 90' lang='lat' dir='ltr'><strong>eum,</strong></span> <span class='ocrx_word' id='word_1_608' title='bbox 3312 3418 3414 3459; x_wconf 89' lang='lat' dir='ltr'><strong>nec</strong></span> <span class='ocrx_word' id='word_1_609' title='bbox 3438 3404 3690 3474; x_wconf 75' lang='lat' dir='ltr'><strong>cognovit</strong></span> <span class='ocrx_word' id='word_1_610' title='bbox 3721 3418 3846 3458; x_wconf 87' lang='lat' dir='ltr'><strong>eum.</strong></span> 
     </span>
    </p>
   </div>
   <div class='ocr_carea' id='block_1_64' title="bbox 567 3480 3850 3568">
    <p class='ocr_par' dir='ltr' id='par_1_64' title="bbox 567 3480 3850 3568">
     <span class='ocr_line' id='line_1_64' title="bbox 567 3480 3850 3568; baseline -0.002 -13"><span class='ocrx_word' id='word_1_611' title='bbox 567 3495 922 3563; x_wconf 77' lang='lat' dir='ltr'><strong>transierunt,</strong></span> <span class='ocrx_word' id='word_1_612' title='bbox 943 3503 998 3552; x_wconf 91' lang='lat' dir='ltr'><strong>et</strong></span> <span class='ocrx_word' id='word_1_613' title='bbox 1028 3501 1219 3551; x_wconf 85' lang='lat' dir='ltr'><strong>verum</strong></span> <span class='ocrx_word' id='word_1_614' title='bbox 1248 3495 1429 3549; x_wconf 90' lang='lat' dir='ltr'><strong>lumen</strong></span> <span class='ocrx_word' id='word_1_615' title='bbox 1448 3495 1560 3565; x_wconf 91' lang='lat' dir='ltr'><strong>jam</strong></span> <span class='ocrx_word' id='word_1_616' title='bbox 1582 3485 1862 3561; x_wconf 86' lang='lat' dir='ltr'><strong>iucet.Qui</strong></span> <span class='ocrx_word' id='word_1_617' title='bbox 1885 3489 2093 3548; x_wconf 88' lang='lat' dir='ltr'><strong>dicitse</strong></span> <span class='ocrx_word' id='word_1_618' title='bbox 2115 3487 2166 3548; x_wconf 89' lang='lat' dir='ltr'><strong>in</strong></span> <span class='ocrx_word' id='word_1_619' title='bbox 2271 3481 2475 3561; x_wconf 80' lang='lat' dir='ltr'><strong>Filioli,</strong></span> <span class='ocrx_word' id='word_1_620' title='bbox 2505 3503 2666 3551; x_wconf 89' lang='lat' dir='ltr'><strong>nemo</strong></span> <span class='ocrx_word' id='word_1_621' title='bbox 2697 3511 2792 3551; x_wconf 90' lang='lat' dir='ltr'><strong>vos</strong></span> <span class='ocrx_word' id='word_1_622' title='bbox 2824 3495 3067 3554; x_wconf 88' lang='lat' dir='ltr'><strong>seducat.</strong></span> <span class='ocrx_word' id='word_1_623' title='bbox 3098 3497 3200 3565; x_wconf 89' lang='lat' dir='ltr'><strong>Qui</strong></span> <span class='ocrx_word' id='word_1_624' title='bbox 3235 3484 3360 3552; x_wconf 80' lang='lat' dir='ltr'><strong>iacit</strong></span> <span class='ocrx_word' id='word_1_625' title='bbox 3379 3497 3673 3568; x_wconf 84' lang='lat' dir='ltr'><strong>justitiam,</strong></span> <span class='ocrx_word' id='word_1_626' title='bbox 3691 3480 3850 3568; x_wconf 83' lang='lat' dir='ltr'><strong>justus</strong></span> 
     </span>
    </p>
   </div>
   <div class='ocr_carea' id='block_1_65' title="bbox 567 3582 3849 3660">
    <p class='ocr_par' dir='ltr' id='par_1_65' title="bbox 567 3582 3849 3660">
     <span class='ocr_line' id='line_1_65' title="bbox 567 3582 3849 3660; baseline -0.003 -8"><span class='ocrx_word' id='word_1_627' title='bbox 567 3593 690 3651; x_wconf 86' lang='lat' dir='ltr'><strong>luce</strong></span> <span class='ocrx_word' id='word_1_628' title='bbox 711 3582 857 3660; x_wconf 87' lang='lat' dir='ltr'><strong>esse,</strong></span> <span class='ocrx_word' id='word_1_629' title='bbox 879 3601 933 3650; x_wconf 89' lang='lat' dir='ltr'><strong>ct</strong></span> <span class='ocrx_word' id='word_1_630' title='bbox 964 3592 1185 3647; x_wconf 87' lang='lat' dir='ltr'><strong>fratrem</strong></span> <span class='ocrx_word' id='word_1_631' title='bbox 1217 3605 1374 3646; x_wconf 91' lang='lat' dir='ltr'><strong>suum</strong></span> <span class='ocrx_word' id='word_1_632' title='bbox 1395 3585 1531 3656; x_wconf 71' lang='lat' dir='ltr'><strong>odit,</strong></span> <span class='ocrx_word' id='word_1_633' title='bbox 1555 3587 1606 3643; x_wconf 93' lang='lat' dir='ltr'><strong>in</strong></span> <span class='ocrx_word' id='word_1_634' title='bbox 1635 3587 1876 3644; x_wconf 85' lang='lat' dir='ltr'><strong>tenebris</strong></span> <span class='ocrx_word' id='word_1_635' title='bbox 1894 3597 1977 3642; x_wconf 91' lang='lat' dir='ltr'><strong>est</strong></span> <span class='ocrx_word' id='word_1_636' title='bbox 1999 3602 2170 3657; x_wconf 90' lang='lat' dir='ltr'><strong>usque</strong></span> <span class='ocrx_word' id='word_1_637' title='bbox 2272 3596 2356 3643; x_wconf 91' lang='lat' dir='ltr'><strong>est</strong></span> <span class='ocrx_word' id='word_1_638' title='bbox 2385 3606 2394 3642; x_wconf 92' lang='lat'>:</span> <span class='ocrx_word' id='word_1_639' title='bbox 2428 3588 2570 3644; x_wconf 86' lang='lat' dir='ltr'><strong>sicut</strong></span> <span class='ocrx_word' id='word_1_640' title='bbox 2611 3597 2666 3645; x_wconf 89' lang='lat' dir='ltr'><strong>et</strong></span> <span class='ocrx_word' id='word_1_641' title='bbox 2696 3582 2788 3645; x_wconf 89' lang='lat' dir='ltr'><strong>ille</strong></span> <span class='ocrx_word' id='word_1_642' title='bbox 2824 3589 3003 3660; x_wconf 88' lang='lat' dir='ltr'><strong>justus</strong></span> <span class='ocrx_word' id='word_1_643' title='bbox 3033 3598 3135 3647; x_wconf 90' lang='lat' dir='ltr'><strong>est.</strong></span> <span class='ocrx_word' id='word_1_644' title='bbox 3169 3589 3272 3659; x_wconf 80' lang='lat' dir='ltr'><strong>Qui</strong></span> <span class='ocrx_word' id='word_1_645' title='bbox 3313 3591 3440 3646; x_wconf 86' lang='lat' dir='ltr'><strong>facit</strong></span> <span class='ocrx_word' id='word_1_646' title='bbox 3471 3601 3764 3660; x_wconf 88' lang='lat' dir='ltr'><strong>peccatum,</strong></span> <span class='ocrx_word' id='word_1_647' title='bbox 3795 3604 3849 3643; x_wconf 82' lang='lat' dir='ltr'><strong>ex</strong></span> 
     </span>
    </p>
   </div>
   <div class='ocr_carea' id='block_1_66' title="bbox 566 3671 2167 3756">
    <p class='ocr_par' dir='ltr' id='par_1_66' title="bbox 566 3671 2167 3756">
     <span class='ocr_line' id='line_1_66' title="bbox 566 3671 2167 3756; baseline -0.005 -14"><span class='ocrx_word' id='word_1_648' title='bbox 566 3685 763 3742; x_wconf 85' lang='lat' dir='ltr'><strong>adhuc.</strong></span> <span class='ocrx_word' id='word_1_649' title='bbox 786 3681 897 3752; x_wconf 73' lang='lat' dir='ltr'><strong>‘Qui</strong></span> <span class='ocrx_word' id='word_1_650' title='bbox 927 3681 1108 3756; x_wconf 89' lang='lat' dir='ltr'><strong>diligit</strong></span> <span class='ocrx_word' id='word_1_651' title='bbox 1136 3681 1360 3739; x_wconf 88' lang='lat' dir='ltr'><strong>fratrem</strong></span> <span class='ocrx_word' id='word_1_652' title='bbox 1405 3696 1562 3738; x_wconf 89' lang='lat' dir='ltr'><strong>suum</strong></span> <span class='ocrx_word' id='word_1_653' title='bbox 1587 3725 1601 3750; x_wconf 93' lang='lat'><strong>,</strong></span> <span class='ocrx_word' id='word_1_654' title='bbox 1640 3677 1694 3736; x_wconf 91' lang='lat' dir='ltr'><strong>in</strong></span> <span class='ocrx_word' id='word_1_655' title='bbox 1724 3671 1932 3736; x_wconf 87' lang='lat' dir='ltr'><strong>lumine</strong></span> <span class='ocrx_word' id='word_1_656' title='bbox 1963 3680 2167 3750; x_wconf 83' lang='lat' dir='ltr'><strong>manet,</strong></span> 
     </span>
    </p>
   </div>
   <div class='ocr_carea' id='block_1_67' title="bbox 576 3768 2166 3842">
    <p class='ocr_par' dir='ltr' id='par_1_67' title="bbox 576 3768 2166 3842">
     <span class='ocr_line' id='line_1_67' title="bbox 576 3768 2166 3842; baseline -0.004 -8"><span class='ocrx_word' id='word_1_657' title='bbox 576 3787 634 3834; x_wconf 90' lang='lat' dir='ltr'><strong>et</strong></span> <span class='ocrx_word' id='word_1_658' title='bbox 662 3777 976 3834; x_wconf 87' lang='lat' dir='ltr'><strong>scandalum</strong></span> <span class='ocrx_word' id='word_1_659' title='bbox 1008 3777 1061 3832; x_wconf 91' lang='lat' dir='ltr'><strong>in</strong></span> <span class='ocrx_word' id='word_1_660' title='bbox 1089 3791 1156 3832; x_wconf 92' lang='lat' dir='ltr'><strong>eo</strong></span> <span class='ocrx_word' id='word_1_661' title='bbox 1189 3789 1295 3832; x_wconf 91' lang='lat' dir='ltr'><strong>non</strong></span> <span class='ocrx_word' id='word_1_662' title='bbox 1327 3783 1431 3832; x_wconf 89' lang='lat' dir='ltr'><strong>est.</strong></span> <span class='ocrx_word' id='word_1_663' title='bbox 1463 3769 1563 3842; x_wconf 81' lang='lat' dir='ltr'><strong>Qui</strong></span> <span class='ocrx_word' id='word_1_664' title='bbox 1596 3773 1774 3830; x_wconf 87' lang='lat' dir='ltr'><strong>autem</strong></span> <span class='ocrx_word' id='word_1_665' title='bbox 1805 3769 1921 3829; x_wconf 88' lang='lat' dir='ltr'><strong>odit</strong></span> <span class='ocrx_word' id='word_1_666' title='bbox 1949 3768 2166 3828; x_wconf 82' lang='lat' dir='ltr'><strong>fratrem</strong></span> 
     </span>
    </p>
   </div>
   <div class='ocr_carea' id='block_1_68' title="bbox 571 3859 2171 3936">
    <p class='ocr_par' dir='ltr' id='par_1_68' title="bbox 571 3859 2171 3936">
     <span class='ocr_line' id='line_1_68' title="bbox 571 3859 2171 3936; baseline -0.003 -10"><span class='ocrx_word' id='word_1_667' title='bbox 571 3884 752 3935; x_wconf 86' lang='lat' dir='ltr'><strong>suum,</strong></span> <span class='ocrx_word' id='word_1_668' title='bbox 783 3867 838 3924; x_wconf 91' lang='lat' dir='ltr'><strong>in</strong></span> <span class='ocrx_word' id='word_1_669' title='bbox 870 3859 1114 3926; x_wconf 88' lang='lat' dir='ltr'><strong>tenebris</strong></span> <span class='ocrx_word' id='word_1_670' title='bbox 1141 3878 1247 3936; x_wconf 90' lang='lat' dir='ltr'><strong>est,</strong></span> <span class='ocrx_word' id='word_1_671' title='bbox 1279 3876 1335 3925; x_wconf 91' lang='lat' dir='ltr'><strong>et</strong></span> <span class='ocrx_word' id='word_1_672' title='bbox 1363 3865 1416 3923; x_wconf 86' lang='lat' dir='ltr'><strong>in</strong></span> <span class='ocrx_word' id='word_1_673' title='bbox 1447 3865 1684 3922; x_wconf 87' lang='lat' dir='ltr'><strong>tenebris</strong></span> <span class='ocrx_word' id='word_1_674' title='bbox 1715 3865 1975 3933; x_wconf 85' lang='lat' dir='ltr'><strong>ambulat,</strong></span> <span class='ocrx_word' id='word_1_675' title='bbox 1997 3873 2052 3921; x_wconf 88' lang='lat' dir='ltr'><strong>et</strong></span> <span class='ocrx_word' id='word_1_676' title='bbox 2076 3880 2171 3922; x_wconf 88' lang='lat' dir='ltr'><strong>ne—</strong></span> 
     </span>
    </p>
   </div>
   <div class='ocr_carea' id='block_1_69' title="bbox 571 3959 2165 4033">
    <p class='ocr_par' dir='ltr' id='par_1_69' title="bbox 571 3959 2165 4033">
     <span class='ocr_line' id='line_1_69' title="bbox 571 3959 2165 4033; baseline -0.001 -14"><span class='ocrx_word' id='word_1_677' title='bbox 571 3963 678 4019; x_wconf 85' lang='lat' dir='ltr'><strong>scit</strong></span> <span class='ocrx_word' id='word_1_678' title='bbox 698 3977 806 4033; x_wconf 92' lang='lat' dir='ltr'><strong>quo</strong></span> <span class='ocrx_word' id='word_1_679' title='bbox 828 3972 915 4016; x_wconf 87' lang='lat' dir='ltr'><strong>eat</strong></span> <span class='ocrx_word' id='word_1_680' title='bbox 940 3980 954 4018; x_wconf 90' lang='lat'><strong>:</strong></span> <span class='ocrx_word' id='word_1_681' title='bbox 976 3963 1104 4032; x_wconf 88' lang='lat' dir='ltr'><strong>quia</strong></span> <span class='ocrx_word' id='word_1_682' title='bbox 1123 3962 1363 4019; x_wconf 61' lang='lat' dir='ltr'><strong>tenebrae</strong></span> <span class='ocrx_word' id='word_1_683' title='bbox 1385 3962 1806 4018; x_wconf 69' lang='lat' dir='ltr'><strong>obcaacaverunt&#39;</strong></span> <span class='ocrx_word' id='word_1_684' title='bbox 1821 3962 2009 4017; x_wconf 92' lang='lat' dir='ltr'><strong>oculos</strong></span> <span class='ocrx_word' id='word_1_685' title='bbox 2027 3959 2165 4032; x_wconf 83' lang='lat' dir='ltr'><strong>ejus.</strong></span> 
     </span>
    </p>
   </div>
   <div class='ocr_carea' id='block_1_70' title="bbox 459 4048 2171 4122">
    <p class='ocr_par' dir='ltr' id='par_1_70' title="bbox 459 4048 2171 4122">
     <span class='ocr_line' id='line_1_70' title="bbox 459 4048 2171 4122; baseline 0 -14"><span class='ocrx_word' id='word_1_686' title='bbox 459 4057 462 4060; x_wconf 82' lang='grc'><em>’</em></span> <span class='ocrx_word' id='word_1_687' title='bbox 568 4051 764 4109; x_wconf 80' lang='lat' dir='ltr'><strong>Scribo</strong></span> <span class='ocrx_word' id='word_1_688' title='bbox 793 4048 977 4120; x_wconf 89' lang='lat' dir='ltr'><strong>vobis,</strong></span> <span class='ocrx_word' id='word_1_689' title='bbox 1008 4051 1181 4117; x_wconf 86' lang='lat' dir='ltr'><strong>filioli,</strong></span> <span class='ocrx_word' id='word_1_690' title='bbox 1210 4051 1464 4121; x_wconf 88' lang='lat' dir='ltr'><strong>quoniam</strong></span> <span class='ocrx_word' id='word_1_691' title='bbox 1495 4052 1844 4108; x_wconf 89' lang='lat' dir='ltr'><strong>remittuntur</strong></span> <span class='ocrx_word' id='word_1_692' title='bbox 1865 4052 2020 4108; x_wconf 90' lang='lat' dir='ltr'><strong>vobis</strong></span> <span class='ocrx_word' id='word_1_693' title='bbox 2045 4067 2171 4122; x_wconf 89' lang='lat' dir='ltr'><strong>pec-</strong></span> 
     </span>
    </p>
   </div>
   <div class='ocr_carea' id='block_1_71' title="bbox 575 4144 2170 4217">
    <p class='ocr_par' dir='ltr' id='par_1_71' title="bbox 575 4144 2170 4217">
     <span class='ocr_line' id='line_1_71' title="bbox 575 4144 2170 4217; baseline -0.001 -15"><span class='ocrx_word' id='word_1_694' title='bbox 575 4155 692 4202; x_wconf 88' lang='lat' dir='ltr'><strong>cata</strong></span> <span class='ocrx_word' id='word_1_695' title='bbox 724 4153 947 4216; x_wconf 89' lang='lat' dir='ltr'><strong>propter</strong></span> <span class='ocrx_word' id='word_1_696' title='bbox 985 4159 1184 4199; x_wconf 89' lang='lat' dir='ltr'><strong>nomen</strong></span> <span class='ocrx_word' id='word_1_697' title='bbox 1212 4145 1351 4213; x_wconf 92' lang='lat' dir='ltr'><strong>ejus.</strong></span> <span class='ocrx_word' id='word_1_698' title='bbox 1382 4144 1572 4200; x_wconf 86' lang='lat' dir='ltr'><strong>Scriho</strong></span> <span class='ocrx_word' id='word_1_699' title='bbox 1595 4146 1771 4211; x_wconf 88' lang='lat' dir='ltr'><strong>vobis,</strong></span> <span class='ocrx_word' id='word_1_700' title='bbox 1799 4155 2000 4216; x_wconf 90' lang='lat' dir='ltr'><strong>patres,</strong></span> <span class='ocrx_word' id='word_1_701' title='bbox 2032 4161 2170 4217; x_wconf 86' lang='lat' dir='ltr'><strong>quo-</strong></span> 
     </span>
    </p>
   </div>
   <div class='ocr_carea' id='block_1_72' title="bbox 569 4221 2169 4307">
    <p class='ocr_par' dir='ltr' id='par_1_72' title="bbox 569 4221 2169 4307">
     <span class='ocr_line' id='line_1_72' title="bbox 569 4221 2169 4307; baseline -0.001 -13"><span class='ocrx_word' id='word_1_702' title='bbox 569 4235 717 4294; x_wconf 85' lang='lat' dir='ltr'><strong>niam</strong></span> <span class='ocrx_word' id='word_1_703' title='bbox 743 4233 1076 4307; x_wconf 85' lang='lat' dir='ltr'><strong>coguovistis</strong></span> <span class='ocrx_word' id='word_1_704' title='bbox 1097 4249 1241 4303; x_wconf 90' lang='lat' dir='ltr'><strong>eum,</strong></span> <span class='ocrx_word' id='word_1_705' title='bbox 1265 4232 1354 4304; x_wconf 91' lang='lat' dir='ltr'><strong>qui</strong></span> <span class='ocrx_word' id='word_1_706' title='bbox 1379 4233 1447 4288; x_wconf 92' lang='lat' dir='ltr'><strong>ab</strong></span> <span class='ocrx_word' id='word_1_707' title='bbox 1471 4221 1627 4290; x_wconf 89' lang='lat' dir='ltr'><strong>initio</strong></span> <span class='ocrx_word' id='word_1_708' title='bbox 1648 4245 1751 4290; x_wconf 89' lang='lat' dir='ltr'><strong>est.</strong></span> <span class='ocrx_word' id='word_1_709' title='bbox 1777 4225 1968 4292; x_wconf 83' lang='lat' dir='ltr'><strong>Scribo</strong></span> <span class='ocrx_word' id='word_1_710' title='bbox 1992 4237 2169 4304; x_wconf 88' lang='lat' dir='ltr'><strong>vobis,</strong></span> 
     </span>
    </p>
   </div>
   <div class='ocr_carea' id='block_1_73' title="bbox 583 4327 2173 4402">
    <p class='ocr_par' dir='ltr' id='par_1_73' title="bbox 583 4327 2173 4402">
     <span class='ocr_line' id='line_1_73' title="bbox 583 4327 2173 4402; baseline -0.004 -12"><span class='ocrx_word' id='word_1_711' title='bbox 583 4333 983 4396; x_wconf 87' lang='lat' dir='ltr'><strong>adolescentes,</strong></span> <span class='ocrx_word' id='word_1_712' title='bbox 1017 4328 1270 4402; x_wconf 90' lang='lat' dir='ltr'><strong>quoniam</strong></span> <span class='ocrx_word' id='word_1_713' title='bbox 1300 4327 1501 4383; x_wconf 88' lang='lat' dir='ltr'><strong>vicistis</strong></span> <span class='ocrx_word' id='word_1_714' title='bbox 1525 4327 1840 4400; x_wconf 85' lang='lat' dir='ltr'><strong>malignum.</strong></span> <span class='ocrx_word' id='word_1_715' title='bbox 1863 4328 2053 4385; x_wconf 88' lang='lat' dir='ltr'><strong>Scribo</strong></span> <span class='ocrx_word' id='word_1_716' title='bbox 2079 4343 2173 4384; x_wconf 84' lang='lat' dir='ltr'><strong>vo-</strong></span> 
     </span>
    </p>
   </div>
   <div class='ocr_carea' id='block_1_74' title="bbox 580 4414 2174 4495">
    <p class='ocr_par' dir='ltr' id='par_1_74' title="bbox 580 4414 2174 4495">
     <span class='ocr_line' id='line_1_74' title="bbox 580 4414 2174 4495; baseline -0.003 -12"><span class='ocrx_word' id='word_1_717' title='bbox 580 4415 689 4495; x_wconf 77' lang='lat' dir='ltr'><strong>bis,</strong></span> <span class='ocrx_word' id='word_1_718' title='bbox 735 4425 990 4490; x_wconf 89' lang='lat' dir='ltr'><strong>infantes,</strong></span> <span class='ocrx_word' id='word_1_719' title='bbox 1038 4424 1297 4494; x_wconf 89' lang='lat' dir='ltr'><strong>quoniam</strong></span> <span class='ocrx_word' id='word_1_720' title='bbox 1335 4414 1666 4492; x_wconf 79' lang='lat' dir='ltr'><strong>Cugnovistis</strong></span> <span class='ocrx_word' id='word_1_721' title='bbox 1706 4429 1936 4493; x_wconf 88' lang='lat' dir='ltr'><strong>patrem.</strong></span> <span class='ocrx_word' id='word_1_722' title='bbox 1983 4422 2174 4478; x_wconf 88' lang='lat' dir='ltr'><strong>Scribo</strong></span> 
     </span>
    </p>
   </div>
   <div class='ocr_carea' id='block_1_75' title="bbox 578 4499 2174 4586">
    <p class='ocr_par' dir='ltr' id='par_1_75' title="bbox 578 4499 2174 4586">
     <span class='ocr_line' id='line_1_75' title="bbox 578 4499 2174 4586; baseline -0.003 -13"><span class='ocrx_word' id='word_1_723' title='bbox 578 4517 759 4584; x_wconf 88' lang='lat' dir='ltr'><strong>vobis,</strong></span> <span class='ocrx_word' id='word_1_724' title='bbox 785 4516 1035 4586; x_wconf 88' lang='lat' dir='ltr'><strong>juvenes,</strong></span> <span class='ocrx_word' id='word_1_725' title='bbox 1069 4514 1325 4585; x_wconf 87' lang='lat' dir='ltr'><strong>quoniam</strong></span> <span class='ocrx_word' id='word_1_726' title='bbox 1357 4513 1526 4569; x_wconf 90' lang='lat' dir='ltr'><strong>fortes</strong></span> <span class='ocrx_word' id='word_1_727' title='bbox 1555 4514 1707 4582; x_wconf 88' lang='lat' dir='ltr'><strong>estis,</strong></span> <span class='ocrx_word' id='word_1_728' title='bbox 1741 4522 1795 4568; x_wconf 91' lang='lat' dir='ltr'><strong>et</strong></span> <span class='ocrx_word' id='word_1_729' title='bbox 1820 4513 2044 4568; x_wconf 88' lang='lat' dir='ltr'><strong>verbum</strong></span> <span class='ocrx_word' id='word_1_730' title='bbox 2076 4499 2174 4569; x_wconf 84' lang='lat' dir='ltr'><strong>Dei</strong></span> 
     </span>
    </p>
   </div>
   <div class='ocr_carea' id='block_1_76' title="bbox 576 4603 2176 4677">
    <p class='ocr_par' dir='ltr' id='par_1_76' title="bbox 576 4603 2176 4677">
     <span class='ocr_line' id='line_1_76' title="bbox 576 4603 2176 4677; baseline -0.003 -11"><span class='ocrx_word' id='word_1_731' title='bbox 576 4619 764 4666; x_wconf 88' lang='lat' dir='ltr'><strong>manet</strong></span> <span class='ocrx_word' id='word_1_732' title='bbox 797 4610 850 4664; x_wconf 91' lang='lat' dir='ltr'><strong>in</strong></span> <span class='ocrx_word' id='word_1_733' title='bbox 877 4607 1056 4674; x_wconf 83' lang='lat' dir='ltr'><strong>vobis,</strong></span> <span class='ocrx_word' id='word_1_734' title='bbox 1087 4614 1144 4661; x_wconf 88' lang='lat' dir='ltr'><strong>et</strong></span> <span class='ocrx_word' id='word_1_735' title='bbox 1169 4606 1382 4662; x_wconf 88' lang='lat' dir='ltr'><strong>vicistis</strong></span> <span class='ocrx_word' id='word_1_736' title='bbox 1407 4606 1723 4675; x_wconf 88' lang='lat' dir='ltr'><strong>malignum.</strong></span> <span class='ocrx_word' id='word_1_737' title='bbox 1749 4603 1924 4661; x_wconf 85' lang='lat' dir='ltr'><strong>Nolite</strong></span> <span class='ocrx_word' id='word_1_738' title='bbox 1948 4605 2176 4677; x_wconf 82' lang='lat' dir='ltr'><strong>diligere</strong></span> 
     </span>
    </p>
   </div>
   <div class='ocr_carea' id='block_1_77' title="bbox 581 4696 2175 4771">
    <p class='ocr_par' dir='ltr' id='par_1_77' title="bbox 581 4696 2175 4771">
     <span class='ocr_line' id='line_1_77' title="bbox 581 4696 2175 4771; baseline -0.005 -12"><span class='ocrx_word' id='word_1_739' title='bbox 581 4702 866 4766; x_wconf 89' lang='lat' dir='ltr'><strong>mundum,</strong></span> <span class='ocrx_word' id='word_1_740' title='bbox 900 4713 1078 4771; x_wconf 87' lang='lat' dir='ltr'><strong>neque</strong></span> <span class='ocrx_word' id='word_1_741' title='bbox 1105 4713 1170 4754; x_wconf 87' lang='lat' dir='ltr'><strong>ea</strong></span> <span class='ocrx_word' id='word_1_742' title='bbox 1199 4713 1324 4768; x_wconf 74' lang='lat' dir='ltr'><strong>qua:</strong></span> <span class='ocrx_word' id='word_1_743' title='bbox 1355 4699 1406 4752; x_wconf 91' lang='lat' dir='ltr'><strong>in</strong></span> <span class='ocrx_word' id='word_1_744' title='bbox 1439 4696 1644 4752; x_wconf 85' lang='lat' dir='ltr'><strong>mundo</strong></span> <span class='ocrx_word' id='word_1_745' title='bbox 1673 4705 1818 4752; x_wconf 90' lang='lat' dir='ltr'><strong>sunt.</strong></span> <span class='ocrx_word' id='word_1_746' title='bbox 1852 4696 1909 4752; x_wconf 87' lang='lat' dir='ltr'><strong>Si</strong></span> <span class='ocrx_word' id='word_1_747' title='bbox 1939 4699 2062 4768; x_wconf 89' lang='lat' dir='ltr'><strong>quis</strong></span> <span class='ocrx_word' id='word_1_748' title='bbox 2085 4697 2175 4752; x_wconf 88' lang='lat' dir='ltr'><strong>di-</strong></span> 
     </span>
    </p>
   </div>
   <div class='ocr_carea' id='block_1_78' title="bbox 576 4791 2174 4869">
    <p class='ocr_par' dir='ltr' id='par_1_78' title="bbox 576 4791 2174 4869">
     <span class='ocr_line' id='line_1_78' title="bbox 576 4791 2174 4869; baseline -0.013 -15"><span class='ocrx_word' id='word_1_749' title='bbox 576 4798 698 4869; x_wconf 86' lang='lat' dir='ltr'><strong>ligit</strong></span> <span class='ocrx_word' id='word_1_750' title='bbox 734 4793 1019 4861; x_wconf 88' lang='lat' dir='ltr'><strong>mundum,</strong></span> <span class='ocrx_word' id='word_1_751' title='bbox 1060 4807 1168 4848; x_wconf 91' lang='lat' dir='ltr'><strong>non</strong></span> <span class='ocrx_word' id='word_1_752' title='bbox 1204 4801 1289 4848; x_wconf 90' lang='lat' dir='ltr'><strong>est</strong></span> <span class='ocrx_word' id='word_1_753' title='bbox 1317 4791 1555 4847; x_wconf 89' lang='lat' dir='ltr'><strong>charitas</strong></span> <span class='ocrx_word' id='word_1_754' title='bbox 1589 4791 1764 4846; x_wconf 89' lang='lat' dir='ltr'><strong>Patris</strong></span> <span class='ocrx_word' id='word_1_755' title='bbox 1804 4791 1860 4844; x_wconf 91' lang='lat' dir='ltr'><strong>in</strong></span> <span class='ocrx_word' id='word_1_756' title='bbox 1890 4805 1957 4846; x_wconf 90' lang='lat' dir='ltr'><strong>eo</strong></span> <span class='ocrx_word' id='word_1_757' title='bbox 1991 4810 2002 4840; x_wconf 91' lang='lat'><strong>:</strong></span> <span class='ocrx_word' id='word_1_758' title='bbox 2037 4805 2174 4860; x_wconf 89' lang='lat' dir='ltr'><strong>quo.</strong></span> 
     </span>
    </p>
   </div>
   <div class='ocr_carea' id='block_1_79' title="bbox 581 4880 2175 4956">
    <p class='ocr_par' dir='ltr' id='par_1_79' title="bbox 581 4880 2175 4956">
     <span class='ocr_line' id='line_1_79' title="bbox 581 4880 2175 4956; baseline -0.004 -11"><span class='ocrx_word' id='word_1_759' title='bbox 581 4890 728 4945; x_wconf 88' lang='lat' dir='ltr'><strong>niam</strong></span> <span class='ocrx_word' id='word_1_760' title='bbox 768 4901 932 4944; x_wconf 90' lang='lat' dir='ltr'><strong>omne</strong></span> <span class='ocrx_word' id='word_1_761' title='bbox 958 4883 1104 4956; x_wconf 91' lang='lat' dir='ltr'><strong>quod</strong></span> <span class='ocrx_word' id='word_1_762' title='bbox 1142 4885 1228 4940; x_wconf 85' lang='lat' dir='ltr'><strong>est</strong></span> <span class='ocrx_word' id='word_1_763' title='bbox 1253 4883 1308 4938; x_wconf 87' lang='lat' dir='ltr'><strong>in</strong></span> <span class='ocrx_word' id='word_1_764' title='bbox 1338 4881 1562 4951; x_wconf 80' lang='lat' dir='ltr'><strong>mundo,</strong></span> <span class='ocrx_word' id='word_1_765' title='bbox 1591 4880 2027 4954; x_wconf 74' lang='lat' dir='ltr'><strong>concupiscentia</strong></span> <span class='ocrx_word' id='word_1_766' title='bbox 2050 4895 2175 4939; x_wconf 86' lang='lat' dir='ltr'><strong>car-</strong></span> 
     </span>
    </p>
   </div>
   <div class='ocr_carea' id='block_1_80' title="bbox 2273 3669 3847 3754">
    <p class='ocr_par' dir='ltr' id='par_1_80' title="bbox 2273 3669 3847 3754">
     <span class='ocr_line' id='line_1_80' title="bbox 2273 3669 3847 3754; baseline -0.001 -20"><span class='ocrx_word' id='word_1_767' title='bbox 2273 3669 2492 3736; x_wconf 86' lang='lat' dir='ltr'><strong>diabolo</strong></span> <span class='ocrx_word' id='word_1_768' title='bbox 2526 3692 2610 3736; x_wconf 91' lang='lat' dir='ltr'><strong>est</strong></span> <span class='ocrx_word' id='word_1_769' title='bbox 2649 3698 2662 3736; x_wconf 87' lang='lat'><strong>:</strong></span> <span class='ocrx_word' id='word_1_770' title='bbox 2705 3683 2960 3752; x_wconf 86' lang='lat' dir='ltr'><strong>quoniam</strong></span> <span class='ocrx_word' id='word_1_771' title='bbox 3001 3682 3071 3737; x_wconf 88' lang='lat' dir='ltr'><strong>ab</strong></span> <span class='ocrx_word' id='word_1_772' title='bbox 3102 3671 3258 3739; x_wconf 89' lang='lat' dir='ltr'><strong>initio</strong></span> <span class='ocrx_word' id='word_1_773' title='bbox 3295 3669 3544 3738; x_wconf 86' lang='lat' dir='ltr'><strong>diabolus</strong></span> <span class='ocrx_word' id='word_1_774' title='bbox 3571 3689 3774 3754; x_wconf 85' lang='lat' dir='ltr'><strong>peccat.</strong></span> <span class='ocrx_word' id='word_1_775' title='bbox 3801 3678 3847 3733; x_wconf 91' lang='lat' dir='ltr'><strong>1n</strong></span> 
     </span>
    </p>
   </div>
   <div class='ocr_carea' id='block_1_81' title="bbox 2273 3760 3846 3854">
    <p class='ocr_par' dir='ltr' id='par_1_81' title="bbox 2273 3760 3846 3854">
     <span class='ocr_line' id='line_1_81' title="bbox 2273 3760 3846 3854; baseline -0.003 -28"><span class='ocrx_word' id='word_1_776' title='bbox 2273 3761 2376 3854; x_wconf 75' lang='lat' dir='ltr'><strong>hoc</strong></span> <span class='ocrx_word' id='word_1_777' title='bbox 2411 3771 2661 3844; x_wconf 86' lang='lat' dir='ltr'><strong>apparuit</strong></span> <span class='ocrx_word' id='word_1_778' title='bbox 2702 3769 2872 3829; x_wconf 90' lang='lat' dir='ltr'><strong>Filius</strong></span> <span class='ocrx_word' id='word_1_779' title='bbox 2919 3771 3033 3839; x_wconf 92' lang='lat' dir='ltr'><strong>Dei,</strong></span> <span class='ocrx_word' id='word_1_780' title='bbox 3067 3784 3127 3829; x_wconf 91' lang='lat' dir='ltr'><strong>ut</strong></span> <span class='ocrx_word' id='word_1_781' title='bbox 3155 3760 3419 3830; x_wconf 83' lang='lat' dir='ltr'><strong>dissolvat</strong></span> <span class='ocrx_word' id='word_1_782' title='bbox 3450 3791 3617 3848; x_wconf 81' lang='lat' dir='ltr'><strong>opera</strong></span> <span class='ocrx_word' id='word_1_783' title='bbox 3645 3770 3846 3829; x_wconf 73' lang='lat' dir='ltr'><strong>diaboli.</strong></span> 
     </span>
    </p>
   </div>
   <div class='ocr_carea' id='block_1_82' title="bbox 2270 3855 3846 3938">
    <p class='ocr_par' dir='ltr' id='par_1_82' title="bbox 2270 3855 3846 3938">
     <span class='ocr_line' id='line_1_82' title="bbox 2270 3855 3846 3938; baseline -0.003 -18"><span class='ocrx_word' id='word_1_784' title='bbox 2270 3855 2589 3936; x_wconf 58' lang='lat' dir='ltr'><strong>Omnisqui</strong></span> <span class='ocrx_word' id='word_1_785' title='bbox 2635 3859 2793 3920; x_wconf 86' lang='lat' dir='ltr'><strong>natus</strong></span> <span class='ocrx_word' id='word_1_786' title='bbox 2837 3871 2921 3922; x_wconf 88' lang='lat' dir='ltr'><strong>est</strong></span> <span class='ocrx_word' id='word_1_787' title='bbox 2964 3882 3031 3922; x_wconf 82' lang='lat' dir='ltr'><strong>ex</strong></span> <span class='ocrx_word' id='word_1_788' title='bbox 3070 3865 3203 3936; x_wconf 78' lang='lat' dir='ltr'><strong>Deo,</strong></span> <span class='ocrx_word' id='word_1_789' title='bbox 3240 3878 3522 3938; x_wconf 87' lang='lat' dir='ltr'><strong>peccatum</strong></span> <span class='ocrx_word' id='word_1_790' title='bbox 3555 3883 3661 3924; x_wconf 91' lang='lat' dir='ltr'><strong>non</strong></span> <span class='ocrx_word' id='word_1_791' title='bbox 3692 3865 3846 3920; x_wconf 83' lang='lat' dir='ltr'><strong>facit:</strong></span> 
     </span>
    </p>
   </div>
   <div class='ocr_carea' id='block_1_83' title="bbox 2273 3949 3848 4030">
    <p class='ocr_par' dir='ltr' id='par_1_83' title="bbox 2273 3949 3848 4030">
     <span class='ocr_line' id='line_1_83' title="bbox 2273 3949 3848 4030; baseline -0.002 -18"><span class='ocrx_word' id='word_1_792' title='bbox 2273 3957 2528 4026; x_wconf 88' lang='lat' dir='ltr'><strong>quoniam</strong></span> <span class='ocrx_word' id='word_1_793' title='bbox 2569 3965 2755 4015; x_wconf 88' lang='lat' dir='ltr'><strong>semen</strong></span> <span class='ocrx_word' id='word_1_794' title='bbox 2800 3949 2969 4029; x_wconf 91' lang='lat' dir='ltr'><strong>ipsius</strong></span> <span class='ocrx_word' id='word_1_795' title='bbox 3013 3960 3065 4014; x_wconf 91' lang='lat' dir='ltr'><strong>in</strong></span> <span class='ocrx_word' id='word_1_796' title='bbox 3106 3973 3172 4015; x_wconf 91' lang='lat' dir='ltr'><strong>eo</strong></span> <span class='ocrx_word' id='word_1_797' title='bbox 3211 3969 3415 4028; x_wconf 87' lang='lat' dir='ltr'><strong>manet,</strong></span> <span class='ocrx_word' id='word_1_798' title='bbox 3456 3971 3511 4018; x_wconf 89' lang='lat' dir='ltr'><strong>et</strong></span> <span class='ocrx_word' id='word_1_799' title='bbox 3557 3976 3660 4016; x_wconf 91' lang='lat' dir='ltr'><strong>non</strong></span> <span class='ocrx_word' id='word_1_800' title='bbox 3690 3966 3848 4030; x_wconf 83' lang='lat' dir='ltr'><strong>potest</strong></span> 
     </span>
    </p>
   </div>
   <div class='ocr_carea' id='block_1_84' title="bbox 2275 4040 3847 4122">
    <p class='ocr_par' dir='ltr' id='par_1_84' title="bbox 2275 4040 3847 4122">
     <span class='ocr_line' id='line_1_84' title="bbox 2275 4040 3847 4122; baseline -0.001 -16"><span class='ocrx_word' id='word_1_801' title='bbox 2275 4065 2522 4121; x_wconf 90' lang='lat' dir='ltr'><strong>peccare,</strong></span> <span class='ocrx_word' id='word_1_802' title='bbox 2553 4040 2806 4122; x_wconf 86' lang='lat' dir='ltr'><strong>quoniam</strong></span> <span class='ocrx_word' id='word_1_803' title='bbox 2838 4066 2906 4107; x_wconf 81' lang='lat' dir='ltr'><strong>ex</strong></span> <span class='ocrx_word' id='word_1_804' title='bbox 2936 4051 3047 4109; x_wconf 87' lang='lat' dir='ltr'><strong>Deo</strong></span> <span class='ocrx_word' id='word_1_805' title='bbox 3069 4061 3226 4109; x_wconf 88' lang='lat' dir='ltr'><strong>natus</strong></span> <span class='ocrx_word' id='word_1_806' title='bbox 3255 4064 3358 4109; x_wconf 87' lang='lat' dir='ltr'><strong>est.</strong></span> <span class='ocrx_word' id='word_1_807' title='bbox 3385 4053 3442 4109; x_wconf 88' lang='lat' dir='ltr'><strong>in</strong></span> <span class='ocrx_word' id='word_1_808' title='bbox 3472 4053 3574 4109; x_wconf 90' lang='lat' dir='ltr'><strong>hoc</strong></span> <span class='ocrx_word' id='word_1_809' title='bbox 3600 4041 3847 4109; x_wconf 78' lang='lat' dir='ltr'><strong>manifesti</strong></span> 
     </span>
    </p>
   </div>
   <div class='ocr_carea' id='block_1_85' title="bbox 2273 4127 3844 4218">
    <p class='ocr_par' dir='ltr' id='par_1_85' title="bbox 2273 4127 3844 4218">
     <span class='ocr_line' id='line_1_85' title="bbox 2273 4127 3844 4218; baseline 0.001 -22"><span class='ocrx_word' id='word_1_810' title='bbox 2273 4150 2402 4196; x_wconf 88' lang='lat' dir='ltr'><strong>sunt</strong></span> <span class='ocrx_word' id='word_1_811' title='bbox 2424 4127 2518 4198; x_wconf 87' lang='lat' dir='ltr'><strong>lilii</strong></span> <span class='ocrx_word' id='word_1_812' title='bbox 2544 4133 2641 4198; x_wconf 82' lang='lat' dir='ltr'><strong>Dei</strong></span> <span class='ocrx_word' id='word_1_813' title='bbox 2663 4153 2716 4200; x_wconf 90' lang='lat' dir='ltr'><strong>et</strong></span> <span class='ocrx_word' id='word_1_814' title='bbox 2744 4133 2838 4200; x_wconf 81' lang='lat' dir='ltr'><strong>lilii</strong></span> <span class='ocrx_word' id='word_1_815' title='bbox 2863 4131 3084 4200; x_wconf 85' lang='lat' dir='ltr'><strong>diaboli.</strong></span> <span class='ocrx_word' id='word_1_816' title='bbox 3110 4135 3298 4202; x_wconf 85' lang='lat' dir='ltr'><strong>Omnis</strong></span> <span class='ocrx_word' id='word_1_817' title='bbox 3327 4147 3417 4218; x_wconf 85' lang='lat' dir='ltr'><strong>qui</strong></span> <span class='ocrx_word' id='word_1_818' title='bbox 3446 4163 3550 4202; x_wconf 90' lang='lat' dir='ltr'><strong>non</strong></span> <span class='ocrx_word' id='word_1_819' title='bbox 3573 4145 3844 4216; x_wconf 83' lang='lat' dir='ltr'><strong>estjustus,</strong></span> 
     </span>
    </p>
   </div>
   <div class='ocr_carea' id='block_1_86' title="bbox 2276 4227 3846 4312">
    <p class='ocr_par' dir='ltr' id='par_1_86' title="bbox 2276 4227 3846 4312">
     <span class='ocr_line' id='line_1_86' title="bbox 2276 4227 3846 4312; baseline 0 -22"><span class='ocrx_word' id='word_1_820' title='bbox 2276 4249 2382 4291; x_wconf 91' lang='lat' dir='ltr'><strong>non</strong></span> <span class='ocrx_word' id='word_1_821' title='bbox 2429 4247 2513 4292; x_wconf 91' lang='lat' dir='ltr'><strong>est</strong></span> <span class='ocrx_word' id='word_1_822' title='bbox 2551 4252 2616 4292; x_wconf 85' lang='lat' dir='ltr'><strong>cx</strong></span> <span class='ocrx_word' id='word_1_823' title='bbox 2663 4227 2797 4307; x_wconf 85' lang='lat' dir='ltr'><strong>Deo,</strong></span> <span class='ocrx_word' id='word_1_824' title='bbox 2825 4247 2881 4294; x_wconf 90' lang='lat' dir='ltr'><strong>et</strong></span> <span class='ocrx_word' id='word_1_825' title='bbox 2922 4240 3011 4311; x_wconf 90' lang='lat' dir='ltr'><strong>qui</strong></span> <span class='ocrx_word' id='word_1_826' title='bbox 3051 4256 3156 4295; x_wconf 91' lang='lat' dir='ltr'><strong>non</strong></span> <span class='ocrx_word' id='word_1_827' title='bbox 3196 4227 3372 4312; x_wconf 80' lang='lat' dir='ltr'><strong>diligit</strong></span> <span class='ocrx_word' id='word_1_828' title='bbox 3411 4239 3632 4298; x_wconf 83' lang='lat' dir='ltr'><strong>fratrem</strong></span> <span class='ocrx_word' id='word_1_829' title='bbox 3661 4252 3846 4293; x_wconf 87' lang='lat' dir='ltr'><strong>suum:</strong></span> 
     </span>
    </p>
   </div>
   <div class='ocr_carea' id='block_1_87' title="bbox 2276 4321 3844 4406">
    <p class='ocr_par' dir='ltr' id='par_1_87' title="bbox 2276 4321 3844 4406">
     <span class='ocr_line' id='line_1_87' title="bbox 2276 4321 3844 4406; baseline 0.001 -23"><span class='ocrx_word' id='word_1_830' title='bbox 2276 4328 2535 4400; x_wconf 89' lang='lat' dir='ltr'><strong>quoniam</strong></span> <span class='ocrx_word' id='word_1_831' title='bbox 2565 4321 2681 4386; x_wconf 85' lang='lat' dir='ltr'><strong>haec</strong></span> <span class='ocrx_word' id='word_1_832' title='bbox 2721 4343 2804 4388; x_wconf 92' lang='lat' dir='ltr'><strong>est</strong></span> <span class='ocrx_word' id='word_1_833' title='bbox 2830 4334 3194 4400; x_wconf 87' lang='lat' dir='ltr'><strong>annuntiatio,</strong></span> <span class='ocrx_word' id='word_1_834' title='bbox 3223 4350 3383 4406; x_wconf 91' lang='lat' dir='ltr'><strong>quam</strong></span> <span class='ocrx_word' id='word_1_835' title='bbox 3415 4335 3636 4391; x_wconf 84' lang='lat' dir='ltr'><strong>audistis</strong></span> <span class='ocrx_word' id='word_1_836' title='bbox 3661 4334 3725 4388; x_wconf 88' lang='lat' dir='ltr'><strong>ab</strong></span> <span class='ocrx_word' id='word_1_837' title='bbox 3747 4331 3844 4387; x_wconf 87' lang='lat' dir='ltr'><strong>ini-</strong></span> 
     </span>
    </p>
   </div>
   <div class='ocr_carea' id='block_1_88' title="bbox 2278 4411 3843 4494">
    <p class='ocr_par' dir='ltr' id='par_1_88' title="bbox 2278 4411 3843 4494">
     <span class='ocr_line' id='line_1_88' title="bbox 2278 4411 3843 4494; baseline 0.002 -19"><span class='ocrx_word' id='word_1_838' title='bbox 2278 4417 2376 4487; x_wconf 83' lang='lat' dir='ltr'><strong>tio,</strong></span> <span class='ocrx_word' id='word_1_839' title='bbox 2417 4429 2476 4476; x_wconf 93' lang='lat' dir='ltr'><strong>ut</strong></span> <span class='ocrx_word' id='word_1_840' title='bbox 2518 4419 2753 4494; x_wconf 85' lang='lat' dir='ltr'><strong>diligatis</strong></span> <span class='ocrx_word' id='word_1_841' title='bbox 2793 4425 3134 4482; x_wconf 90' lang='lat' dir='ltr'><strong>alterutrum.</strong></span> <span class='ocrx_word' id='word_1_842' title='bbox 3166 4427 3280 4482; x_wconf 80' lang='lat' dir='ltr'><strong>Non</strong></span> <span class='ocrx_word' id='word_1_843' title='bbox 3321 4429 3462 4484; x_wconf 90' lang='lat' dir='ltr'><strong>sicut</strong></span> <span class='ocrx_word' id='word_1_844' title='bbox 3489 4411 3636 4491; x_wconf 83' lang='lat' dir='ltr'><strong>Cain,</strong></span> <span class='ocrx_word' id='word_1_845' title='bbox 3665 4422 3750 4494; x_wconf 86' lang='lat' dir='ltr'><strong>qui</strong></span> <span class='ocrx_word' id='word_1_846' title='bbox 3777 4437 3843 4477; x_wconf 81' lang='lat' dir='ltr'><strong>cx</strong></span> 
     </span>
    </p>
   </div>
   <div class='ocr_carea' id='block_1_89' title="bbox 2281 4515 3848 4587">
    <p class='ocr_par' dir='ltr' id='par_1_89' title="bbox 2281 4515 3848 4587">
     <span class='ocr_line' id='line_1_89' title="bbox 2281 4515 3848 4587; baseline 0.001 -18"><span class='ocrx_word' id='word_1_847' title='bbox 2281 4515 2518 4587; x_wconf 89' lang='lat' dir='ltr'><strong>maligno</strong></span> <span class='ocrx_word' id='word_1_848' title='bbox 2558 4525 2693 4585; x_wconf 85' lang='lat' dir='ltr'><strong>erat,</strong></span> <span class='ocrx_word' id='word_1_849' title='bbox 2741 4526 2794 4574; x_wconf 91' lang='lat' dir='ltr'><strong>et</strong></span> <span class='ocrx_word' id='word_1_850' title='bbox 2833 4520 3032 4576; x_wconf 92' lang='lat' dir='ltr'><strong>occidit</strong></span> <span class='ocrx_word' id='word_1_851' title='bbox 3075 4520 3296 4578; x_wconf 83' lang='lat' dir='ltr'><strong>fratrem</strong></span> <span class='ocrx_word' id='word_1_852' title='bbox 3343 4538 3514 4577; x_wconf 88' lang='lat' dir='ltr'><strong>suum.</strong></span> <span class='ocrx_word' id='word_1_853' title='bbox 3546 4521 3608 4574; x_wconf 86' lang='lat' dir='ltr'><strong>Et</strong></span> <span class='ocrx_word' id='word_1_854' title='bbox 3632 4526 3848 4587; x_wconf 88' lang='lat' dir='ltr'><strong>propter</strong></span> 
     </span>
    </p>
   </div>
   <div class='ocr_carea' id='block_1_90' title="bbox 2280 4603 3843 4684">
    <p class='ocr_par' dir='ltr' id='par_1_90' title="bbox 2280 4603 3843 4684">
     <span class='ocr_line' id='line_1_90' title="bbox 2280 4603 3843 4684; baseline -0.002 -19"><span class='ocrx_word' id='word_1_855' title='bbox 2280 4603 2409 4679; x_wconf 85' lang='lat' dir='ltr'><strong>quid</strong></span> <span class='ocrx_word' id='word_1_856' title='bbox 2429 4607 2627 4666; x_wconf 86' lang='lat' dir='ltr'><strong>occidit</strong></span> <span class='ocrx_word' id='word_1_857' title='bbox 2650 4611 2810 4667; x_wconf 72' lang='lat' dir='ltr'><strong>eum?</strong></span> <span class='ocrx_word' id='word_1_858' title='bbox 2825 4612 3086 4681; x_wconf 90' lang='lat' dir='ltr'><strong>Quoniam</strong></span> <span class='ocrx_word' id='word_1_859' title='bbox 3109 4627 3274 4684; x_wconf 87' lang='lat' dir='ltr'><strong>opera</strong></span> <span class='ocrx_word' id='word_1_860' title='bbox 3297 4614 3412 4684; x_wconf 81' lang='lat' dir='ltr'><strong>ejus</strong></span> <span class='ocrx_word' id='word_1_861' title='bbox 3435 4612 3649 4683; x_wconf 80' lang='lat' dir='ltr'><strong>maligna</strong></span> <span class='ocrx_word' id='word_1_862' title='bbox 3667 4617 3843 4664; x_wconf 85' lang='lat' dir='ltr'><strong>erant:</strong></span> 
     </span>
    </p>
   </div>
   <div class='ocr_carea' id='block_1_91' title="bbox 2280 4699 3849 4774">
    <p class='ocr_par' dir='ltr' id='par_1_91' title="bbox 2280 4699 3849 4774">
     <span class='ocr_line' id='line_1_91' title="bbox 2280 4699 3849 4774; baseline -0.001 -20"><span class='ocrx_word' id='word_1_863' title='bbox 2280 4699 2468 4756; x_wconf 86' lang='lat' dir='ltr'><strong>fratris</strong></span> <span class='ocrx_word' id='word_1_864' title='bbox 2510 4710 2690 4758; x_wconf 83' lang='lat' dir='ltr'><strong>autem</strong></span> <span class='ocrx_word' id='word_1_865' title='bbox 2727 4703 2866 4774; x_wconf 86' lang='lat' dir='ltr'><strong>ejus,</strong></span> <span class='ocrx_word' id='word_1_866' title='bbox 2895 4705 3067 4774; x_wconf 81' lang='lat' dir='ltr'><strong>insta.</strong></span> <span class='ocrx_word' id='word_1_867' title='bbox 3105 4705 3284 4762; x_wconf 78' lang='lat' dir='ltr'><strong>Nolite</strong></span> <span class='ocrx_word' id='word_1_868' title='bbox 3327 4706 3545 4771; x_wconf 83' lang='lat' dir='ltr'><strong>mirari,</strong></span> <span class='ocrx_word' id='word_1_869' title='bbox 3577 4704 3783 4765; x_wconf 79' lang='lat' dir='ltr'><strong>fratres,</strong></span> <span class='ocrx_word' id='word_1_870' title='bbox 3807 4699 3849 4754; x_wconf 85' lang='lat' dir='ltr'><strong>si</strong></span> 
     </span>
    </p>
   </div>
   <div class='ocr_carea' id='block_1_92' title="bbox 2281 4792 3848 4867">
    <p class='ocr_par' dir='ltr' id='par_1_92' title="bbox 2281 4792 3848 4867">
     <span class='ocr_line' id='line_1_92' title="bbox 2281 4792 3848 4867; baseline -0.001 -19"><span class='ocrx_word' id='word_1_871' title='bbox 2281 4792 2396 4848; x_wconf 92' lang='lat' dir='ltr'><strong>odit</strong></span> <span class='ocrx_word' id='word_1_872' title='bbox 2426 4808 2523 4849; x_wconf 76' lang='lat' dir='ltr'><strong>vos</strong></span> <span class='ocrx_word' id='word_1_873' title='bbox 2564 4795 2813 4851; x_wconf 89' lang='lat' dir='ltr'><strong>mundus.</strong></span> <span class='ocrx_word' id='word_1_874' title='bbox 2847 4795 2956 4852; x_wconf 85' lang='lat' dir='ltr'><strong>Nos</strong></span> <span class='ocrx_word' id='word_1_875' title='bbox 2983 4799 3188 4854; x_wconf 88' lang='lat' dir='ltr'><strong>scimus</strong></span> <span class='ocrx_word' id='word_1_876' title='bbox 3217 4798 3472 4867; x_wconf 87' lang='lat' dir='ltr'><strong>quoniam</strong></span> <span class='ocrx_word' id='word_1_877' title='bbox 3506 4794 3740 4853; x_wconf 88' lang='lat' dir='ltr'><strong>translati</strong></span> <span class='ocrx_word' id='word_1_878' title='bbox 3765 4808 3848 4846; x_wconf 90' lang='lat' dir='ltr'><strong>su-</strong></span> 
     </span>
    </p>
   </div>
   <div class='ocr_carea' id='block_1_93' title="bbox 2283 4875 3844 4962">
    <p class='ocr_par' dir='ltr' id='par_1_93' title="bbox 2283 4875 3844 4962">
     <span class='ocr_line' id='line_1_93' title="bbox 2283 4875 3844 4962; baseline -0.001 -22"><span class='ocrx_word' id='word_1_879' title='bbox 2283 4895 2405 4941; x_wconf 87' lang='lat' dir='ltr'><strong>mus</strong></span> <span class='ocrx_word' id='word_1_880' title='bbox 2431 4882 2498 4942; x_wconf 87' lang='lat' dir='ltr'><strong>de</strong></span> <span class='ocrx_word' id='word_1_881' title='bbox 2527 4895 2701 4944; x_wconf 88' lang='lat' dir='ltr'><strong>morte</strong></span> <span class='ocrx_word' id='word_1_882' title='bbox 2728 4877 2795 4943; x_wconf 81' lang='lat' dir='ltr'><strong>ad</strong></span> <span class='ocrx_word' id='word_1_883' title='bbox 2835 4889 3024 4958; x_wconf 63' lang='lat' dir='ltr'><strong>tium,</strong></span> <span class='ocrx_word' id='word_1_884' title='bbox 3056 4875 3308 4962; x_wconf 77' lang='lat' dir='ltr'><strong>quoniam</strong></span> <span class='ocrx_word' id='word_1_885' title='bbox 3341 4890 3616 4961; x_wconf 85' lang='lat' dir='ltr'><strong>diligimus</strong></span> <span class='ocrx_word' id='word_1_886' title='bbox 3651 4887 3844 4943; x_wconf 86' lang='lat' dir='ltr'><strong>fratres.</strong></span> 
     </span>
    </p>
   </div>
   <div class='ocr_carea' id='block_1_94' title="bbox 583 4975 3849 5060">
    <p class='ocr_par' dir='ltr' id='par_1_94' title="bbox 583 4975 3849 5060">
     <span class='ocr_line' id='line_1_94' title="bbox 583 4975 3849 5060; baseline -0.002 -23"><span class='ocrx_word' id='word_1_887' title='bbox 583 4982 671 5037; x_wconf 89' lang='lat' dir='ltr'><strong>nis</strong></span> <span class='ocrx_word' id='word_1_888' title='bbox 710 4989 828 5048; x_wconf 92' lang='lat' dir='ltr'><strong>est,</strong></span> <span class='ocrx_word' id='word_1_889' title='bbox 875 4987 932 5034; x_wconf 88' lang='lat' dir='ltr'><strong>et</strong></span> <span class='ocrx_word' id='word_1_890' title='bbox 970 4975 1416 5048; x_wconf 89' lang='lat' dir='ltr'><strong>concupiscentia</strong></span> <span class='ocrx_word' id='word_1_891' title='bbox 1459 4975 1780 5044; x_wconf 83' lang='lat' dir='ltr'><strong>oculorum,</strong></span> <span class='ocrx_word' id='word_1_892' title='bbox 1824 4984 1880 5032; x_wconf 92' lang='lat' dir='ltr'><strong>et</strong></span> <span class='ocrx_word' id='word_1_893' title='bbox 1921 4976 2173 5060; x_wconf 89' lang='lat' dir='ltr'><strong>superbia</strong></span> <span class='ocrx_word' id='word_1_894' title='bbox 2279 4977 2382 5047; x_wconf 86' lang='lat' dir='ltr'><strong>Qui</strong></span> <span class='ocrx_word' id='word_1_895' title='bbox 2411 4994 2517 5036; x_wconf 93' lang='lat' dir='ltr'><strong>non</strong></span> <span class='ocrx_word' id='word_1_896' title='bbox 2546 4980 2740 5052; x_wconf 90' lang='lat' dir='ltr'><strong>diligit,</strong></span> <span class='ocrx_word' id='word_1_897' title='bbox 2767 4990 2950 5039; x_wconf 87' lang='lat' dir='ltr'><strong>manet</strong></span> <span class='ocrx_word' id='word_1_898' title='bbox 2975 4983 3028 5037; x_wconf 92' lang='lat' dir='ltr'><strong>in</strong></span> <span class='ocrx_word' id='word_1_899' title='bbox 3062 4993 3272 5039; x_wconf 85' lang='lat' dir='ltr'><strong>morte:</strong></span> <span class='ocrx_word' id='word_1_900' title='bbox 3299 4985 3483 5039; x_wconf 90' lang='lat' dir='ltr'><strong>omnis</strong></span> <span class='ocrx_word' id='word_1_901' title='bbox 3509 4983 3596 5054; x_wconf 89' lang='lat' dir='ltr'><strong>qui</strong></span> <span class='ocrx_word' id='word_1_902' title='bbox 3623 4981 3730 5036; x_wconf 89' lang='lat' dir='ltr'><strong>odit</strong></span> <span class='ocrx_word' id='word_1_903' title='bbox 3755 4978 3849 5032; x_wconf 84' lang='lat' dir='ltr'><strong>fra-</strong></span> 
     </span>
    </p>
   </div>
   <div class='ocr_carea' id='block_1_95' title="bbox 583 5059 3849 5147">
    <p class='ocr_par' dir='ltr' id='par_1_95' title="bbox 583 5059 3849 5147">
     <span class='ocr_line' id='line_1_95' title="bbox 583 5059 3849 5147; baseline -0.001 -19"><span class='ocrx_word' id='word_1_904' title='bbox 583 5073 710 5128; x_wconf 73' lang='lat' dir='ltr'><strong>vita:</strong></span> <span class='ocrx_word' id='word_1_905' title='bbox 742 5089 756 5125; x_wconf 89' lang='lat'><strong>:</strong></span> <span class='ocrx_word' id='word_1_906' title='bbox 787 5085 910 5142; x_wconf 87' lang='lat' dir='ltr'><strong>quae</strong></span> <span class='ocrx_word' id='word_1_907' title='bbox 937 5083 1046 5125; x_wconf 93' lang='lat' dir='ltr'><strong>non</strong></span> <span class='ocrx_word' id='word_1_908' title='bbox 1072 5077 1156 5125; x_wconf 89' lang='lat' dir='ltr'><strong>est</strong></span> <span class='ocrx_word' id='word_1_909' title='bbox 1193 5083 1261 5124; x_wconf 84' lang='lat' dir='ltr'><strong>ex</strong></span> <span class='ocrx_word' id='word_1_910' title='bbox 1301 5066 1484 5136; x_wconf 88' lang='lat' dir='ltr'><strong>Patre,</strong></span> <span class='ocrx_word' id='word_1_911' title='bbox 1515 5067 1611 5124; x_wconf 91' lang='lat' dir='ltr'><strong>sed</strong></span> <span class='ocrx_word' id='word_1_912' title='bbox 1639 5082 1707 5124; x_wconf 82' lang='lat' dir='ltr'><strong>ex</strong></span> <span class='ocrx_word' id='word_1_913' title='bbox 1740 5067 1942 5124; x_wconf 92' lang='lat' dir='ltr'><strong>mundo</strong></span> <span class='ocrx_word' id='word_1_914' title='bbox 1971 5079 2075 5125; x_wconf 89' lang='lat' dir='ltr'><strong>est.</strong></span> <span class='ocrx_word' id='word_1_915' title='bbox 2109 5059 2178 5127; x_wconf 74' lang='lat' dir='ltr'><strong>Et</strong></span> <span class='ocrx_word' id='word_1_916' title='bbox 2279 5075 2421 5129; x_wconf 87' lang='lat' dir='ltr'><strong>trem</strong></span> <span class='ocrx_word' id='word_1_917' title='bbox 2461 5089 2641 5141; x_wconf 91' lang='lat' dir='ltr'><strong>suum,</strong></span> <span class='ocrx_word' id='word_1_918' title='bbox 2676 5075 2946 5133; x_wconf 90' lang='lat' dir='ltr'><strong>homicida</strong></span> <span class='ocrx_word' id='word_1_919' title='bbox 2985 5086 3088 5133; x_wconf 90' lang='lat' dir='ltr'><strong>est.</strong></span> <span class='ocrx_word' id='word_1_920' title='bbox 3119 5076 3188 5131; x_wconf 88' lang='lat' dir='ltr'><strong>Et</strong></span> <span class='ocrx_word' id='word_1_921' title='bbox 3229 5077 3385 5132; x_wconf 87' lang='lat' dir='ltr'><strong>scitis</strong></span> <span class='ocrx_word' id='word_1_922' title='bbox 3417 5077 3664 5147; x_wconf 84' lang='lat' dir='ltr'><strong>quoniam</strong></span> <span class='ocrx_word' id='word_1_923' title='bbox 3691 5071 3849 5129; x_wconf 85' lang='lat' dir='ltr'><strong>omnis</strong></span> 
     </span>
    </p>
   </div>
   <div class='ocr_carea' id='block_1_96' title="bbox 582 5161 3849 5234">
    <p class='ocr_par' dir='ltr' id='par_1_96' title="bbox 582 5161 3849 5234">
     <span class='ocr_line' id='line_1_96' title="bbox 582 5161 3849 5234; baseline -0.002 -10"><span class='ocrx_word' id='word_1_924' title='bbox 582 5165 814 5224; x_wconf 90' lang='lat' dir='ltr'><strong>mundus</strong></span> <span class='ocrx_word' id='word_1_925' title='bbox 856 5163 1070 5231; x_wconf 89' lang='lat' dir='ltr'><strong>transit,</strong></span> <span class='ocrx_word' id='word_1_926' title='bbox 1112 5172 1168 5218; x_wconf 90' lang='lat' dir='ltr'><strong>et</strong></span> <span class='ocrx_word' id='word_1_927' title='bbox 1206 5161 1646 5232; x_wconf 89' lang='lat' dir='ltr'><strong>concupiscentia</strong></span> <span class='ocrx_word' id='word_1_928' title='bbox 1684 5162 1823 5233; x_wconf 86' lang='lat' dir='ltr'><strong>ejus.</strong></span> <span class='ocrx_word' id='word_1_929' title='bbox 1862 5163 1963 5232; x_wconf 90' lang='lat' dir='ltr'><strong>Qui</strong></span> <span class='ocrx_word' id='word_1_930' title='bbox 1992 5173 2175 5220; x_wconf 84' lang='lat' dir='ltr'><strong>autem</strong></span> <span class='ocrx_word' id='word_1_931' title='bbox 2281 5164 2552 5222; x_wconf 86' lang='lat' dir='ltr'><strong>homicida</strong></span> <span class='ocrx_word' id='word_1_932' title='bbox 2597 5180 2707 5222; x_wconf 93' lang='lat' dir='ltr'><strong>non</strong></span> <span class='ocrx_word' id='word_1_933' title='bbox 2754 5165 2915 5224; x_wconf 89' lang='lat' dir='ltr'><strong>habet</strong></span> <span class='ocrx_word' id='word_1_934' title='bbox 2958 5167 3121 5222; x_wconf 88' lang='lat' dir='ltr'><strong>vitam</strong></span> <span class='ocrx_word' id='word_1_935' title='bbox 3165 5177 3430 5225; x_wconf 66' lang='lat' dir='ltr'><strong>aeternam</strong></span> <span class='ocrx_word' id='word_1_936' title='bbox 3479 5169 3534 5223; x_wconf 92' lang='lat' dir='ltr'><strong>in</strong></span> <span class='ocrx_word' id='word_1_937' title='bbox 3580 5166 3849 5234; x_wconf 85' lang='lat' dir='ltr'><strong>semetipso</strong></span> 
     </span>
    </p>
   </div>
   <div class='ocr_carea' id='block_1_97' title="bbox 581 5239 3846 5330">
    <p class='ocr_par' dir='ltr' id='par_1_97' title="bbox 581 5239 3846 5330">
     <span class='ocr_line' id='line_1_97' title="bbox 581 5239 3846 5330; baseline -0.002 -16"><span class='ocrx_word' id='word_1_938' title='bbox 581 5258 712 5314; x_wconf 85' lang='lat' dir='ltr'><strong>facit</strong></span> <span class='ocrx_word' id='word_1_939' title='bbox 740 5257 1070 5312; x_wconf 87' lang='lat' dir='ltr'><strong>voluntatem</strong></span> <span class='ocrx_word' id='word_1_940' title='bbox 1102 5252 1224 5320; x_wconf 91' lang='lat' dir='ltr'><strong>Dei,</strong></span> <span class='ocrx_word' id='word_1_941' title='bbox 1253 5261 1436 5308; x_wconf 86' lang='lat' dir='ltr'><strong>manet</strong></span> <span class='ocrx_word' id='word_1_942' title='bbox 1464 5255 1515 5308; x_wconf 85' lang='lat' dir='ltr'><strong>in</strong></span> <span class='ocrx_word' id='word_1_943' title='bbox 1537 5255 1824 5308; x_wconf 63' lang='lat' dir='ltr'><strong>aeternum.</strong></span> <span class='ocrx_word' id='word_1_944' title='bbox 1847 5239 2051 5323; x_wconf 85' lang='lat' dir='ltr'><strong>Filioli,</strong></span> <span class='ocrx_word' id='word_1_945' title='bbox 2075 5269 2180 5310; x_wconf 62' lang='lat' dir='ltr'><strong>no:</strong></span> <span class='ocrx_word' id='word_1_946' title='bbox 2281 5255 2612 5314; x_wconf 68' lang='lat' dir='ltr'><strong>madentem.</strong></span> <span class='ocrx_word' id='word_1_947' title='bbox 2644 5256 2700 5312; x_wconf 84' lang='lat' dir='ltr'><strong>lii</strong></span> <span class='ocrx_word' id='word_1_948' title='bbox 2732 5256 2835 5313; x_wconf 87' lang='lat' dir='ltr'><strong>lioc</strong></span> <span class='ocrx_word' id='word_1_949' title='bbox 2863 5259 3214 5330; x_wconf 79' lang='lat' dir='ltr'><strong>cognovimus</strong></span> <span class='ocrx_word' id='word_1_950' title='bbox 3239 5259 3561 5316; x_wconf 86' lang='lat' dir='ltr'><strong>charitatem</strong></span> <span class='ocrx_word' id='word_1_951' title='bbox 3591 5259 3704 5323; x_wconf 88' lang='lat' dir='ltr'><strong>Dei,</strong></span> <span class='ocrx_word' id='word_1_952' title='bbox 3729 5269 3846 5326; x_wconf 86' lang='lat' dir='ltr'><strong>quo-</strong></span> 
     </span>
    </p>
   </div>
   <div class='ocr_carea' id='block_1_98' title="bbox 584 5342 3850 5422">
    <p class='ocr_par' dir='ltr' id='par_1_98' title="bbox 584 5342 3850 5422">
     <span class='ocr_line' id='line_1_98' title="bbox 584 5342 3850 5422; baseline -0.002 -15"><span class='ocrx_word' id='word_1_953' title='bbox 584 5351 808 5406; x_wconf 85' lang='lat' dir='ltr'><strong>vissima</strong></span> <span class='ocrx_word' id='word_1_954' title='bbox 833 5346 966 5402; x_wconf 90' lang='lat' dir='ltr'><strong>hora</strong></span> <span class='ocrx_word' id='word_1_955' title='bbox 991 5354 1076 5401; x_wconf 92' lang='lat' dir='ltr'><strong>est</strong></span> <span class='ocrx_word' id='word_1_956' title='bbox 1107 5361 1121 5398; x_wconf 89' lang='lat'><strong>:</strong></span> <span class='ocrx_word' id='word_1_957' title='bbox 1151 5350 1208 5398; x_wconf 83' lang='lat' dir='ltr'><strong>et</strong></span> <span class='ocrx_word' id='word_1_958' title='bbox 1234 5342 1376 5398; x_wconf 89' lang='lat' dir='ltr'><strong>sicut</strong></span> <span class='ocrx_word' id='word_1_959' title='bbox 1404 5343 1632 5399; x_wconf 88' lang='lat' dir='ltr'><strong>audistis</strong></span> <span class='ocrx_word' id='word_1_960' title='bbox 1661 5344 1785 5415; x_wconf 90' lang='lat' dir='ltr'><strong>quia</strong></span> <span class='ocrx_word' id='word_1_961' title='bbox 1807 5344 2175 5402; x_wconf 89' lang='lat' dir='ltr'><strong>Antichristus</strong></span> <span class='ocrx_word' id='word_1_962' title='bbox 2283 5349 2432 5406; x_wconf 90' lang='lat' dir='ltr'><strong>niam</strong></span> <span class='ocrx_word' id='word_1_963' title='bbox 2465 5351 2556 5407; x_wconf 87' lang='lat' dir='ltr'><strong>ille</strong></span> <span class='ocrx_word' id='word_1_964' title='bbox 2584 5351 2817 5407; x_wconf 87' lang='lat' dir='ltr'><strong>animam</strong></span> <span class='ocrx_word' id='word_1_965' title='bbox 2845 5367 2994 5407; x_wconf 89' lang='lat' dir='ltr'><strong>suam</strong></span> <span class='ocrx_word' id='word_1_966' title='bbox 3037 5367 3132 5422; x_wconf 93' lang='lat' dir='ltr'><strong>pro</strong></span> <span class='ocrx_word' id='word_1_967' title='bbox 3159 5351 3314 5408; x_wconf 90' lang='lat' dir='ltr'><strong>nobis</strong></span> <span class='ocrx_word' id='word_1_968' title='bbox 3345 5353 3547 5422; x_wconf 86' lang='lat' dir='ltr'><strong>posuit,</strong></span> <span class='ocrx_word' id='word_1_969' title='bbox 3576 5363 3630 5407; x_wconf 88' lang='lat' dir='ltr'><strong>ct</strong></span> <span class='ocrx_word' id='word_1_970' title='bbox 3655 5365 3751 5406; x_wconf 90' lang='lat' dir='ltr'><strong>nos</strong></span> <span class='ocrx_word' id='word_1_971' title='bbox 3775 5349 3850 5401; x_wconf 84' lang='lat' dir='ltr'><strong>de-</strong></span> 
     </span>
    </p>
   </div>
   <div class='ocr_carea' id='block_1_99' title="bbox 584 5433 2177 5507">
    <p class='ocr_par' dir='ltr' id='par_1_99' title="bbox 584 5433 2177 5507">
     <span class='ocr_line' id='line_1_99' title="bbox 584 5433 2177 5507; baseline -0.003 -11"><span class='ocrx_word' id='word_1_972' title='bbox 584 5442 755 5507; x_wconf 90' lang='lat' dir='ltr'><strong>venit,</strong></span> <span class='ocrx_word' id='word_1_973' title='bbox 785 5448 840 5494; x_wconf 89' lang='lat' dir='ltr'><strong>et</strong></span> <span class='ocrx_word' id='word_1_974' title='bbox 865 5451 1010 5494; x_wconf 90' lang='lat' dir='ltr'><strong>nunc</strong></span> <span class='ocrx_word' id='word_1_975' title='bbox 1034 5433 1354 5491; x_wconf 85' lang='lat' dir='ltr'><strong>Antichristi</strong></span> <span class='ocrx_word' id='word_1_976' title='bbox 1380 5435 1532 5490; x_wconf 89' lang='lat' dir='ltr'><strong>multi</strong></span> <span class='ocrx_word' id='word_1_977' title='bbox 1564 5434 1691 5490; x_wconf 86' lang='lat' dir='ltr'><strong>facti</strong></span> <span class='ocrx_word' id='word_1_978' title='bbox 1719 5445 1843 5490; x_wconf 90' lang='lat' dir='ltr'><strong>sunt</strong></span> <span class='ocrx_word' id='word_1_979' title='bbox 1870 5452 1882 5490; x_wconf 93' lang='lat'>:</span> <span class='ocrx_word' id='word_1_980' title='bbox 1908 5437 2051 5492; x_wconf 90' lang='lat' dir='ltr'><strong>unde</strong></span> <span class='ocrx_word' id='word_1_981' title='bbox 2071 5439 2177 5493; x_wconf 89' lang='lat' dir='ltr'><strong>sci-</strong></span> 
     </span>
    </p>
   </div>
   <div class='ocr_carea' id='block_1_100' title="bbox 581 5522 2174 5605">
    <p class='ocr_par' dir='ltr' id='par_1_100' title="bbox 581 5522 2174 5605">
     <span class='ocr_line' id='line_1_100' title="bbox 581 5522 2174 5605; baseline -0.004 -12"><span class='ocrx_word' id='word_1_982' title='bbox 581 5552 726 5602; x_wconf 92' lang='lat' dir='ltr'><strong>mus,</strong></span> <span class='ocrx_word' id='word_1_983' title='bbox 759 5532 886 5605; x_wconf 90' lang='lat' dir='ltr'><strong>quia</strong></span> <span class='ocrx_word' id='word_1_984' title='bbox 915 5528 1211 5588; x_wconf 89' lang='lat' dir='ltr'><strong>novissima</strong></span> <span class='ocrx_word' id='word_1_985' title='bbox 1241 5522 1376 5585; x_wconf 85' lang='lat' dir='ltr'><strong>hora</strong></span> <span class='ocrx_word' id='word_1_986' title='bbox 1401 5539 1506 5585; x_wconf 91' lang='lat' dir='ltr'><strong>est.</strong></span> <span class='ocrx_word' id='word_1_987' title='bbox 1533 5527 1610 5588; x_wconf 85' lang='lat' dir='ltr'><strong>Ex</strong></span> <span class='ocrx_word' id='word_1_988' title='bbox 1643 5527 1803 5585; x_wconf 91' lang='lat' dir='ltr'><strong>nobis</strong></span> <span class='ocrx_word' id='word_1_989' title='bbox 1834 5529 2174 5602; x_wconf 86' lang='lat' dir='ltr'><strong>prodierunt,</strong></span> 
     </span>
    </p>
   </div>
   <div class='ocr_carea' id='block_1_101' title="bbox 580 5621 2171 5695">
    <p class='ocr_par' dir='ltr' id='par_1_101' title="bbox 580 5621 2171 5695">
     <span class='ocr_line' id='line_1_101' title="bbox 580 5621 2171 5695; baseline -0.003 -8"><span class='ocrx_word' id='word_1_990' title='bbox 580 5631 680 5687; x_wconf 80' lang='lat' dir='ltr'><strong>sed</strong></span> <span class='ocrx_word' id='word_1_991' title='bbox 721 5642 829 5684; x_wconf 92' lang='lat' dir='ltr'><strong>non</strong></span> <span class='ocrx_word' id='word_1_992' title='bbox 869 5636 1025 5684; x_wconf 90' lang='lat' dir='ltr'><strong>erant</strong></span> <span class='ocrx_word' id='word_1_993' title='bbox 1064 5641 1131 5684; x_wconf 79' lang='lat' dir='ltr'><strong>ex</strong></span> <span class='ocrx_word' id='word_1_994' title='bbox 1173 5623 1349 5681; x_wconf 89' lang='lat' dir='ltr'><strong>nobis.</strong></span> <span class='ocrx_word' id='word_1_995' title='bbox 1377 5621 1533 5692; x_wconf 85' lang='lat' dir='ltr'><strong>Nam,</strong></span> <span class='ocrx_word' id='word_1_996' title='bbox 1565 5624 1611 5679; x_wconf 88' lang='lat' dir='ltr'><strong>si</strong></span> <span class='ocrx_word' id='word_1_997' title='bbox 1640 5622 1870 5681; x_wconf 83' lang='lat' dir='ltr'><strong>fuissent</strong></span> <span class='ocrx_word' id='word_1_998' title='bbox 1898 5639 1963 5680; x_wconf 87' lang='lat' dir='ltr'><strong>ex</strong></span> <span class='ocrx_word' id='word_1_999' title='bbox 1993 5625 2171 5695; x_wconf 89' lang='lat' dir='ltr'><strong>nobis,</strong></span> 
     </span>
    </p>
   </div>
   <div class='ocr_carea' id='block_1_102' title="bbox 578 5713 2176 5792">
    <p class='ocr_par' dir='ltr' id='par_1_102' title="bbox 578 5713 2176 5792">
     <span class='ocr_line' id='line_1_102' title="bbox 578 5713 2176 5792; baseline -0.001 -13"><span class='ocrx_word' id='word_1_1000' title='bbox 578 5721 1011 5790; x_wconf 82' lang='lat' dir='ltr'><strong>permansissent</strong></span> <span class='ocrx_word' id='word_1_1001' title='bbox 1035 5719 1241 5792; x_wconf 72' lang='lat' dir='ltr'><strong>;utique</strong></span> <span class='ocrx_word' id='word_1_1002' title='bbox 1279 5713 1561 5774; x_wconf 78' lang='lat' dir='ltr'><strong>nobiscum</strong></span> <span class='ocrx_word' id='word_1_1003' title='bbox 1605 5733 1619 5772; x_wconf 90' lang='lat'><strong>:</strong></span> <span class='ocrx_word' id='word_1_1004' title='bbox 1661 5715 1758 5776; x_wconf 82' lang='lat' dir='ltr'><strong>sed</strong></span> <span class='ocrx_word' id='word_1_1005' title='bbox 1797 5727 1858 5774; x_wconf 91' lang='lat' dir='ltr'><strong>ut</strong></span> <span class='ocrx_word' id='word_1_1006' title='bbox 1903 5718 2176 5778; x_wconf 86' lang='lat' dir='ltr'><strong>manifesti</strong></span> 
     </span>
    </p>
   </div>
   <div class='ocr_carea' id='block_1_103' title="bbox 2284 5437 3849 5514">
    <p class='ocr_par' dir='ltr' id='par_1_103' title="bbox 2284 5437 3849 5514">
     <span class='ocr_line' id='line_1_103' title="bbox 2284 5437 3849 5514; baseline -0.005 -16"><span class='ocrx_word' id='word_1_1007' title='bbox 2284 5441 2477 5500; x_wconf 86' lang='lat' dir='ltr'><strong>bemus</strong></span> <span class='ocrx_word' id='word_1_1008' title='bbox 2523 5459 2621 5514; x_wconf 90' lang='lat' dir='ltr'><strong>pro</strong></span> <span class='ocrx_word' id='word_1_1009' title='bbox 2660 5444 2922 5500; x_wconf 91' lang='lat' dir='ltr'><strong>fratribus</strong></span> <span class='ocrx_word' id='word_1_1010' title='bbox 2961 5443 3170 5499; x_wconf 88' lang='lat' dir='ltr'><strong>animas</strong></span> <span class='ocrx_word' id='word_1_1011' title='bbox 3210 5459 3438 5514; x_wconf 87' lang='lat' dir='ltr'><strong>ponere.</strong></span> <span class='ocrx_word' id='word_1_1012' title='bbox 3484 5443 3583 5511; x_wconf 89' lang='lat' dir='ltr'><strong>Qui</strong></span> <span class='ocrx_word' id='word_1_1013' title='bbox 3628 5437 3849 5497; x_wconf 84' lang='lat' dir='ltr'><strong>habuerit</strong></span> 
     </span>
    </p>
   </div>
   <div class='ocr_carea' id='block_1_104' title="bbox 2284 5521 3848 5610">
    <p class='ocr_par' dir='ltr' id='par_1_104' title="bbox 2284 5521 3848 5610">
     <span class='ocr_line' id='line_1_104' title="bbox 2284 5521 3848 5610; baseline -0.002 -19"><span class='ocrx_word' id='word_1_1014' title='bbox 2284 5521 2636 5592; x_wconf 78' lang='lat' dir='ltr'><strong>subStantiam</strong></span> <span class='ocrx_word' id='word_1_1015' title='bbox 2679 5533 2839 5610; x_wconf 87' lang='lat' dir='ltr'><strong>hujus</strong></span> <span class='ocrx_word' id='word_1_1016' title='bbox 2879 5535 3086 5606; x_wconf 92' lang='lat' dir='ltr'><strong>mundi,</strong></span> <span class='ocrx_word' id='word_1_1017' title='bbox 3130 5530 3185 5593; x_wconf 90' lang='lat' dir='ltr'><strong>et</strong></span> <span class='ocrx_word' id='word_1_1018' title='bbox 3222 5531 3426 5594; x_wconf 88' lang='lat' dir='ltr'><strong>viderit</strong></span> <span class='ocrx_word' id='word_1_1019' title='bbox 3466 5529 3685 5594; x_wconf 82' lang='lat' dir='ltr'><strong>fratrem</strong></span> <span class='ocrx_word' id='word_1_1020' title='bbox 3714 5547 3848 5590; x_wconf 87' lang='lat' dir='ltr'><strong>suum</strong></span> 
     </span>
    </p>
   </div>
   <div class='ocr_carea' id='block_1_105' title="bbox 2285 5617 3847 5698">
    <p class='ocr_par' dir='ltr' id='par_1_105' title="bbox 2285 5617 3847 5698">
     <span class='ocr_line' id='line_1_105' title="bbox 2285 5617 3847 5698; baseline -0.001 -16"><span class='ocrx_word' id='word_1_1021' title='bbox 2285 5629 2668 5684; x_wconf 88' lang='lat' dir='ltr'><strong>necessitatem</strong></span> <span class='ocrx_word' id='word_1_1022' title='bbox 2697 5619 2920 5698; x_wconf 84' lang='lat' dir='ltr'><strong>habere,</strong></span> <span class='ocrx_word' id='word_1_1023' title='bbox 2952 5637 3008 5686; x_wconf 84' lang='lat' dir='ltr'><strong>et</strong></span> <span class='ocrx_word' id='word_1_1024' title='bbox 3035 5629 3290 5685; x_wconf 85' lang='lat' dir='ltr'><strong>clauserit</strong></span> <span class='ocrx_word' id='word_1_1025' title='bbox 3315 5630 3524 5687; x_wconf 80' lang='lat' dir='ltr'><strong>viscera</strong></span> <span class='ocrx_word' id='word_1_1026' title='bbox 3548 5645 3641 5686; x_wconf 86' lang='lat' dir='ltr'><strong>sua</strong></span> <span class='ocrx_word' id='word_1_1027' title='bbox 3672 5617 3847 5683; x_wconf 86' lang='lat' dir='ltr'><strong>abeo:</strong></span> 
     </span>
    </p>
   </div>
   <div class='ocr_carea' id='block_1_106' title="bbox 2283 5711 3848 5793">
    <p class='ocr_par' dir='ltr' id='par_1_106' title="bbox 2283 5711 3848 5793">
     <span class='ocr_line' id='line_1_106' title="bbox 2283 5711 3848 5793; baseline -0.003 -15"><span class='ocrx_word' id='word_1_1028' title='bbox 2283 5720 2558 5793; x_wconf 90' lang='lat' dir='ltr'><strong>quomodo</strong></span> <span class='ocrx_word' id='word_1_1029' title='bbox 2586 5718 2823 5780; x_wconf 88' lang='lat' dir='ltr'><strong>charitas</strong></span> <span class='ocrx_word' id='word_1_1030' title='bbox 2863 5719 2956 5781; x_wconf 88' lang='lat' dir='ltr'><strong>Dei</strong></span> <span class='ocrx_word' id='word_1_1031' title='bbox 2984 5730 3167 5779; x_wconf 87' lang='lat' dir='ltr'><strong>manet</strong></span> <span class='ocrx_word' id='word_1_1032' title='bbox 3186 5713 3241 5778; x_wconf 89' lang='lat' dir='ltr'><strong>in</strong></span> <span class='ocrx_word' id='word_1_1033' title='bbox 3268 5721 3372 5780; x_wconf 75' lang='lat' dir='ltr'><strong>eo?</strong></span> <span class='ocrx_word' id='word_1_1034' title='bbox 3401 5721 3584 5781; x_wconf 85' lang='lat' dir='ltr'><strong>Filioli</strong></span> <span class='ocrx_word' id='word_1_1035' title='bbox 3611 5711 3736 5788; x_wconf 83' lang='lat' dir='ltr'><strong>mei,</strong></span> <span class='ocrx_word' id='word_1_1036' title='bbox 3762 5730 3848 5773; x_wconf 88' lang='lat' dir='ltr'><strong>non</strong></span> 
     </span>
    </p>
   </div>
  </div>
