3946 6198
135 211 252 277 Si?)

1089 211 1150 268 Β.
1192 207 1472 270 tomus
1514 197 1845 271 arosrou
1887 201 2224 273 EPISTOLA
2263 211 2496 273 PRIMA.

3345 221 3450 280 8M

147 334 455 405 diligamus
480 324 672 394 verbo.
695 342 866 400 neque
891 327 1095 400 lingua,
1120 327 1216 385 sed
1243 345 1408 400 opere
1433 342 1486 386 et
1505 331 1753 387 veritate.
1787 331 1831 392 Α
1861 330 2106 401 diligere.
2148 332 2316 387 Deum
2361 346 2522 387 nemo
2561 331 2695 389 vidit
2735 341 3012 404 umquam.
3062 333 3117 392 Si
3168 333 3450 406 diligamus

151 424 214 480 In
246 425 349 479 hoc
381 423 758 493 cognoscimus
800 421 1051 492 quoniam
1087 436 1151 476 ex
1184 424 1413 477 veritate
1445 436 1629 476 sumus
1663 437 1676 476 :
1706 430 1761 476 et

154 518 214 574 in
247 526 544 588 Conspectu
565 517 681 587 ejus
705 515 1051 571 suadebimus
1073 514 1241 572 corda
1268 524 1468 571 nostra.
1494 515 1757 585 Quoniam

153 610 207 668 si
246 611 656 682 reprehenderit
696 627 796 665 nos
835 625 928 666 cor
965 620 1210 666 nostrum
1258 627 1271 664 :
1311 609 1482 682 major
1507 620 1591 666 est
1617 609 1760 666 Deus

154 704 328 760 corde
359 713 563 767 nostro.
597 711 654 760 et
680 703 826 758 norit
869 703 1073 759 omnia.
1105 703 1438 772 Cliarissimi,
1475 703 1521 759 si
1545 718 1640 759 cor
1666 717 1760 758 no-

148 798 333 850 strum
377 811 486 850 non
530 795 942 866 reprehenderit
971 810 1091 862 nos,
1128 794 1375 851 fiduciam
1408 793 1670 851 habemus
1695 795 1761 850 ad

147 886 328 944 Deum
376 906 386 942 :
439 896 494 944 et
537 888 795 960 quidquid
838 889 1178 961 petierimus,
1217 887 1549 960 accipiemus
1578 889 1646 945 ab
1672 903 1758 944 eo.

152 979 427 1048 Quoniam
461 980 710 1036 mandata
741 981 858 1052 ejus
889 977 1249 1051 custodimus,
1284 990 1340 1037 et
1369 996 1452 1052 ea,
1487 995 1611 1052 qua:
1638 989 1766 1036 sunt

149 1069 355 1142 placita
397 1087 582 1128 coram
628 1088 729 1137 eo,
774 1071 1022 1128 facimus.
1073 1072 1137 1127 Et
1174 1072 1277 1128 hoc
1325 1081 1411 1128 est
1450 1071 1762 1129 mandatum

154 1163 279 1234 ejus
306 1182 318 1218 :
348 1157 416 1221 Ut
438 1163 724 1220 credamus
748 1165 800 1219 in
825 1165 1050 1220 nomine
1073 1161 1199 1219 Filii
1223 1163 1341 1235 ejus
1361 1163 1489 1220 Jesu
1514 1161 1719 1219 Christi
1745 1180 1760 1220 :

160 1263 218 1312 et
240 1253 529 1325 diligamus
551 1256 893 1324 alterutrum,
918 1256 1061 1312 sicut
1081 1255 1228 1312 dedit
1251 1253 1561 1311 mandatum
1584 1251 1760 1311 nobis.

156 1344 236 1404 Et
262 1347 351 1419 qui
381 1357 559 1405 servat
589 1348 839 1403 mandata
871 1347 1010 1417 ejus,
1041 1345 1095 1402 in
1125 1345 1219 1402 illo
1249 1355 1450 1415 manet,
1481 1356 1537 1404 et
1564 1347 1680 1418 ipse
1709 1347 1764 1400 in

160 1452 231 1496 eo
261 1455 276 1494 :
310 1447 366 1496 et
387 1439 438 1493 in
463 1441 566 1495 hoc
587 1439 788 1494 scimus
810 1439 1065 1512 quoniam
1094 1448 1276 1496 manet
1300 1439 1355 1496 in
1381 1438 1534 1496 nobis
1558 1439 1624 1495 de
1643 1439 1762 1510 Spi-

161 1530 300 1597 ritu,
332 1529 491 1602 quem
525 1529 674 1587 dedit
706 1531 884 1588 nobis.

231 1625 392 1700 [ϐαρ.
417 1618 534 1699 ΙΨ]
556 1627 891 1695 Charissimi,
917 1627 1084 1684 nolite
1109 1625 1256 1683 omni
1280 1625 1494 1699 spiritui
1517 1625 1762 1697 Credere,

1861 425 2087 480 invicem
2116 469 2130 494 ,
2164 425 2309 480 Deus
2338 424 2390 480 in
2437 425 2593 480 nobis
2625 433 2850 492 manet,
2899 436 2953 482 et
2991 426 3227 484 charitas
3252 429 3370 499 ejus
3399 431 3450 485 iu

1861 516 2017 571 nobis
2044 515 2280 587 perfecta
2313 525 2409 572 est.
2442 517 2500 573 in
2528 518 2628 574 hoc
2664 519 3076 590 cognoscimus,
3108 522 3364 592 quoniam
3396 521 3448 580 in

1862 623 1926 663 eo
1958 623 2236 664 manemus
2265 653 2277 675 ,
2322 618 2375 663 ct
2413 608 2531 678 ipse
2562 609 2616 664 in
2647 609 2800 666 nobis
2827 629 2840 666 :
2878 613 3131 683 quoniam
3160 613 3228 668 de
3259 615 3450 684 spiritu

1863 713 1960 755 suo
2006 699 2153 756 dedit
2193 701 2368 755 nobis.
2413 699 2483 754 Et
2509 715 2610 756 nos
2640 702 2873 757 vidimus
2906 746 2920 769 ,
2962 713 3016 759 et
3049 705 3405 762 testificantur
3434 752 3450 776 ,

1863 790 2114 856 quoniam
2130 789 2290 845 Pater
2311 789 2453 846 misit
2478 789 2669 847 Filium
2693 805 2847 848 suum
2871 793 3210 852 Salvatorem
3237 799 3445 854 mundi.

1861 878 2118 950 Quisquis
2157 881 2439 937 confessus
2472 882 2639 939 fuerit
2671 886 2930 955 quoniam
2964 887 3125 945 Jesus
3173 898 3254 945 est
3287 887 3457 947 Filius

1863 971 1984 1038 Dei,
2017 973 2156 1029 Deus
2187 973 2240 1028 in
2268 989 2334 1029 eo
2367 983 2566 1042 manet,
2593 983 2648 1033 et
2673 977 2788 1048 ipse
2809 977 2863 1034 in
2884 978 3017 1036 Deo.
3053 979 3119 1036 Et
3138 989 3238 1039 nus
3260 997 3458 1055 cogno-

1865 1067 2062 1136 vimus,
2097 1077 2151 1124 et
2180 1067 2512 1124 credidimus
2536 1069 2804 1142 charitati,
2834 1083 2992 1144 quam
3035 1073 3196 1132 habet
3225 1067 3374 1134 Deus
3403 1075 3454 1134 in

1865 1160 2046 1216 nobis.
2077 1161 2220 1216 Deus
2246 1161 2483 1217 charitas
2521 1171 2643 1220 est:
2672 1171 2727 1219 et
2752 1165 2838 1235 qui
2867 1161 3049 1222 manet
3076 1167 3127 1222 in
3161 1168 3452 1238 charitate,

1867 1254 1922 1310 in
1954 1254 2067 1310 Deo
2098 1262 2314 1322 manet,
2345 1263 2396 1310 et
2429 1256 2570 1313 Deus
2607 1255 2664 1312 in
2705 1273 2791 1314 eo.
2837 1259 2892 1314 In
2939 1259 3046 1318 hoc
3092 1263 3331 1333 perfecta
3381 1263 3464 1320 est

1867 1345 2102 1401 charitas
2130 1344 2223 1401 Dei
2248 1346 2530 1402 nobiscum
2559 1365 2573 1404 :
2606 1357 2665 1404 ut
2695 1348 2945 1407 fiduciam
2972 1350 3268 1410 habeamus
3295 1356 3346 1410 in
3371 1354 3458 1412 die

1864 1434 2049 1505 judicii
2086 1453 2098 1490 :
2132 1434 2257 1507 quia
2290 1438 2428 1491 sicut
2473 1437 2565 1493 ille
2617 1449 2740 1509 est,
2789 1449 2845 1497 et
2891 1455 2990 1498 uos
3033 1455 3219 1500 sumus
3259 1445 3312 1500 in
3357 1441 3461 1503 hoc

1870 1530 2094 1585 mundo.
2144 1529 2330 1585 Timor
2376 1545 2484 1587 non
2529 1541 2612 1589 est
2657 1535 2711 1589 in
2759 1529 3026 1593 charltate
3057 1555 3069 1593 :
3100 1537 3192 1595 sed
3221 1537 3454 1610 perfecta

1871 1621 2108 1676 Charitas
2149 1621 2298 1676 foras
2343 1623 2506 1678 mittit
2541 1613 2790 1683 tim-orem
2824 1646 2836 1681 :
2867 1631 3121 1700 quOniam
3155 1632 3316 1686 timor
3347 1647 3462 1703 pte--

164 1720 262 1776 sed
296 1719 525 1789 probate
554 1717 800 1787 Spiritus,
833 1719 878 1773 si
906 1733 973 1775 ex
1004 1717 1114 1774 Deo
1140 1720 1247 1775 sint
1278 1737 1294 1774 τ
1325 1721 1578 1791 quoniam
1609 1720 1765 1775 multi
1794 1703 1844 1771 B
1869 1727 1994 1771 nam
2025 1714 2207 1771 habet.
2249 1717 2349 1782 Qui
2393 1728 2570 1773 autem
2613 1722 2801 1787 timet,
2834 1737 2940 1777 non
2971 1729 3055 1779 est
3096 1721 3375 1793 perlectus
3408 1725 3460 1781 in

162 1813 662 1884 pseudoprophetae
691 1815 939 1869 exierunt
970 1815 1020 1868 in
1052 1814 1333 1871 mmidum.
1360 1813 1416 1868 ln
1444 1815 1546 1869 hoc
1566 1827 1767 1885 cogno-

162 1908 333 1963 scitur
363 1907 597 1977 Spiritus
621 1907 716 1962 Dei
753 1924 765 1959 :
800 1908 977 1961 omnis
1004 1908 1222 1977 spiritus
1253 1907 1344 1977 qui
1371 1901 1658 1963 confitetur
1679 1908 1767 1964 Je-

158 2015 281 2056 sum
305 1998 584 2055 Christum
607 2001 663 2053 in
684 2013 847 2054 carne
874 1997 1106 2066 venisse,
1135 2016 1198 2054 ex
1231 2000 1340 2054 Deo
1361 2005 1445 2055 est
1474 2019 1483 2052 :
1514 2007 1569 2054 et
1591 1999 1766 2053 omnis

158 2091 412 2165 spiritus.
446 2092 535 2163 qui
562 2093 725 2147 solvit
752 2091 960 2159 Jesum,
991 2107 1057 2147 ex
1083 2091 1198 2147 Deo
1230 2108 1337 2146 non
1366 2100 1478 2157 est;
1502 2101 1553 2146 et
1578 2093 1663 2144 hic
1685 2097 1767 2145 cst

156 2186 555 2251 Antichristus,
583 2185 656 2240 de
683 2201 793 2256 quo
813 2183 1045 2239 audistis
1063 2184 1321 2253 quoniam
1348 2170 1516 2247 venit,
1543 2193 1601 2238 et
1621 2197 1768 2238 nunc

151 2280 265 2351 jam
290 2280 343 2334 in
372 2278 575 2333 mundo
605 2287 706 2333 est.
734 2278 845 2332 Vos
874 2293 940 2332 ex
967 2279 1074 2332 Deo
1102 2277 1256 2341 estis,
1283 2277 1458 2342 filioli,
1483 2286 1536 2332 et
1558 2276 1766 2331 vicistis

153 2388 307 2438 eum,
330 2371 586 2443 quoniam
611 2370 784 2440 major
803 2379 886 2426 est
911 2371 1004 2441 qui
1033 2369 1088 2425 in
1116 2369 1271 2424 vobis
1294 2367 1398 2436 est,
1418 2384 1576 2440 quam
1595 2369 1685 2439 qui
1713 2370 1765 2423 in

155 2465 385 2522 mundo.
409 2463 515 2533 ipsi
537 2463 604 2516 de
628 2460 826 2516 mundo
851 2470 978 2515 sunt
1007 2477 1020 2514 :
1049 2459 1176 2516 ideo
1203 2459 1270 2515 de
1302 2460 1503 2514 mundo
1533 2459 1765 2530 loquun-

162 2567 344 2623 tur,et
365 2554 602 2610 mundus
623 2568 720 2610 eos
741 2554 909 2608 audit.
927 2553 1036 2608 Nos
1059 2569 1127 2608 ex
1149 2555 1256 2607 Deo
1279 2553 1592 2622 sumus.Qui
1616 2553 1767 2607 novit

160 2648 529 2715 Deum,audit
555 2662 681 2712 nos;
710 2647 799 2716 qui
830 2663 934 2701 non
961 2654 1045 2701 est
1072 2661 1139 2700 ex
1169 2646 1301 2710 Deo,
1334 2662 1440 2700 non
1469 2645 1626 2700 audit
1645 2659 1762 2700 nos:

157 2742 218 2799 in
239 2742 344 2797 hoc
366 2739 751 2809 cognoscimus
773 2738 1034 2808 Spiritum
1062 2736 1329 2804 veritatis,
1349 2733 1664 2805 ethiritum
1679 2752 1768 2792 er-

157 2837 326 2891 roris.
355 2830 697 2897 Charissimi,
717 2830 998 2900 diligamus
1027 2845 1124 2884 nos
1153 2827 1551 2899 invicemzquia
1583 2829 1766 2883 chari-

159 2937 247 2982 tas
275 2943 341 2981 ex
368 2925 478 2980 Deo
497 2933 603 2979 est.
627 2923 883 2976 Etomnis
911 2922 1002 2991 qui
1028 2913 1222 2992 diligit;
1241 2937 1306 2976 ex
1337 2922 1448 2975 Deo
1479 2929 1636 2976 natus
1658 2930 1763 2991 est,

159 3027 217 3076 et
243 3018 532 3088 cognoscit
559 3015 747 3072 Deum.
774 3016 874 3081 Qui
900 3029 1005 3069 non
1036 3014 1230 3083 diligit,
1247 3028 1352 3068 non
1384 3014 1537 3069 novit
1563 3014 1762 3070 Deum:

164 3111 424 3181 quoniam
450 3107 594 3163 Deus
616 3106 852 3162 charitas
875 3115 977 3161 est.
1014 3105 1072 3160 lu
1105 3106 1210 3160 hoc
1239 3107 1488 3175 apparuit
1530 3107 1770 3163 charitas

167 3166 267 3260 Dei
296 3207 351 3257 in
381 3201 558 3264 nobis,
583 3201 841 3270 quoniam
867 3198 1057 3252 Filium
1081 3209 1237 3253 suum
1261 3199 1600 3268 unigenitum
1623 3199 1770 3253 misit
1795 3166 1844 3233 c

171 3293 321 3351 Deus
353 3294 403 3348 in
441 3292 700 3347 mundum
731 3331 746 3356 ,
797 3301 854 3346 ut
881 3293 1125 3346 vivamus
1156 3307 1252 3360 per
1280 3307 1425 3349 eum.
1462 3291 1520 3346 lu
1561 3292 1660 3347 hoc
1691 3301 1774 3348 est

171 3389 456 3446 Charitas:
505 3401 612 3442 non
643 3385 809 3456 quasi
859 3400 957 3440 nos
999 3385 1354 3442 dilexerimus
1403 3387 1620 3455 Deum,
1657 3387 1771 3443 sed

172 3482 434 3554 quoniam
460 3482 576 3550 ipse
599 3480 747 3549 prior
773 3479 962 3534 dilexit
991 3495 1114 3544 nos,
1139 3488 1197 3535 et
1224 3479 1370 3536 misit
1392 3481 1585 3535 Filium
1615 3496 1770 3536 suum

176 3572 617 3642 propitiationem
655 3586 752 3639 pro
785 3573 1022 3637 peccatis
1065 3571 1286 3626 nostris.
1325 3571 1648 3627 Cinarissimi
1675 3615 1689 3640 ,
1729 3573 1774 3627 si

179 3665 264 3723 sic
291 3665 439 3720 Deus
477 3663 668 3720 dilexit
709 3679 812 3719 nos
843 3681 856 3717 :
885 3673 943 3720 et
991 3679 1090 3720 nos
1137 3665 1402 3721 debemus
1448 3666 1772 3722 alterutrum

257 3883 284 3911 ι
314 3869 388 3927 Ita
427 3870 499 3925 ad
535 3870 916 3942 litteramrtres
945 3885 1158 3942 quoque
1201 3872 1366 3926 nostri
1404 3887 1538 3927 mss.
1572 3873 1771 3928 dudum

183 3943 392 4002 laudati
433 3943 653 3997 habent.
713 3941 1033 3999 Addendum
1075 3941 1154 3997 de
1203 3942 1362 4009 aliis,
1407 3943 1552 4010 quod
1608 3946 1777 3999 ferme

186 4031 355 4078 unum
381 4022 465 4085 est
489 4013 556 4068 ad
579 4013 720 4068 hunc
743 4013 943 4077 locum,
967 4013 1108 4085 quod
1136 4027 1240 4066 non
1269 4014 1345 4085 sit
1373 4015 1576 4068 dictum
1601 4015 1772 4084 prius.

188 4085 246 4141 ln
265 4102 376 4140 uno
390 4081 727 4139 Veronensis
757 4081 1142 4139 canonicorum
1173 4083 1536 4151 bibliothecm,
1573 4081 1775 4151 majus-

189 4159 355 4220 culis,
387 4164 445 4209 ut
473 4166 685 4220 vocant,
723 4156 920 4210 litteris
959 4155 1249 4208 maximam
1291 4167 1502 4223 partem
1534 4162 1776 4223 exorato,

189 4241 270 4293 et,
295 4226 439 4296 quod
465 4227 789 4281 cstalterum
804 4225 990 4295 probze
1010 4227 1292 4281 vetustatis
1321 4225 1574 4280 indicium
1597 4265 1610 4288 ,
1634 4228 1780 4280 nulla

189 4301 432 4370 capitum
473 4304 564 4351 aut
601 4311 859 4352 versuum
897 4297 1186 4365 partitione
1229 4296 1504 4370 distincto,
1536 4312 1641 4350 non
1672 4312 1781 4354 ca:-

190 4368 386 4434 lestia,
436 4383 555 4438 qua;
604 4377 889 4438 tantopere
938 4377 1214 4438 urgentur,
1270 4368 1363 4422 sed
1405 4379 1618 4423 terrena
1675 4371 1784 4422 tes-

192 4441 417 4496 timonia
441 4437 465 4502 ,ί
488 4439 602 4493 sive
629 4440 775 4506 prius
811 4437 945 4493 illud
971 4437 1216 4508 is’ocolou
1236 4481 1250 4504 ,
1282 4447 1382 4506 (res
1425 4447 1542 4492 sunt
1564 4438 1658 4508 qui
1677 4448 1782 4492 tes-

191 4512 468 4567 timonium
520 4508 644 4563 dant
692 4510 747 4562 in
795 4519 957 4577 terra,
1008 4519 1148 4574 elc.,
1194 4507 1595 4564 desiderantur.
1647 4507 1783 4564 Puto

193 4592 378 4637 autem
403 4582 526 4634 hinc
551 4595 690 4634 novo
720 4589 1036 4650 argumento
1059 4580 1367 4649 planissime
1389 4579 1780 4650 demonstrari,

197 4653 415 4709 nonnisi
448 4649 800 4706 librariorum
829 4649 1190 4717 festinationi,
1223 4666 1287 4705 ac
1313 4660 1420 4705 tam
1449 4665 1594 4719 srcpe
1623 4649 1784 4705 obvio

195 4723 407 4787 errori,
465 4721 557 4776 ubi
610 4723 799 4778 eadem
846 4729 1134 4777 recurrunt
1173 4722 1333 4775 verba
1365 4765 1380 4785 ,
1437 4719 1781 4776 tribuendum

201 4809 391 4850 eorum
423 4807 636 4862 quoque
660 4793 903 4847 codicum
935 4791 1220 4858 defectum,
1237 4793 1288 4845 in
1307 4793 1500 4860 quibus
1521 4792 1788 4861 coelestia,

200 4865 325 4920 sive
366 4864 560 4926 Patris,
595 4863 754 4918 Verbi
795 4878 858 4918 ac
889 4862 1124 4932 Spiritus
1155 4865 1325 4916 sancti
1353 4905 1366 4926 ,
1413 4872 1538 4918 sunt
1567 4873 1791 4931 praeter-

201 4937 393 4992 missa.
425 4933 557 4988 Nam
584 4950 704 4990 cum
737 4934 885 4988 illum
917 4934 1260 5004 amanuensis
1289 4934 1460 5004 culpae
1501 4949 1660 4988 nemo
1694 4934 1792 4986 ho-

203 5007 417 5062 minum
448 5020 555 5059 non
587 5007 788 5060 tribuet
818 5023 830 5057 :
864 5019 962 5059 cur
990 5019 1096 5058 non
1128 5013 1178 5057 et
1208 5003 1436 5059 alterum
1480 5005 1593 5072 pari
1634 5014 1791 5072 pacto

205 5078 334 5132 aliis
383 5077 435 5131 in
491 5075 642 5130 libris
691 5075 920 5140 tribuat,
963 5074 1105 5129 nulla
1157 5076 1353 5141 patitur
1407 5079 1562 5129 ratio.
1621 5075 1790 5129 Immo

207 5164 362 5214 vero,
399 5157 457 5202 ut
483 5149 536 5200 in
562 5149 666 5201 isto
691 5146 877 5201 codice
905 5160 1060 5200 error
1090 5146 1204 5213 ipse
1227 5145 1584 5199 describentis
1604 5190 1616 5211 ,
1649 5146 1790 5199 alte-

207 5221 326 5275 rius
372 5218 566 5273 isocoli
606 5233 885 5273 recursum
910 5216 1315 5271 evidentissimc
1352 5217 1588 5271 indicat:
1625 5216 1696 5268 ita
1737 5217 1789 5268 in

210 5291 333 5344 aliis
359 5288 564 5345 Grmcis
590 5305 742 5357 aeque
773 5302 836 5357 ac
867 5287 1092 5355 Latinis,
1124 5285 1403 5340 manifeste
1433 5303 1498 5340 ex
1531 5300 1596 5339 co
1627 5286 1796 5353 liquet

213 5356 884 5432 peccatumesse’capite,
921 5357 1011 5410 ubi
1044 5357 1236 5432 eadem
1270 5357 1490 5432 omnino
1512 5365 1594 5432 est
1619 5357 1794 5418 ratio;

213 5427 389 5503 neque
445 5430 795 5503 enim‘potuit
827 5442 1127 5503 umquam,
1180 5429 1281 5503 nisi
1319 5429 1388 5481 ob
1433 5427 1687 5503 similium
1719 5441 1800 5503 _ac

215 5495 350 5573 peue
376 5495 697 5573 earumdem
725 5495 1014 5573 verborum
1043 5498 1418 5567 repetitionem
1442 5539 1454 5558 ,
1488 5497 1676 5550 vitium
1719 5499 1803 5573 in-

213 5565 380 5630 curri.
423 5575 600 5628 Porro
629 5570 790 5625 aliter
815 5570 905 5623 alii
949 5570 1020 5622 ob
1059 5565 1176 5624 eam
1207 5583 1423 5623 causam
1471 5574 1710 5634 peccant.
1747 5565 1802 5621 In

216 5661 323 5702 uno
379 5643 719 5701 Florentium
759 5639 1070 5695 bibliothec.
1101 5642 1157 5694 Β.
1203 5641 1390 5702 Marci,
1418 5640 1507 5708 qui
1554 5652 1703 5690 num.
1738 5639 1809 5693 55

215 5725 578 5792 pramotatur,
610 5720 756 5768 totus
799 5708 950 5767 deest
986 5711 1283 5794 versiculus
1313 5709 1594 5780 septimus,
1627 5718 1813 5766 sextus

1869 1809 2157 1864 charitate.
2190 1807 2298 1864 Nos
2325 1825 2452 1881 ergo
2479 1811 2764 1882 diligamus
2789 1813 2954 1869 Deum
2975 1854 2990 1881 ,
3023 1817 3274 1885 quoniam
3318 1817 3460 1873 Deus

1871 1897 2018 1966 prior
2039 1899 2224 1955 dilexit
2244 1916 2363 1956 nos.
2385 1901 2442 1958 Si
2465 1903 2588 1972 quis
2609 1903 3076 1975 dixeritquoniam
3093 1901 3461 1978 diligoDeum,

1871 2001 1925 2047 et
1954 1991 2175 2048 fratrem
2207 2009 2366 2049 stmm
2399 1995 2606 2062 oderit,
2642 1998 2872 2052 mendax
2903 2007 3004 2054 est.
3047 1998 3148 2067 Qui
3172 2003 3315 2056 enim
3359 2015 3466 2058 non

1870 2084 2048 2157 diligit
2081 2087 2298 2144 fratrem
2330 2105 2486 2145 suum
2520 2107 2677 2161 quem
2706 2087 2891 2159 videt;
2923 2087 3093 2148 Deum
3122 2136 3136 2161 ,
3169 2111 3326 2166 quem
3360 2110 3464 2152 non

1869 2177 2035 2244 videt,
2069 2180 2342 2246 quomodo
2373 2192 2551 2251 potest
2579 2182 2842 2252 dilige-re?
2887 2184 2956 2237 Et
3001 2184 3109 2240 hoc
3153 2187 3465 2244 mandatum

1871 2269 2132 2324 habemus
2162 2286 2190 2324 a
2223 2271 2333 2326 Deo
2361 2289 2375 2326 :
2409 2283 2464 2327 ut
2491 2274 2580 2342 qui
2609 2273 2779 2342 diligit
2812 2273 3004 2341 Deum,
3051 2277 3238 2348 diligat
3267 2288 3321 2333 et
3361 2281 3470 2335 fra-

1870 2366 2010 2420 trem
2042 2379 2218 2422 suum.

1944 2452 2091 2531 [εαρ.
2126 2453 2216 2528 ηπ]
2261 2457 2447 2515 Omnis
2494 2451 2584 2530 qui
2636 2458 2829 2526 credit,
2885 2461 3136 2539 quoniam
3181 2459 3341 2518 Jesus
3386 2475 3471 2520 est

1869 2551 2136 2620 Christus,
2169 2568 2238 2607 ex
2271 2553 2380 2607 Deo
2409 2563 2568 2607 natus
2599 2563 2700 2608 est.
2737 2553 2800 2607 Et
2825 2553 3000 2608 omnis
3031 2553 3121 2624 qui
3147 2554 3318 2626 diligit
3344 2572 3467 2612 eum

1871 2648 1957 2717 qui
1989 2648 2192 2717 genuit,
2227 2647 2397 2716 diligit
2425 2657 2480 2702 et
2505 2662 2628 2703 eum
2676 2646 2766 2718 qui
2798 2655 2952 2702 natus
2977 2656 3059 2703 est
3084 2664 3148 2703 ex
3171 2664 3255 2704 eo.
3286 2649 3342 2703 lu
3370 2650 3473 2706 hoc

1871 2741 2248 2810 cognoscimus
2269 2738 2520 2812 quoniam
2543 2739 2809 2810 diligimus"
2835 2749 2988 2796 natos
3012 2741 3128 2806 Dei,
3154 2755 3274 2797 cum
3301 2741 3472 2797 Deum

1871 2827 2175 2901 diligamus,
2209 2839 2263 2886 et
2293 2831 2543 2886 mandata
2575 2831 2692 2901 ejus
2723 2831 3003 2886 faciamus.
3037 2832 3160 2887 Haec
3203 2843 3285 2888 est
3326 2833 3469 2888 enim

1872 2921 2106 2977 charitas
2139 2922 2254 2987 Dei,
2290 2933 2344 2977 ut
2376 2923 2626 2978 mandata
2656 2922 2772 2993 ejus
2802 2923 3170 2980 custodiamus
3196 2943 3210 2984 :
3239 2936 3294 2980 et
3323 2942 3476 2982 mau-

1871 3014 1994 3070 data
2051 3015 2167 3084 ejus
2215 3016 2399 3084 gravia
2445 3029 2552 3071 non
2601 3025 2743 3071 sunt.
2793 3016 3058 3083 Quoniam
3111 3019 3272 3072 omne
3324 3019 3468 3087 quod

1880 3118 2064 3163 natum
2096 3118 2272 3164 estex
2299 3109 2432 3177 Deo,
2474 3110 2641 3166 vincit
2685 3111 2941 3167 mundum
2970 3128 2982 3166 :
3009 3121 3062 3167 et
3111 3112 3228 3166 tunc
3273 3123 3355 3169 est
3393 3112 3475 3169 vi-

1873 3205 2064 3270 ctoria,
2115 3220 2234 3274 qute
2278 3204 2442 3260 vincit
2481 3204 2762 3274 mundum,
2811 3206 2945 3262 fides
2987 3213 3190 3261 nostra.
3236 3207 3364 3274 Quis
3393 3217 3478 3264 est

1874 3297 1963 3367 qui
1991 3297 2156 3351 vincit
2185 3297 2464 3364 mundum,
2515 3297 2618 3353 nisi
2667 3298 2760 3367 qui
2803 3298 2974 3354 credit
3020 3298 3274 3370 quoniam
3321 3299 3478 3356 Jesus

1876 3397 1959 3444 est
1989 3387 2157 3444 Filius
2188 3389 2321 3444 Dei?
2349 3389 2436 3445 hic
2461 3397 2544 3446 est
2571 3391 2661 3462 qui
2709 3391 2857 3446 venit
2899 3403 2996 3460 per
3034 3405 3226 3462 aquam
3265 3401 3319 3447 ει
3360 3405 3485 3447 san-

1875 3482 2116 3552 guinem,
2156 3481 2316 3537 Jesus
2357 3479 2646 3536 Christus:
2695 3497 2802 3537 non
2845 3483 2898 3537 in
2949 3496 3086 3553 aqua
3136 3482 3334 3547 solum,
3381 3483 3478 3538 sed

1881 3574 1934 3628 in
1965 3590 2103 3644 aqua
2137 3581 2187 3629 et
2221 3573 2502 3643 sanguine.
2535 3573 2605 3646 Et
2633 3574 2853 3644 spiritus
2882 3582 2985 3640 est,
3016 3575 3106 3642 qui
3139 3574 3481 3641 testificatur,

1881 3666 2135 3736 quoniam
2171 3663 2422 3720 Christus
2463 3673 2547 3720 est
2580 3665 2801 3720 veritas.
2848 3663 3112 3730 Quoniam
3142 3668 3254 3719 tres
3278 3674 3405 3720 sum
3430 3672 3479 3737 ι,

1885 3874 2168 3948 ειιζειῃηίῑξι
2219 3867 2543 3948 desinit':_et
2591 3869 2825 3948 Spiritus
2876 3879 2983 3948 est,
3019 3874 3108 3943 qui
3153 3874 3482 3948 tesiiﬁcatur,

1883 3945 2009 4012 quia
2030 3940 2267 3996 Christus
2290 3951 2362 3994 est
2391 3943 2582 3995 veritas
2607 3956 2625 3994 :
2647 3944 2700 3996 in
2734 3944 2979 4012 margine
2999 3940 3178 4001 autem
3201 3940 3302 4002 alia
3325 3940 3484 4006 manu

1887 4013 2152 4088 septimus
2182 4022 2237 4066 et
2265 4021 2488 4088 octavus
2536 4013 2760 4088 inverso
2799 4014 2992 4088 ordine
3014 4016 3112 4088 ita
3143 4022 3486 4088 supplentur,

1892 4083 2026 4150 Quia
2040 4092 2153 4155 λινες
2181 4093 2299 4155 sunt
2341 4083 2432 4154 qui
2471 4083 2813 4155 testimonium
2837 4086 2961 4141 dant
3003 4087 3056 4140 in
3088 4083 3266 4155 terra,
3287 4103 3393 4147 etc.
3427 4083 3485 4149 in

1892 4145 1998 4228 alio
2039 4145 2406 4228 Laurentiano
2434 4153 2704 4228 pluteoivt
2729 4200 2742 4223 ,
2778 4169 2926 4212 num.
2957 4157 3044 4228 10,
3070 4155 3135 4213 ad
3157 4145 3484 4220 eumlocum

1891 4224 1973 4279 sic
2002 4224 2214 4300 pridem
2256 4225 2532 4300 legebatur
2563 4243 2578 4282 :
2609 4227 2873 4294 Quonim»
2921 4224 3038 4282 tm'
3058 4237 3200 4294 sunt,
3226 4232 3319 4300 qui
3346 4235 3485 4284 testi-

1893 4297 2126 4349 monium
2155 4296 2281 4350 dant
2319 4299 2374 4350 in
2413 4307 2581 4369 terra,
2636 4300 2866 4369 spiritus,
2895 4314 3060 4363 aqua,
3091 4310 3136 4352 et
3162 4296 3370 4369 sanguis
3389 4344 3402 4366 ,
3438 4311 3488 4355 et

1892 4372 1994 4421 tres
2023 4381 2185 4421 unum
2222 4377 2363 4422 sunt.
2409 4367 2556 4424 Sicut
2590 4367 2691 4423 tres
2719 4380 2837 4422 sunt
2875 4369 2961 4437 qui
2993 4367 3335 4422 testimonium
3365 4373 3490 4426 dant

1893 4437 1948 4490 in
1980 4437 2130 4502 caelo,
2164 4437 2344 4504 Pater,
2383 4438 2639 4506 Verbum,
2686 4447 2732 4494 et
2771 4438 3004 4506 Spiritus
3029 4448 3270 4505 sanctus;
3306 4451 3354 4494 et
3385 4451 3485 4497 tres

1894 4524 2055 4562 unum
2090 4518 2229 4562 sunt.
2269 4509 2398 4576 Qum
2429 4511 2694 4576 posterior
2722 4523 2912 4562 manus
2944 4507 3287 4575 emendavit,
3319 4527 3486 4567 vocu-

1897 4578 1962 4652 lis
1993 4580 2047 4632 in
2077 4589 2233 4652 terra,
2267 4581 2320 4652 in
2355 4579 2520 4652 priori
2554 4579 2758 4652 isocolo
2784 4578 3088 4652 expunctis.
3125 4587 3241 4633 tum
3279 4583 3487 4652 reposi-

1895 4647 1965 4704 tis
1991 4649 2254 4722 perhibcnt
2286 4645 2523 4722 decurio,
2545 4645 2975 4722 prodant—etc.
3009 4645 3490 4722 At_vero_de'llie-

1896 4713 2220 4792 rou'ymiano
2261 4713 2570 4792 exemplari
2603 4720 2790 4784 miror,
2830 4717 2972 4792 quod
3012 4719 3132 4788 quis
3169 4714 3270 4792 sibi
3316 4725 3488 4790 potuit

1899 4790 2247 4862 persuadere,
2275 4805 2401 4862 eam
2427 4791 2746 4862 particulam
2779 4790 3212 4862 testimoniorum
3243 4791 3311 4846 de
3348 4793 3488 4848 ccelo

1896 4860 2210 4917 iestantium
2254 4860 2511 4915 defuisse.
2545 4860 2680 4932 Cum
2709 4862 2851 4914 enim
2885 4860 2956 4932 ita
2984 4860 3085 4913 sibi
3137 4869 3370 4932 utraque
3406 4879 3492 4919 re-

1902 4932 2186 5002 spondeat,
2221 4941 2432 5002 tamque
2476 4941 2625 5002 arc_te
2661 4931 2864 5000 junctae
2907 4929 3218 5002 sintgambze
3249 4929 3488 4989 inferiori

1901 4991 2196 5065 contexui,
2227 5010 2286 5054 ut
2308 4991 2500 5065 series,
2525 4991 2613 5056 ubi
2637 4991 2894 5056 alterutra
2914 5000 3274 5065 desideretur,
3298 5018 3487 5059 manca

1899 5071 2124 5127 omnino
2150 5073 2222 5125 sit
2251 5083 2410 5140 atque
2438 5069 2648 5134 hiulca,
2683 5071 2904 5124 minime
2936 5072 3107 5139 potuit
3138 5072 3196 5127 S.
3231 5073 3411 5136 Pater,
3443 5075 3490 5130 si

1897 5144 2010 5212 jam
2044 5153 2156 5196 tum
2187 5143 2239 5195 in
2269 5155 2368 5212 suo
2395 5186 2408 5208 ,
2441 5150 2533 5194 aut
2562 5141 2684 5212 aliis
2720 5140 2772 5193 iu
2805 5142 2959 5195 libris
2989 5156 3143 5196 error
3171 5143 3490 5209 inoleverat,

1905 5211 2038 5285 non,
2066 5211 2533 5285 animadvertisse.
2585 5211 2867 5285 Cteterutn
2899 5220 3020 5285 nota
3068 5221 3191 5267 sunt
3231 5229 3329 5285 pro
3375 5215 3494 5285 ejus

1903 5283 2152 5338 versiculi
2210 5283 2565 5353 germanitate
2595 5281 2901 5353 testimonia
2948 5281 3163 5353 Patrum
3210 5281 3494 5338 Africano-

1903 5369 2047 5419 rum,
2087 5351 2437 5416 Tertulliani,
2475 5353 2762 5422 Cypriani,
2801 5351 3046 5420 Eugeu’ii.
3083 5352 3371 5424 Fulgentii,
3407 5354 3495 5409 Vi-

1906 5424 2039 5493 gilii,
2089 5424 2360 5488 Victoris,
2410 5438 2442 5478 e
2483 5433 2972 5493 quatuoricentum
3004 5425 3393 5493 Episcopornm
3441 5426 3495 5480 in

1913 5491 2040 5550 iidei
2089 5495 2439 5565 professione,
2489 5491 2650 5565 quam
2704 5491 3090 5566 Wandalorum
3135 5491 3256 5566 regi
3289 5497 3497 5566 obtule-

1913 5573 2064 5620 runt.
2092 5561 2104 5565 ⁷
2131 5566 2298 5634 Major
2341 5561 2871 5634 oiuni'exceptione
2913 5573 2994 5618 est
3039 5561 3392 5621 Cassiodorus
3429 5565 3496 5628 in

1915 5631 2417 5707 Complexionibus,
2440 5639 2628 5706 utpote
2640 5634 2730 5705 qui
2757 5649 2821 5707 e_x
2844 5631 3228 5707 Romanamon
3248 5637 3496 5692 Africana

1923 5703 2161 5766 Ecclesia
2216 5708 2398 5777 fuerit,
2432 5703 2684 5779 ac'porro
2709 5703 2957 5776 sedulus,
2986 5720 3146 5777 supra
3185 5724 3347 5777 quam
3395 5707 3498 5763 dici
