3946 6198
514 237 620 293 847

1528 223 1586 277 S.
1629 214 2012 276 HIERONYMI
2052 212 2284 271 DIVINA
2323 207 2800 269 BIBLIOTIIECA.

3713 195 3808 251 848

518 350 614 421 qui
644 346 1016 406 testimonium
1046 324 1177 397 dant
1218 340 1272 393 in
1309 334 1487 392 ccelo:
1531 333 1713 398 Pater,
1763 329 2022 392 Verbum,
2064 335 2119 383 et
2145 329 2198 389 Α
2223 325 2289 380 ad
2342 339 2505 379 eum:
2553 322 2687 389 Quia
2735 318 3111 389 quodcumque
3157 311 3473 383 petierimus
3520 306 3805 364 secundum

519 442 762 513 Spiritus
791 444 1006 493 sanctus
1031 449 1044 486 :
1072 439 1128 487 et
1155 430 1207 485 hi
1239 437 1346 483 tres
1378 442 1538 481 unum
1563 432 1708 478 sunt.
1739 421 1806 476 Et
1833 432 1943 475 tres
1967 427 2113 484 sunt,

518 535 612 606 qui
646 530 1009 589 testimonium
1040 525 1172 580 dant
1201 523 1253 577 in
1285 531 1464 577 terra:
1491 518 1744 588 Spiritus,
1775 525 1829 571 et
1865 529 2019 584 aqua,
2062 522 2118 568 et

514 605 738 696 sanguis
764 642 775 678 :
809 632 862 677 et
884 620 937 674 hi
963 627 1071 673 tres
1105 631 1268 672 unmn
1289 621 1433 669 sunt.
1464 611 1523 666 Si
1553 606 1916 665 testimonium
1947 605 2117 659 homi—

516 734 652 776 num
673 715 983 784 accipimus,
1006 707 1374 765 testimonium
1395 703 1486 760 Dei
1512 703 1684 770 majus
1712 711 1794 756 εει
1820 716 1834 752 :
1861 696 2115 769 quoniam

518 809 627 867 hoc
651 816 733 865 est
763 800 1126 861 testimonium
1170 798 1292 863 Dei,
1318 796 1460 868 quod
1498 794 1672 863 majus
1715 801 1818 855 est,
1864 790 2115 861 quoniam

517 900 841 957 testiﬁcatus
866 903 950 952 est
971 892 1041 950 de
1073 891 1210 947 Filio
1237 887 1346 960 [ΑΙ.
1378 887 1504 941 add.
1537 884 1681 956 suo].
1710 885 1814 953 Qui
1854 879 2026 938 credit
2065 880 2116 934 ir.

515 991 715 1050 Filium
743 989 863 1058 Dei,
895 987 1058 1042 habet
1082 983 1454 1040 testimonium
1502 980 1596 1034 Dei
1642 978 1698 1035 in
1742 993 1823 1032 se.
1867 975 1968 1042 Qui
2009 989 2117 1029 non

516 1084 691 1144 credit
721 1077 1228 1147 Filio,'mendacem
1258 1075 1386 1131 facit
1421 1089 1543 1128 eum
1573 1089 1586 1125 :
1628 1073 1750 1142 quia
1798 1085 1905 1124 non
1945 1067 2116 1122 credit

517 1177 575 1237 in
607 1175 994 1238 testimonium,
1033 1170 1178 1243 quod
1214 1169 1530 1224 testiﬁcatus
1566 1175 1652 1220 est
1687 1165 1829 1218 Deus
1869 1162 1938 1216 de
1979 1159 2120 1215 Filio

513 1284 636 1329 suo.
667 1268 733 1324 Et
763 1268 864 1321 hoc
899 1273 985 1321 est
1027 1261 1415 1323 testimonium,
1456 1257 1709 1327 quoniam
1750 1256 1913 1309 vitam
1959 1261 2118 1307 aeter—

516 1377 646 1420 nam
673 1360 822 1415 dedit
851 1357 1010 1412 nobis
1043 1357 1205 1410 Deus.
1243 1353 1310 1407 Et
1337 1353 1452 1407 haec
1480 1352 1587 1404 vita
1616 1351 1668 1404 in
1700 1347 1838 1403 Filio
1867 1346 1985 1416 ejus
2013 1353 2118 1400 est.

519 1452 622 1523 Qui
653 1452 814 1508 habet
847 1448 1066 1514 Filium,
1098 1447 1261 1502 habet
1292 1445 1458 1499 vitam
1486 1461 1498 1498 :
1530 1443 1622 1513 qui
1668 1455 1778 1497 non
1820 1441 1979 1496 habet
2033 1438 2121 1492 Fi-

516 1545 670 1611 lium,
700 1544 862 1598 vitam
895 1555 1002 1596 non
1033 1539 1216 1595 habet.
1248 1537 1376 1592 llaec
1405 1536 1584 1590 scribo
1611 1535 1801 1590 vobis:
1843 1542 1904 1589 ut
1940 1532 2125 1588 sciatis

519 1637 775 1709 quoniam
809 1635 974 1690 vitam
1009 1632 1216 1688 habetis
1243 1641 1525 1696 aeternam,
1563 1629 1651 1700 qui
1679 1627 1901 1684 creditis
1938 1627 1990 1681 in
2020 1641 2122 1681 no-

2219 419 2546 473 voluntatem
2578 415 2713 482 ejus,
2757 410 2905 465 audit
2949 423 3069 463 nos.
3119 406 3183 460 Et
3231 405 3454 468 scimus,
3498 401 3625 471 quia
3675 399 3809 453 audit

2220 527 2319 567 nos
2348 507 2603 580 quidquid
2644 503 2992 576 petierimus:
3020 500 3223 555 scimus
3261 495 3518 568 quoniam
3562 491 3808 547 habemus

2221 603 2524 674 petitiones,
2555 612 2688 670 quas
2714 595 3052 667 postulamus
3080 592 3150 647 ab
3183 605 3271 646 eo.
3308 588 3413 656 Qui
3457 587 3562 642 scit
3599 585 3806 639 fratrem

2220 712 2375 752 suum
2419 707 2642 764 peccare
2684 696 2965 760 peccatum
3013 701 3120 740 non
3161 683 3226 738 ad
3275 691 3531 745 mortem,
3574 684 3742 746 petat,
3767 686 3809 730 et

2218 786 2435 843 dabitur
2463 785 2514 839 ei
2546 783 2652 836 vita
2685 778 2931 850 peccanti
2960 792 3067 831 non
3099 775 3164 829 ad
3196 781 3448 827 mortem.
3491 767 3592 823 Est
3636 781 3808 837 pecca‘

2222 889 2332 934 tum
2378 877 2446 932 ad
2493 886 2764 930 mortem:
2817 886 2923 924 non
2967 883 3067 939 pro
3108 865 3205 920 illo
3240 864 3382 930 dico,
3416 870 3472 915 ut
3503 869 3660 930 roget
3682 858 3807 928 quis.

2220 971 2408 1026 Omnis
2439 969 2716 1038 iniquitas,
2748 973 3032 1031 peccatum
3061 969 3180 1015 est:
3213 968 3268 1014 et
3303 965 3389 1011 est
3429 963 3712 1026 peccatum
3750 950 3806 1004 ad

2223 1072 2473 1119 mortem.
2518 1059 2734 1116 Scimus
2769 1055 2897 1126 quia
2942 1051 3118 1107 omnis
3163 1050 3252 1119 qui
3286 1057 3446 1102 natus
3476 1053 3656 1100 estex
3683 1043 3799 1109 Deo,

2222 1172 2330 1212 non
2372 1163 2596 1225 peccat:
2652 1150 2747 1206 sed
2790 1146 3069 1219 generatio
3113 1145 3208 1199 Dei
3255 1150 3548 1196 conservat
3593 1153 3731 1203 eum,
3759 1144 3805 1190 ct

2223 1249 2487 1317 malignus
2527 1259 2635 1300 non
2672 1242 2840 1313 tangit
2883 1255 3032 1294 eum.
3074 1237 3289 1293 Scimus
3328 1233 3587 1304 quoniam
3617 1246 3680 1286 ex
3708 1229 3806 1284 Deo

2223 1354 2448 1397 sumus:
2476 1347 2532 1393 et
2555 1334 2790 1391 mundus
2820 1342 2964 1386 totus
2995 1331 3046 1383 iu
3076 1329 3313 1398 maligno
3356 1326 3565 1395 positus
3608 1331 3704 1378 est.
3743 1321 3805 1375 Et

2226 1433 2424 1488 scimus
2451 1429 2704 1500 quoniam
2734 1424 2903 1480 Filius
2933 1423 3026 1477 Dei
3057 1420 3230 1485 venit,
3259 1429 3313 1473 et
3341 1417 3491 1472 dedit
3518 1416 3665 1471 nobis
3691 1429 3804 1470 seu-

2227 1539 2346 1579 sum
2373 1565 2387 1587 ,
2438 1531 2496 1578 ut
2544 1531 2934 1590 cognoscamus
2979 1529 3164 1569 verum
3217 1511 3411 1574 Deum,
3455 1517 3510 1564 et
3550 1508 3708 1563 simus
3750 1506 3800 1559 in

2227 1635 2359 1676 vero
2383 1617 2522 1673 Filio
2545 1616 2684 1685 ejus.
2714 1613 2810 1668 Hic
2840 1620 2924 1667 est
2960 1621 3122 1664 verus
3160 1607 3322 1669 Deus,
3367 1613 3419 1659 et
3458 1603 3554 1658 vita
3587 1610 3793 1656 aeterna.

520 1703 667 1787 mine
699 1730 816 1786 Filii
848 1728 963 1785 Dei.
995 1727 1061 1782 Et
1091 1727 1207 1781 haec
1246 1733 1331 1781 est
1381 1723 1597 1791 ﬁducia,
1647 1736 1807 1792 quam
1857 1719 2117 1776 habemus
2147 1713 2197 1774 B
2221 1715 2422 1782 Filioli,
2454 1712 2722 1769 custodite
2747 1724 2844 1765 vos
2871 1724 2900 1761 a
2925 1703 3252 1763 simulacris.
3289 1704 3480 1758 Amen.

1531 1857 1534 1859 λ
1611 1853 1842 1924 Explicit
1865 1852 2087 1923 epistola
2118 1851 2183 1906 B.
2214 1849 2433 1905 Joannis
2463 1846 2686 1918 apostoli
2718 1842 2767 1898 I.

518 2020 718 2093 possit,
759 2030 1039 2093 sacrorum
1070 2012 1334 2093 codicum
1381 2004 2106 2093 inquisitornclzejus

516 2075 926 2150 Editor'march.
941 2086 1122 2157 Scipio
1141 2081 1403 2150 Maﬁ‘eius,
1429 2075 1560 2136 nihil
1582 2079 1726 2149 quod
1752 2076 1819 2132 ad
1841 2075 1969 2131 illud
1996 2085 2103 2131 tes-

2215 1998 2829 2126 litllOllIl‘Im.t(30I|Iel'I'eI,
2877 1996 2930 2051 in
2978 1994 3135 2050 Notis
3183 1993 3251 2050 ad
3298 2007 3424 2051 eum
3475 1991 3646 2048 locum
3691 1993 3800 2048 reli-

2215 2089 2381 2126 auum
2437 2087 2517 2126 CCI
2549 2110 2564 2124 .

2215 2089 2381 2145 quum
2415 2087 2564 2127 tectt.

525 2227 3776 2272 _____________.___..__.____._________——————

1155 2393 1325 2506 Β.
1399 2383 2218 2505 ,ποωνιιηε
2292 2377 3212 2498 Δι’θειιιοιι

2046 2579 2337 2643 INCIPIT

1258 2689 2138 2878 EPISTULA
2207 2683 3093 2872 SECUNDA.

599 3059 796 3116 Senior
815 3055 1016 3111 Electa:
1043 3049 1300 3117 dominae,
1327 3054 1386 3103 et
1410 3045 1552 3101 natis
1578 3044 1719 3116 ejus,
1750 3058 1886 3115 quos
1911 3057 2012 3113 ego
2037 3041 2122 3097 di-

529 3153 640 3224 ligo
662 3151 714 3204 in
740 3146 990 3209 veritate,
1022 3153 1078 3200 et
1102 3157 1210 3199 non
1237 3155 1337 3212 ego
1364 3139 1548 3208 solus,
1579 3138 1675 3195 sed
1707 3149 1762 3193 et
1791 3151 2004 3205 omnes,
2032 3135 2124 3208 qui

531 3247 906 3312 cognoverunt
937 3236 1254 3300 veritatem,
1290 3243 1508 3304 propter
1530 3230 1817 3301 veritatem
1845 3245 1965 3299 qua:
2005 3244 2126 3298 per-

530 3337 716 3389 manet
742 3328 796 3383 in
839 3326 1027 3391 nobis,
1057 3334 1115 3381 et
1143 3323 1427 3378 nobiscum
1473 3322 1577 3377 erit
1622 3323 1676 3376 in
1725 3331 2010 3375 aeternum.
2045 3319 2128 3375 Sit

527 3421 807 3479 vobiscum
841 3416 1034 3488 gratia,
1071 3412 1446 3470 misericordia
1473 3452 1486 3477 ,
1519 3427 1622 3480 pax
1651 3428 1679 3465 a
1729 3413 1841 3467 Deo
1864 3411 2023 3465 Patre
2045 3451 2060 3476 ,
2100 3426 2129 3464 a

527 3515 748 3574 Christo
776 3515 902 3570 Iesu
933 3512 1072 3568 Filio
1115 3509 1322 3573 Patris.
1369 3508 1423 3563 in
1460 3508 1688 3563 veritate
1741 3516 1797 3562 et
1842 3507 2127 3562 charitate.

527 3607 762 3666 Gavisus
789 3620 906 3662 sum
940 3602 1117 3668 valde,
1146 3599 1402 3672 quoniam
1431 3598 1615 3654 inveni
1637 3597 1708 3654 de
1728 3598 1853 3654 filiis
1885 3599 1988 3652 tuis
2010 3613 2128 3653 am-

527 3699 784 3759 bulantes
826 3698 878 3753 iu
911 3696 1173 3762 veritate,
1203 3693 1344 3748 sicut
1388 3690 1704 3746 mandatum
1741 3689 2054 3759 accepimus
2100 3705 2129 3744 a

529 3791 717 3850 Patre.
753 3791 821 3846 Et
846 3807 990 3846 nunc
1021 3803 1154 3860 rogo
1177 3796 1251 3854 te,
1282 3785 1650 3850 domina,non
1678 3793 1950 3854 tamquam
1981 3797 2130 3838 mauo

527 3883 716 3941 datum
742 3897 937 3938 novum
969 3882 1218 3937 scribens
1261 3877 1379 3946 tibi,
1413 3876 1507 3934 scd
1547 3875 1692 3948 quod
1733 3874 2022 3930 habuimus
2063 3875 2132 3930 ab

533 3970 718 4038 initio,
745 3979 804 4024 ut
829 3969 1116 4039 diligamus
1141 3968 1493 4031 alterutrum;
1527 3976 1581 4021 et
1608 3971 1725 4022 haec
1747 3974 1834 4021 est
1853 3964 2128 4031 charitas,

534 4072 599 4121 ut
645 4061 986 4118 ambulemus
1031 4059 1334 4117 secundum
1379 4058 1634 4113 mandata
1687 4057 1826 4128 ejus.
1871 4058 1986 4112 lloc
2049 4066 2133 4112 est

534 4155 680 4214 enim
703 4151 1042 4219 mandatum,
1075 4159 1136 4207 ut
1161 4149 1618 4223 quemadmodum
1649 4149 1878 4206 audistis
1908 4150 2015 4221 [ΑΙ.
2040 4166 2135 4206 au-

530 4251 686 4324 disti]
731 4249 801 4305 ab
830 4247 1015 4315 initio,
1045 4246 1099 4303 in
1125 4259 1194 4303 eo
1219 4242 1512 4300 ambuletis
1545 4260 1557 4297 :
1587 4243 1844 4314 quoniam
1877 4243 2132 4299 multisc-

2231 3038 2484 3094 ductores
2515 3036 2767 3092 exierunt
2795 3033 2850 3090 in
2890 3034 3171 3103 mundum,
3204 3034 3297 3106 qui
3341 3048 3450 3090 nou
3502 3033 3806 3091 conﬁtentur

2232 3133 2422 3188 Jesum
2467 3131 2748 3186 Christum
2791 3129 3006 3184 venisse
3047 3129 3103 3185 in
3140 3143 3362 3185 carnem
3392 3145 3407 3184 :
3443 3128 3533 3185 hic
3557 3138 3638 3185 est
3668 3126 3808 3184 sedu-

2233 3233 2353 3280 ctor
2383 3232 2436 3279 et
2456 3222 2848 3278 Antichristus.
2871 3221 3066 3278 Videte
3094 3222 3476 3294 vosmetipsos,
3504 3237 3571 3278 ne
3595 3220 3808 3292 perdatis

2234 3332 2357 3388 quae
2404 3316 2614 3387 operati
2654 3315 2786 3371 estis
2820 3333 2832 3368 :
2864 3315 2958 3370 sed
2993 3323 3051 3369 ut
3081 3314 3388 3386 mercedem
3431 3315 3642 3386 plenam
3686 3313 3810 3369 acci-

2237 3410 2423 3480 piatis.
2453 3407 2644 3464 Omnis
2681 3408 2770 3479 qui
2820 3407 3057 3476 recedit,
3087 3417 3144 3464 et
3183 3423 3292 3464 non
3339 3417 3620 3479 permanet
3654 3408 3701 3462 in
3723 3404 3809 3460 ἀοι

2231 3500 2406 3555 ctrina
2435 3498 2661 3567 Christi,
2695 3499 2866 3554 Deum
2915 3514 3021 3554 non
3071 3498 3236 3556 habet
3267 3516 3281 3553 :
3312 3500 3403 3570 qui
3450 3506 3718 3570 permanet
3757 3497 3806 3550 in

2233 3593 2504 3662 doctrina,
2539 3593 2628 3647 hic
2654 3600 2710 3648 et
2737 3593 2953 3649 Patrem
2980 3602 3036 3649 et
3062 3591 3257 3649 Filium
3291 3592 3476 3649 habet.
3505 3594 3563 3650 Si
3590 3591 3703 3663 quis
3727 3605 3807 3646 ve-

2234 3684 2311 3740 nit
2338 3683 2403 3738 ad
2431 3699 2552 3750 vos,
2584 3692 2638 3739 et
2664 3681 2806 3740 hanc
2834 3683 3136 3740 doctrinam
3161 3699 3267 3739 non
3295 3683 3475 3752 affert,
3499 3683 3664 3740 nolite
3687 3680 3806 3737 reci-

2237 3791 2367 3846 pere
2396 3791 2520 3831 eum
2553 3776 2606 3831 in
2633 3773 3014 3844 domum,‘uec
3041 3775 3156 3832 Ave
3177 3777 3225 3830 ei
3248 3775 3523 3833 dixeritis.
3554 3774 3654 3846 Qui
3682 3772 3804 3830 enim

2227 3870 2370 3940 dicit
2389 3869 2468 3925 illi
2497 3870 2638 3935 Ave,
2685 3868 3055 3924 communicat
3098 3869 3356 3939 operibus
3399 3871 3520 3939 ejus
3559 3865 3804 3938 malignis.

2239 3962 2401 4018 Plura
2446 3962 2652 4018 habens
2683 3961 2838 4016 vobis
2883 3961 3150 4027 scribere,
3196 3961 3344 4017 nolui
3372 3975 3470 4030 per
3506 3960 3732 4016 chartam
3762 3966 3807 4011 et

2235 4065 2634 4112 atramentum:
2668 4069 2830 4126 spero
2858 4055 3002 4110 enim
3041 4069 3128 4109 me
3167 4052 3403 4110 futurum
3445 4052 3585 4124 apud
3621 4066 3727 4113 vos.
3761 4057 3805 4104 et

2237 4165 2301 4207 os
2330 4149 2399 4206 ad
2431 4163 2495 4205 os
2517 4149 2666 4220 loqui
2700 4165 2713 4201 :
2742 4157 2800 4204 ut
2818 4147 3071 4218 gaudium
3103 4156 3346 4204 vestrum
3377 4146 3594 4216 plenum
3613 4143 3698 4199 sit.
3719 4141 3801 4197 Sa-

2188 4271 2192 4275 ι
2237 4243 2411 4301 lutant
2441 4254 2492 4300 te
2521 4242 2618 4298 ﬁlii
2640 4229 2848 4298 sororis
2875 4251 2980 4297 tute
3001 4240 3216 4297 Electa).

1571 4356 1804 4429 Explicit
1834 4355 2070 4426 Epistola
2099 4357 2164 4414 B.
2197 4357 2422 4414 Joannis
2447 4357 2669 4428 apostoli
2698 4355 2785 4412 11.

539 4505 3770 4548 _________________.__.____________._______________..__——-

1177 4673 1350 4785 Β.
1425 4661 2227 4779 JOANNIS
2301 4659 3201 4779 APOSTOLI

2040 4849 2333 4914 INCIPIT

1281 4895 3127 5161 EPISTOiXTERTIA.

621 5379 816 5442 Senior
838 5375 973 5435 Gaio
993 5371 1334 5438 charissimo,
1363 5384 1520 5440 quem
1549 5385 1648 5441 ego
1665 5370 1835 5442 diligo
1863 5371 1916 5427 in
1942 5373 2143 5428 verita-
2169 5357 2222 5419 Ι)
2247 5373 2394 5429 nium
2427 5375 2837 5446 perhibentibus
2867 5377 3080 5434 veritati
3113 5385 3239 5442 tua),
3271 5375 3413 5433 sicut
3441 5385 3497 5434 tu
3527 5378 3578 5434 in
3606 5377 3805 5435 veritate

554 5487 630 5534 te.
643 5469 995 5533 Charissime,
1022 5466 1091 5522 de
1116 5462 1371 5520 omnibus
1393 5464 1695 5518 orationem
1721 5463 1860 5519 facio
1884 5479 2143 5535 prospere
2251 5467 2520 5524 ambulas.
2543 5469 2799 5540 Majorem
2831 5470 3022 5526 horum
3049 5484 3152 5526 non
3183 5467 3358 5523 habeo
3389 5471 3644 5541 gratiam,
3672 5482 3806 5540 quam

553 5577 612 5623 te
639 5559 883 5632 ingredi,
918 5567 974 5614 et
1000 5555 1182 5612 valere
1205 5554 1344 5610 sicut
1375 5568 1635 5625 prospere
1664 5556 1774 5626 agit
1811 5556 1989 5612 anima
2027 5565 2138 5612 tua.

555 5652 792 5711 Gavisus
819 5664 936 5706 sum
965 5646 1123 5705 valde
1143 5644 1480 5702 venientibus
1508 5644 1781 5712 fratribus,
1821 5654 1875 5702 et
1900 5647 2142 5705 testimo-

2253 5559 2542 5617 utaudiam
2575 5561 2714 5617 ﬁlios
2754 5578 2904 5628 meos
2938 5563 2991 5619 in
3024 5562 3242 5618 veritate
3279 5560 3587 5618 ambulare.
3615 5560 3806 5618 Charis-

2250 5650 2415 5718 sime,
2444 5651 2671 5709 ﬁdeliter
2697 5654 2827 5711 facis
2868 5652 3122 5725 quidquid
3151 5651 3397 5723 operaria
3427 5652 3480 5708 in
3528 5652 3736 5718 fratres,
3764 5654 3806 5704 cl
