3946 6198
204 285 311 345 849

1106 291 1161 344 Β.
1204 288 1402 344 ,11]ῡῶ
1442 288 1775 346 APOS’I‘OLI
1818 291 2151 348 EPISTOLA
2189 293 2599 351 CATIIULICA.

3401 301 3507 357 850

210 400 315 457 hoc
345 402 397 456 in
440 401 779 472 peregrinos,
809 402 898 472 qui
925 403 1288 458 testimonium
1310 403 1659 460 reddiderunt
1682 405 1809 460 cha-
1836 414 1885 473 Α
1918 415 2049 473 tres,
2076 417 2125 461 et
2158 421 2272 471 eos,
2296 408 2384 477 qui
2416 408 2732 478 suscipiunt,
2766 409 3032 479 prohibct,
3065 420 3119 468 et
3149 410 3216 468 de
3258 410 3501 468 Ecclesia

210 493 359 547 ritati
392 502 497 548 tum
528 493 579 548 iu
602 504 893 562 conspectu
920 493 1207 550 Ecclesiae:
1241 510 1377 566 quos
1398 540 1415 565 ,
1445 496 1808 563 benefacicns,

212 584 457 640 tleduccs
500 584 660 655 digne
691 587 820 643 Deo.
856 586 961 642 Pro
987 588 1205 645 nomine
1243 590 1391 646 enim
1426 592 1544 661 ejus
1581 593 1807 663 profecti

206 686 357 744 sunt,
388 678 521 733 nihil
546 679 875 747 accipientes
902 694 932 734 a
959 681 1231 750 gentibus.
1256 681 1363 737 Nos
1387 699 1516 753 ergo
1543 684 1806 741 debemus

202 767 483 837 suscipere
530 767 838 837 hujusmodi
871 813 887 837 ,
933 778 993 825 ut
1032 782 1416 841 cooperatores
1459 774 1628 829 simus
1663 776 1803 831 veri-

200 862 348 918 tatis.
396 860 753 934 Scripsissem
804 864 1026 919 forsitan
1079 865 1382 923 Ecclesim:
1434 868 1528 923 scd
1577 868 1659 933 is,
1708 870 1799 940 qui

201 965 344 1010 amat
385 956 682 1026 primatum
712 973 900 1028 gerere
932 957 984 1012 in
1017 959 1123 1029 eis,
1152 960 1494 1031 Diotrephes,
1528 976 1634 1015 non
1664 962 1802 1016 reci-

198 1047 276 1117 pit
323 1063 443 1107 nos.
492 1048 729 1119 Propter
774 1050 875 1106 hoc
913 1052 957 1106 si
1000 1067 1232 1119 venero,
1285 1053 1645 1108 commonebo
1684 1054 1801 1123 ejus

194 1156 385 1212 opera,
412 1157 536 1213 qua:
570 1143 703 1200 facit
730 1146 906 1200 verbis
930 1146 1179 1217 malignis
1212 1148 1460 1217 garriens
1498 1148 1552 1200 in
1584 1162 1715 1202 nos:
1747 1156 1799 1203 et

194 1235 344 1303 quasi
372 1251 483 1291 non
514 1236 565 1291 ei
589 1234 692 1291 ista
720 1236 1027 1303 sufficiant;
1062 1253 1238 1309 neque
1286 1238 1401 1308 ipse
1430 1238 1656 1307 suscipit
1688 1238 1798 1292 fra-

1916 498 2079 566 ejicit.
2110 498 2461 566 Cltarissime,
2496 500 2607 556 noli
2637 500 2837 557 imitari
2871 504 3091 569 malum,
3123 506 3216 560 sed
3238 506 3382 576 quod
3408 485 3524 561 bo?

1914 606 2039 645 num
2072 600 2174 646 est.
2205 592 2306 658 Qui
2337 591 2637 657 benefacit,
2666 609 2730 648 ex
2762 593 2871 650 Deo
2919 605 3000 650 est
3032 613 3044 648 :
3087 596 3174 665 qui
3206 596 3496 667 malefacit,

1911 697 2016 737 non
2059 683 2193 736 vidit
2227 683 2418 738 Deum.
2452 685 2727 740 Demetrio
2759 688 3123 743 testimonium
3157 689 3399 745 redditur
3427 692 3496 745 ab

1899 759 2180 840 omnibus,
2211 784 2265 829 et
2293 774 2362 828 ab
2389 775 2502 844 ipsa
2521 776 2771 844 veritate,
2792 777 2887 833 sed
2918 789 3091 836 etnos
3127 782 3493 837 testimonium

1905 866 2289 936 perhibemus:
2323 878 2377 923 et
2393 869 2531 923 nosti
2563 870 2815 940 quoniam
2860 872 3220 927 testimonium
3249 884 3493 928 nostrum

1905 975 2090 1014 verum
2109 961 2377 1015 est.lllu|ta
2395 960 2552 1016 hahni
2573 962 2665 1016 tibi
2688 962 2926 1019 scribere
2942 983 2955 1019 :
2973 965 3067 1019 sed
3084 965 3230 1020 nolui
3246 977 3495 1035 peratra-

1906 1063 2144 1105 mentum
2173 1061 2227 1107 et
2253 1052 2518 1107 calamum
2549 1055 2789 1109 scribere
2821 1056 2935 1109 tibi.
2959 1055 3133 1126 Spero
3158 1067 3338 1110 autent
3369 1072 3490 1128 pro—

1904 1143 2049 1198 tinus
2082 1152 2133 1199 le
2157 1144 2357 1210 videre,
2382 1154 2436 1199 et
2463 1162 2523 1199 os
2544 1145 2611 1199 ad
2641 1161 2705 1201 os
2725 1146 3027 1214 loquemur.
3048 1147 3157 1201 Pax
3192 1146 3305 1203 tibi.
3332 1147 3490 1205 Salu-

1903 1245 2018 1292 tant
2047 1246 2099 1292 te
2122 1237 2303 1293 amici.
2329 1237 2514 1294 Saluta
2546 1240 2750 1295 amicos
2772 1240 3107 1296 nominatim.

1220 1348 1447 1421 Explicit
1479 1348 1715 1419 Epistola
1745 1347 1810 1403 B.
1840 1348 2065 1403 Joannis
2089 1351 2314 1421 apostoli
2335 1349 2453 1405 III.

190 1486 3225 1514 —_..______________________________________________________

970 1639 1139 1748 Β.
1214 1637 1740 1750 JUDE
1815 1640 2723 1757 Διόετοιι

1708 1835 1997 1898 INCIPIT

806 1996 1687 2124 EPISTULA
1786 1997 2877 2129 CATHOLICA.

240 2378 414 2435 Iudas
436 2378 573 2434 Jesu
601 2376 804 2433 Christi
825 2391 1033 2443 servus,
1062 2377 1227 2432 frater
1252 2386 1433 2432 autem
1455 2376 1663 2443 Jacobi,
1696 2377 1781 2431 his
1812 2359 1860 2419 Β
1887 2376 1969 2432 bis
1996 2386 2246 2444 mortua),
2276 2379 2583 2444 eradicatae,
2607 2378 2801 2434 fluctus
2832 2381 2930 2436 feri
2953 2384 3449 2455 maris,despttman

171 2470 266 2540 qui
295 2479 425 2524 sunt
458 2471 514 2524 in
543 2469 656 2525 Deo
685 2468 841 2523 Patre
877 2470 1121 2535 dilectis,
1161 2478 1215 2525 et
1248 2470 1462 2524 Christo
1490 2469 1617 2541 Jesu
1648 2484 1779 2525 con-

175 2564 442 2628 versatis,
480 2573 535 2618 et
572 2564 801 2618 vocatis.
846 2561 1213 2618 Misericordia
1246 2562 1395 2616 vobis
1418 2603 1431 2625 ,
1462 2572 1514 2616 et
1555 2577 1654 2631 pax
1679 2606 1691 2625 ,
1727 2572 1782 2617 et

174 2653 420 2709 charitas
448 2654 831 2725 adimpleatur.
853 2654 1191 2720 (:ltarissimi,
1214 2670 1428 2709 omnem
1462 2653 1779 2708 sollicitudi-

174 2762 301 2801 nem
327 2746 537 2803 faciens
556 2746 830 2803 scribendi
860 2748 1013 2801 vobis
1033 2746 1101 2801 de
1129 2747 1401 2801 communi
1433 2755 1610 2802 vestra
1636 2747 1778 2800 salu-

178 2849 265 2906 te,
298 2854 529 2895 necesse
559 2838 721 2894 habui
747 2839 986 2894 scribere
1017 2839 1167 2893 Vttbis
1205 2856 1219 2890 :
1252 2838 1551 2906 deprecans
1590 2853 1778 2906 super-

174 2932 377 2987 certari
428 2931 598 2986 semel
649 2931 858 2986 tradita:
901 2932 1103 2985 sanctis
1150 2930 1295 2986 fidei.
1342 2930 1778 2987 Subintroierunt

173 3022 322 3077 enim
351 3022 567 3092 quidam
598 3021 846 3077 homines
888 3023 1022 3092 (qui
1054 3021 1180 3076 olim
1220 3022 1521 3091 prcescripti
1552 3030 1679 3076 sunt
1721 3023 1775 3077 in

176 3113 591 3184 hocjudicium)
621 3114 792 3184 impii,
820 3114 913 3168 Dei
943 3115 1358 3184 nostrigratiam
1389 3113 1777 3170 transferentes

175 3207 233 3263 in
278 3206 553 3262 luxuriam
580 3249 595 3275 ,
647 3216 701 3261 et
744 3207 921 3262 solum
955 3207 1355 3263 Dominatorem
1386 3216 1442 3262 et
1491 3207 1773 3264 Dominum

178 3312 428 3356 nostrum
456 3300 640 3357 Iesum
661 3300 937 3358 Christum
973 3317 1252 3375 negantes.
1284 3306 1645 3360 Commonere
1676 3320 1774 3359 au-

177 3402 287 3448 tem
318 3408 417 3449 vos
443 3394 590 3459 volo,
622 3394 855 3450 scientes
883 3398 1053 3452 semel
1083 3398 1286 3464 omnia,
1317 3398 1571 3467 quoniam
1618 3396 1776 3452 Iesus

176 3488 438 3558 pupulum
474 3488 542 3544 de
572 3497 713 3544 terra
740 3488 958 3562 [Egypti
998 3490 1236 3557 Salvans,
1264 3492 1506 3548 secundo
1534 3507 1649 3557 eos,
1684 3492 1774 3563 qui

178 3597 287 3637 non
316 3581 694 3650 crediderunt,
739 3583 1013 3653 perdidit:
1049 3586 1270 3655 angelos
1316 3601 1479 3654 vero,
1530 3586 1618 3654 qui
1669 3599 1775 3640 non

178 3683 537 3729 servaverunt
573 3689 728 3730 suum
771 3677 1170 3746 principatum,
1228 3678 1322 3733 sed
1369 3679 1775 3749 dereliquerunt

1887 2479 1966 2524 tes
1985 2482 2109 2523 suas
2131 2470 2497 2534 conlttsiones,
2520 2470 2697 2525 sidera
2724 2473 2956 2526 errantia
2980 2492 2989 2523 :
3016 2474 3209 2541 quibus
3242 2475 3474 2544 procella

1887 2562 2231 2617 tenebrarum
2282 2572 2494 2617 servata
2541 2573 2626 2617 est
2679 2564 2731 2616 in
2782 2572 3065 2618 :rternum.
3126 2566 3476 2633 Prnpltctavit

1883 2666 2062 2710 autem
2098 2666 2152 2710 et
2179 2657 2245 2711 de
2277 2655 2360 2709 his
2396 2656 2656 2722 septimus
2687 2657 2754 2711 ab
2785 2657 2955 2712 Adam
2991 2658 3203 2723 Enoch,
3238 2660 3427 2714 dicens
3456 2679 3468 2714 :

1886 2748 2023 2803 Ecce
2052 2748 2201 2803 venit
2233 2748 2490 2803 Dominus
2521 2750 2572 2803 in
2613 2750 2815 2804 sanctis
2857 2750 3095 2806 millibus
3116 2752 3248 2805 suis.
3275 2751 3474 2808 Facere

1877 2839 2139 2909 judicium
2172 2849 2359 2894 contra
2384 2854 2596 2906 omnes,
2628 2852 2682 2895 et
2709 2857 2936 2911 arguere
2965 2857 3153 2897 omnes
3183 2844 3376 2913 impios
3406 2846 3474 2900 de

1882 2934 2133 2989 omnibus
2182 2933 2440 3004 operibus
2487 2936 2775 3004 impietatis
2815 2952 3037 3001 eorum,
3084 2938 3278 3001 quibus
3308 2938 3475 3008 impie

1881 3036 2129 3097 egerunt,
2156 3037 2208 3081 et
2240 3029 2306 3081 de
2329 3028 2581 3083 omnibus
2601 3029 2770 3096 duris,
2794 3045 2914 3099 qua:
2946 3030 3111 3085 locuti
3133 3040 3260 3086 sunt
3282 3040 3471 3087 contra

1882 3122 2049 3175 Deum
2080 3130 2400 3191 peccatores
2431 3122 2600 3190 impii.
2639 3122 2701 3177 Hi
2735 3132 2862 3177 sunt
2888 3134 3317 3181 murmuratores
3342 3140 3475 3196 que-

1882 3210 2083 3277 rulosi,
2126 3211 2425 3267 secundum
2466 3211 2733 3268 desideria
2772 3228 2867 3267 sua
2904 3214 3243 3270 ambulantes
3269 3257 3282 3281 ,
3315 3224 3370 3271 et
3408 3231 3472 3271 os

1880 3316 2067 3357 eorum
2099 3302 2337 3373 loquitur
2366 3304 2621 3375 superba,
2652 3304 2912 3360 mirantes
2943 3320 3206 3375 personas
3232 3318 3471 3378 questus

1879 3408 2059 3448 causa.
2079 3393 2187 3449 Vos
2214 3405 2415 3461 autem,
2439 3396 2765 3461 charissimi,
2786 3411 3054 3452 memores
3075 3407 3250 3455 estote
3276 3400 3474 3455 verbo-

1880 3504 2029 3554 rum,
2065 3505 2185 3558 quae
2225 3489 2485 3557 praedicta
2516 3499 2642 3545 sunt
2668 3492 2736 3545 ab
2766 3490 3027 3558 apostolis
3057 3492 3268 3547 Domini
3300 3495 3470 3548 nosrri

1878 3578 2004 3635 Jesu
2044 3578 2279 3647 Christi,
2308 3585 2399 3649 qui
2426 3581 2677 3637 dicebant
2708 3583 2895 3649 vobis,
2924 3584 3177 3654 quoniam
3202 3583 3255 3637 in
3286 3584 3470 3639 novis-

1882 3673 2022 3727 simo
2050 3681 2295 3743 tempore
2322 3674 2540 3730 venient
2570 3674 2819 3730 illusores
2839 3715 2854 3740 ,
2877 3674 3172 3729 secundum
3201 3673 3468 3730 desideria

175 3782 339 3825 suum
373 3766 699 3824 domicilium
722 3810 738 3835 ,
786 3770 840 3825 in
865 3770 1129 3839 judicium
1174 3772 1353 3842 magni
1381 3771 1519 3839 diei,
1548 3772 1776 3827 vinculis
1803 3746 1848 3808 Ο
1883 3780 1978 3820 sua
2004 3766 2344 3820 ambulantes
2376 3766 2428 3819 itt
2460 3765 2851 3835 impietatibus.
2886 3766 2946 3819 lli
2976 3776 3134 3833 sunt,
3163 3767 3254 3835 qui
3289 3781 3475 3838 segre-

176 3860 400 3916 azternis
437 3861 537 3915 sub
586 3861 815 3931 ealigine
862 3863 1179 3918 reservavit.
1224 3864 1378 3918 Sicut
1427 3863 1682 3929 Sodoma,
1721 3872 1779 3918 et

178 3951 507 4021 Gomorrha,
541 3962 597 4009 et
632 3954 874 4009 finitimae
913 3956 1158 4010 civitates
1203 3955 1365 4010 simili
1404 3956 1564 4011 modo
1596 3956 1773 4011 exfor-

178 4043 395 4109 nicalaa,
424 4054 480 4098 et
506 4043 767 4099 abeuntes
792 4054 916 4115 post
940 4060 1158 4100 carnem
1190 4046 1441 4112 alteram,
1468 4045 1622 4100 facta:
1649 4057 1775 4101 sunt

181 4137 518 4205 exemplum,
549 4138 686 4208 ignis
715 4140 902 4195 aeterni
937 4155 1152 4210 poenam
1183 4139 1536 4196 sustinentes.
1568 4140 1773 4196 Simili-

179 4233 264 4281 tcr
289 4236 347 4282 et
382 4226 437 4281 hi
464 4242 684 4283 carnem
728 4229 943 4300 quidem
992 4231 1302 4296 maculant,
1349 4231 1772 4286 dominationem

180 4325 361 4372 autem
407 4330 708 4387 spernunt,
757 4320 1093 4391 majestatem
1142 4332 1322 4378 autem
1373 4322 1771 4393 blaspltemant.

178 4406 313 4463 Cum
352 4410 581 4466 Michael
613 4412 965 4484 archangelus
993 4431 1115 4469 cum
1142 4408 1356 4471 diabolo
1386 4416 1669 4487 disputans
1699 4418 1777 4471 al-

181 4508 484 4559 tercaretur
508 4504 577 4559 de
604 4505 777 4577 Moysi
807 4521 1059 4576 corpore,
1085 4524 1191 4564 non
1216 4517 1297 4562 est
1320 4500 1504 4563 ausus'
1510 4508 1774 4578 judicium

180 4594 381 4650 inferre
402 4594 785 4666 blasphemiae:
806 4598 902 4654 sed
922 4599 1086 4655 dixit:
1115 4599 1346 4669 Imperet
1372 4600 1467 4654 tibi
1494 4600 1773 4656 Dominus.

180 4685 249 4741 ili
296 4698 479 4745 autem
505 4733 520 4756 ,
556 4706 909 4762 quaecumque
946 4693 1162 4763 quidem
1195 4696 1439 4765 ignorant
1461 4740 1474 4762 ,
1520 4694 1775 4763 blasphe-

176 4790 361 4837 mant:
385 4797 745 4855 quaecumque
767 4796 947 4841 autem
979 4788 1312 4853 naturaliter,
1337 4796 1606 4859 tamquam
1632 4796 1776 4843 muta

177 4874 457 4942 animalia,
488 4885 707 4941 norunt,
734 4878 785 4932 in
814 4878 900 4933 his
920 4891 1362 4946 corrumpuntur.
1388 4881 1475 4935 Va:
1497 4881 1625 4945 illis,
1654 4882 1776 4951 quia

178 4964 231 5019 in
262 4966 345 5021 via
385 4965 523 5022 Cain
561 4967 833 5034 abierunt,
864 4978 920 5024 et
947 4983 1137 5025 errore
1164 4971 1378 5026 Balaam
1423 4971 1675 5049 mercede
1700 4971 1780 5027 ef-

178 5057 280 5111 fusi
302 5067 453 5124 sunt,
479 5066 537 5113 et
558 5058 612 5113 in
638 5059 1065 5117 contradictione
1084 5060 1223 5118 Core
1254 5063 1550 5133 perierunt.
1570 5063 1633 5118 Ili
1656 5072 1782 5119 sunt

1879 3868 2007 3928 gant
2034 3858 2389 3926 semetipsos,
2418 3857 2679 3911 animales
2699 3896 2715 3922 ,
2766 3856 3015 3926 spiritum
3048 3872 3154 3913 non
3184 3859 3465 3914 habentes.

1882 3948 1989 4003 Vos
2016 3956 2217 4011 autem,
2237 3947 2562 4013 charissimi,
2590 3948 3085 4017 superredilicantes
3105 3952 3468 4022 vosmetipsos

1879 4044 2236 4099 sanctissima:
2260 4052 2456 4098 vestra:
2488 4043 2644 4110 lidei,
2696 4045 2750 4098 in
2788 4043 2980 4114 spiritu
3013 4055 3203 4101 sancto
3226 4055 3467 4115 orantes,

1879 4135 2310 4207 vosmetipsosin
2336 4136 2625 4191 dilectione
2646 4136 2741 4191 Dei
2764 4146 3066 4204 servantes,
3092 4148 3468 4210 exspectantes

1879 4229 2305 4285 misericordiam
2346 4230 2553 4283 Domini
2607 4228 2780 4284 nostri
2819 4228 2946 4285 Jesu
2976 4217 3173 4286 Christi
3217 4231 3269 4284 in
3303 4231 3465 4282 vitam

1879 4333 2160 4378 aeternam.
2198 4324 2260 4376 Et
2309 4322 2408 4377 hos
2454 4323 2669 4393 quidem
2716 4324 2926 4392 arguite
2972 4323 3287 4391 iudicatos:
3343 4322 3465 4376 illos

1883 4431 2013 4471 vero
2041 4416 2275 4478 salvate,
2303 4416 2370 4471 de
2397 4416 2519 4486 igne
2545 4418 2843 4486 rapientes.
2871 4414 3008 4469 Aliis
3034 4424 3212 4469 autem
3240 4414 3469 4469 misere.

1884 4507 2016 4562 miui
2059 4508 2110 4561 iu
2146 4508 2338 4562 timore
2363 4526 2374 4562 :
2421 4509 2667 4562 odientes
2697 4514 2751 4561 et
2779 4520 2922 4572 eam,
2952 4519 3075 4574 qua:
3101 4504 3334 4559 carnalis
3362 4517 3465 4572 eSI,

1882 4599 2207 4653 maculatam
2247 4600 2503 4654 tunicam.
2549 4599 2612 4653 Ei
2642 4607 2817 4652 autem
2840 4639 2857 4664 ,
2901 4596 2994 4666 qui
3032 4605 3223 4666 potens
3260 4605 3344 4652 est
3373 4612 3470 4653 vos

1881 4705 2210 4748 conservare
2253 4694 2371 4748 sine
2416 4701 2657 4763 peccato,
2702 4699 2757 4746 et
2799 4690 3130 4745 constituere
3166 4698 3292 4745 ante
3338 4705 3471 4745 con-

1883 4796 2125 4858 spectum
2158 4788 2346 4857 gloriae
2391 4802 2503 4841 sua:
2541 4785 2915 4840 immaculatos
2941 4784 2994 4839 in
3021 4784 3382 4839 exsultatione
3415 4784 3470 4838 in

1883 4881 2117 4937 adventu
2149 4880 2359 4933 Domini
2392 4877 2562 4932 nostri
2591 4874 2719 4932 Iesu
2742 4875 2965 4931 ChriSti.
2999 4874 3114 4931 Soli
3144 4874 3256 4929 Deo
3282 4875 3470 4932 Salva-

1885 4977 1987 5029 tori
2015 4982 2222 5034 nostro,
2257 4985 2352 5039 per
2378 4970 2563 5027 Jesum
2586 4969 2867 5024 Christum
2885 4968 3171 5022 Dominum
3202 4975 3468 5033 nostrum,

1884 5067 2054 5137 gloria
2090 5074 2145 5119 et
2188 5062 2586 5133 magniﬁcentia
2616 5103 2629 5127 ,
2666 5061 2951 5131 imperium
2997 5067 3053 5116 et
3080 5067 3319 5129 potestas
3347 5067 3475 5114 ante

181 5150 235 5207 in
263 5153 444 5223 epulis
471 5152 591 5209 suis
627 5154 884 5223 maculae,
907 5160 1263 5212 convivantes
1292 5158 1413 5213 sine
1442 5158 1658 5220 timore,
1686 5172 1777 5212 se-
1807 5132 1863 5193 D
1886 5176 2047 5215 omne
2075 5158 2353 5224 saeculum,
2382 5166 2436 5211 et
2458 5169 2622 5222 nunc,
2652 5166 2707 5212 et
2729 5157 2785 5211 in
2812 5154 2992 5211 omnia
3020 5154 3216 5211 saecula
3242 5150 3471 5210 saeculo-

178 5246 443 5315 metipsos
479 5254 770 5314 pascentes
789 5286 805 5313 ,
842 5247 1011 5304 nubes
1038 5250 1156 5305 sine
1185 5264 1321 5319 aqua
1349 5290 1364 5316 ,
1392 5265 1513 5320 quae
1536 5263 1565 5302 a
1605 5249 1783 5305 ventis

171 5341 676 5411 circumferuntur,
728 5344 949 5401 arbores
994 5346 1368 5416 autumnales,
1401 5345 1776 5409 infructuosae,

1884 5268 2024 5307 rum.
2054 5249 2248 5305 Amen.

1153 5479 1407 5552 [Explicit
1428 5476 1670 5549 Epistola
1693 5473 1962 5531 Catiiolica
1982 5474 2049 5530 B.
2076 5473 2233 5529 Iudae
2253 5469 2494 5544 apostoli.

1458 5712 2248 5753 =-
