3946 6198
446 275 549 333 851

1455 261 1512 320 8.
1557 258 1942 318 HIERONYII
1979 257 2213 320 DlVlNA
2255 256 2728 317 BIBLIOTHECA.

3646 271 3759 330 553

439 379 3736 411 ___——_————————————'—————'———-——————

1086 532 1257 644 Β.
1331 524 2152 646 σοωηιε
2224 525 3127 643 Διδοετοιι

1959 719 2250 785 INCIPIT

1379 882 2817 1034 APOCALYPSIS.

518 1233 689 1309 (Cap.
716 1228 800 1302 1.]
830 1225 1188 1300 Apocalypsis
1230 1223 1362 1282 Iesu
1385 1233 1411 1262 ι
1441 1222 1670 1291 Christi,
1692 1238 1854 1293 quam
1887 1223 2046 1279 dedit
2075 1228 2124 1288 Α
2153 1226 2276 1281 cula
2304 1226 2657 1294 saeculorum,
2691 1232 2749 1281 et
2769 1223 2948 1281 habeo
2987 1224 3169 1282 claves
3195 1228 3413 1295 mortis,
3450 1239 3510 1287 et
3536 1231 3767 1294 inferni.

452 1327 532 1384 illi
571 1327 714 1381 Deus
742 1321 921 1392 palam
949 1319 1130 1375 facere
1160 1317 1333 1373 servis
1360 1317 1496 1383 suis,
1542 1330 1667 1386 qua:
1692 1323 1908 1384 oportet
1933 1313 2054 1372 ﬁeri
2157 1318 2345 1376 Scribe
2374 1333 2505 1390 ergo
2534 1333 2657 1388 quae
2687 1317 2891 1383 vidisti,
2917 1325 2974 1373 et
2993 1333 3114 1388 quae
3133 1330 3284 1386 sunt,
3313 1330 3367 1377 et
3392 1338 3514 1393 quae
3541 1335 3766 1395 oportet

453 1423 559 1477 cito
584 1437 597 1473 :
623 1426 678 1474 et
700 1414 1046 1490 signiﬁcavit,
1075 1413 1292 1468 mittens
1313 1425 1411 1481 per
1431 1410 1685 1479 angelum
1707 1423 1866 1462 suum
1894 1423 2054 1463 servo

453 1530 553 1571 suo
575 1509 791 1568 Joanni.
822 1508 926 1577 Qui
950 1505 1317 1561 testimonium
1347 1500 1623 1573 perhibuit
1651 1499 1821 1554 verbo
1855 1499 1968 1565 Dei,
2001 1508 2057 1554 et

455 1603 822 1665 testimonium
851 1601 982 1656 .l'esu
1007 1597 1233 1661 Christi,
1258 1607 1614 1667 quaecumque
1638 1590 1787 1646 vidit.
1821 1590 2016 1648 Beatus
2035 1632 2051 1656 ,

454 1701 545 1771 qui
580 1697 707 1767 legit
731 1706 785 1750 et
810 1693 832 1766 [
856 1693 961 1746 Ms.
985 1698 1040 1746 et
1068 1690 1157 1758 qui
1179 1688 1195 1758 ἶ
1219 1686 1373 1742 audit
1400 1684 1566 1739 verba
1596 1683 1896 1753 prophetim
1924 1680 2053 1753 [ηε.

456 1787 622 1858 libri]
651 1786 810 1855 hujus
837 1802 848 1837 :
874 1791 929 1836 et
958 1788 1140 1836 servat
1170 1793 1256 1843 ea,
1305 1791 1425 1846 quae
1473 1775 1526 1831 in
1558 1788 1621 1827 ea
1647 1775 1849 1844 scripta
1881 1784 2006 1828 sunt
2039 1791 2054 1826 :

461 1893 677 1952 tempus
706 1876 852 1934 enim
884 1887 1056 1945 prope
1083 1880 1187 1926 est.
1235 1869 1476 1924 Joannes
1509 1878 1718 1938 septem
1752 1867 2054 1931 Ecclesiis;

457 1989 580 2046 quae
609 1979 734 2027 sunt
765 1969 820 2022 in
848 1966 996 2022 Asia.
1026 1961 1209 2018 Gratia
1231 1960 1387 2016 vobis
1416 1967 1472 2014 et
1495 1973 1598 2032 pax
1626 1958 1694 2014 ab
1716 1972 1806 2026 eo,
1833 1959 1926 2028 qui
1950 1967 2055 2025 est,

460 2075 516 2122 et
544 2062 636 2134 qui
663 2069 804 2126 erat,
836 2065 892 2112 et
919 2054 1012 2126 qui
1045 2060 1308 2110 venturus
1338 2058 1424 2106 est
1448 2068 1468 2118 ;
1495 2058 1551 2105 et
1593 2064 1624 2105 a
1663 2058 1873 2119 septem
1900 2049 2061 2119 spiri-

461 2160 628 2222 tibus,
660 2153 752 2225 qui
798 2151 853 2206 in
884 2157 1179 2217 conspectu
1213 2145 1394 2200 throni
1428 2143 1548 2212 ejus
1593 2151 1756 2208 sunt;
1786 2153 1841 2199 et
1868 2158 1900 2197 a
1927 2142 2057 2197 .lesu

459 2251 697 2316 Christo,
723 2245 814 2317 qui
840 2252 923 2299 est
951 2242 1106 2298 testis
1144 2237 1344 2305 ﬁdelis,
1393 2235 1791 2307 primogenitus
1820 2244 2062 2290 mortuo-

464 2358 610 2411 rum,
640 2349 697 2397 et
724 2337 976 2410 princeps
1024 2347 1211 2406 regum
1241 2340 1442 2395 terrae;
1490 2327 1583 2398 qui
1624 2327 1814 2384 dilexit
1855 2343 1978 2395 nos,
2009 2336 2067 2385 et

463 2437 594 2496 lavit
617 2449 718 2491 nos
739 2447 772 2489 a
795 2427 1034 2503 peccatis
1064 2426 1270 2482 nostris
1315 2427 1371 2482 in
1399 2422 1666 2493 sanguine
1694 2437 1817 2490 suo,
1851 2431 1904 2478 et
1934 2422 2065 2478 fecit

466 2546 564 2591 nos
594 2541 823 2600 regnum
852 2531 908 2580 et
933 2520 1251 2579 sacerdotes
1273 2519 1383 2574 Deo
1412 2525 1468 2572 et
1490 2516 1642 2574 Patri
1667 2530 1767 2571 suo
1796 2515 1928 2586 :ipsi
1951 2515 2064 2585 glo-

2159 1411 2272 1465 tieri
2307 1418 2426 1480 post
2455 1409 2591 1464 brec.
2619 1408 3031 1464 Sacramentum
3055 1419 3266 1480 septem
3295 1412 3595 1481 stellarum,
3619 1431 3762 1488 quas

2161 1503 2339 1556 vidisti
2365 1504 2416 1556 in
2440 1501 2665 1558 dextera
2694 1517 2836 1566 mea,
2863 1511 2919 1556 et
2948 1511 3158 1572 septem
3189 1504 3510 1563 candelabra
3541 1525 3710 1564 aurea
3741 1526 3758 1566 :

2160 1582 2368 1664 septeni
2410 1593 2624 1650 stellas:
2656 1595 2829 1664 angeli
2855 1603 2988 1652 sunt
3023 1605 3234 1666 septem
3264 1597 3618 1656 Ecclesiarum
3651 1611 3756 1658 :et

2161 1685 2485 1741 candelabra
2514 1699 2746 1756 septem,
2777 1697 2988 1756 septem
3013 1688 3278 1745 Ecclesia:
3305 1701 3446 1747 sunt.

2232 1776 2395 1852 [Cap.
2441 1776 2545 1850 11.]
2576 1778 2784 1848 Angelo
2815 1778 3022 1848 Ephesi
3065 1779 3330 1836 Ecclesiae
3364 1783 3538 1840 scribe
3569 1803 3587 1841 :
3622 1786 3760 1842 “me

2161 1867 2321 1934 dicit,
2355 1867 2447 1937 qui
2481 1877 2625 1922 tenet
2668 1878 2877 1938 septem
2911 1869 3099 1925 stellas
3142 1872 3196 1926 in
3233 1871 3459 1929 dextera
3498 1890 3630 1946 sua,
3662 1878 3764 1948 qui

2163 1960 2404 2016 ambulat
2430 1960 2486 2016 in
2513 1959 2694 2016 medio
2719 1969 2927 2030 septem
2951 1963 3403 2021 candelabrorum
3431 1983 3760 2025 aureorum:

2163 2052 2292 2108 Scio
2319 2067 2487 2122 opera
2517 2061 2629 2119 tua,
2667 2061 2723 2107 et
2753 2053 3020 2120 laborem,
3057 2066 3115 2111 et
3153 2058 3466 2126 patientiam
3507 2068 3674 2131 tuam,
3707 2071 3765 2119 et

2163 2148 2289 2218 quia
2322 2163 2428 2201 non
2463 2156 2616 2216 potes
2643 2148 2914 2203 sustinere
2944 2149 3114 2204 malos
3145 2159 3239 2205 :et
3266 2155 3485 2208 tentasti
3518 2170 3637 2223 eos,
3667 2159 3764 2227 qui

2168 2254 2228 2295 se
2269 2239 2461 2294 dicunt
2498 2239 2776 2308 apostolos
2821 2256 2966 2306 esse,
2999 2250 3053 2296 et
3081 2258 3186 2297 non
3219 2254 3383 2299 sunt:
3415 2257 3469 2301 et
3503 2249 3765 2304 invenisti

2164 2346 2262 2388 eos
2306 2331 2596 2388 mendaces
2627 2340 2720 2387 :et
2758 2332 3075 2404 patientiam
3122 2335 3315 2406 habes,
3356 2347 3414 2394 et
3453 2339 3765 2398 sustinuisti

2166 2435 2386 2496 pmpter
2415 2441 2616 2482 nomen
2657 2441 2862 2494 meum,
2896 2437 2950 2482 et
2978 2443 3085 2484 non
3112 2428 3383 2487 deiecisti.
3430 2430 3542 2489 Sed
3587 2434 3765 2490 habeo

2167 2518 2311 2589 [Με.
2351 2519 2478 2574 add.
2513 2518 2748 2591 aliquid]
2788 2520 3073 2578 adversum
3117 2533 3202 2593 te,
3242 2523 3390 2594 quod
3432 2526 3770 2585 charitatcm

465 2627 568 2692 ria,
600 2636 656 2680 et
682 2621 974 2694 imperium
1005 2616 1060 2672 in
1085 2613 1284 2670 saecula
1313 2609 1659 2668 saeculorum.
1691 2609 1887 2663 Amen.
1921 2607 2061 2664 Ecce
2091 2626 2137 2686 Β
2167 2624 2310 2668 tuam
2344 2612 2576 2682 primam
2605 2613 2895 2684 reliquisti.
2921 2615 3122 2672 Memor
3146 2627 3266 2674 esto
3296 2618 3480 2690 itaque
3504 2621 3647 2679 unde
3667 2637 3770 2680 ex-

472 2717 622 2777 venit
647 2729 770 2770 cum
794 2709 1051 2776 nubibus,
1091 2715 1143 2761 et
1167 2702 1372 2761 videbit
1401 2717 1524 2757 eum
1554 2700 1736 2756 omnis
1769 2699 1977 2764 oculus,
2009 2707 2067 2756 et

471 2811 563 2883 qui
587 2823 711 2866 eum
733 2808 1106 2878 pupugerunt.
1131 2800 1199 2854 Et
1223 2797 1482 2869 plangent
1509 2809 1570 2850 se
1597 2807 1758 2864 super
1786 2807 1912 2847 eum
1941 2808 2063 2850 om-

471 2921 572 2964 nes
605 2903 777 2960 tribus
823 2909 984 2955 terra;
1013 2917 1025 2951 :
1055 2894 1234 2951 Etiam
1259 2909 1276 2946 ι
1302 2891 1499 2946 Amen.
1535 2886 1650 2960 Ego
1680 2900 1801 2942 sum
1831 2895 1872 2946 Δ.
1901 2895 1955 2944 et
1981 2899 2023 2944 Ω
2045 2929 2062 2958 ,

467 2994 798 3068 principium
821 2998 878 3046 et
903 2988 1050 3052 linis,
1077 2982 1210 3039 dicit
1235 2979 1496 3040 Dominus
1528 2977 1694 3044 Deus,
1727 2977 1820 3047 qui
1861 2987 1979 3044 est,
2012 2987 2066 3034 et

467 3091 723 3161 quierat,
753 3095 809 3142 et
836 3083 928 3154 qui
955 3087 1213 3138 venturus
1235 3086 1338 3143 est,
1372 3074 1736 3144 omnipotens.
1769 3072 1881 3146 Ego
1902 3071 2067 3128 Joan-

465 3195 565 3238 nes
592 3180 765 3235 trater
791 3183 1000 3239 vester,
1031 3180 1086 3227 et
1108 3170 1382 3242 particeps
1413 3168 1467 3223 in
1494 3163 1868 3234 tribulatione,
1898 3175 1953 3222 et
1982 3181 2067 3224 rc-

469 3288 600 3347 gno,
627 3279 686 3326 et
705 3266 966 3339 patientia
991 3263 1045 3317 in
1067 3262 1286 3319 Christo
1329 3258 1481 3325 Jcsu,
1505 3254 1620 3312 t'uib
1645 3255 1924 3324 ininsula,
1946 3272 2068 3330 qua;

468 3365 774 3437 appellatur
802 3359 1044 3423 Pattnos,
1089 3363 1309 3427 propter
1341 3352 1565 3408 verbum
1595 3349 1713 3416 Dei,
1747 3359 1800 3403 et
1823 3351 2066 3406 testiino-

470 3459 623 3517 nium
649 3453 780 3516 Jestt
796 3449 924 3524 [Με.
956 3448 1082 3504 add.
1107 3443 1350 3518 Christi].
1376 3443 1476 3498 Fui
1508 3444 1561 3498 iu
1590 3441 1788 3512 spiritu
1810 3440 1865 3496 in
1885 3441 2067 3496 Domi-

465 3555 590 3610 nica
618 3549 733 3618 die,
761 3523 816 3614 ei
837 3543 1019 3602 audivi
1044 3548 1169 3613 post
1189 3554 1275 3596 me
1301 3551 1490 3596 vocem
1511 3523 2068 3607 magnam'tamquant

471 3647 634 3712 tubas,
671 3641 904 3708 dicentis
932 3655 947 3696 ;
971 3635 1130 3707 Quod
1150 3631 1324 3699 vides,
1351 3629 1532 3687 scribe
1563 3629 1616 3685 iu
1646 3628 1816 3684 libro:
1842 3637 1897 3684 et
1917 3632 2070 3686 mitte

471 3747 678 3806 septem
723 3731 1012 3798 Ecclesiis,
1063 3739 1186 3795 qua:
1229 3731 1356 3784 sunt
1400 3722 1454 3778 iu
1502 3721 1652 3788 Asia,
1708 3721 1964 3791 Epheso,
2013 3727 2071 3777 et

467 3831 740 3898 Smyrnae,
767 3835 825 3882 et
843 3826 1129 3894 Pergamo,
1159 3827 1216 3880 et
1241 3815 1539 3889 Thyatirtc,
1563 3826 1618 3872 et
1638 3816 1844 3884 Sardis,
1867 3825 1922 3872 et
1939 3814 2068 3886 Phi-

470 3919 782 3989 ladelpltie,
809 3927 868 3976 et
896 3915 1187 3973 Laodicia.
1225 3911 1292 3968 Et
1318 3925 1618 3972 conversus
1649 3926 1795 3983 sum,
1828 3919 1886 3970 ut
1911 3909 2070 3968 vide-

2165 2705 2362 2764 cideris
2397 2723 2410 2760 :
2442 2715 2496 2762 et
2521 2721 2623 2780 age
2646 2707 3045 2777 paenitentiam,
3074 2719 3126 2764 ct
3152 2709 3323 2780 prima
3344 2725 3508 2782 opera
3538 2711 3643 2767 (ac.
3668 2713 3774 2770 Sin

2167 2805 2370 2865 autem,
2395 2795 2552 2853 venio
2585 2797 2707 2865 tibi,
2737 2807 2791 2852 et
2825 2800 3056 2854 movebo
3088 2801 3481 2862 candelabrum
3517 2814 3668 2860 tuum
3696 2806 3776 2865 de

2167 2890 2287 2947 loco
2311 2905 2431 2958 suo,
2467 2890 2568 2945 nisi
2593 2889 2966 2960 paenitentiam
2999 2892 3198 2962 egeris.
3232 2892 3342 2949 Sed
3378 2893 3484 2951 hoc
3513 2895 3685 2953 habes
3717 2909 3774 2965 ε,

2165 2983 2294 3054 quia
2319 2982 2481 3039 odisti
2513 2980 2654 3036 facta
2682 2981 3091 3050 Nicolaitarum,
3124 2999 3244 3054 qua:
3278 2993 3335 3042 et
3360 3000 3460 3057 ego
3499 2986 3610 3043 odi.
3657 2988 3773 3058 Qui

2169 3076 2331 3134 habet
2361 3091 2579 3142 aurem,
2625 3075 2809 3131 audiat
2849 3075 2980 3146 quid
3027 3076 3259 3146 Spiritus
3292 3078 3438 3136 dicat
3475 3080 3771 3138 Ecclesiis.

2173 3168 2428 3225 Vincenti
2461 3167 2602 3224 dabo
2646 3167 2809 3224 edere
2843 3165 2910 3224 de
2941 3168 3086 3240 ligno
3116 3171 3267 3236 vitm,
3297 3171 3442 3241 quod
3469 3184 3550 3228 est
3579 3172 3633 3227 in
3662 3174 3774 3229 Pa-

2168 3261 2352 3318 radiso
2377 3261 2473 3316 Dei
2505 3261 2634 3317 mei.
2666 3261 2734 3315 Et
2763 3261 2957 3332 angelo
2989 3261 3235 3334 Smyrna:
3265 3262 3522 3322 Ecclesiae
3553 3266 3772 3326 scribe:

2169 3353 2296 3409 ch
2322 3353 2455 3410 dicit
2482 3352 2716 3424 primus,
2747 3365 2801 3408 et
2833 3354 3185 3424 novissimus,
3225 3358 3317 3428 qui
3339 3357 3440 3412 fuit
3474 3369 3726 3415 mortuus
3752 3401 3773 3430 ,

2170 3455 2225 3504 et
2252 3447 2383 3503 vivit
2405 3464 2419 3502 :
2444 3445 2570 3502 Scio
2605 3445 3008 3502 tribulationem
3037 3456 3185 3504 tuam
3244 3448 3387 3522 [.lls.
3420 3459 3522 3510 tac.
3581 3453 3780 3528 tuam}

2171 3549 2225 3596 et
2250 3548 2632 3612 paupertatem,
2661 3549 2830 3609 tuam,
2853 3539 2952 3598 sed
2980 3541 3135 3598 dives
3163 3557 3221 3600 es
3248 3559 3263 3600 ε
3288 3553 3343 3604 et
3369 3544 3778 3618 blasphemaris

2170 3632 2238 3688 ab
2265 3630 2374 3699 his,
2418 3631 2510 3704 qui
2541 3648 2602 3690 se
2627 3633 2815 3692 dicunt
2849 3634 3068 3694 Judacos
3103 3651 3223 3698 esse
3255 3645 3312 3700 et
3339 3651 3447 3694 non
3487 3646 3637 3707 sunt,
3669 3640 3778 3698 sed

2171 3735 2298 3788 sunt
2321 3742 2592 3800 synagoga
2621 3727 2856 3784 Satanm.
2882 3729 3028 3786 Nihil
3059 3730 3250 3787 horum
3276 3732 3470 3790 timeas
3495 3748 3615 3801 qua:
3640 3747 3778 3802 pas-

2173 3833 2335 3876 surus
2365 3834 2444 3878 es.
2477 3820 2619 3878 Ecce
2663 3822 2934 3880 missurus
2964 3832 3049 3882 est
3087 3822 3335 3881 diabolus
3373 3825 3582 3897 aliquos
3611 3825 3632 3898 [
3657 3826 3777 3883 Ms.

2173 3924 2274 3971 tac.
2308 3914 2556 3988 aliquos]
2577 3930 2645 3972 ex
2674 3916 2828 3976 vobis
2859 3916 2913 3971 in
2938 3931 3236 3984 carcerem,
3266 3928 3323 3974 ut
3355 3920 3637 3976 tentemini
3673 3939 3687 3974 :
3721 3932 3784 3984 et

471 4028 590 4068 rem
629 4024 844 4076 vocem,
874 4023 996 4079 quae
1022 4005 1349 4076 loquebatur
1378 4020 1616 4064 mecum.
1662 4005 1728 4062 Et
1767 4018 2069 4072 conversus
2097 4017 2145 4082 ρ
2175 4009 2446 4067 habebitis
2491 4010 2898 4070 tribulationem
2934 4012 3126 4070 diebus
3169 4012 3379 4068 decem.
3419 4012 3552 4070 Esto
3590 4014 3779 4072 ﬁdelis

472 4105 582 4161 vidi
609 4110 822 4172 septem
863 4097 1193 4156 candelabra
1227 4112 1397 4154 aurea
1431 4115 1448 4156 :
1481 4108 1537 4155 et
1565 4099 1617 4152 in
1646 4096 1832 4158 medio
1859 4107 2071 4169 septem

471 4195 926 4256 candelabrorum
954 4204 1248 4250 aureorum
1271 4189 1507 4248 similem
1539 4190 1678 4250 Filio
1699 4190 1954 4258 hominis,
1974 4205 2069 4246 ve-

475 4296 665 4353 stitum
695 4290 921 4362 podere,
945 4296 1000 4346 et
1029 4284 1381 4359 praelectum
1402 4283 1471 4342 ad
1493 4283 1761 4340 mamillas
1795 4297 1934 4340 zona
1967 4298 2068 4340 au-

473 4405 564 4447 rea
596 4407 609 4444 :
637 4393 799 4458 caput
822 4391 1006 4440 autem
1034 4379 1155 4450 ejus
1183 4388 1240 4438 et
1273 4376 1459 4449 capilli
1484 4383 1641 4436 erant
1665 4375 1882 4432 candidi
1929 4383 2068 4430 tam-

475 4497 638 4554 quam
669 4480 795 4537 lana
819 4476 964 4545 alba,
991 4481 1048 4531 et
1077 4484 1354 4542 tamquam
1386 4473 1502 4540 uix,
1538 4480 1594 4526 et
1617 4469 1762 4527 oculi
1787 4469 1905 4539 ejus
1933 4477 2071 4526 tam-

476 4588 636 4645 quam
659 4570 876 4630 ﬂamma
897 4567 1060 4640 ignis,
1079 4575 1133 4622 et
1154 4563 1324 4636 pedes
1345 4564 1464 4635 ejus
1490 4562 1703 4620 similes
1727 4562 2068 4632 aurichalco,

477 4669 621 4724 sicut
648 4665 703 4722 in
731 4663 949 4722 camino
979 4659 1215 4726 ardenti,
1259 4667 1315 4722 et
1342 4671 1448 4716 vox
1485 4655 1634 4714 illius
1667 4664 1938 4726 tamquam
1966 4671 2071 4724 vox

477 4774 740 4832 aquarum
765 4756 1096 4814 multarum:
1126 4761 1184 4809 et
1204 4751 1436 4809 habebat
1477 4750 1532 4806 in
1573 4748 1803 4805 dextera
1826 4763 1922 4805 sua
1947 4748 2072 4806 stel-

473 4855 555 4910 las
578 4861 785 4924 septem
805 4867 818 4905 :
836 4859 892 4908 et
915 4849 982 4908 de
1005 4861 1106 4906 ore
1125 4847 1243 4916 ejus
1265 4843 1481 4917 gladius
1507 4851 1736 4914 utraque
1761 4853 1916 4913 parte
1937 4857 2068 4898 acu-

480 4959 568 5006 tus
607 4947 790 5005 exibat
819 4953 914 5003 :et
949 4944 1117 5002 iacies
1158 4944 1277 5014 ejus
1311 4943 1452 4999 sicut
1478 4941 1566 4998 sol
1593 4939 1738 4995 lucet
1769 4939 1828 4996 in
1868 4938 2071 4997 virtute

478 5055 598 5096 sua.
627 5039 695 5096 Et
717 5053 841 5096 eum
864 5036 1123 5096 vidissem
1147 5050 1294 5108 eum,
1316 5034 1492 5094 cecidi
1513 5034 1581 5091 ad
1602 5033 1768 5104 pedes
1794 5033 1912 5104 ejus
1935 5041 2070 5090 tam-

479 5149 641 5206 quam
670 5141 938 5192 mortuus.
975 5132 1047 5192 Et
1071 5131 1253 5203 posuit
1279 5130 1564 5192 dexteram
1588 5145 1740 5188 suam
1762 5147 1929 5203 super
1959 5147 2067 5202 me,

472 5230 656 5285 dicens
681 5247 693 5282 :
714 5227 837 5284 Noli
863 5228 1057 5284 timere
1080 5243 1212 5300 :ego
1233 5243 1352 5284 sum
1375 5228 1604 5299 primus,
1639 5237 1694 5284 et
1714 5227 2065 5297 novissimus,

467 5332 523 5379 et
551 5324 725 5390 vivus,
754 5329 810 5377 et
835 5319 912 5377 l'ui
942 5330 1219 5386 mortuus;
1253 5328 1313 5378 et
1339 5333 1467 5376 ecce
1496 5335 1618 5374 sum
1651 5322 1840 5377 vivens
1881 5322 1933 5376 in
1957 5335 2061 5377 sae-

539 5524 565 5551 ιι
604 5513 812 5569 Nomen
841 5510 969 5568 Iesu
990 5510 1201 5578 Christi,
1244 5520 1452 5581 noster,
1500 5527 1663 5583 quem
1702 5510 1853 5568 domi
1897 5511 2068 5570 habe-

470 5600 608 5653 mus,
640 5599 742 5638 ms.
777 5590 937 5638 tacet.

538 5656 566 5692 δ
609 5655 753 5708 Idem
787 5669 916 5719 ms.,
951 5655 1032 5724 fui
1058 5655 1112 5707 in
1136 5654 1326 5722 spiritu
1357 5656 1411 5708 in
1437 5655 1636 5722 insula,
1663 5655 1856 5712 Graeco
1886 5663 2068 5712 tamen

485 5734 637 5776 textu
671 5739 774 5775 non
803 5735 1098 5778 annuente.

553 5804 571 5826 ι·
618 5791 748 5845 l’lns
796 5794 960 5847 habet
1001 5787 1186 5850 noster
1227 5811 1356 5863 ms.,
1387 5793 1492 5847 Sed
1535 5795 1631 5848 hoc
1671 5795 1824 5850 habet
1854 5801 2064 5866 bonum,

2175 4117 2347 4174 usque
2376 4102 2445 4158 ad
2472 4111 2725 4172 mortem,
2767 4113 2824 4160 et
2862 4103 3005 4161 dabo
3037 4104 3135 4162 tibi
3175 4118 3431 4162 coronam
3474 4107 3619 4162 vitae.
3662 4108 3779 4176 Qui

2173 4195 2337 4254 habet
2363 4210 2573 4266 aurem,
2601 4193 2786 4250 audiat
2821 4195 2952 4267 quid
2992 4195 3233 4267 Spiritus
3277 4196 3425 4254 dicat
3453 4197 3720 4255 Ecclesiis
3756 4217 3774 4256 ι

2171 4290 2277 4359 Qui
2302 4291 2516 4358 vicerit,
2545 4304 2656 4346 non
2683 4289 2912 4347 laedetur
2939 4305 2970 4351 a
3000 4299 3177 4346 morte
3201 4289 3460 4348 secunda.
3489 4291 3552 4350 Et
3573 4291 3774 4361 angelo

2174 4381 2425 4454 Pergami
2451 4380 2714 4440 Ecclesia:
2743 4382 2923 4440 scribe
2953 4381 3118 4438 :llmc
3144 4382 3279 4446 dicit
3312 4382 3406 4454 qui
3429 4383 3584 4440 habet
3608 4395 3764 4438 rom-

2174 4476 2385 4548 phteam
2411 4484 2641 4547 utraque
2669 4483 2820 4548 parte
2849 4485 3106 4534 acutam:
3134 4476 3260 4538 Scio
3289 4477 3379 4533 ubi
3407 4475 3622 4538 habitas,
3657 4475 3767 4535 ubi

2172 4570 2334 4628 sedes
2357 4577 2440 4628 est
2465 4572 2682 4628 Satanae
2708 4589 2723 4628 :
2746 4581 2803 4627 et
2829 4581 2980 4627 tenes
3005 4586 3208 4628 nomen
3235 4586 3433 4636 meum,
3453 4581 3630 4628 etnon
3662 4585 3774 4627 ue-

2171 4666 2311 4737 gasti
2338 4665 2498 4722 ﬁdem
2532 4679 2730 4723 meam.
2768 4663 2836 4720 Et
2865 4665 2916 4719 in
2949 4664 3148 4722 diebus
3187 4663 3297 4720 illis
3338 4663 3560 4734 Antipas
3605 4664 3778 4724 testis

2173 4772 2326 4814 meus
2355 4756 2555 4824 ﬁdelis,
2597 4757 2688 4828 qui
2739 4755 2951 4816 occisus
2989 4764 3073 4812 est
3107 4758 3250 4827 apud
3294 4770 3392 4814 vos
3422 4755 3509 4814 ubi
3537 4753 3783 4816 Satanas

2174 4852 2402 4912 habitat.
2446 4850 2554 4907 Sed
2599 4850 2774 4906 habeo
2800 4848 3064 4906 adversus
3099 4859 3153 4906 te
3197 4862 3370 4920 pauca
3401 4866 3414 4903 :
3440 4847 3565 4919 quia
3596 4846 3782 4907 habes

2173 4947 2285 5004 illic
2312 4956 2559 5006 tenentes
2600 4947 2907 5003 doctrinam
2937 4945 3186 5012 Balaam,
3221 4944 3312 5013 qui
3348 4942 3580 5002 docebat
3609 4940 3787 4999 Baiae

2173 5042 2390 5101 mittere
2430 5039 2747 5097 scandalum
2774 5053 2961 5095 coram
3006 5038 3136 5094 ﬁliis
3175 5037 3368 5104 Israel,
3415 5036 3588 5094 edere
3614 5032 3643 5074 ἀ
3669 5077 3686 5101 ,
3725 5045 3788 5093 et

2173 5135 2431 5193 ternicari
2465 5151 2481 5188 ι
2513 5134 2588 5192 ita
2618 5133 2787 5189 habes
2813 5141 2869 5188 et
2900 5141 2956 5188 tu
2985 5140 3231 5188 tenentes
3270 5129 3584 5186 doctrinam
3612 5127 3789 5185 Νῖσος

2171 5229 2445 5288 laitarum.
2494 5225 2752 5290 Similiter
2797 5222 3169 5296 paenitentiam
3212 5221 3416 5292 egeni
3455 5235 3565 5292 quo
3592 5219 3790 5279 minus

2175 5321 2312 5396 [Πι.
2340 5321 2467 5380 add.
2498 5317 2872 5393 paenitentiam
2911 5315 3143 5388 egeris],
3176 5314 3391 5372 veniam
3421 5312 3526 5370 tibi
3554 5313 3699 5383 cito,
3729 5323 3788 5372 et

2172 5513 2365 5572 Graeco
2395 5512 2618 5568 minime
2647 5509 2976 5582 suifragante
3011 5515 3181 5582 textu:

2243 5584 2270 5624 ἀ
2310 5585 2409 5640 Hic
2438 5599 2568 5640 vero
2593 5584 2746 5652 juxta
2768 5576 2887 5648 GR,
2915 5582 3086 5653 φάγῃς»
3112 5576 3454 5653 asciscere,
3483 5588 3778 5653 [nmque-

2173 5673 2278 5728 que
2315 5665 2501 5712 noster
2531 5645 2698 5710 verbo
2736 5645 2881 5706 cdere
2921 5645 3132 5713 subdit,
3179 5650 3244 5701 de
3274 5646 3556 5713 sacriﬁciis
3589 5645 3780 5699 idolo-

2171 5745 2314 5793 rum,
2347 5736 2451 5782 etc.

3421 5879 3439 5906 ὀ
