3946 6198
164 180 175 183 ⁷
203 200 348 257 853

1246 199 1308 254 Β.
1350 199 1635 263 MANle
1670 199 2004 263 APOS'I‘OLI
2043 200 2534 263 APOCALYPSIS.

3436 218 3546 279 854

211 314 503 389 pugnabo
529 326 655 377 cum
686 311 795 373 illis
821 310 878 369 in
905 311 1085 386 gladio
1116 312 1231 377 oris
1260 311 1390 375 mei.
1421 313 1523 382 Qui
1557 313 1722 373 habet
1745 328 1837 375 ιιι·
1866 317 1922 381 Δ
1947 324 2169 379 ventura
2198 325 2282 375 est
2310 318 2367 375 in
2395 319 2583 377 orbem
2612 320 2931 387 universum
2979 332 3191 385 tentare
3233 328 3543 389 habitantes

214 420 393 473 rem,
434 405 617 469 audiat
648 402 781 475 quid
826 402 1062 475 Spiritus
1100 403 1244 463 dicat
1269 404 1567 469 Ecclesiis:
1593 404 1841 465 Vincenti

212 495 390 557 dabo
420 512 614 553 manna
638 494 1035 562 absconditum,
1064 502 1120 553 et
1143 494 1285 555 dabo
1308 495 1388 555 illi
1411 496 1679 555 calculum
1709 512 1841 557 can-

211 590 439 651 didum
474 607 488 645 :
518 598 574 647 et
603 587 657 645 in
685 588 894 647 calculo
924 602 1124 649 nomen
1149 603 1352 649 novum
1378 589 1664 659 scriptum,
1694 587 1843 660 quod

212 695 408 739 nemo
431 680 557 751 scit,
592 680 694 736 nisi
722 679 813 750 qui
850 678 1066 751 accipit.
1100 678 1165 735 Et
1203 679 1397 752 angelo
1428 680 1699 751 Thyatirac
1735 680 1842 745 Ec—

208 773 423 839 clesiae
455 773 641 837 scribe
665 790 680 829 :
710 773 837 832 llaec
858 774 987 833 dicit
1008 774 1181 837 Filius
1206 774 1323 843 Dei,
1347 774 1442 845 qui
1466 775 1628 833 habet
1650 776 1841 837 oculos

208 875 515 940 tamquam
542 864 819 923 ﬂammam
845 864 1007 937 ignis,
1039 875 1092 922 et
1122 864 1290 937 pedes
1318 865 1438 935 ejus
1463 865 1670 929 similes
1694 868 1841 929 auri-

210 958 610 1019 chalco:Novi
630 973 793 1033 opera
817 970 931 1028 tua,
954 967 1009 1015 et
1030 958 1215 1027 ﬁdem,
1243 968 1298 1023 et
1322 960 1639 1023 charitatem
1665 970 1835 1031 tuam,

215 1059 284 1107 et
335 1051 732 1119 ministerium,
761 1060 817 1113 et
852 1051 1168 1122 patientiam
1223 1063 1389 1120 tuam,
1432 1063 1488 1113 et
1530 1070 1695 1125 opera
1743 1066 1834 1114 tua

211 1144 531 1200 novissima
588 1144 742 1215 plura
789 1143 1085 1215 prioribus.
1117 1141 1225 1205 Sed
1262 1146 1438 1203 habeo
1468 1146 1731 1207 adversus
1782 1159 1839 1209 te

213 1249 450 1303 pauca:
492 1236 617 1305 quia
668 1234 943 1306 permittis
987 1234 1275 1299 mulierem
1306 1235 1553 1306 Jezabel,
1603 1254 1724 1310 qua!
1773 1255 1837 1303 se

212 1326 376 1384 dicit
402 1326 726 1398 prophetae,
775 1327 997 1397 docere,
1041 1339 1099 1387 et
1132 1329 1396 1389 seducere
1423 1345 1615 1393 servos
1643 1348 1794 1393 nieos
1814 1375 1830 1401 ,

210 1419 523 1486 fornicari,
555 1428 610 1475 et
637 1419 969 1479 manducare
998 1420 1068 1481 de
1101 1420 1444 1493 idolothytis.
1477 1423 1547 1481 Et
1588 1423 1713 1482 dedi
1754 1425 1834 1485 illi

214 1523 452 1585 tempus
486 1522 544 1568 ut
569 1513 943 1583 penitentiam
971 1523 1194 1585 ageret:
1219 1524 1273 1575 et
1295 1529 1403 1575 non
1428 1516 1544 1573 vult
1567 1520 1833 1589 pmnitere

1949 410 2003 465 in
2028 419 2195 467 terra.
2222 411 2361 469 Ecce
2380 413 2538 469 venio
2559 415 2671 475 cito
2702 433 2719 473 :r
2749 427 2875 475 tene
2898 419 3057 489 quod
3072 420 3262 490 habes,
3294 433 3349 479 ut
3376 438 3543 480 nemo

1945 502 2177 571 accipiat
2221 513 2483 561 coronam
2527 515 2695 564 tuam.
2727 508 2832 575 Qui
2873 510 3089 577 vicerit,
3136 513 3331 569 faciam
3379 516 3538 572 illum

1942 594 2250 649 columnam
2277 594 2330 651 in
2360 597 2564 667 templo
2595 599 2690 654 Dei
2723 602 2851 669 mei,
2883 613 2935 657 et
2966 601 3110 658 foras
3155 620 3263 659 non
3295 607 3541 676 egredie-

1943 695 2032 744 tur
2055 687 2288 757 amplius
2316 698 2407 749 :et
2430 691 2663 748 scribam
2692 707 2858 763 super
2880 708 3007 753 eum
3037 710 3239 753 nomen
3272 696 3370 767 Dei
3397 700 3528 767 mei,

1942 788 1997 839 et
2020 794 2217 839 nomen
2249 779 2488 841 civitatis
2519 782 2616 838 Dei
2651 784 2757 842 mei
2789 785 2917 857 [Με.
2947 796 3047 845 ωε.
3078 788 3172 843 Dei
3209 787 3349 861 mel]
3375 805 3532 846 novae

1940 872 2267 939 Jerusalem,
2284 888 2408 942 quas
2429 873 2713 933 descendit
2734 876 2801 933 de
2829 878 2967 935 ctelo
2997 894 3026 935 a
3049 878 3166 935 Deo
3189 895 3335 947 meo,
3362 891 3416 938 et
3440 897 3540 938 ne.

1941 980 2065 1023 men
2098 980 2278 1023 meum
2311 980 2535 1029 novum.
2586 968 2687 1036 Qui
2735 969 2905 1029 habet
2948 987 3158 1041 aurem,
3191 974 3377 1031 audiat
3400 976 3531 1043 quid

1941 1058 2177 1127 Spiritus
2206 1058 2351 1117 dicat
2381 1060 2665 1119 Ecclesiis.
2701 1062 2773 1121 Et
2809 1066 3005 1137 angelo
3042 1066 3314 1123 Laodicia:
3344 1070 3534 1126 Ecole.

1937 1150 2034 1213 site
2062 1149 2274 1206 scribe:
2300 1150 2426 1207 Haec
2451 1152 2582 1213 dicit
2606 1168 2619 1208 :
2645 1152 2841 1222 Amen,
2874 1158 3027 1213 testis
3050 1157 3246 1225 ﬁdelis,
3272 1168 3327 1215 et
3346 1176 3529 1229 verus,

1936 1243 2027 1311 qui
2067 1251 2151 1301 est
2191 1243 2521 1314 principium
2554 1253 2823 1303 creaturae
2874 1248 2987 1305 Dei.
3041 1248 3169 1305 Scio
3196 1266 3362 1319 opera
3393 1260 3481 1307 tua
3511 1301 3525 1323 ,

1937 1334 2063 1403 quia
2088 1347 2265 1403 neque
2290 1334 2519 1404 [rigidus
2546 1351 2627 1403 es,
2660 1352 2836 1407 neque
2860 1339 3108 1397 calidus:
3140 1341 3346 1397 utinam
3378 1342 3528 1413 frigi-

1937 1425 2038 1484 dus
2059 1440 2233 1493 esses,
2267 1435 2360 1481 aut
2403 1427 2615 1485 calidus
2646 1447 2657 1481 :
2685 1430 2785 1489 sed
2812 1431 2941 1500 quia
2985 1431 3201 1501 tepidus
3225 1448 3309 1501 es,
3342 1443 3395 1490 et
3426 1450 3529 1492 nee

1936 1517 2184 1590 frigidus,
2232 1534 2333 1577 nec
2379 1520 2609 1586 calidus,
2644 1522 2897 1591 incipiam
2932 1532 2984 1581 te
3011 1539 3271 1583 evomere
3314 1542 3381 1583 ea
3429 1543 3529 1585 ore

211 1622 252 1662 a
285 1606 662 1663 fornicatione
701 1621 821 1662 sua.
852 1606 993 1675 Ecce
1022 1608 1235 1665 mittam
1264 1622 1385 1667 eam
1417 1608 1471 1666 in
1512 1610 1712 1668 lectum
1736 1628 1753 1669 :
1776 1622 1831 1671 et
1934 1627 2077 1671 meo.
2129 1611 2268 1680 Quia
2305 1610 2440 1667 dicis
2470 1629 2482 1667 :
2514 1612 2666 1680 Quod
2702 1612 2858 1671 dives
2887 1630 3032 1682 sum,
3055 1624 3111 1675 et
3138 1618 3527 1687 locupletatus,

212 1701 320 1771 qui
354 1698 695 1757 rumehantur
714 1714 837 1757 cum
860 1713 925 1756 ea
945 1699 1000 1755 in
1024 1700 1373 1761 tribulatione
1396 1702 1633 1765 maxima
1653 1714 1834 1772 erunt,
1869 1712 1913 1774 υ
1941 1714 1997 1761 ct
2024 1705 2226 1761 nullius
2250 1719 2387 1774 egeo
2416 1721 2430 1763 :
2460 1714 2514 1761 et
2543 1704 2719 1763 nescis
2739 1707 2864 1775 quia
2894 1714 2951 1763 tu
2971 1720 3033 1763 es
3060 1708 3250 1774 miser,
3281 1717 3339 1766 et
3364 1710 3527 1766 ωἰεοερ

212 1793 335 1849 nisi
371 1793 747 1864 pmniteutiam
775 1791 844 1848 ab
868 1793 1125 1863 operibus
1157 1795 1273 1851 suis
1316 1797 1545 1866 egerint.
1592 1797 1659 1859 Et
1685 1798 1829 1856 illius
1932 1796 2141 1863 rabilis,
2169 1812 2220 1854 et
2247 1811 2477 1870 pauper,
2509 1807 2566 1853 et
2592 1810 2793 1865 caecus,
2824 1806 2882 1853 et
2920 1799 3118 1856 nudus.
3164 1799 3380 1855 Suadeo
3424 1801 3521 1858 tibi

212 1886 353 1956 ejus
382 1884 705 1945 inter-nciam
726 1885 779 1940 in
813 1893 1010 1953 morte,
1042 1895 1096 1945 et
1124 1887 1299 1947 scient
1324 1903 1515 1946 omnes
1545 1890 1825 1964 Ecclesiae,

214 1979 357 2050 quia
379 1993 481 2050 ego
510 1992 630 2035 sum
652 1987 906 2036 scrutans
935 1994 1095 2037 renes
1121 1990 1175 2037 et
1204 1981 1371 2040 corda
1403 1999 1418 2040 :
1450 1993 1505 2039 et
1535 1983 1678 2041 dabo
1705 1984 1825 2039 uni-

218 2076 431 2144 cuique
458 2079 700 2129 vestrum
742 2073 1043 2135 secundum
1072 2088 1237 2146 opera
1267 2089 1386 2133 sua.
1442 2076 1605 2133 Vobis
1636 2087 1823 2135 autem

218 2166 378 2230 dico,
411 2175 465 2225 et
492 2164 709 2221 steteris
733 2167 822 2234 qui
848 2165 1122 2237 Thyatira)
1150 2168 1280 2224 estis
1307 2186 1320 2224 ε
1353 2168 1691 2240 Quicumque
1714 2185 1823 2235 non

224 2258 441 2315 habent
464 2256 769 2314 doctrinam
792 2259 952 2325 hanc,
984 2270 1037 2315 et
1062 2259 1155 2329 qui
1184 2275 1291 2316 non
1322 2248 1700 2331 cognoverunt
1742 2263 1825 2317 aL

221 2350 486 2409 titudines
505 2348 743 2419 Satanze,
767 2350 1224 2419 quemadmodum
1247 2350 1454 2420 dicunt,
1480 2368 1586 2408 non
1611 2354 1823 2419 mittam

222 2457 392 2513 super
419 2457 513 2499 vos
539 2441 689 2498 aliud
717 2441 925 2511 pondus
954 2461 968 2499 :
992 2451 1174 2501 tamen
1200 2445 1276 2510 id,
1302 2445 1446 2515 quod
1477 2446 1712 2514 habetis,
1742 2458 1823 2503 κεν

224 2546 355 2593 nete
380 2535 553 2592 donec
576 2535 810 2595 veniam.
840 2535 908 2593 Et
938 2535 1031 2608 qui
1051 2538 1267 2606 vicerit,
1292 2548 1347 2594 et
1376 2539 1698 2596 custodierit
1728 2556 1820 2596 us-

223 2643 335 2700 que
360 2628 413 2684 in
442 2628 607 2685 tinem
630 2643 797 2699 Opera
824 2643 970 2696 mea,
1000 2629 1143 2687 dabo
1178 2631 1254 2687 illi
1302 2642 1626 2701 potestatem
1656 2648 1822 2704 super

222 2729 435 2790 gentes,
469 2730 523 2777 et
547 2728 696 2790 reget
724 2735 818 2777 eas
844 2721 896 2777 in
923 2721 1076 2791 virga
1101 2720 1281 2781 ferrea
1300 2762 1315 2787 ,
1345 2732 1402 2779 et
1427 2734 1701 2794 tamquam
1725 2739 1821 2781 vas

228 2810 379 2883 ﬁguli
408 2811 838 2883 confringeutur,
860 2812 1002 2869 sicut
1020 2822 1076 2869 et
1100 2828 1201 2884 ego
1228 2814 1413 2885 accepi
1434 2815 1640 2873 aPatre
1660 2831 1817 2873 meo:

225 2914 282 2959 et
311 2904 449 2960 dabo
478 2904 556 2959 illi
607 2904 824 2963 stellam
871 2906 1219 2963 matutinam.
1250 2906 1355 2974 Qui
1399 2907 1564 2965 habet
1606 2922 1817 2978 aurem,

226 2998 413 3055 audiat
438 2998 567 3070 quid
595 2997 833 3067 Spiritus
855 2998 1002 3056 dicat
1034 3000 1316 3061 Ecclesiis.

1932 1904 2117 1947 emere
2162 1906 2193 1947 a
2232 1903 2320 1946 me
2365 1904 2554 1945 aurum
2584 1888 2806 1959 ignitum
2841 1890 3150 1958 probatum,
3196 1900 3253 1957 ut
3279 1892 3524 1962 locuples

1929 1982 2050 2049 tias,
2082 1992 2137 2041 et
2160 1982 2499 2040 vestimentis
2528 1981 2668 2037 albis
2698 1981 2971 2050 induaris,
3015 1993 3071 2037 et
3114 1997 3223 2039 non
3270 1994 3527 2053 appareat

1928 2075 2175 2132 conlusio
2198 2075 2457 2133 uuditatis
2481 2084 2607 2140 tuae,
2631 2084 2683 2131 et
2706 2074 2932 2146 collyrio
2951 2075 3149 2145 inunge
3167 2072 3358 2133 'ooulos
3381 2085 3526 2145 tuos,

1928 2179 1986 2229 ut
2015 2168 2219 2226 videas.
2252 2168 2369 2237 Ego
2407 2181 2546 2237 quos
2573 2180 2716 2233 anno,
2746 2180 2940 2237 arguo,
2987 2176 3043 2223 et
3072 2168 3301 2238 castigo.
3332 2170 3526 2226 Emu-

1928 2261 2041 2317 lare
2068 2276 2224 2331 ergo,
2254 2268 2311 2316 et
2338 2258 2713 2330 paenitentiam
2753 2272 2877 2328 age.
2911 2257 3053 2315 Ecce
3084 2269 3169 2317 sto
3196 2260 3265 2315 ad
3291 2261 3519 2330 ostium,

1926 2363 1980 2410 et
2007 2352 2163 2422 pulso
2194 2369 2207 2406 :
2239 2350 2287 2406 si
2311 2350 2433 2421 quis
2459 2348 2696 2409 audierit
2721 2362 2910 2407 vocem
2936 2364 3136 2416 meam,
3165 2358 3221 2406 et
3247 2353 3525 2421 aperuerit

1924 2446 2061 2503 mihi
2079 2446 2321 2516 januam,
2364 2444 2577 2505 intrabo
2602 2443 2671 2499 ad
2698 2442 2849 2501 illum
2870 2482 2887 2508 ,
2914 2453 2968 2501 et
2992 2443 3218 2503 cmuabo
3249 2458 3374 2507 cum
3401 2446 3514 2511 illo,

1924 2550 1980 2596 et
2011 2542 2124 2611 ipse
2147 2552 2378 2595 meeum.
2404 2538 2507 2604 Qui
2530 2537 2742 2602 vicerit,
2771 2536 2910 2593 dabo
2934 2535 2985 2594 ei
3014 2535 3207 2595 sedere
3229 2552 3442 2597 mecum
3462 2541 3518 2599 in

1926 2633 2119 2689 throno
2145 2645 2265 2688 meo
2290 2647 2304 2687 :
2329 2630 2470 2687 sicut
2489 2638 2544 2689 et
2567 2643 2667 2699 ego
2693 2628 2823 2695 vici,
2850 2637 2905 2687 et
2924 2627 3041 2685 sedi
3066 2643 3187 2687 eum
3208 2628 3369 2685 Patre
3394 2646 3519 2691 meo

1922 2728 1979 2783 in
2010 2726 2205 2783 throno
2232 2725 2372 2795 ejus.
2402 2724 2506 2792 Qui
2532 2722 2701 2781 habet
2729 2738 2939 2790 aurem,
2966 2723 3149 2780 audiat
3176 2723 3307 2794 quid
3333 2724 3510 2795 Spiriq

1925 2828 2010 2874 tus
2034 2816 2180 2874 dicat
2206 2815 2489 2875 Ecclesiis.

1995 2910 2145 2981 [Cap.
2180 2907 2296 2978 IV.]
2320 2907 2449 2966 Post
2482 2909 2597 2965 haec
2628 2908 2772 2964 vidi:
2806 2918 2863 2964 et
2892 2923 3022 2966 ecce
3041 2910 3241 2966 ostium
3262 2918 3513 2980 apertum

1922 3003 1975 3060 in
2006 3002 2176 3067 cosio;
2201 3010 2258 3061 et
2287 3015 2388 3058 vox
2427 3002 2620 3071 prima,
2648 3016 2812 3071 quam
2839 3001 3042 3067 audivi,
3074 3010 3345 3073 tamquam
3370 3004 3515 3059 tuba

300 3092 460 3164 [ϐαρ.
482 3090 609 3163 111.]
642 3093 711 3148 Et
733 3093 925 3163 angelo
945 3092 1203 3150 Ecclesim
1234 3095 1423 3151 Sardis
1453 3096 1632 3154 scribe
1658 3095 1816 3153 :ilaec
1841 3100 1888 3165 α
1920 3094 2189 3166 loquentis
2210 3108 2445 3160 mecum,
2476 3094 2659 3149 dicens
2688 3110 2700 3149 :
2728 3092 2974 3149 Ascende
3000 3093 3126 3159 huc,
3156 3102 3212 3149 et
3230 3093 3515 3150 ostendam

227 3184 361 3241 dicit
386 3185 476 3256 qni
505 3186 670 3241 habet
704 3195 913 3256 septem
939 3186 1178 3257 Spiritus
1202 3189 1321 3259 Dei,
1355 3200 1408 3246 et
1435 3200 1647 3262 septem
1686 3196 1818 3251 stel-

228 3279 311 3334 las
343 3294 356 3331 :
389 3276 516 3333 Scio
544 3293 709 3349 opera
736 3288 847 3345 tua,
873 3279 999 3350 quia
1031 3296 1228 3343 nomen
1261 3283 1428 3351 habes
1456 3286 1605 3355 quod
1635 3287 1811 3357 vivas,

225 3380 284 3427 et
304 3381 553 3429 mortuus
598 3388 680 3429 es.
728 3372 858 3428 Esto
899 3374 1155 3444 vigilans,
1203 3385 1261 3433 et
1299 3378 1561 3441 conﬁrma
1592 3391 1811 3451 caetera,

226 3477 355 3535 quae
399 3465 661 3520 moritura
700 3474 876 3521 erant.
915 3465 1033 3521 Non
1065 3469 1209 3523 enim
1258 3471 1482 3527 invenio
1522 3487 1686 3543 opera
1728 3482 1815 3530 tua

228 3556 392 3625 plena
419 3572 605 3615 coram
637 3558 750 3614 Deo
783 3574 925 3615 meo.
958 3558 1016 3615 in
1048 3573 1228 3619 mente
1256 3578 1386 3635 ergo
1414 3564 1553 3622 habe
1581 3569 1817 3638 qualiter

226 3652 523 3720 acceperis,
552 3660 607 3707 et
635 3652 899 3721 audieris,
927 3660 983 3709 et
1006 3669 1190 3721 serva,
1211 3666 1266 3713 et
1288 3659 1666 3727 paenitentiam
1691 3676 1813 3733 age.

226 3744 284 3801 Si
316 3759 443 3815 ergo
474 3760 581 3801 non
613 3746 945 3818 vigilaveris,
977 3751 1193 3806 veniam
1221 3751 1289 3806 ad
1320 3762 1373 3808 te
1402 3762 1674 3824 tamquam
1706 3758 1817 3825 fur,

226 3846 283 3893 et
310 3839 522 3894 nescies
548 3854 653 3909 qua
682 3841 818 3896 hora
851 3842 1066 3898 veniam
1094 3843 1164 3898 ad
1198 3852 1271 3899 te.
1306 3845 1413 3901 Sed
1450 3846 1621 3905 habes
1646 3866 1816 3920 pauca

227 3931 446 3986 nomina
477 3932 532 3986 in
557 3932 764 4001 Sardis,
788 3936 875 4005 qui
905 3950 1015 3990 non
1043 3937 1466 4006 inquinaverunt
1488 3943 1816 4001 vestimenta

227 4039 323 4079 sua
347 4042 363 4081 :
393 4034 447 4080 et
471 4026 826 4083 ambulabunt
853 4044 1063 4085 meeum
1089 4030 1142 4084 in
1164 4032 1326 4099 albis,
1348 4036 1473 4104 quia
1496 4035 1647 4107 digni
1667 4048 1813 4095 sunt.

227 4116 327 4182 Qui
367 4118 579 4188 vicerit,
611 4120 694 4175 sic
732 4120 996 4179 vestietur
1033 4120 1377 4180 vestimentis
1414 4125 1576 4194 albis,
1622 4138 1676 4184 et
1706 4144 1815 4186 non

226 4207 421 4265 delebo
450 4224 653 4267 nomen
683 4210 804 4281 ejus
834 4212 904 4268 de
934 4212 1075 4269 libro
1111 4215 1261 4281 vitae,
1290 4224 1347 4271 et
1386 4218 1688 4275 conﬁtebor
1717 4236 1816 4277 no.

226 4316 347 4356 men
377 4301 494 4372 ejus
521 4316 705 4359 coram
736 4303 896 4362 Patre
932 4320 1079 4373 meo,
1107 4315 1163 4363 et
1207 4321 1394 4365 coram
1432 4312 1641 4381 angelis
1663 4314 1807 4383 ejus.

226 4394 327 4462 Qui
357 4394 524 4451 habet
545 4410 756 4462 aurem,
798 4398 983 4454 audiat
1008 4399 1138 4470 quid
1171 4400 1407 4471 Spiritus
1442 4404 1588 4461 dicat
1617 4404 1813 4463 Eccle-

1924 3198 1949 3229 ι
1976 3187 2071 3245 tibi
2099 3202 2221 3258 qua:
2247 3196 2462 3257 oportet
2487 3186 2603 3242 ﬁeri
2627 3195 2747 3255 post
2768 3185 2903 3241 hanc.
2929 3186 2996 3241 Et
3023 3186 3205 3241 statim
3231 3185 3307 3241 lui
3330 3187 3382 3242 in
3401 3188 3513 3257 spi-

1921 3282 2025 3338 ritu
2052 3299 2070 3338 :
2093 3290 2149 3337 et
2174 3294 2306 3337 ecce
2325 3281 2483 3337 sedes
2513 3278 2687 3348 posita
2716 3287 2834 3334 erat
2862 3278 2917 3333 in
2940 3278 3105 3343 cceio,
3146 3288 3200 3335 et
3229 3293 3394 3349 supra
3423 3294 3514 3335 se-

1919 3375 2041 3432 dem
2067 3374 2282 3431 sedens.
2308 3373 2369 3429 Et
2389 3372 2479 3446 qui
2509 3372 2753 3440 sedebat,
2777 3371 2970 3428 similis
3009 3380 3126 3428 erat
3158 3373 3399 3441 aspectui
3442 3372 3518 3429 lar

1922 3469 2061 3540 pidis
2085 3467 2313 3539 jaspidis
2343 3474 2398 3524 et
2427 3466 2660 3522 sardinia
2688 3482 2703 3520 :
2736 3474 2791 3520 et
2814 3465 2907 3520 iris
2935 3474 3050 3520 erat
3075 3464 3130 3519 in
3161 3465 3389 3527 oircuitu
3426 3479 3515 3521 se-

1920 3560 2026 3627 dis,
2058 3560 2250 3617 similis
2276 3561 2468 3617 visioni
2492 3559 2869 3630 smaragdinum.
2902 3558 2969 3613 Et
3011 3558 3067 3619 in
3109 3558 3336 3614 circuitu
3366 3559 3515 3614 sedis

1918 3654 2110 3711 sedilia
2137 3655 2323 3725 viginti
2374 3663 2640 3724 quatuor:
2664 3662 2720 3709 et
2740 3667 2903 3722 super
2922 3653 3144 3707 thronos
3167 3650 3355 3720 viginti
3379 3666 3512 3721 qua.

1922 3758 2046 3805 tuor
2070 3748 2316 3805 seniores
2337 3748 2609 3813 sedentes,
2643 3745 3033 3800 circumamicti
3060 3743 3395 3803 vestimentis
3422 3743 3505 3798 al-

1920 3841 2024 3908 bis,
2052 3849 2109 3897 et
2133 3842 2186 3895 in
2214 3839 2476 3909 capitibus
2496 3852 2683 3911 eorum
2706 3852 2922 3892 corona:
2942 3852 3145 3893 aureae.
3177 3837 3247 3892 Et
3264 3838 3334 3894 de
3364 3836 3512 3897 thros
3602 3900 3607 3901 ,

1921 3950 1993 3989 no
2013 3932 2374 4004 procedebant
2406 3930 2612 4000 fulgura
2638 3975 2652 3999 ,
2694 3938 2748 3986 et
2782 3944 2977 3997 voces,
3018 3938 3075 3987 et
3114 3930 3351 3986 tonitrua
3396 3947 3413 3985 :
3455 3938 3514 3987 et

1920 4036 2129 4097 septem
2155 4026 2430 4097 lampades
2458 4025 2713 4085 ardentes
2756 4033 2884 4080 ante
2926 4024 3178 4080 thronum
3203 4067 3220 4094 ,
3262 4025 3355 4096 qui
3384 4032 3515 4082 sunt

1918 4129 2126 4191 septem
2148 4119 2366 4190 spiritus
2390 4120 2504 4176 Dei.
2536 4120 2602 4175 Et
2628 4120 2684 4181 in
2716 4127 3011 4189 conspectu
3049 4118 3196 4175 sedis
3235 4127 3512 4190 tamquam

1919 4228 2070 4270 mare
2091 4215 2321 4269 vitreum
2349 4213 2527 4269 simile
2553 4212 2811 4284 crystallo
2837 4227 2853 4267 :
2884 4221 2939 4268 et
2968 4212 3023 4267 in
3049 4210 3230 4267 medio
3255 4212 3421 4279 sedis,
3453 4220 3511 4266 et

1919 4309 1972 4364 in
2000 4309 2228 4364 circuitu
2255 4308 2423 4375 sedis,
2452 4316 2686 4379 quatuor
2715 4306 2967 4361 animalia
2992 4306 3152 4374 plena
3182 4304 3356 4358 oculis
3381 4312 3509 4359 ante

1916 4412 1973 4459 et
2002 4410 2166 4458 retro.
2194 4401 2261 4456 Et
2287 4400 2484 4456 animal
2514 4401 2749 4471 primum
2777 4398 2953 4452 simile
2989 4396 3133 4450 leoni
3158 4435 3175 4460 ,
3226 4403 3284 4449 et
3308 4409 3507 4455 secun-

223 4488 341 4543 siis.
389 4489 455 4544 Et
484 4489 674 4560 angelo
717 4490 1107 4563 Philadelphia
1138 4493 1403 4551 Ecclesiae
1440 4497 1619 4553 scribe
1647 4516 1659 4551 :
1688 4498 1816 4556 Haec
1841 4488 1897 4550 D
1920 4494 2046 4551 dum
2076 4492 2277 4548 animal
2305 4492 2481 4549 simile
2498 4490 2671 4546 vitulo
2694 4530 2710 4556 ,
2738 4496 2791 4544 et
2822 4485 3036 4541 tertium
3066 4482 3270 4541 animal
3297 4483 3505 4540 habens

226 4580 357 4635 dicit
379 4580 616 4637 Sanctus
643 4592 699 4637 et
728 4582 917 4651 Verus,
940 4586 1029 4656 qui
1059 4585 1223 4642 habet
1247 4588 1458 4644 clavem
1491 4591 1658 4646 David
1683 4608 1696 4645 :
1721 4593 1815 4663 qui

224 4675 423 4742 aperit,
456 4682 512 4729 et
549 4689 709 4729 nemo
729 4675 934 4731 claudit
964 4694 979 4733 :
1023 4679 1259 4745 claudit,
1287 4690 1342 4735 et
1381 4696 1542 4737 nemo
1589 4686 1767 4755 aperit
1797 4701 1814 4745 :

223 4766 355 4823 Scio
375 4782 541 4837 opera
572 4777 685 4824 tua.
718 4770 860 4826 Ecce
881 4770 1007 4825 dedi
1028 4786 1211 4828 coram
1235 4781 1291 4829 te
1309 4774 1510 4830 ostium
1535 4787 1809 4847 apertum,

218 4860 364 4931 quod
415 4876 578 4917 nemo
626 4871 809 4932 potest
852 4862 1111 4920 claudere
1149 4867 1318 4935 :quia
1356 4869 1622 4924 modicam
1672 4868 1811 4941 [Με.

223 4955 520 5027 modicum]
539 4955 710 5013 habes
730 4958 1006 5025 virtutem,
1032 4967 1087 5013 et
1106 4962 1337 5015 servasti
1357 4963 1582 5018 verbum
1607 4977 1809 5031 meum,

218 5060 273 5105 et
308 5064 420 5103 non
453 5051 663 5120 negasti
694 5065 891 5107 nomen
922 5068 1124 5107 meum.
1160 5054 1301 5110 Ecce
1329 5055 1470 5112 dabo
1499 5057 1647 5129 [Ms.
1682 5059 1811 5132 tibi]

219 5144 291 5198 de
335 5157 609 5215 synagoga
635 5142 873 5209 Satanae,
906 5146 998 5215 qui
1028 5145 1219 5202 dicunt
1246 5162 1307 5204 se
1333 5148 1552 5206 Judmos
1573 5166 1697 5207 esse
1715 5193 1729 5217 ,
1757 5160 1814 5208 et

221 5248 331 5288 non
377 5244 528 5299 sunt,
575 5234 671 5290 sed
703 5236 1061 5291 mentiuntur.
1103 5238 1244 5294 Ecce
1270 5238 1465 5295 faciam
1489 5239 1613 5297 illos
1635 5251 1692 5297 ut
1722 5258 1813 5298 ve-

219 5326 394 5393 niant,
426 5335 484 5380 et
514 5324 747 5381 adorent
784 5334 915 5381 ante
960 5328 1126 5396 pedes
1173 5339 1299 5387 tuos
1332 5349 1346 5385 :
1379 5342 1433 5386 et
1462 5332 1639 5387 scient
1686 5335 1811 5403 quia

219 5435 321 5491 ego
363 5420 534 5474 dilexi
569 5427 640 5475 te.
680 5418 945 5485 Quoniam
995 5426 1223 5478 servasti
1266 5425 1489 5479 verbum
1538 5426 1812 5495 patientiae

216 5528 375 5580 mere,
428 5522 486 5568 et
515 5526 619 5582 ego
658 5513 889 5569 servabo
918 5523 973 5572 te
1013 5515 1084 5571 ab
1130 5514 1265 5572 hora
1309 5516 1640 5583 tentationis,
1690 5532 1812 5588 quas

290 5704 317 5735 ι
341 5694 547 5751 Noster
572 5708 677 5750 ms.
704 5696 989 5765 ostendam,
1013 5712 1130 5767 qum
1149 5706 1347 5768 oportet
1374 5698 1475 5753 cito
1503 5698 1641 5769 ﬁeri,
1672 5709 1779 5756 etc.

1916 4589 2109 4645 faciem
2164 4587 2317 4659 quasi
2373 4583 2643 4649 hominis,
2694 4590 2752 4638 et
2798 4586 3049 4651 quartum
3094 4577 3291 4633 animal
3325 4577 3506 4634 simile

1916 4680 2112 4752 aquilae
2132 4679 2354 4736 volanti.
2399 4679 2466 4734 Et
2504 4684 2737 4747 quatuor
2781 4672 3072 4737 animalia,
3143 4669 3355 4738 singula
3407 4682 3506 4725 eo.

1918 4790 2037 4832 rum
2066 4775 2333 4830 habebant
2354 4762 2470 4827 alas
2500 4785 2659 4827 senas
2680 4777 2738 4827 et
2756 4770 2810 4824 in
2839 4768 3090 4835 circuitu,
3117 4773 3174 4822 et
3192 4765 3337 4820 intus
3350 4765 3509 4835 plena

1916 4875 2044 4921 sunt
2072 4864 2243 4921 oculis
2266 4881 2281 4918 :
2313 4872 2368 4919 et
2394 4864 2639 4933 requiem
2660 4876 2767 4916 non
2791 4859 3061 4914 habebant
3092 4858 3182 4913 die
3219 4872 3282 4912 ac
3305 4864 3466 4912 nocte
3484 4894 3505 4925 ,

1921 4956 2157 5015 dicentia
2191 4973 2204 5008 :
2235 4954 2491 5023 Sanctus,
2515 4954 2771 5020 Sanctus,
2800 4951 3051 5021 Sanctus,
3077 4951 3338 5011 Dominus
3366 4950 3511 5007 Deus

1921 5052 2283 5119 omnipotens,
2311 5048 2399 5118 qui
2425 5058 2565 5116 erat,
2596 5046 2762 5116 atqui
2785 5054 2890 5114 est,
2918 5056 2974 5099 et
3001 5046 3090 5115 qui
3122 5054 3379 5100 venturus
3401 5053 3509 5101 est.

1922 5148 1985 5203 Et
2014 5160 2137 5200 cum
2161 5144 2356 5198 darent
2382 5142 2472 5196 illa
2497 5141 2755 5196 animalia
2782 5140 3028 5211 gloriam,
3061 5148 3117 5195 et
3147 5139 3429 5205 honorem,
3458 5147 3515 5194 et

1920 5235 2349 5306 benedictionem
2372 5233 2582 5289 sedenti
2604 5246 2766 5302 super
2788 5231 3063 5297 thronum,
3102 5230 3300 5287 viventi
3329 5231 3383 5284 in
3409 5244 3512 5284 sa-

1920 5332 2040 5387 cula
2062 5327 2414 5394 saeculorum;
2452 5324 2805 5395 procidebant
2834 5324 3023 5394 viginti
3070 5330 3301 5394 quatuor
3327 5321 3510 5377 senio-

1920 5441 2006 5481 res
2029 5432 2153 5480 ante
2173 5421 2453 5478 sedentem
2486 5422 2538 5475 in
2564 5420 2758 5475 throno
2783 5459 2796 5483 ,
2827 5428 2878 5473 et
2907 5416 3206 5477 adorabunt
3236 5415 3509 5475 viventem

1921 5518 1976 5574 in
2004 5515 2200 5574 Stecula
2230 5512 2574 5580 saeculorum,
2604 5521 2657 5569 et
2680 5510 2968 5573 mittebant
2988 5523 3221 5571 coronas
3238 5521 3363 5566 suas
3378 5518 3505 5564 ante
