3946 6198
467 198 574 256 855

1471 195 1530 251 S.
1570 191 1956 249 ΙΙΙΕΒΟΝΥΜΙ
1997 192 2225 250 DIVINA
2268 195 2738 257 BIBLIOTHECA.

3657 212 3780 269 856

473 319 750 385 thronum,
784 315 1027 371 dicentes
1054 330 1069 366 ε
1101 310 1305 382 Dignus
1330 323 1416 378 es,
1434 308 1662 364 Domine
1687 307 1830 363 Deus
1853 317 2058 377 noster,
2089 311 2139 371 Α
2167 308 2378 365 Etcum
2402 314 2707 381 aperuisset
2735 316 2970 388 sigillum
2999 318 3220 377 tertium
3245 363 3262 391 ,
3309 322 3500 379 audivi
3541 325 3781 381 tertium

476 412 724 481 accipere
753 409 1004 481 gloriam,
1031 415 1087 462 et
1115 406 1398 470 honorem,
1432 415 1487 459 et
1510 403 1764 459 virtutem
1797 420 1811 456 :
1851 403 1975 474 quia
2003 413 2058 458 tu

477 503 674 558 creasti
705 501 908 566 omnia,
934 507 989 556 et
1015 508 1236 570 propter
1265 497 1596 552 voluntatem
1623 507 1765 551 tuam
1797 505 1973 563 erant,
2007 504 2063 551 et

473 605 653 651 creata
681 601 824 648 sunt.

552 685 698 758 |Cap.
721 683 813 756 V.]
844 683 911 738 Et
938 683 1047 738 vidi
1076 685 1132 740 in
1175 684 1397 740 dextera
1437 683 1676 739 sedentis
1708 696 1875 752 supra
1912 680 2064 736 thro-

478 794 632 844 num,
661 777 859 832 librum
888 778 1149 848 scriptum
1179 779 1324 834 intus
1351 787 1408 831 et
1446 777 1577 831 foris
1605 775 1875 847 signatum
1919 773 2068 844 sigil-

424 933 428 938 ,
482 871 552 926 lis
580 878 808 940 septem.
841 869 911 925 Et
933 869 1041 924 vidi
1085 868 1211 942 [Με.
1263 869 1466 942 audivi]
1519 869 1780 941 Angelum
1823 867 2020 922 fortem
2048 908 2066 933 ,

481 964 868 1034 praedicantem
903 977 1037 1019 voce
1066 978 1257 1034 magna
1290 982 1302 1016 :
1341 963 1474 1030 Quis
1503 972 1590 1018 est
1627 962 1823 1032 dignus
1856 961 2073 1031 aperire

483 1053 710 1120 librum,
737 1062 795 1108 et
821 1053 1038 1111 solvere
1053 1055 1327 1125 signacula
1355 1054 1508 1124 ejus?
1537 1053 1607 1108 Et
1629 1067 1791 1108 nemo
1822 1059 2068 1122 poterat,

481 1161 663 1217 neque
693 1147 746 1201 in
768 1146 930 1211 caelo,
964 1162 1140 1218 neque
1171 1147 1225 1202 in
1250 1158 1416 1213 terra,
1443 1161 1620 1218 neque
1641 1145 1832 1201 subtus
1848 1155 2070 1212 terram,

485 1236 701 1305 aperire
726 1235 947 1303 librum,
973 1246 999 1273 ο
1030 1251 1205 1307 neque
1235 1237 1509 1306 reSpicere
1538 1235 1712 1290 illum.
1743 1233 1813 1288 Et
1843 1249 1945 1305 ego
1973 1232 2076 1289 tle-

485 1328 609 1383 bam
640 1329 890 1396 multum,
915 1329 1167 1398 quoniam
1187 1345 1348 1386 nemo
1365 1331 1558 1400 dignus
1582 1330 1831 1385 inventus
1851 1338 1935 1384 est
1950 1343 2078 1399 ape-

486 1421 600 1478 rire
623 1421 844 1492 librum,
870 1438 970 1479 nec
997 1424 1185 1480 videre
1212 1440 1358 1480 eum.
1390 1424 1456 1479 Et
1491 1439 1634 1478 unus
1672 1422 1742 1478 de
1774 1422 2078 1478 senioribus

487 1517 623 1572 dixit
643 1517 803 1572 mihi:
833 1517 911 1573 Ne
936 1517 1154 1573 ﬂeveris
1187 1534 1202 1572 :
1229 1533 1356 1574 ecce
1385 1519 1515 1572 vicit
1535 1513 1628 1572 leo'
1649 1517 1716 1571 de
1744 1515 1884 1571 tribu
1904 1514 2040 1571 Juda
2061 1556 2077 1580 ,

489 1608 647 1663 radix
678 1608 872 1675 David,
898 1609 1112 1680 aperire
1139 1609 1366 1676 librum,
1394 1619 1450 1664 et
1475 1609 1686 1664 solvere
1723 1617 1930 1677 septem
1972 1608 2082 1678 sig-

2165 400 2388 467 animal,
2423 402 2610 460 dicens
2635 420 2650 460 :
2681 406 2841 476 Veni,
2867 419 2924 465 et
2953 411 3098 468 vide.
3125 413 3194 469 Et
3216 429 3344 470 ecce
3373 430 3549 486 equus
3581 417 3780 489 niger:

2165 502 2220 546 et
2243 495 2332 562 qui
2360 493 2586 550 sedebat
2609 513 2774 569 super
2803 501 2982 569 illum,
3009 503 3242 560 habebat
3267 515 3536 563 stateram
3566 508 3621 562 in
3654 524 3780 564 ma-

2169 601 2240 641 nu
2269 600 2386 642 sua.
2416 588 2484 644 Et
2510 591 2690 646 audivi
2717 603 2991 666 tamquam
3014 612 3206 655 vocem
3236 601 3292 655 in
3322 600 3509 656 medio
3533 612 3785 671 quatuor

2170 677 2484 738 animalium
2515 682 2809 740 dicentium
2855 704 2871 746 :
2913 687 3132 745 Bilibris
3179 690 3345 746 tritici
3393 692 3627 748 denario
3655 737 3671 763 ,
3721 704 3781 750 et

2172 786 2283 831 tres
2315 774 2543 831 bilibres
2573 775 2764 832 hordei
2787 777 3033 848 denario,
3066 789 3121 837 et
3142 783 3360 849 vinum,
3396 793 3454 839 et
3478 783 3662 840 oleum
3698 800 3778 841 ne

2173 867 2403 922 laeseris.
2439 866 2654 922 Etcum
2686 870 2992 939 aperuisset
3009 871 3246 942 sigillum
3272 883 3556 944 quartum,
3579 877 3774 933 audivi

2176 975 2364 1016 vocem
2389 961 2568 1030 quarti
2592 961 2841 1016 animalis
2870 962 3106 1020 dicentis
3136 978 3152 1020 :
3184 965 3320 1022 Veni
3340 1010 3355 1034 ,
3407 978 3463 1022 et
3507 967 3657 1023 vide.
3698 967 3772 1023 Et

2174 1067 2302 1108 ecce
2334 1067 2510 1121 equus
2539 1052 2777 1122 pallidus
2809 1071 2824 1110 :
2859 1064 2914 1109 et
2940 1058 3032 1126 qui
3056 1056 3282 1113 sedebat
3306 1073 3477 1128 super
3502 1075 3648 1127 eum,
3675 1075 3781 1116 no-

2176 1159 2298 1199 men
2333 1143 2408 1196 illi
2440 1143 2607 1210 Mors,
2636 1155 2692 1199 et
2714 1143 2966 1201 lnfernus
2993 1148 3326 1216 sequebatur
3359 1165 3517 1218 eum;
3553 1160 3613 1206 et
3642 1152 3777 1206 data

2177 1245 2261 1291 est
2291 1235 2366 1289 illi
2402 1243 2646 1303 potestas
2671 1251 2835 1305 super
2857 1247 3091 1307 quatuor
3118 1249 3306 1309 partes
3330 1251 3492 1296 terra:
3515 1283 3533 1307 ,
3564 1242 3775 1296 interfi-

2177 1341 2306 1382 cere
2333 1327 2533 1396 gladio,
2566 1324 2729 1392 fame,
2755 1337 2813 1383 et
2842 1336 3041 1397 morte,
3064 1338 3120 1385 et
3139 1330 3330 1386 bestiis
3350 1340 3532 1387 terrae.
3558 1331 3776 1388 Etcum

2179 1417 2486 1490 aperuisset
2507 1419 2745 1491 sigillum
2774 1421 3047 1492 quintum,
3079 1423 3190 1478 vidi
3215 1425 3404 1481 subtus
3449 1425 3618 1481 altare
3646 1426 3784 1479 ani-

2183 1528 2301 1568 mas
2330 1513 2743 1568 interfectorum
2775 1524 3001 1584 propter
3029 1515 3256 1571 verbum
3293 1515 3414 1584 Dei,
3452 1527 3506 1572 et
3544 1525 3779 1586 prepter

2186 1604 2586 1672 testimonium,
2641 1605 2784 1674 quod
2833 1605 3153 1673 habebant,
3211 1617 3266 1663 et
3311 1610 3602 1664 clamabant
3625 1623 3780 1664 voce

491 1699 682 1753 uacula
711 1701 847 1767 ejus.
878 1698 944 1753 Et
977 1698 1085 1753 vidi
1117 1716 1131 1753 :
1157 1707 1214 1755 et
1247 1715 1376 1755 ecce
1401 1700 1456 1754 in
1479 1700 1659 1756 medio
1681 1700 1859 1754 throni
1883 1707 2085 1768 etqua—
2113 1683 2160 1743 Β
2189 1711 2402 1767 magna,
2437 1697 2724 1755 dicentes:
2755 1698 3078 1772 Usquequo,
3122 1701 3353 1758 Domine
3389 1703 3680 1774 (sanctus,
3722 1714 3781 1760 et

493 1797 621 1844 tuor
639 1789 1049 1854 animalium,et
1075 1792 1128 1843 in
1153 1788 1333 1844 medio
1364 1788 1661 1854 seniorum,
1690 1793 1902 1859 Agnum
1934 1799 2083 1843 stan-

498 1888 610 1934 tem
643 1889 911 1949 tamquam
939 1880 1198 1945 uccisum,
1231 1879 1524 1936 habentem
1551 1895 1752 1934 cornua
1775 1889 2007 1950 septem,
2033 1889 2090 1935 et

499 1971 690 2026 oculos
713 1978 919 2040 septem
955 1985 969 2022 :
1002 1973 1093 2040 qui
1124 1979 1478 2041 suntseptem
1503 1971 1730 2041 spiritus
1771 1973 1894 2036 Dei,
1935 1971 2087 2026 missi

494 2063 551 2120 in
580 2076 796 2118 omnem
825 2072 1045 2118 terram.
1073 2062 1140 2116 Et
1165 2065 1332 2131 venit,
1359 2075 1411 2118 et
1433 2064 1640 2133 accepit
1669 2063 1737 2118 de
1761 2063 1984 2118 dextera
2000 2077 2090 2117 se-

499 2158 683 2214 dentis
709 2158 764 2213 in
793 2158 988 2214 throno
1017 2159 1236 2214 librum.
1264 2159 1330 2213 Et
1363 2174 1488 2214 cum
1517 2159 1820 2230 aperuisset
1850 2160 2050 2213 librum
2071 2201 2088 2226 ,

500 2261 732 2322 quatuor
751 2250 1029 2317 animalia,
1055 2259 1112 2305 et
1135 2251 1320 2321 viginti
1343 2259 1576 2321 quatuor
1617 2252 1860 2306 seniores
1881 2251 2094 2306 cecide-

502 2355 632 2402 runt
657 2359 840 2403 coram
869 2347 1043 2416 Agno,
1070 2343 1334 2400 habentes
1354 2345 1553 2416 singuli
1573 2345 1831 2412 citharas,
1856 2354 1912 2402 et
1942 2345 2096 2415 phia-

501 2441 586 2497 las
607 2453 800 2496 aureas
827 2439 1016 2510 plenas
1035 2439 1516 2494 odoramentorum
1541 2480 1557 2503 ,
1581 2455 1703 2510 quae
1731 2448 1857 2493 sunt
1889 2438 2094 2492 oratio-

503 2547 602 2588 nes
627 2540 986 2587 sanctorum:
1014 2538 1073 2585 et
1094 2530 1384 2585 cantabant
1419 2531 1692 2585 canticum
1733 2543 1930 2584 novum
1957 2572 1972 2597 ,
2016 2528 2098 2582 di-

504 2633 692 2680 centes
719 2642 733 2678 :
767 2623 968 2694 Dignus
994 2637 1078 2690 es,
1103 2622 1356 2686 Domine,
1389 2621 1874 2694 acciperelibrum,
1901 2630 1954 2675 et
1971 2635 2100 2690 ape-

505 2717 619 2772 rire
636 2717 910 2785 signacula
938 2715 1056 2786 ejus
1085 2733 1097 2768 :
1123 2715 1378 2786 quoniam
1408 2717 1622 2771 occisus
1645 2729 1726 2782 es,
1745 2722 1801 2770 et
1820 2713 2100 2770 redemisti

511 2820 614 2862 nos
645 2807 754 2862 Deo
782 2806 835 2861 in
856 2806 1118 2877 sanguine
1147 2816 1239 2862 tuo
1269 2822 1334 2862 ex
1358 2807 1506 2861 omni
1532 2806 1699 2876 tribu,
1724 2795 1787 2862 'et
1811 2805 2012 2877 lingua,
2047 2815 2102 2861 et

508 2899 732 2971 populo,
761 2907 820 2956 et
843 2901 1103 2972 natione]:
1135 2909 1191 2956 et
1213 2898 1388 2955 fecisti
1431 2913 1534 2955 nos
1585 2900 1700 2956 Deo
1740 2910 1930 2956 nostro
1976 2914 2100 2970 reg-

509 3008 665 3060 num,
698 3000 754 3046 et
780 2993 1092 3049 sacerdotes
1123 3011 1136 3046 :
1186 3002 1244 3048 et
1289 2993 1637 3063 regnabimus
1681 3007 1844 3064 super
1880 3004 2097 3049 terram.

511 3081 582 3136 Et
604 3081 740 3146 vidi,
768 3091 824 3136 et
843 3083 1026 3138 audivi
1048 3099 1237 3140 vocem
1266 3062 1583 3154 angelorum
1611 3062 1901 3140 multorum
1921 3086 1972 3140 in
1997 3085 2106 3141 cir-
2131 3062 2177 3125 (ἶ

515 3173 669 3229 cuitu
714 3172 893 3229 throni
941 3184 998 3228 et
1040 3176 1393 3242 animalium,
1427 3187 1483 3231 et
1523 3179 1801 3233 seniorum
1839 3196 1851 3231 :
1895 3187 1952 3232 et
1986 3187 2106 3233 erat

516 3281 776 3321 numerus
805 3280 993 3322 eorum
1024 3267 1153 3340 [Με.
1183 3278 1292 3323 tae.
1313 3269 1526 3340 eorum]
1553 3272 1718 3325 millia
1744 3272 1994 3340 millium,
2021 3273 2106 3327 di-

513 3359 758 3416 centium
785 3373 920 3414 voce
947 3375 1141 3430 magna
1169 3379 1182 3416 :
1217 3361 1419 3429 Dignus
1441 3370 1525 3416 est
1544 3363 1752 3433 Agnus,
1776 3365 1867 3433 qui
1894 3365 2105 3419 occisus

514 3457 621 3516 est,
640 3449 889 3520 accipere
917 3449 1196 3517 virtutem,
1230 3460 1286 3506 et
1304 3451 1736 3517 divinitatem,et
1759 3453 2102 3523 sapientiam,

515 3555 572 3603 et
597 3544 989 3612 fortitudinem,
1017 3554 1073 3601 et
1097 3544 1381 3611 honorem,
1405 3553 1462 3599 et
1485 3545 1744 3614 gloriam,
1788 3554 1841 3600 et
1881 3545 2104 3601 benedio

515 3639 777 3696 ctionem.
800 3638 872 3694 Et
900 3653 1117 3694 omnem
1150 3648 1454 3694 creaturam
1476 3655 1597 3709 quae
1625 3639 1678 3693 in
1714 3639 1858 3695 cmlo
1887 3647 2009 3708 est,
2053 3649 2110 3695 et

516 3746 684 3800 super
702 3740 925 3798 terram,
955 3740 1011 3786 et
1029 3732 1130 3787 sub
1155 3740 1319 3794 terra,
1353 3741 1405 3786 et
1433 3747 1555 3802 qua:
1581 3741 1712 3786 sunt
1754 3733 1808 3786 in
1845 3733 2022 3799 mari,
2053 3741 2110 3787 et

515 3836 638 3891 quae
667 3821 722 3876 in
751 3837 818 3878 eo
847 3841 861 3877 :
893 3838 1081 3879 omnes
1101 3823 1285 3880 audivi
1312 3823 1557 3898 dicentes
1588 3841 1603 3878 :
1630 3825 1850 3880 Sedenti
1880 3825 1935 3879 in
1958 3825 2109 3879 thro-

513 3929 612 3980 no,
640 3923 696 3970 et
715 3915 893 3986 Agno,
927 3918 1257 3985 benedictio,
1277 3925 1333 3972 et
1358 3917 1556 3986 honor,
1590 3926 1645 3972 et
1668 3917 1872 3988 gloria;
1906 3929 1961 3974 et
2005 3933 2106 3988 po—

517 4015 694 4062 testas
719 4008 771 4062 in
796 4008 997 4063 stecula
1018 4011 1367 4064 saeculorum.
1397 4010 1462 4064 Et
1488 4019 1721 4080 quatuor
1747 4009 2000 4064 animalia
2020 4009 2106 4064 di-

519 4097 756 4154 cebant:
791 4101 984 4154 Amen.
1018 4099 1087 4152 Et
1117 4099 1302 4169 viginti
1331 4108 1564 4168 quatuor
1615 4101 1858 4156 seniores
1895 4100 2110 4157 cecide-

515 4200 648 4249 runt
666 4191 722 4248 in
744 4189 912 4247 facies
940 4204 1103 4246 suas:
1138 4199 1193 4245 et
1212 4189 1577 4246 adoraverunt
1595 4189 1622 4230 ιι
1647 4194 1916 4248 viventem
1939 4193 1992 4246 in
2009 4206 2112 4248 ste-

515 4286 639 4342 cula
666 4286 1014 4342 saeculorum.

517 4411 523 4417 -
591 4377 746 4452 [Cap.
776 4376 892 4450 VL]
916 4378 982 4433 Et
1003 4377 1119 4433 vidi
1143 4371 1289 4446 quod
1313 4378 1618 4448 aperuisset
1638 4376 1821 4447 Agnus
1852 4394 2016 4434 unum
2039 4379 2109 4436 de

2190 1788 2400 1857 verus),
2434 1804 2545 1844 non
2570 1790 2804 1860 judicas,
2837 1802 2889 1846 et
2929 1808 3035 1848 non
3066 1793 3308 1849 vindicas
3333 1797 3648 1865 sanguinem
3682 1811 3788 1852 no-

2191 1888 2363 1936 strum
2387 1880 2456 1935 de
2484 1882 2572 1950 iis,
2604 1882 2696 1952 qui
2725 1881 2970 1938 habitant
2997 1884 3052 1939 in
3079 1885 3258 1940 terra?
3289 1885 3359 1940 Et
3388 1885 3534 1941 datae
3558 1897 3682 1941 sunt
3713 1887 3784 1940 il-

2192 1973 2259 2028 lis
2287 1974 2516 2044 singulae
2537 1976 2692 2030 stolae
2719 1976 2893 2043 albaz;
2943 1987 3000 2033 et
3029 1979 3232 2034 dictum
3279 1990 3364 2034 est
3406 1980 3512 2034 illis
3535 2021 3551 2046 ,
3598 1992 3655 2034 ut
3699 1995 3788 2036 re-

2191 2065 2533 2135 quiescerent
2562 2067 2742 2123 adhuc
2773 2080 2988 2138 tempus
3014 2071 3286 2126 modicum
3309 2112 3325 2138 ,
3360 2069 3387 2109 ά
3429 2072 3603 2128 donec
3630 2086 3784 2127 como

2195 2155 2448 2225 pleantur
2467 2160 2712 2214 conservi
2742 2174 2954 2226 eorum,
2977 2171 3033 2217 et
3059 2160 3258 2217 fratres
3272 2177 3486 2228 eorum,
3501 2161 3597 2231 qui
3619 2163 3787 2216 inter-

2195 2245 2409 2304 ficiendi
2439 2257 2566 2303 sunt
2584 2249 2726 2306 sicut
2755 2259 2810 2305 et
2840 2251 2940 2305 illi.
2976 2252 3040 2306 Et
3069 2251 3176 2307 vidi
3214 2266 3338 2307 cum
3375 2254 3684 2322 aperuisset
3716 2254 3786 2308 si-

2195 2340 2382 2409 gillum
2417 2352 2638 2396 sextum
2674 2358 2690 2395 :
2719 2352 2774 2398 et
2801 2357 2930 2399 ecce
2957 2352 3116 2400 terra:
3149 2351 3328 2401 motus
3353 2360 3582 2416 magnus
3615 2345 3788 2401 factus

2197 2441 2302 2499 est,
2334 2441 2391 2487 et
2419 2432 2501 2487 sol
2518 2430 2692 2489 factus
2709 2444 2795 2490 est
2817 2436 2971 2506 niger
2994 2447 3266 2506 tamquam
3291 2452 3482 2493 saccus
3503 2437 3785 2496 cilicinus:

2198 2532 2253 2578 et
2279 2521 2406 2577 luna
2437 2532 2546 2578 tota
2575 2524 2712 2581 facta
2733 2535 2818 2582 est
2842 2529 2979 2582 sicut
3005 2529 3257 2598 sanguis:
3285 2539 3341 2583 et
3361 2529 3540 2584 stellae
3557 2531 3628 2585 de
3652 2531 3790 2586 cmlo

2199 2615 2519 2673 ceciderunt
2543 2633 2709 2689 super
2739 2629 2940 2676 terram
2959 2663 2975 2688 ,
3013 2622 3156 2678 sicut
3181 2623 3313 2677 ficus
3343 2624 3542 2678 emittit
3571 2637 3793 2694 grossos

2201 2722 2352 2775 suos,
2376 2723 2501 2764 cum
2528 2724 2558 2763 a
2582 2719 2745 2766 vento
2774 2726 2970 2783 magno
3001 2723 3271 2768 movetur.
3302 2713 3367 2768 Et
3385 2715 3586 2769 caelum
3615 2727 3795 2770 reces-

2201 2803 2273 2857 sit
2293 2802 2436 2859 sicut
2455 2803 2596 2859 liber
2618 2805 2894 2860 involutus
2929 2825 2943 2862 :
2989 2817 3045 2862 et
3064 2808 3245 2862 omnis
3279 2821 3467 2874 mons,
3509 2816 3566 2863 et
3605 2806 3793 2862 insula:

2202 2899 2269 2951 de
2291 2895 2430 2952 locis
2452 2897 2565 2952 suis
2594 2907 2758 2953 mota:
2783 2907 2928 2953 sunt.
2960 2897 3030 2954 Et
3078 2913 3233 2970 reges
3270 2909 3465 2969 teme,
3503 2909 3558 2954 et
3600 2899 3796 2968 princi-

2206 3002 2325 3059 pes,
2349 2995 2406 3043 et
2437 2988 2660 3055 tribuni,
2686 2997 2742 3046 et
2766 2989 2979 3058 divites,
3008 3000 3062 3046 et
3082 2989 3275 3055 fortes,
3302 3001 3356 3046 et
3381 2992 3562 3046 omnis
3581 3005 3790 3056 servus,

2207 3088 2262 3136 et
2281 3079 2440 3149 liber,
2469 3079 2874 3137 absconderunt
2911 3098 2971 3138 se
3001 3083 3053 3137 in
3084 3084 3390 3152 speluncis,
3425 3094 3481 3137 et
3531 3083 3584 3137 in
3634 3083 3793 3154 petris

2207 3173 2475 3228 montium
2511 3183 2608 3239 ;et
2629 3173 2820 3230 dicunt
2849 3175 2980 3248 |Ms.
3002 3174 3204 3248 dicent]
3243 3176 3519 3231 montibus
3547 3217 3562 3242 ,
3611 3187 3668 3231 et
3704 3191 3792 3244 pe-

2207 3268 2308 3323 tris
2341 3282 2356 3323 :
2385 3267 2571 3324 Cadite
2600 3283 2766 3341 super
2791 3285 2913 3336 nos,
2938 3280 2994 3326 et
3025 3269 3341 3326 abscondite
3368 3283 3468 3324 nos
3489 3285 3517 3322 a
3551 3269 3692 3325 facie
3713 3283 3792 3323 se-

2206 3359 2390 3416 dentis
2419 3375 2586 3432 super
2611 3362 2889 3430 thronum,
2921 3371 2977 3417 et
3002 3362 3072 3418 ab
3101 3363 3178 3417 ira
3205 3363 3340 3429 Agui
3369 3377 3384 3417 :
3414 3362 3679 3433 quoniam
3711 3377 3793 3415 ve-

2207 3448 2288 3506 nit
2315 3450 2434 3505 dies
2453 3451 2795 3522 maguusirae
2821 3453 3062 3521 ipsorum
3091 3466 3107 3507 :
3151 3463 3204 3508 et
3227 3453 3348 3523 quis
3379 3453 3582 3524 poterit
3614 3453 3790 3508 stare?

2287 3543 2441 3616 [Cap.
2474 3543 2612 3616 Ἧι]
2643 3545 2774 3600 Post
2803 3548 2918 3601 hate
2939 3546 3051 3602 vidi
3079 3557 3312 3617 quatuor
3340 3546 3567 3615 angelos
3595 3554 3790 3600 stantes

2210 3651 2374 3705 super
2406 3645 2638 3705 quatuor
2666 3640 2892 3710 angulos
2921 3649 3103 3709 terrze,
3131 3648 3378 3694 tenentes
3405 3649 3645 3709 quatuor
3671 3654 3787 3693 veu-

2211 3737 2294 3784 tos
2319 3737 2479 3784 terra:
2516 3728 2648 3801 [118.
2679 3740 2782 3786 lac.
2807 3732 3011 3804 terrae],
3038 3748 3109 3789 ne
3128 3732 3324 3789 flarent
3347 3747 3514 3803 super
3558 3742 3782 3792 terram.

2209 3835 2385 3892 neque
2405 3837 2570 3892 super
2597 3838 2765 3892 mare,
2793 3839 2967 3895 neque
2987 3828 3042 3880 in
3086 3826 3246 3881 ullam
3277 3826 3554 3881 arborem.
3594 3826 3658 3880 Et
3690 3823 3785 3877 vidi

2211 3913 2435 3969 alterum
2458 3913 2711 3985 angelum
2740 3916 3124 3972 ascendentem
3155 3918 3222 3973 ab
3248 3929 3368 3972 ortu
3393 3916 3564 3980 solis,
3601 3916 3787 3971 haben-

2213 4012 2320 4060 tem
2353 4005 2566 4076 signum
2604 4007 2700 4062 Dei
2731 4008 2880 4071 vivi;
2907 4017 2962 4064 et
2988 4009 3238 4064 clamavit
3265 4023 3400 4064 voce
3431 4023 3622 4079 magna
3664 4021 3780 4078 qua-

2213 4107 2337 4156 tuor
2361 4100 2586 4170 augelis,
2615 4101 2810 4171 quibus
2835 4101 3018 4157 datum
3042 4111 3128 4159 est
3154 4118 3355 4159 nocere
3383 4113 3549 4158 teme
3569 4144 3584 4167 ,
3607 4112 3654 4156 et
3681 4112 3780 4154 ma-

2209 4193 2282 4258 ri,
2308 4192 2496 4250 dicens
2531 4209 2545 4249 :
2578 4193 2755 4251 Nolite
2784 4210 2983 4252 nocere
3016 4208 3196 4264 terrae,
3221 4208 3277 4252 et
3308 4197 3442 4250 mari
3469 4237 3486 4260 ,
3513 4210 3678 4266 neque
3699 4208 3776 4246 ar-

2212 4283 2454 4352 boribus,
2481 4285 2832 4358 quoadusque
2861 4288 3142 4358 signemus
3173 4301 3366 4342 servos
3411 4286 3508 4341 Dei
3546 4283 3700 4340 nostri
3725 4283 3770 4334 in

2214 4378 2483 4434 frontibus
2503 4393 2714 4434 eorum.
2757 4381 2825 4436 Et
2867 4379 3048 4436 audivi
3097 4395 3382 4435 numerum
3431 4381 3762 4450 signatorum.

515 4443 725 4540 septem
757 4443 966 4541 sigillis,
998 4480 1053 4526 et
1079 4443 1258 4525 audivi
1304 4443 1467 4525 unum
1499 4470 1568 4525 de
1598 4443 1829 4540 quatuor
1859 4471 2109 4527 animali-
2134 4443 2189 4504 D
2215 4482 2433 4527 centum
2459 4471 2817 4542 quadraginta
2845 4480 3078 4542 quatuor
3097 4472 3264 4528 millia
3291 4443 3523 4543 signati:
3552 4485 3612 4524 ex
3633 4463 3769 4520 omni

518 4563 644 4630 bus,
673 4562 859 4619 dicens
889 4561 1019 4634 [Μι.
1046 4561 1173 4618 add.
1203 4560 1382 4632 mihi],
1416 4572 1687 4632 tamquam
1731 4576 1919 4619 vocem
1959 4566 2106 4618 toni-

517 4655 624 4710 trui
657 4653 858 4720 :Veni,
882 4663 939 4710 et
961 4655 1103 4710 vide.
1131 4664 1154 4693 ο
1189 4655 1254 4710 Et
1274 4654 1382 4710 vidi
1412 4671 1426 4710 :
1457 4664 1512 4710 et
1539 4669 1666 4712 ecce
1709 4668 1882 4725 equus
1923 4655 2107 4722 albus,

518 4755 580 4804 et
605 4747 697 4820 qui
718 4747 944 4804 sedebat
965 4762 1136 4819 super
1165 4747 1319 4804 illum
1343 4748 1578 4806 habebat
1617 4766 1802 4806 arcum
1827 4791 1842 4815 ,
1895 4761 1948 4806 et
1984 4751 2107 4806 data

519 4847 607 4896 est
633 4840 684 4895 ei
712 4853 935 4907 corona,
963 4849 1020 4896 et
1044 4839 1209 4896 exivit
1230 4841 1477 4908 vincens,
1511 4852 1565 4896 ut
1597 4842 1863 4898 vinceret.
1888 4843 1956 4898 Et
1987 4857 2107 4898 cum

518 4931 828 5002 aperuisset
853 4932 1089 5004 sigillum
1113 4934 1434 5000 secundum,
1464 4934 1644 4990 audivi
1674 4936 1970 4992 secundum
1995 4934 2114 4990 ani-

521 5027 655 5096 mal,
685 5025 881 5083 dicens
909 5044 922 5080 :
952 5027 1110 5096 Veni,
1141 5037 1198 5084 et
1220 5029 1361 5085 vide.
1391 5028 1461 5084 Et
1483 5030 1656 5086 exivit
1679 5031 1817 5085 alius
1831 5045 2006 5100 equus
2024 5045 2113 5084 ru-

521 5119 608 5174 fus
641 5137 652 5171 :
688 5129 742 5174 et
761 5120 853 5190 qui
881 5120 1107 5177 sedebat
1129 5137 1293 5192 super
1317 5123 1493 5190 illum,
1523 5123 1706 5179 datum
1729 5129 1815 5178 est
1835 5125 1908 5190 ei,
1943 5130 2002 5178 ut
2024 5138 2115 5178 su-

520 5224 698 5273 meret
726 5231 912 5286 pacem
944 5217 1014 5272 de
1046 5226 1210 5280 terra,
1235 5227 1291 5273 et
1320 5227 1380 5273 ut
1413 5219 1643 5274 invicem
1688 5233 1748 5274 se
1785 5218 2114 5273 interficiant

521 5308 649 5380 [113.
680 5308 1067 5380 interficerent]
1093 5327 1106 5362 :
1135 5317 1190 5364 et
1214 5310 1373 5365 datus
1402 5317 1486 5365 est
1520 5311 1570 5366 ei
1615 5309 1828 5381 gladius
1864 5323 2112 5380 magnus.

591 5451 928 5526 fluterserit
953 5451 1095 5507 idem
1115 5467 1248 5526 ms.,
1279 5452 1837 5526 etsolveresiguuculo
1863 5455 2002 5526 ejus.

589 5518 618 5559 ³³
639 5521 814 5577 Verba
837 5523 1080 5578 viventem
1108 5523 1160 5576 in
1180 5518 1373 5577 “ecula
1395 5518 1705 5577 surculorum
1734 5533 1794 5576 ut
1816 5523 1867 5576 in
1883 5518 2103 5578 ’Grmcis

520 5590 714 5664 aliquo!
744 5594 919 5660 libris,
947 5599 1018 5647 ita
1046 5607 1097 5648 et
1129 5597 1182 5647 in
1211 5609 1312 5664 ius.
1339 5607 1526 5650 nostro
1558 5594 1955 5664 desiderantur.

597 5661 625 5700 ὅ
643 5668 820 5732 Atque
851 5666 966 5719 haec
993 5664 1188 5720 iterum
1216 5661 1286 5719 Et
1315 5664 1443 5733 vidi,
1465 5664 1620 5734 juxta
1659 5663 1878 5721 Graecos
1905 5663 2108 5735 aliquot

2219 4566 2358 4620 tribu
2387 4564 2621 4622 ﬁliorum
2651 4566 2835 4621 Israel.
2873 4565 2952 4620 Ex
2982 4565 3124 4621 tribu
3152 4564 3293 4620 Juda
3321 4563 3604 4620 duodecim
3621 4557 3779 4614 millia

2215 4656 2434 4725 signati.
2490 4658 2570 4712 Ex
2620 4657 2763 4713 tribu
2795 4655 2983 4738 Ruben
3035 4655 3323 4714 duodecim
3373 4655 3544 4711 millia
3585 4647 3778 4722 signati.

2219 4753 2296 4808 Ex
2328 4752 2471 4807 tribu
2494 4751 2610 4807 Gad
2638 4750 2924 4807 duodecim
2954 4751 3120 4806 millia
3146 4749 3362 4820 signati.
3393 4747 3474 4802 Ex
3505 4748 3642 4803 tribu
3661 4743 3782 4799 Aser

2216 4843 2501 4899 duodecim
2535 4843 2700 4899 millia
2727 4841 2944 4913 signati.
2978 4843 3056 4897 Ex
3100 4841 3243 4898 tribu
3270 4838 3561 4910 Nephtbali
3601 4833 3784 4893 duodeo

2216 4937 2324 4992 cim
2377 4936 2544 4990 millia
2607 4935 2826 5004 signati.
2884 4935 2962 4990 Ex
3017 4933 3163 4988 tribu
3214 4933 3463 4988 Manasse
3521 4925 3784 4988 duodecim

2219 5029 2388 5084 millia
2432 5027 2651 5098 signati.
2694 5026 2776 5083 Ex
2805 5027 2948 5082 tribu
2969 5025 3189 5082 Simeon
3216 5024 3510 5079 duodecim
3542 5019 3700 5078 millia
3723 5015 3786 5070 si-

2215 5123 2386 5194 gnati.
2405 5122 2484 5177 Ex
2514 5121 2653 5178 tribu
2671 5120 2803 5178 Levi
2824 5119 3110 5177 duodecim
3133 5117 3299 5173 millia
3320 5117 3545 5186 signati.
3564 5116 3639 5172 Ex
3662 5111 3784 5168 tribu

2217 5215 2468 5272 lssachar
2495 5213 2785 5269 duodecim
2828 5212 2996 5267 millia
3019 5208 3234 5280 signati.
3275 5207 3359 5264 Ex
3392 5209 3538 5263 tribu
3566 5203 3781 5262 Zahulon

2217 5306 2506 5366 duodecim
2549 5304 2717 5361 millia
2746 5305 2966 5375 signati.
2997 5303 3077 5359 Ex
3103 5301 3247 5358 tribu
3269 5299 3477 5372 Ioseph
3523 5297 3783 5356 duodecim

2209 5449 2400 5514 libros,
2424 5464 2527 5504 ms.
2556 5457 2746 5502 noster
2774 5447 3013 5515 ignorat.

2279 5520 2307 5558 ιι
2333 5520 2529 5576 Noster
2555 5532 2681 5584 ms.,
2714 5513 2874 5571 donec
2898 5513 3216 5584 compleatur
3234 5529 3486 5568 numerus
3529 5524 3780 5567 certame-

2208 5608 2326 5647 rum
2345 5603 2393 5648 et
2422 5592 2639 5663 fratrum
2661 5582 2858 5656 eorum,
2887 5587 2975 5657 qui
2998 5582 3341 5652 interﬁciendi
3364 5593 3509 5655 sunt,
3535 5595 3643 5641 etc.
