3946 6198
84 258 183 318 857

1066 262 1126 316 Β.
1168 260 1448 319 JO’ANNIS
1488 260 1818 320 APOSTOLI
1862 263 2351 328 APOCALYPSIS.

3253 278 3358 337 858

94 378 266 434 millia
310 377 524 449 signati.
560 381 636 436 Ex
682 380 820 437 tribu
862 380 1139 451 Beniamin
1179 382 1463 437 duodecim
1501 382 1665 437 millia
1693 386 1747 448 Α
1770 398 1982 453 eorum,
2024 398 2078 441 et
2124 388 2231 444 diei
2256 404 2357 446 non
2391 391 2597 450 luceret
2628 407 2750 464 pars
2784 396 2960 461 tertia,
2993 403 3047 450 et
3076 396 3250 451 noctis
3279 396 3357 450 si-

88 471 309 542 signati.
330 470 457 526 Post
484 472 597 527 haec
621 473 728 529 vidi
762 475 970 529 turbam
1002 490 1275 546 magnam,
1310 492 1469 543 quam
1502 477 1664 531 dinu-

86 579 306 620 merare
328 579 486 620 nemo
506 575 735 635 poterat,
768 581 838 621 ex
868 567 1121 623 omnibus
1140 569 1388 636 gentibus
1410 609 1425 633 ,
1470 578 1526 623 et
1572 571 1668 625 tri-

72 656 272 723 bubus,
297 666 352 713 et
379 657 618 727 populis,
649 666 706 712 et
732 657 959 726 linguis:
997 668 1203 713 stantes
1233 670 1359 715 ante
1387 660 1661 726 thronum,

67 756 122 802 et
148 748 199 801 in
226 754 536 816 conspe-ctu
563 747 720 816 Agni,
746 748 930 803 amicti
951 749 1108 804 stolis
1137 750 1294 816 albis,
1321 759 1375 805 et
1400 752 1589 819 palma:
1611 754 1664 808 in

74 838 320 893 manibus
348 854 579 898 eorum:
626 848 680 894 et
722 840 1035 896 clamabant
1076 858 1210 897 voce
1246 859 1439 915 magna
1480 846 1668 902 dicen-

86 939 201 984 tes:
226 929 384 985 Salus
410 930 526 985 Deo
557 941 766 996 nostro,
793 933 885 1003 qui
914 934 1068 989 sedet
1091 950 1256 1005 super
1280 939 1565 1005 thronum,
1610 949 1666 994 et

86 1020 253 1090 Agno.
287 1020 359 1075 Et
385 1036 574 1078 omnes
603 1024 780 1094 angeli
803 1025 1021 1080 stabant
1068 1028 1119 1081 in
1160 1030 1389 1083 circuitu
1433 1030 1614 1086 throni
1646 1072 1661 1097 ,

87 1122 137 1169 et
163 1112 463 1179 seniorum,
492 1126 545 1170 et
570 1126 802 1186 quatuor
846 1120 1195 1186 animalium;
1238 1130 1293 1177 et
1339 1124 1663 1182 ceciderunt

90 1206 139 1261 in
160 1218 455 1276 conspectu
479 1209 657 1264 throni
689 1211 743 1265 in
774 1212 937 1267 facies
976 1229 1102 1268 suas
1127 1257 1142 1281 ,
1192 1224 1247 1270 et
1294 1216 1662 1273 adoraverunt

88 1301 270 1368 Deum,
297 1302 543 1359 dicentes
576 1317 591 1358 :
627 1308 818 1361 Amen.
849 1307 1165 1364 Benedictio
1187 1351 1201 1375 ,
1234 1320 1288 1365 et
1313 1310 1533 1366 claritas
1560 1357 1574 1381 ,
1610 1325 1665 1368 ct

89 1400 373 1469 sapientia,
408 1412 463 1459 et
494 1407 787 1475 gratiarum
816 1409 977 1472 actio,
1008 1408 1202 1478 honor,
1255 1420 1309 1464 et
1344 1415 1515 1465 virtus
1542 1454 1555 1477 ,
1608 1420 1662 1466 et

85 1492 330 1549 fortitudo
353 1495 468 1551 Deo
498 1508 710 1565 nostro,
750 1499 803 1554 in
837 1502 1031 1554 saecula
1063 1502 1413 1557 saeculorum.
1464 1506 1655 1559 Amen.

86 1582 146 1637 Et
172 1586 449 1655 respondit
479 1604 615 1643 unus
647 1591 714 1644 de
742 1591 1066 1658 senioribus,
1094 1602 1145 1647 et
1170 1593 1307 1649 dixit
1339 1596 1468 1650 mihi
1502 1607 1516 1650 :
1550 1597 1612 1650 lli
1641 1638 1655 1661 ,

84 1675 163 1743 qui
185 1677 361 1731 amicti
393 1682 701 1735 suntstolis
725 1683 862 1736 albis
883 1724 896 1746 ,
930 1686 1017 1753 qui
1047 1685 1207 1739 sunt?
1236 1696 1286 1741 et
1326 1687 1467 1742 unde
1493 1703 1657 1744 vene-

1769 479 1988 534 militer.
2024 480 2091 535 Et
2113 482 2242 549 vidi,
2265 492 2320 539 et
2348 485 2526 541 audivi
2549 502 2733 542 vocem
2767 486 2923 542 unius
2950 489 3141 558 aquilae
3170 490 3358 545 volan-

1771 575 1839 629 tis
1864 591 1957 643 per
1978 575 2213 631 medium
2235 578 2382 644 caeli,
2406 580 2638 636 dicentis
2669 594 2799 636 voce
2832 598 3022 653 magna
3048 602 3063 639 :
3095 583 3207 649 Vw,
3252 600 3351 654 ver,

1768 681 1847 721 vae.
1874 665 2231 725 habitantibus
2279 671 2330 725 in
2364 680 2527 738 terra,
2553 672 2621 727 de
2660 674 2873 729 caneris
2919 674 3144 730 vocibus
3193 676 3352 733 trium

1766 759 2103 825 angelorum,
2135 761 2227 830 qui
2255 771 2408 816 erant
2434 763 2557 816 tuba
2582 764 2828 820 canituri.

1838 848 1987 921 [Cap.
2020 851 2134 923 IX.]
2186 854 2247 907 Et
2281 855 2503 922 quintus
2552 856 2774 923 angelus
2836 857 2961 912 tuba
3014 858 3250 914 cecinit:
3299 867 3353 915 et

1765 944 1872 998 vidi
1897 944 2108 998 stellam
2136 944 2203 999 de
2227 946 2367 1001 coelo
2404 945 2665 1002 cecidisse
2705 948 2757 1001 in
2793 962 3012 1017 terram,
3039 962 3091 1005 et
3120 951 3241 1005 data
3270 962 3354 1007 est

1766 1036 1815 1090 ei
1842 1035 2011 1089 clavis
2042 1036 2187 1105 putei
2214 1038 2417 1107 abyssi.
2452 1038 2518 1092 Et
2555 1041 2768 1109 aperuit
2795 1049 3012 1111 puteum
3042 1042 3259 1115 abyssi:
3298 1054 3354 1100 et

1765 1125 2006 1180 ascendit
2032 1126 2211 1181 fumus
2238 1130 2403 1198 putei,
2438 1129 2578 1184 sicut
2626 1130 2803 1185 fumus
2841 1132 3076 1187 fornacis
3105 1149 3349 1205 magna}:

1763 1227 1818 1272 et
1847 1217 2167 1274 obscuratus
2205 1228 2289 1274 est
2330 1222 2410 1276 sol
2454 1231 2511 1277 et
2558 1238 2652 1277 aer
2688 1224 2755 1279 de
2794 1224 2940 1279 fumo
2976 1228 3121 1296 putei
3155 1244 3168 1280 :
3198 1237 3255 1283 et
3282 1227 3352 1285 de

1763 1308 1915 1364 fumo
1945 1313 2089 1381 putei
2121 1310 2375 1367 exierunt
2401 1315 2626 1369 locusta:
2654 1316 2706 1369 in
2742 1326 2940 1371 terram
2965 1360 2979 1385 ,
3034 1329 3088 1373 et
3117 1318 3238 1373 data
3270 1328 3355 1375 est

1763 1402 1872 1457 illis
1901 1412 2159 1473 potestas,
2222 1406 2361 1461 sicut
2409 1407 2608 1463 habent
2664 1418 2983 1479 potestatem
3039 1413 3351 1480 scorpiones

1763 1503 1922 1551 terrae
1950 1512 1966 1552 :
1999 1506 2053 1552 et
2081 1509 2407 1568 praeceptum
2447 1510 2532 1556 est
2578 1501 2707 1569 illis,
2740 1518 2808 1559 ne
2860 1504 3119 1560 laederent
3167 1504 3349 1563 fenum

1763 1596 1947 1655 teme,
1982 1604 2158 1659 neque
2185 1606 2346 1647 omne
2380 1594 2571 1659 viride,
2606 1610 2780 1666 neque
2806 1611 3023 1651 omnem
3055 1597 3301 1654 arborem
3336 1618 3351 1656 :

1760 1678 1860 1733 nisi
1892 1689 2095 1735 tantum
2126 1681 2392 1749 homines,
2421 1684 2512 1755 qui
2542 1700 2648 1740 non
2677 1686 2879 1742 habent
2908 1686 3116 1757 signum
3153 1686 3251 1743 Dei
3295 1690 3352 1743 in

84 1768 231 1821 runt?
252 1768 320 1823 Et
344 1770 455 1825 dixi
486 1772 561 1825 illi
591 1788 605 1829 :
636 1773 862 1829 Domine
886 1777 980 1835 mi,
1006 1787 1058 1829 tu
1086 1779 1217 1844 scis,
1242 1790 1297 1831 et
1326 1778 1463 1833 dixit
1484 1778 1611 1833 mihi
1638 1795 1653 1833 :
1688 1767 1735 1826 Β
1763 1772 2030 1829 frontibus
2058 1776 2175 1829 suis
2203 1784 2295 1831 :et
2318 1776 2501 1831 datum
2532 1788 2611 1833 est
2644 1779 2767 1838 illis,
2796 1794 2864 1834 ne
2891 1779 3197 1834 occiderent
3226 1794 3351 1845 eos;

85 1857 143 1913 lli
167 1870 305 1928 sunt,
340 1864 434 1933 qui
467 1875 737 1919 venerunt
767 1867 835 1921 de
865 1868 1217 1924 tribulatione
1248 1884 1462 1940 magna,
1496 1880 1551 1926 et
1581 1872 1657 1926 la-

81 1962 261 2008 verunt
289 1956 457 2010 stolas
480 1971 631 2024 suas,
666 1968 717 2013 et
750 1958 1140 2016 dcalbaverunt
1166 1978 1258 2016 eas
1310 1964 1361 2017 in
1398 1968 1657 2035 sanguine

82 2048 228 2116 Agni.
260 2048 326 2104 Et
350 2050 477 2106 ideo
510 2061 637 2107 sunt
669 2062 795 2108 ante
818 2055 1073 2110 thronum
1106 2056 1225 2121 Dei,
1249 2068 1300 2112 et
1334 2060 1579 2114 serviunt
1607 2062 1655 2115 ei

83 2138 161 2193 die
182 2155 240 2194 ac
267 2152 424 2199 nocte
450 2144 508 2198 in
535 2146 739 2215 templo
766 2146 885 2215 ejus
919 2164 933 2205 :
962 2155 1019 2202 et
1040 2151 1130 2218 qui
1164 2150 1317 2205 sedet
1352 2152 1404 2205 in
1436 2152 1654 2217 throno,

82 2230 327 2290 habitabit
355 2251 531 2307 super
558 2238 700 2293 illos.
748 2239 866 2295 Non
908 2242 1149 2297 esurient
1177 2286 1191 2311 ,
1247 2258 1422 2313 neque
1474 2245 1656 2299 sitieut

84 2326 311 2396 amplius,
329 2344 428 2384 nec
448 2329 612 2385 cadet
632 2347 798 2401 super
819 2332 939 2388 illos
961 2335 1063 2401 sol,
1086 2351 1263 2405 neque
1288 2337 1428 2390 ullus
1450 2347 1613 2392 aestus
1638 2352 1663 2407 εγ,

86 2422 314 2489 quoniam
342 2427 563 2494 Agnus,
591 2428 679 2496 qui
708 2427 760 2481 in
791 2428 1165 2483 mediothroni
1192 2440 1299 2495 est,
1331 2441 1482 2499 reget
1507 2430 1653 2498 illos,

86 2521 133 2568 et
153 2513 367 2571 deducet
387 2531 489 2571 eos
522 2517 587 2571 ad
614 2520 738 2573 vita:
769 2518 949 2573 fontes
978 2535 1263 2589 aquarum,
1295 2530 1349 2577 et
1379 2522 1659 2593 absterget

85 2602 212 2659 Deus
232 2622 445 2662 omnem
480 2609 779 2679 lacrymam
812 2611 880 2665 ab
909 2614 1081 2667 oculis
1120 2629 1334 2670 eorum.

146 2694 281 2766 [Cap.
308 2697 472 2770 Vlll.]
507 2699 573 2753 Et
600 2715 722 2756 cum
747 2704 1052 2771 aperuisset
1080 2704 1315 2774 sigillum
1340 2707 1654 2777 septimum,

84 2784 257 2842 factum
296 2801 377 2844 est
405 2791 692 2845 silentium
723 2793 777 2847 in
804 2795 964 2862 coelo,
998 2796 1148 2865 quasi
1196 2796 1369 2851 media
1405 2800 1555 2852 hora.
1593 2799 1658 2854 Et

85 2877 177 2933 vidi
207 2891 402 2951 septem
443 2885 677 2953 angelos
706 2894 914 2939 stantes
970 2888 1021 2941 in
1074 2900 1367 2958 conSpectu
1419 2890 1556 2945 Dei:
1606 2902 1660 2947 et

86 2969 203 3027 date
224 2985 346 3030 sunt
373 2977 487 3031 illis
521 2987 730 3046 septem
765 2980 931 3033 tubae.
968 2980 1034 3035 Et
1062 2981 1201 3037 alius
1233 2984 1458 3053 angelus
1488 2986 1657 3051 venit,

88 3074 132 3121 et
151 3068 291 3125 stetit
323 3082 445 3126 ante
489 3071 670 3127 altare
710 3072 916 3128 habens
945 3076 1275 3130 thuribulum
1331 3092 1550 3132 aureum
1580 3081 1654 3150 αξξ

1760 1866 1855 1921 sed
1905 1876 1962 1921 ut
1994 1869 2300 1923 cruciarent
2330 1871 2605 1925 mensibus
2655 1872 2941 1942 quinque:
2986 1882 3041 1927 et
3082 1873 3355 1929 cruciatus

1763 1972 1952 2014 eorum
1982 1971 2043 2015 ut
2066 1961 2340 2016 cruciatus
2370 1964 2570 2032 scorpii
2606 1979 2729 2019 cum
2780 1966 3011 2035 percutit
3052 1965 3351 2022 hominem.

1760 2049 1829 2105 Et
1868 2052 1920 2105 iu
1948 2052 2138 2108 diebus
2175 2054 2281 2109 illis
2320 2064 2562 2122 quaerent
2610 2055 2858 2112 homines
2900 2066 3149 2122 mortem,
3173 2067 3356 2114 etnon

1760 2145 2207 2201 invenienteam:
2236 2156 2290 2202 et
2323 2148 2708 2203 desiderabuut
2742 2150 2901 2217 mori,
2936 2158 2992 2205 et
3022 2149 3185 2220 fugiet
3214 2164 3359 2207 mors

1758 2237 1828 2292 ab
1879 2240 1978 2291 eis.
2030 2238 2099 2291 Et
2152 2240 2531 2295 similitudines
2578 2240 2928 2307 locustarum,
2959 2240 3165 2297 similes
3201 2242 3356 2311 equis

1758 2330 1958 2400 paratis
1989 2330 2042 2384 in
2100 2330 2343 2399 praelium
2393 2350 2406 2387 :
2460 2343 2513 2386 et
2557 2347 2721 2402 super
2762 2334 2935 2402 capita
2975 2347 3158 2388 earum
3210 2342 3353 2388 tam-

1759 2437 1918 2492 quam
1967 2437 2183 2478 corome
2244 2424 2447 2479 similes
2512 2439 2643 2478 auro
2674 2442 2688 2478 :
2716 2434 2769 2480 et
2816 2422 2981 2480 facies
3003 2439 3188 2480 earum
3220 2434 3351 2479 tam-

1760 2532 1920 2587 quam
1951 2516 2111 2571 facies
2162 2517 2457 2571 hominum.
2502 2517 2567 2571 Et
2614 2517 2884 2571 habebant
2939 2516 3164 2587 capillos
3214 2518 3355 2573 sicut

1760 2608 1982 2675 capillos
2025 2608 2339 2672 mulierum;
2400 2620 2454 2663 et
2484 2610 2673 2663 dentes
2719 2623 2929 2675 earum,
2973 2608 3112 2663 sicut
3161 2609 3354 2663 dentes

1761 2701 1975 2757 leonum
2012 2714 2167 2757 erant
2217 2720 2229 2755 :
2289 2712 2342 2757 ct
2408 2703 2673 2758 habebant
2717 2703 2910 2759 loricas
2978 2703 3119 2758 sicut
3159 2704 3354 2759 loricas

1764 2794 2019 2861 ferreas,
2084 2804 2139 2850 et
2189 2810 2290 2849 vox
2343 2796 2548 2850 alarum
2611 2812 2794 2850 earum
2862 2799 3005 2852 sicut
3065 2811 3169 2851 vox
3231 2813 3354 2852 cur-

1772 2906 1929 2944 ruum
1961 2906 2221 2961 equorum
2249 2892 2537 2945 multorum
2561 2890 2895 2945 currentium
2927 2893 2980 2946 in
3006 2892 3205 2946 bellum
3236 2908 3252 2947 :
3299 2901 3353 2946 et

1764 2982 2040 3049 habebant
2068 2983 2270 3037 caudas
2297 2984 2503 3038 similes
2529 2985 2897 3052 scorpionum,
2928 2992 2981 3039 ει
3002 2982 3175 3038 aculei
3198 2992 3353 3038 erant

1764 3078 1817 3129 in
1849 3076 2033 3131 caudis
2062 3093 2246 3132 earum
2276 3094 2289 3129 :
2317 3086 2371 3132 et
2393 3085 2636 3147 potestas
2667 3094 2849 3133 earum
2888 3092 3083 3132 nocere
3112 3075 3315 3131 homini
3337 3104 3354 3119 -

87 3159 256 3216 etdala
291 3173 415 3218 sunt
440 3163 531 3219 illi
568 3165 781 3220 incensa
810 3167 996 3231 multa,
1032 3179 1085 3221 ut
1116 3168 1271 3224 daret
1295 3170 1362 3224 de
1402 3146 1658 3223 orationl-
1687 3146 1732 3209 (ἶ
1766 3168 1863 3223 bus
1896 3168 2172 3222 mensibus
2198 3169 2435 3239 quinque
2466 3187 2479 3223 :
2515 3182 2567 3224 et
2601 3169 2870 3224 habebant
2893 3184 3057 3239 super
3084 3183 3142 3224 se
3172 3183 3352 3239 regem

86 3250 173 3307 bus
198 3264 508 3312 sanctorum
539 3258 783 3312 omnium
830 3274 994 3327 super
1014 3260 1184 3314 altare
1224 3276 1471 3327 aureum,
1519 3263 1660 3332 quod

89 3354 159 3399 est
180 3357 295 3403 ante
317 3350 586 3405 thronum
609 3350 725 3405 Dei.
745 3351 812 3405 Et
836 3353 1079 3407 ascendit
1104 3354 1279 3407 fumus
1314 3340 1685 3409 incensorunr

86 3439 141 3495 de
166 3444 497 3501 orationibus
518 3455 826 3500 sanctorum
846 3446 914 3501 de
942 3460 1102 3501 manu
1121 3450 1294 3517 angeli
1320 3465 1499 3503 coram
1526 3451 1654 3504 Deo.

88 3530 142 3585 Et
166 3536 358 3605 accepit
382 3536 623 3607 angelus
677 3537 1031 3604 thuribulum,
1062 3548 1117 3593 et
1164 3541 1406 3610 implevit
1433 3542 1562 3597 illud
1594 3543 1659 3598 de

86 3622 187 3693 igne
212 3627 408 3694 altaris,
447 3636 523 3684 εει
555 3628 705 3682 misit
734 3629 787 3683 in
823 3639 1040 3697 terram,
1083 3642 1139 3685 et
1183 3632 1317 3686 facta
1357 3643 1482 3688 sunt
1512 3637 1658 3689 toni-

89 3722 208 3781 trua,
232 3726 283 3773 et
302 3734 460 3777 voces
496 3730 550 3775 et
585 3720 817 3790 fulgura,
847 3730 903 3776 et
930 3732 1271 3780 terrmmotus
1297 3740 1539 3795 magnus.
1596 3728 1660 3781 Et

94 3820 273 3880 septem
291 3816 481 3886 angeli,
517 3815 611 3885 qui
643 3813 913 3870 habebant
942 3826 1147 3886 septem
1180 3822 1353 3883 tubas,
1386 3835 1659 3891 praepara-

94 3915 261 3959 verunt
286 3920 362 3973 se,
397 3918 453 3961 ut
481 3906 613 3962 tuba
642 3917 918 3962 canerent.
954 3908 1020 3962 Et
1053 3910 1258 3978 primus
1284 3912 1503 3980 angelus
1535 3912 1660 3966 tuba

95 3996 284 4062 cecinit,
315 4008 362 4054 et
393 4001 535 4055 facta
568 4008 650 4054 est
692 4000 919 4071 grando,
964 4012 1018 4056 et
1048 4001 1209 4071 ignis,
1259 4004 1423 4057 mixta
1458 4007 1508 4057 in
1538 4018 1662 4059 san-

94 4090 252 4155 guine,
273 4103 326 4148 et
368 4094 598 4149 missum
621 4104 704 4149 est
734 4094 785 4149 in
812 4104 1007 4150 terram
1033 4114 1046 4151 :
1078 4106 1132 4151 ct
1174 4100 1326 4152 tertia
1357 4114 1480 4167 pars
1505 4107 1662 4154 terrae

98 4183 343 4240 combusta
367 4196 468 4251 est,
493 4196 551 4241 et
577 4186 727 4241 tertia
759 4203 882 4255 pars
910 4189 1165 4242 arborum
1196 4200 1537 4243 concremata
1556 4200 1660 4256 est,

98 4283 143 4327 et
168 4290 311 4334 omne
336 4280 518 4335 fenum
573 4280 743 4335 viride
772 4282 1115 4336 combustum
1160 4292 1261 4337 est.
1302 4286 1363 4337 Et
1394 4284 1661 4339 secundus

99 4368 291 4436 angelus
314 4371 436 4427 tuba
459 4372 664 4426 cecinit
690 4391 702 4425 :
735 4381 789 4426 et
810 4382 1078 4443 tamquam
1110 4390 1264 4431 mons
1295 4392 1516 4447 magnus
1539 4378 1661 4446 igne

98 4458 271 4516 ardens
315 4466 511 4520 missus
541 4472 625 4519 est
655 4464 709 4518 in
740 4479 886 4520 mare
915 4485 926 4519 :
980 4476 1033 4520 et
1084 4466 1219 4522 facta
1246 4478 1327 4523 est
1351 4472 1505 4522 tertia
1541 4484 1661 4539 pars

100 4554 241 4609 maris
265 4560 502 4629 sanguis,
548 4568 601 4612 et
628 4570 837 4613 mortua
882 4569 963 4614 est
1021 4562 1173 4614 tertia
1226 4576 1351 4630 pars
1399 4571 1664 4619 creatura:

99 4657 285 4714 eorum,
306 4666 427 4721 quae
472 4650 745 4705 habebant
767 4651 976 4705 animas
1006 4652 1057 4706 in
1085 4653 1240 4718 mari,
1269 4661 1322 4707 et
1362 4654 1513 4707 tertia
1542 4668 1665 4723 pars

98 4740 296 4793 navium
320 4742 547 4798 interiit.
596 4743 664 4797 Et
690 4744 882 4798 tertius
920 4745 1146 4813 angelus
1177 4745 1299 4797 tuba
1328 4744 1525 4799 cecinit
1558 4764 1571 4799 :
1612 4757 1666 4802 et

98 4831 271 4887 cecidit
296 4833 363 4889 de
392 4837 533 4891 caelo
555 4835 712 4891 stella
734 4852 922 4903 magna
948 4838 1147 4891 ardens
1166 4845 1435 4907 tamquam
1469 4840 1663 4907 facula,

98 4928 146 4972 et
170 4925 350 4981 cecidit
374 4927 429 4982 in
463 4919 676 4983 tertiam
708 4938 912 4997 partem
943 4929 1221 4984 fluminum
1241 4972 1255 4995 ,
1303 4940 1357 4986 ct
1388 4932 1439 4985 in
1488 4931 1667 4987 fontes

98 5026 335 5083 aquarum
367 5038 379 5073 :
424 5029 481 5077 et
526 5036 720 5077 nomen
770 5023 943 5076 stellae
965 5020 1165 5075 dicitur
1206 5022 1546 5077 Absiuthium
1574 5040 1587 5077 :
1615 5033 1670 5078 et

98 5102 221 5159 facta
269 5122 350 5165 est
405 5114 561 5168 tertia
621 5127 746 5183 pars
776 5127 1035 5184 aquarum
1086 5114 1137 5168 in
1187 5113 1567 5169 absinthium:
1617 5126 1673 5171 et

98 5199 235 5255 multi
262 5202 545 5261 hominum
578 5206 777 5262 mortui
821 5215 950 5261 sunt
978 5206 1045 5263 de
1070 5207 1245 5277 aquis,
1300 5209 1425 5275 quia
1470 5223 1671 5264 amara:

96 5287 237 5346 facta:
258 5306 400 5351 sunt.
432 5298 503 5353 Et
524 5309 747 5370 quartus
789 5299 1011 5371 angelus
1040 5302 1165 5354 tuba
1207 5299 1423 5363 cecinit,
1457 5311 1513 5354 et
1545 5315 1672 5370 per-

96 5396 239 5439 cussa
268 5397 352 5444 est
383 5392 541 5448 tertia
584 5407 711 5464 pars
757 5392 910 5461 solis,
965 5402 1021 5448 et
1058 5393 1214 5447 tertia
1248 5406 1374 5460 pars
1426 5394 1586 5458 lunae,
1619 5401 1673 5447 et

97 5477 244 5534 tertia
270 5496 396 5551 pars
414 5484 694 5541 stellarum
721 5504 735 5540 :
761 5487 833 5541 ita
860 5493 920 5540 ut
941 5484 1324 5541 obscuraretur
1353 5484 1509 5541 tertia
1548 5499 1674 5555 pars

166 5665 189 5731 ξ
214 5657 378 5731 éddit
398 5660 541 5715 idem
564 5676 689 5731 ms.,
710 5662 764 5718 in
796 5678 957 5717 manu
984 5678 1100 5719 sua.

168 5724 194 5765 δ
213 5727 378 5786 Tacet
404 5740 590 5789 noster
612 5724 716 5793 ms.
764 5734 917 5806 juxta
944 5733 1196 5790 Graecum
1241 5741 1454 5790 textum
1483 5733 1671 5798 verba,

1692 4518 1743 4579 D

1763 3260 2011 3329 angelum
2039 3260 2242 3331 abyssi,
2292 3262 2374 3313 cui
2408 3276 2605 3315 nomen
2642 3260 2899 3316 llebraice
2934 3261 3197 3316 Abaddon
3223 3260 3350 3333 [Μσ.

1762 3350 2000 3423 Abdun],
2032 3353 2219 3407 Graece
2251 3362 2429 3408 autem
2465 3353 2755 3424 Apollyon,
2791 3354 2981 3410 Latine
3018 3355 3223 3410 habens
3253 3370 3352 3409 uo-

1764 3460 1886 3498 men
1920 3445 2321 3499 Exterminaus.
2354 3446 2445 3501 Va:
2487 3460 2649 3499 untun
2682 3447 2832 3513 abiit,
2883 3455 2939 3501 et
2976 3461 3105 3503 ecce
3132 3449 3355 3503 veniunt

1764 3536 1936 3590 adhuc
1966 3535 2073 3589 duo
2100 3552 2182 3590 va:
2213 3546 2329 3606 post
2355 3536 2494 3592 haec.
2533 3536 2599 3590 Et
2625 3548 2809 3591 sextus
2833 3537 3060 3607 angelus
3093 3537 3213 3591 tuba
3264 3552 3353 3593 ce-

1763 3632 1893 3685 cinit
1926 3649 1938 3683 :
1970 3641 2022 3685 et
2051 3631 2232 3685 audivi
2289 3646 2472 3683 vocem
2507 3646 2669 3684 unum
2725 3646 2789 3684 ex
2836 3640 3067 3699 quatuor
3098 3630 3353 3682 cornibus

1763 3725 1951 3779 altaris
1990 3726 2163 3787 aurei,
2196 3723 2336 3793 quod
2388 3734 2471 3777 est
2519 3732 2643 3776 ante
2699 3721 2883 3775 oculos
2915 3720 3029 3786 Dei,
3080 3719 3350 3774 dicentem

1763 3823 1916 3868 sexto
1943 3815 2159 3884 angelo,
2190 3814 2277 3880 qui
2308 3812 2539 3867 habebat
2567 3813 2746 3865 tubam
2777 3829 2789 3865 :
2825 3810 2984 3865 Solve
3002 3818 3235 3879 quatuor
3256 3824 3353 3863 an-

1764 3908 1937 3978 gelos,
1962 3908 2050 3975 qui
2077 3906 2277 3974 alligati
2306 3914 2432 3959 sunt
2480 3906 2531 3959 in
2575 3903 2797 3958 flumine
2828 3919 3023 3973 magno
3057 3903 3349 3973 Euphrate.

1765 4001 1829 4055 Et
1861 3999 2022 4054 soluti
2048 4006 2170 4052 sunt
2202 4008 2432 4069 quatuor
2490 3996 2686 4068 angeli,
2739 3999 2828 4068 qui
2881 3998 3049 4067 parati
3101 4004 3257 4052 erant
3298 3997 3351 4052 in

1767 4091 1978 4156 horam,
2003 4100 2055 4145 et
2079 4092 2245 4156 diem,
2275 4100 2329 4145 ct
2386 4104 2647 4156 mensem,
2680 4099 2735 4145 et
2777 4104 3000 4155 annum,
3034 4097 3093 4141 ut
3141 4086 3356 4141 occide-

1766 4192 1887 4239 rent
1911 4184 2121 4238 tertiam
2153 4196 2356 4253 partem
2389 4183 2684 4237 hominum.
2721 4184 2780 4237 Et
2811 4196 3067 4237 numerus
3090 4180 3356 4250 equestris

1766 4278 2039 4333 exercitus
2069 4278 2235 4332 vicies
2266 4276 2460 4331 millies
2489 4276 2627 4331 dena
2654 4275 2835 4328 millia.
2873 4274 2938 4327 Et
2964 4273 3141 4326 audivi
3168 4285 3357 4324 nume-

1768 4388 1885 4426 rtun
1914 4387 2120 4425 eorum.
2155 4370 2221 4424 Ει
2250 4372 2320 4425 ita
2353 4370 2459 4425 vidi
2486 4384 2655 4439 equos
2682 4370 2733 4421 in
2764 4367 2971 4419 visione
3000 4382 3012 4417 :
3046 4373 3099 4417 et
3142 4362 3231 4429 qui
3271 4374 3358 4414 se-

1766 4465 1968 4520 debant
1996 4478 2159 4533 super
2186 4478 2302 4527 eos,
2352 4462 2620 4516 habebant
2659 4458 2851 4513 loricas
2893 4457 3099 4525 igneas,
3132 4463 3187 4507 et
3220 4451 3355 4523 hya-

1769 4556 2066 4622 cinthinas,
2110 4568 2164 4610 et
2209 4544 2553 4623 sulphureas,
2586 4561 2638 4605 et
2666 4549 2838 4617 capita
2894 4559 3157 4616 equorum
3204 4552 3360 4598 erant

1773 4658 2047 4718 tamquam
2073 4647 2250 4718 capita
2294 4646 2505 4700 leonum
2538 4660 2550 4695 :
2583 4652 2635 4697 et
2675 4640 2743 4694 de
2770 4653 2865 4692 ore
2894 4650 3082 4690 eorum
3112 4634 3354 4705 procedit

1771 4739 1929 4809 ignis,
1944 4748 1998 4792 ct
2023 4738 2275 4805 fumus,et
2290 4734 2602 4805 sulphur.l".t
2624 4731 2690 4785 ab
2709 4730 2790 4784 Itis
2806 4729 2975 4782 tribus
2990 4725 3159 4797 plagis
3177 4724 3355 4781 decisa

1770 4842 1853 4887 est
1884 4834 2037 4886 tertia
2065 4847 2186 4898 pars
2212 4830 2514 4894 hominum,
2541 4826 2609 4880 de
2636 4825 2778 4896 igne,
2802 4832 2855 4879 et
2877 4822 2945 4877 de
2972 4822 3138 4887 futuo,
3168 4833 3219 4875 et
3249 4820 3359 4874 sul-

1772 4926 1965 4995 pbnre,
1985 4940 2103 4993 qua:
2118 4921 2479 4992 procedebant
2496 4919 2563 4974 de
2574 4931 2669 4973 ore
2683 4916 3191 4986 ipsorum.Potestas
3213 4914 3356 4967 cuitu

1774 5016 2100 5086 equoz‘umin
2118 5030 2211 5066 ore
2238 5027 2426 5067 eorum
2458 5009 2603 5076 est,”
2628 5018 2683 5064 et
2708 5010 2757 5062 in
2786 5007 2972 5063 caudis
3003 5005 3360 5061 eorum.Nam

1774 5109 1961 5164 cauda:
1986 5121 2171 5161 eorum
2204 5104 2407 5159 similes
2436 5102 2799 5169 serpentibus,
2836 5099 3096 5154 habentes
3144 5098 3317 5167 capita
3347 5116 3358 5151 :

1777 5201 1913 5256 etin
1939 5200 2021 5253 his
2049 5207 2261 5252 nocent.
2297 5196 2357 5250 Et
2385 5194 2565 5249 caeteri
2589 5193 2860 5262 homines,
2883 5193 2973 5263 qui
3003 5206 3108 5246 non
3134 5200 3258 5246 sunt
3276 5204 3365 5244 oc-

1777 5292 1873 5348 cisi
1923 5293 1973 5344 in
2022 5290 2103 5343 his
2150 5288 2340 5357 plagis,
2390 5303 2563 5357 neque
2622 5287 2991 5357 paenitentiam
3041 5292 3269 5355 egerunt
3300 5282 3368 5337 de

1779 5385 2032 5455 operibus
2062 5395 2317 5435 manuum
2339 5395 2582 5445 suarum,
2614 5390 2675 5434 ιιι
2705 5395 2811 5434 non
2849 5377 3140 5433 adorarent
3164 5376 3368 5431 damo-

1783 5478 1969 5543 nia,et
1997 5471 2287 5528 simulacra
2317 5486 2501 5540 aurea,
2541 5478 2816 5542 argentea,
2848 5478 2903 5526 et
2930 5483 3092 5537 aerea,
3121 5479 3176 5525 et
3227 5466 3366 5538 lapi-

1786 5658 1915 5717 etin
1935 5652 2117 5711 caudis
2137 5664 2355 5719 eorum.‘
