3946 6198
565 247 673 305 859

1561 240 1618 296 S.
1661 235 2046 296 HIERONYMI
2085 233 2319 292 DIVINA
2361 232 2838 292 BIBLIOTBECA.

3763 239 3863 297 860

567 359 692 428 dea,
747 365 803 414 et
851 357 1048 428 lignea,
1075 369 1196 424 quae
1245 367 1420 425 neque
1461 351 1648 408 videre
1701 359 1948 422 possunt,
1987 364 2164 420 neque
2189 353 2244 416 Α
2268 350 2526 407 videbunt
2555 350 2624 406 de
2653 351 2921 417 tribubus,
2952 359 3009 408 et
3061 350 3296 423 populis,
3326 359 3382 409 et
3403 351 3631 424 linguis,
3665 363 3722 410 et
3747 369 3862 426 gen.

569 451 780 517 audire,
809 463 983 519 neque
1024 445 1339 502 ambulare:
1381 455 1435 500 et
1484 459 1589 500 non
1621 454 1848 514 egerunt
1893 443 2163 513 preniten-

575 545 700 600 tiam
732 540 798 595 ab
825 537 1130 593 homicidiis
1159 538 1289 601 suis,
1325 551 1502 607 neque
1526 550 1558 590 a
1581 535 1857 592 veneficiis
1885 533 2017 602 suis,
2053 549 2150 590 ne-

575 649 678 703 que
703 647 734 686 a
764 628 1124 686 fornicatione
1144 643 1262 694 sua,
1292 643 1467 698 neque
1501 641 1532 681 a
1553 628 1711 683 furtis
1740 628 1875 685 suis.

641 722 794 795 [Cap.
828 720 920 792 X.]
954 721 1024 776 Et
1072 719 1182 775 vidi
1228 720 1390 776 alium
1414 720 1667 790 angelum
1708 719 1900 776 fortem
1930 720 2160 778 descen-

567 817 784 874 dentem
803 815 871 871 de
901 815 1041 872 cmlo
1069 815 1326 870 amictum
1351 814 1518 884 nube,
1547 824 1604 871 et
1627 813 1720 870 iris
1743 813 1796 869 in
1823 816 2001 885 capite
2018 817 2160 883 ejus,

569 921 623 968 et
652 909 817 966 facies
846 908 965 978 ejus
993 917 1203 964 eratut
1248 908 1355 973 sol,
1415 917 1468 964 et
1497 908 1664 978 pedes
1718 907 1837 978 ejus
1889 917 2162 978 tamquam

569 1003 837 1060 columnae
883 1002 1022 1073 ignis
1054 1019 1068 1060 :
1127 1009 1184 1057 et
1239 1000 1477 1057 habebat
1507 1001 1561 1055 in
1592 1015 1756 1056 manu
1789 1015 1887 1055 sua
1920 1001 2162 1055 libellum

568 1106 868 1168 apertum:
920 1105 974 1152 et
1013 1095 1192 1166 posuit
1241 1092 1434 1164 pedem
1485 1109 1641 1150 suum
1698 1092 1946 1149 dextrum
1998 1107 2167 1162 super

571 1206 742 1257 mare,
795 1190 1073 1246 sinistrum
1121 1197 1304 1245 autem
1338 1203 1501 1257 super
1542 1198 1782 1243 terram:
1829 1196 1886 1241 et
1913 1187 2168 1242 clamavit

568 1297 704 1339 voce
744 1295 961 1351 magna,
992 1278 1444 1349 quemadmodum
1485 1293 1606 1333 cum
1633 1277 1720 1333 leo
1747 1278 1908 1348 rugit.
1943 1276 2165 1332 Etcum

570 1374 882 1442 clamasset,
918 1373 1096 1428 locuta
1128 1381 1252 1426 sunt
1301 1381 1508 1441 septem
1541 1371 1778 1426 tonitrua
1821 1382 1985 1425 voces
2016 1383 2164 1426 suas.

574 1467 638 1521 Et
666 1480 787 1521 cum
813 1464 992 1522 locuta
1017 1464 1243 1520 fuissent
1289 1473 1499 1534 septem
1536 1462 1773 1519 tonitrua
1827 1475 1989 1518 voces
2017 1476 2166 1527 suas,

572 1575 673 1630 ego
701 1559 1003 1628 scripturus
1046 1571 1195 1613 eram
1241 1575 1252 1610 :
1283 1567 1338 1613 et
1384 1557 1567 1612 audivi
1605 1572 1790 1613 vocem
1817 1557 1886 1612 de
1911 1555 2052 1612 coelo
2081 1555 2167 1610 di-

570 1662 786 1709 centem
821 1650 952 1708 mihi
983 1665 999 1708 :
1033 1650 1214 1720 Signa
1259 1665 1380 1720 qua
1428 1650 1604 1707 locuta
1648 1657 1774 1705 sunt
1793 1659 2001 1719 septem
2032 1648 2170 1702 toni-

2265 441 2406 496 tibus
2434 455 2661 511 corpora
2691 457 2877 499 eorum
2911 456 3005 510 per
3056 449 3171 498 tres
3215 442 3333 498 dies
3365 453 3421 499 et
3449 443 3778 512 dimidium;
3809 457 3855 503 et

2262 547 2491 602 corpora
2519 549 2707 589 eorum
2739 548 2844 589 non
2874 533 3057 590 sinent
3089 536 3215 606 poni
3248 536 3304 591 in
3352 541 3755 594 monumentis.
3803 542 3854 596 Et

2265 623 2637 686 inhabitantes
2668 634 2868 681 terram
2897 625 3210 697 gaudebunt
3233 642 3397 698 super
3418 629 3565 697 illos,
3594 640 3649 686 et
3678 631 3857 701 jucun-

2263 717 2562 783 dabuntur;
2595 728 2650 774 et
2688 733 2913 774 munera
2946 719 3159 776 mittent
3209 722 3467 787 invicem,
3513 725 3776 794 quoniam
3808 726 3852 781 hi

2264 810 2373 867 duo
2402 810 2680 880 prephetar
2706 811 3092 867 crueiaverunt
3119 826 3216 868 eos
3242 813 3333 883 qni
3364 813 3686 870 habitabant
3708 831 3856 887 super

2265 913 2487 961 terram.
2519 904 2585 958 Et
2615 912 2738 973 post
2767 902 2884 959 dies
2922 912 3032 960 tres
3060 913 3118 961 et
3144 904 3456 971 dimidium,
3483 907 3718 976 spiritus
3737 909 3852 964 vitai

2264 1009 2295 1050 a
2327 995 2440 1051 Deo
2467 993 2692 1050 intravit
2713 995 2770 1051 in
2799 1010 2895 1050 eos
2919 1012 2933 1050 :
2955 1005 3011 1052 et
3033 1006 3302 1054 steterunt
3324 1012 3493 1066 super
3521 998 3690 1067 pedes
3710 1014 3850 1066 suos,

2265 1096 2320 1143 et
2344 1087 2505 1143 timor
2535 1103 2762 1158 magnus
2791 1087 2991 1144 cecidit
3009 1103 3175 1158 super
3198 1103 3294 1144 eos
3322 1089 3414 1161 qui
3449 1090 3713 1147 viderunt
3736 1107 3843 1148 eos.

2267 1182 2333 1238 Et
2351 1182 2641 1238 audierunt
2667 1196 2857 1238 vocem
2885 1196 3131 1252 magnam
3161 1181 3231 1238 de
3259 1183 3401 1239 cmlo
3430 1182 3706 1240 dicentem
3736 1185 3851 1240 eis:

2267 1273 2563 1332 Ascendite
2592 1273 2715 1330 hue.
2743 1274 2812 1329 Et
2832 1273 3196 1330 ascenderunt
3226 1275 3280 1330 in
3307 1276 3504 1332 cmlum
3539 1277 3592 1330 in
3628 1277 3783 1342 nube,
3804 1285 3854 1332 et

2269 1367 2525 1426 viderunt
2571 1367 2690 1423 illos
2740 1367 2946 1424 inimici
2975 1383 3192 1425 eorum.
3228 1368 3295 1424 Et
3323 1369 3378 1426 in
3402 1369 3496 1426 illa
3525 1369 3657 1426 hora
3690 1370 3852 1428 factus

2269 1470 2353 1516 est
2379 1470 2726 1518 terraemotus
2756 1475 3003 1532 magnus,
3035 1469 3091 1517 et
3115 1461 3326 1518 decima
3356 1477 3481 1531 pars
3511 1462 3745 1519 civitatis
3773 1478 3861 1518 ce-

2269 1553 2436 1622 cidit;
2469 1563 2524 1610 et
2549 1555 2727 1609 occisa
2758 1563 2885 1612 sunt
2908 1554 2960 1608 in
2992 1562 3307 1610 termmotu
3340 1556 3547 1610 nomina
3577 1555 3857 1610 hominum

2269 1657 2477 1718 septem
2529 1647 2727 1713 millia;
2757 1659 2812 1704 et
2860 1647 3054 1718 reliqui
3097 1647 3154 1703 in
3187 1649 3430 1703 timorem
3455 1657 3578 1702 sunt
3601 1648 3775 1714 missi,
3804 1657 3862 1704 et

575 1756 715 1809 trna,
767 1755 822 1800 et
861 1744 974 1800 noli
1024 1759 1088 1800 ea
1139 1744 1406 1800 scribere.
1441 1743 1507 1798 Et
1543 1743 1788 1812 angelus,
1837 1757 1998 1811 quem
2056 1740 2166 1796 vidi
2201 1735 2242 1797 Β
2270 1737 2787 1807 dederuntgloriam
2824 1737 2933 1793 Deo
2959 1737 3106 1793 C(Bli.
3149 1735 3244 1794 Va:
3271 1730 3562 1792 secundum
3591 1737 3726 1794 abiit
3759 1754 3774 1791 :
3805 1746 3858 1794 et

575 1846 812 1894 stantem
843 1852 1010 1906 super
1041 1851 1212 1902 mare,
1246 1846 1299 1891 et
1341 1850 1505 1905 super
1557 1843 1778 1899 terram,
1811 1833 2004 1890 levavit
2054 1849 2171 1887 ma-

578 1947 706 1986 num
735 1944 887 1985 suam
919 1929 986 1984 ad
1031 1929 1232 1985 caelum
1264 1945 1278 1986 :
1319 1937 1375 1984 et
1409 1928 1615 1998 juravit
1666 1929 1763 1999 per
1793 1931 2066 1984 viventem
2113 1929 2168 1983 in

577 2024 775 2080 smcula
811 2023 1157 2090 saeculorum,
1213 2021 1304 2092 qui
1357 2021 1804 2088 creavitccelum,
1855 2031 1912 2077 et
1939 2035 2002 2077 ea
2047 2035 2169 2090 qua!

579 2120 632 2174 in
660 2133 727 2174 eo
780 2124 944 2181 sunt;
990 2125 1047 2174 et
1095 2127 1323 2181 terram,
1372 2124 1426 2170 et
1470 2130 1532 2171 ea
1575 2130 1695 2184 quas
1731 2115 1784 2170 in
1814 2130 1877 2170 ea
1908 2125 2067 2180 sunt;
2114 2121 2170 2169 et

580 2227 749 2276 mare,
781 2219 836 2264 et
863 2224 924 2264 ea
971 2224 1095 2277 quae
1125 2208 1178 2263 in
1206 2222 1272 2263 eo
1297 2214 1424 2262 sunt
1453 2225 1464 2261 :
1518 2207 1652 2274 Quia
1694 2215 1905 2277 tempus
1929 2222 2037 2261 non
2065 2205 2173 2262 erit

576 2304 809 2370 amplius
840 2319 857 2357 ε
896 2309 922 2342 ι
951 2301 1051 2356 sed
1083 2301 1137 2356 in
1168 2299 1360 2354 diebus
1391 2302 1540 2354 vocis
1567 2300 1784 2370 septimi
1814 2300 2015 2371 angeli,
2041 2315 2168 2358 cum

576 2394 800 2465 coeperit
823 2393 946 2448 tuba
969 2406 1190 2460 canere,
1222 2391 1688 2447 consummabitur
1709 2392 2022 2462 mysterium
2045 2392 2166 2462 Dei,

579 2491 718 2543 sicut
769 2487 1159 2558 evangelizavit
1205 2501 1298 2556 per
1344 2501 1532 2541 servos
1587 2500 1718 2541 suos
1756 2486 2069 2556 prophetas.
2104 2487 2171 2542 Et

577 2578 759 2635 audivi
781 2594 971 2634 vocem
1004 2579 1073 2635 de
1092 2579 1233 2634 C(BIO
1271 2578 1466 2634 iterum
1496 2579 1812 2649 loquentem
1837 2593 2072 2644 mecum,
2115 2587 2173 2634 et

577 2673 850 2729 dicentem
887 2688 902 2729 :
937 2671 1107 2739 Vade,
1128 2681 1186 2727 et
1211 2671 1397 2740 accipe
1422 2669 1622 2726 librum
1651 2679 1894 2740 apertum
1917 2671 1986 2726 de
2007 2685 2172 2727 manu

579 2763 762 2833 angeli
793 2761 989 2818 stantis
1014 2776 1179 2832 super
1207 2775 1379 2827 mare,
1412 2769 1470 2817 et
1493 2774 1657 2827 super
1697 2769 1922 2815 terram.
1955 2760 2026 2817 Et
2059 2760 2172 2818 abii

577 2855 644 2910 ad
663 2854 938 2925 angelum,
963 2853 1150 2910 dicens
1169 2854 1244 2919 ei,
1270 2862 1327 2909 ut
1355 2852 1514 2912 daret
1547 2852 1678 2908 mihi
1713 2853 1928 2922 librum,
1959 2862 2017 2909 et
2036 2853 2174 2912 dixit

579 2948 754 3004 mihi:
798 2945 1002 3016 Accipe
1055 2945 1275 3014 librum,
1328 2954 1383 3002 et
1434 2945 1633 3002 devora
1680 2945 1882 3002 illum:
1925 2955 1980 3002 et
2009 2945 2174 3002 faciet

580 3041 880 3096 amaricare
904 3051 1151 3097 ventrem
1181 3050 1352 3105 tuum,
1407 3039 1506 3096 sed
1535 3040 1588 3095 in
1614 3054 1710 3098 ore
1741 3049 1834 3099 tuo
1878 3040 1982 3096 erit
2010 3039 2171 3096 dulce

2271 1845 2399 1885 ecce
2423 1845 2504 1884 vae
2522 1830 2738 1886 tertium
2753 1829 2934 1884 veniet
2953 1829 3082 1884 cito.
3103 1823 3172 1883 Et
3198 1829 3466 1898 septimus
3486 1829 3711 1900 angelus
3732 1829 3854 1884 tuba

2269 1923 2496 1987 cecinit;
2549 1931 2604 1978 et
2650 1921 2806 1977 factae
2833 1929 2960 1976 sunt
3000 1935 3163 1978 voces
3190 1935 3402 1990 magnae
3429 1919 3484 1975 in
3513 1919 3656 1976 cmlo
3681 1919 3857 1975 dicen.

2271 2024 2350 2071 tes
2380 2032 2395 2072 :
2427 2013 2652 2090 Factum
2675 2023 2759 2070 est
2784 2028 3010 2085 regnum
3037 2011 3198 2083 hujus
3225 2011 3438 2081 mundi,
3456 2012 3673 2072 Domini
3695 2012 3855 2071 nostri

2269 2118 2324 2165 et
2363 2109 2574 2178 Christi
2619 2108 2759 2178 ejus,
2810 2118 2867 2163 et
2897 2107 3147 2177 regnabit
3192 2107 3244 2162 iu
3274 2107 3478 2164 saecula
3510 2109 3846 2164 saeculorum.

2272 2203 2464 2255 Amen.
2497 2198 2564 2254 Et
2593 2199 2779 2270 viginti
2809 2208 3041 2268 quatuor
3072 2199 3318 2256 seniores
3353 2201 3448 2269 qui
3478 2199 3534 2256 in
3559 2208 3844 2269 conspectu

2274 2294 2367 2350 Dei
2410 2291 2537 2366 [Με.
2570 2291 2806 2362 Domini]
2837 2291 3027 2348 sedent
3058 2291 3113 2352 in
3137 2291 3359 2348 sedibus
3383 2293 3518 2357 suis,
3553 2291 3854 2349 (cciderunt

2272 2386 2325 2441 in
2350 2384 2520 2442 facies
2542 2399 2695 2451 suas,
2720 2392 2777 2442 et
2803 2383 3168 2442 aduraverunt
3193 2383 3387 2452 Deum,
3417 2382 3666 2440 dicentes
3690 2401 3705 2439 :
3727 2383 3854 2440 Gra-

2273 2477 2374 2534 tias
2403 2481 2613 2548 agimus
2648 2477 2766 2545 tibi,
2800 2477 3028 2534 Domine
3063 2476 3208 2533 Deus
3237 2475 3610 2548 omnipotens,
3649 2478 3742 2548 qui
3778 2493 3848 2546 es,

2271 2581 2324 2625 et
2354 2570 2444 2640 qui
2471 2585 2616 2637 eras,
2644 2579 2701 2626 et
2726 2569 2818 2639 qui
2848 2577 3109 2628 venturus
3137 2584 3196 2624 es
3228 2585 3243 2623 :
3276 2570 3402 2640 quia
3447 2569 3709 2640 accepisti
3751 2570 3852 2626 vir»

2274 2676 2441 2723 tutem
2465 2674 2609 2721 tuam
2640 2679 2914 2736 magnam,
2941 2673 2997 2723 et
3021 2663 3280 2745 regnasti’.
3315 2663 3383 2722 Et
3410 2663 3567 2723 irata”:
3589 2674 3716 2720 sunt
3742 2679 3853 2734 gen-

2274 2769 2376 2828 tes,
2393 2767 2450 2815 et
2469 2758 2690 2814 advenit
2707 2757 2788 2814 ira
2811 2767 2924 2827 tua,
2943 2767 3000 2813 et
3031 2769 3242 2827 tempus
3259 2766 3601 2813 mortuorum
3614 2756 3856 2827 judicari,

2273 2863 2330 2910 et
2358 2851 2587 2912 reddere
2634 2850 2939 2908 mercedem
2979 2851 3150 2907 servis
3192 2849 3298 2907 tuis
3328 2850 3630 2922 prophetis,
3657 2859 3722 2906 et
3744 2865 3856 2904 sano

2273 2945 2396 3013 etis,
2427 2953 2481 2999 et
2512 2944 2831 3002 timentibus
2863 2957 3062 3000 nomen
3109 2952 3256 3001 tuum
3289 2943 3502 3013 pusillis
3533 2953 3588 3000 et
3634 2943 3856 3015 magnis,

2274 3049 2328 3094 et
2348 3037 2744 3096 exterminandi
2785 3051 2880 3094 eos
2911 3039 3000 3108 qui
3043 3048 3400 3108 corruperunt
3429 3039 3448 3110 [
3475 3037 3581 3094 Ms.
3612 3053 3852 3094 corrum-

582 3141 854 3203 tamquam
887 3135 1020 3189 mel.
1061 3134 1128 3188 Et
1151 3135 1337 3204 accepi
1361 3133 1556 3189 librum
1578 3135 1648 3190 de
1694 3149 1858 3189 manu
1889 3134 2086 3204 angeli,
2115 3143 2168 3190 et
2195 3125 2242 3191 C
2277 3130 2429 3204 punt]
2444 3143 2660 3188 terram.
2690 3132 3013 3202 Etapcrtum
3032 3143 3116 3188 est
3136 3133 3395 3204 templum
3416 3132 3510 3188 Dei
3543 3131 3597 3186 in
3615 3133 3782 3200 caelo,
3809 3141 3855 3186 et

582 3223 844 3280 devoravi
889 3225 1040 3280 illum
1072 3243 1088 3281 :
1115 3235 1170 3281 et
1212 3235 1335 3282 erat
1365 3228 1417 3282 in
1446 3243 1542 3282 ore
1593 3242 1716 3282 meo
1745 3235 2018 3298 tamquam
2065 3227 2172 3283 mel

581 3315 762 3382 dulce,
795 3323 851 3372 et
870 3331 991 3371 eum
1020 3316 1367 3373 devorassetn
1397 3333 1545 3386 eum,
1575 3320 1900 3374 amaricatus
1931 3330 2015 3378 est
2043 3337 2174 3376 ven-

581 3420 662 3466 ter
687 3425 840 3466 meus
869 3426 884 3474 ;
913 3419 964 3465 et
993 3410 1130 3466 dixit
1155 3411 1319 3466 mihi:
1351 3413 1577 3482 Oportet
1608 3422 1660 3468 te
1703 3414 1894 3469 iterum
1924 3416 2166 3484 prephe-

587 3512 701 3557 tare
713 3501 985 3572 gentibus,
1006 3512 1058 3556 et
1074 3503 1305 3573 populis,
1333 3512 1389 3559 et
1413 3503 1624 3574 linguis,
1648 3513 1705 3559 et
1731 3506 1946 3573 regibus
1967 3504 2170 3563 multis.

655 3593 805 3666 [ϐαρ.
838 3593 952 3666 XL]
979 3595 1043 3651 Et
1065 3594 1219 3651 datus
1241 3605 1324 3652 est
1347 3597 1476 3651 mihi
1504 3596 1748 3652 calamus
1768 3598 1964 3654 similis
1988 3599 2171 3668 virgae,

585 3698 639 3743 et
659 3689 863 3743 dictum
895 3698 980 3744 est
1008 3687 1140 3744 mihi
1171 3704 1185 3744 :
1217 3689 1410 3759 Surge,
1437 3697 1493 3746 et
1522 3691 1718 3746 metire
1760 3691 2022 3760 templum
2052 3691 2172 3759 Dei,

585 3789 638 3833 et
667 3779 856 3846 altare,
888 3792 942 3836 et
963 3779 1255 3836 adorantes
1277 3781 1404 3854 μισ.
1427 3780 1754 3860 habitantes]
1779 3781 1832 3837 in
1855 3797 1940 3838 eo.
1959 3781 2175 3838 Atrium

588 3876 788 3934 autem,
812 3870 955 3939 quod
989 3880 1072 3927 est
1129 3870 1262 3927 foris
1295 3872 1584 3942 templum,
1637 3872 1776 3943 ejice
1807 3871 1974 3938 foras,
2026 3883 2080 3929 et
2109 3888 2176 3933 no

589 3959 829 4015 metiaris
858 3960 989 4016 illud
1017 3980 1029 4015 :
1061 3965 1316 4033 quoniam
1356 3965 1541 4020 datum
1577 3975 1664 4020 est
1690 3966 1966 4038 gentibus,
2011 3971 2068 4020 et
2097 3964 2178 4020 ci-

588 4051 807 4106 vitalem
853 4062 1098 4108 sanctam
1155 4056 1444 4113 calcahunt
1491 4059 1772 4115 mensibus
1821 4057 2177 4130 quadraginta

590 4141 801 4200 duobus
832 4162 845 4197 ι
877 4144 1096 4201 etdabo
1117 4144 1330 4201 duobus
1364 4148 1591 4204 testibus
1631 4151 1791 4216 meis,
1847 4158 1906 4207 et
1935 4152 2173 4220 prophev

592 4237 781 4292 tabunt
817 4237 1012 4294 diebus
1053 4239 1202 4295 mille
1228 4239 1480 4296 ducentis
1509 4243 1814 4312 sexaginta,
1854 4242 2038 4298 amicti
2064 4257 2177 4302 sae-

584 4331 682 4385 cis.
716 4329 781 4384 lii
810 4339 936 4385 sunt
963 4331 1083 4386 dum
1113 4331 1295 4399 olivae,
1328 4339 1387 4388 et
1439 4331 1548 4388 duo
1600 4332 1922 4390 candelabra
1957 4333 2010 4390 in
2042 4348 2174 4390 con-

583 4431 774 4493 spectu
804 4423 1017 4480 Domini
1049 4435 1214 4480 terra:
1243 4433 1469 4482 stantes.
1497 4427 1563 4482 Et
1599 4427 1646 4484 si
1671 4427 1793 4497 quis
1820 4428 2059 4488 voluerit
2083 4443 2179 4485 eos

2275 3226 2390 3282 visa
2416 3236 2502 3282 est
2523 3240 2645 3281 arca
2681 3227 2985 3282 testamenti
3025 3225 3183 3296 ejusb
3202 3228 3257 3282 in
3280 3226 3480 3297 templo
3500 3225 3636 3295 ejus,
3655 3237 3713 3281 et
3734 3226 3857 3280 facta

2275 3326 2401 3374 sunt
2422 3317 2715 3387 fulgura,et
2727 3331 2912 3384 voces,
2926 3327 2980 3374 et
2992 3327 3414 3385 terraemotus,et
3428 3318 3636 3388 grando
3651 3332 3854 3387 magna.

2350 3410 2505 3484 [ϐαρ.
2531 3411 2673 3484 Xll.]
2705 3413 2770 3470 Et
2796 3413 3006 3483 signum
3039 3428 3289 3484 magnum
3323 3415 3577 3484 apparuit
3603 3414 3655 3468 in
3684 3414 3851 3469 ctelu:

2275 3504 2464 3562 Mulier
2491 3505 2684 3560 amicta
2713 3505 2852 3570 sole,
2883 3512 2941 3562 et
2969 3505 3094 3560 luna
3121 3505 3222 3561 sub
3248 3506 3476 3576 pedibus
3523 3507 3664 3576 ejus,
3719 3516 3772 3562 et
3811 3506 3852 3559 in

2277 3595 2452 3665 capite
2479 3597 2596 3665 ejus
2621 3610 2821 3652 corona
2848 3597 3130 3654 stellarum
3157 3597 3485 3664 duodecim;
3515 3609 3572 3656 et
3605 3599 3663 3654 in
3715 3610 3850 3654 utero

2278 3687 2504 3752 habens,
2545 3688 2820 3764 clamabat
2847 3692 3176 3759 parturiens,
3225 3698 3283 3747 et
3319 3691 3672 3746 cruciabatur
3698 3700 3752 3746 ut
3773 3705 3853 3759 pa.

2280 3781 2404 3840 riat.
2464 3781 2534 3838 Et
2582 3783 2755 3840 visum
2813 3783 3070 3840 estaliud
3116 3785 3328 3855 signum
3366 3785 3420 3839 in
3451 3785 3850 3841 cmlozetecee

2277 3876 2444 3932 draco
2465 3891 2691 3949 magnus
2715 3876 2888 3946 rufus,
2923 3878 3130 3934 habens
3149 3880 3324 3948 capita
3349 3886 3566 3948 septem
3593 3888 3646 3934 et
3665 3890 3848 3934 cornua

2279 3970 2504 4035 decem,
2554 3979 2608 4025 ct
2650 3970 2704 4026 in
2749 3970 3020 4041 capitibus
3064 3970 3182 4040 ejus
3221 3971 3531 4028 diademata
3557 3975 3849 4040 seplem;et

2277 4062 2446 4120 cauda
2475 4062 2592 4132 ejus
2623 4062 2872 4120 trahebat
2908 4063 3122 4118 tertiam
3153 4073 3360 4132 partem
3405 4065 3686 4120 stellarum
3712 4063 3845 4128 «eli,

2238 4167 2249 4176 '
2279 4164 2336 4212 et
2364 4155 2510 4212 misit
2537 4170 2629 4212 eas
2659 4156 2712 4210 in
2745 4163 3044 4212 terram:et
3066 4155 3232 4212 draco
3259 4158 3412 4212 stetit
3437 4167 3567 4214 ante
3587 4157 3845 4212 mulierem

2279 4261 2402 4317 qum
2429 4255 2548 4302 erat
2573 4248 2837 4316 paritura,
2864 4255 2922 4302 ut
2946 4261 3070 4303 cum
3103 4248 3421 4318 peperisset,
3439 4250 3608 4305 filium
3631 4247 3740 4319 ejus
3761 4246 3849 4301 deo

2281 4348 2516 4394 voraret.
2569 4338 2633 4393 Et
2677 4339 2892 4408 peperit
2929 4337 3100 4395 filium
3131 4339 3451 4407 masculum,
3483 4341 3572 4410 qui
3613 4347 3850 4395 recturus

2279 4438 2399 4486 erat
2423 4443 2612 4488 omnes
2637 4440 2830 4500 gentes
2852 4431 2908 4486 in
2929 4431 3075 4502 virga
3099 4431 3308 4498 ferrea;
3331 4443 3577 4502 etraptus
3599 4440 3675 4486 est
3699 4429 3848 4485 ﬁlius

583 4531 803 4585 nocere,
838 4516 981 4588 ignis
1009 4517 1156 4575 exiet
1197 4517 1267 4575 de
1297 4533 1394 4576 ore
1419 4533 1630 4587 eorum,
1674 4531 1729 4578 et
1759 4519 2044 4578 devorabit
2074 4521 2176 4578 ini-
2201 4517 2256 4579 D
2279 4522 2399 4594 ejus
2427 4523 2494 4581 ad
2525 4523 2769 4580 Deumet
2792 4522 2862 4578 ad
2894 4522 3147 4580 thronum
3170 4524 3325 4594 ejus;
3359 4533 3410 4582 et
3434 4523 3618 4579 mulier
3635 4521 3772 4592 fugit
3793 4522 3848 4577 iu

584 4611 1002 4668 micoseorum:
1052 4624 1108 4668 et
1150 4616 1196 4669 si
1240 4616 1361 4686 quis
1404 4616 1638 4672 voluerit
1683 4631 1778 4672 eos
1825 4617 2042 4684 laedere,
2094 4619 2174 4674 sic

580 4695 792 4771 oportet
823 4718 946 4759 eum
972 4704 1169 4760 occidi.
1211 4705 1276 4761 Hi
1313 4707 1511 4764 habent
1535 4717 1862 4779 potestatem
1885 4709 2175 4767 claudendi

578 4795 825 4863 cmlum,
907 4812 976 4853 ne
1039 4799 1187 4867 pluat
1255 4798 1447 4856 diebus
1515 4799 1819 4871 prephetize
1869 4802 2107 4871 ipsorum
2157 4820 2173 4857 :

578 4897 636 4941 et
693 4895 1022 4958 potestatem
1085 4889 1290 4946 habent
1356 4905 1520 4961 super
1590 4907 1760 4962 aquas
1821 4894 2176 4950 convertendi

578 4992 673 5034 eas
735 4978 789 5033 in
845 4981 1164 5051 sanguinem
1198 5023 1215 5049 ,
1271 4992 1326 5039 et
1391 4992 1675 5054 percutere
1743 4995 1947 5040 terram
2025 4985 2174 5042 omni

580 5071 734 5141 plaga
775 5073 1222 5144 quotiescumque
1279 5073 1574 5132 voluerint.
1631 5076 1700 5132 Et
1755 5091 1876 5133 cum
1935 5077 2174 5135 ﬁnierint

581 5163 942 5219 testimonium
973 5178 1151 5230 suum,
1188 5165 1360 5222 bestia
1397 5184 1517 5237 qua:
1568 5168 1812 5226 ascendit
1851 5169 1920 5226 de
1972 5171 2172 5243 abysso

577 5253 740 5311 faciet
767 5255 1056 5312 adversum
1083 5273 1179 5314 eos
1208 5258 1431 5328 bellum,
1463 5270 1518 5316 et
1548 5261 1730 5317 vincet
1758 5262 1905 5325 illos,
1937 5273 1991 5317 et
2019 5263 2168 5318 oeci.

577 5345 671 5404 det
688 5361 803 5404 eos.
835 5348 904 5404 Et
920 5363 1151 5420 corpora
1181 5365 1370 5408 eorum
1395 5351 1653 5423 jacebunt
1679 5352 1736 5408 in
1760 5353 1950 5424 plateis
1973 5354 2168 5410 civita-

579 5437 646 5494 tis
677 5454 910 5510 magnaa,
936 5456 1057 5511 quia
1089 5451 1313 5498 vocatur
1331 5444 1685 5513 spiritualiter
1712 5445 1969 5517 Sodoma,
1993 5456 2050 5503 et
2068 5446 2170 5503 Ati-

572 5541 793 5603 gyptus,
850 5532 942 5588 ubi
979 5542 1037 5590 et
1063 5533 1326 5590 Dominus
1388 5551 1576 5592 eorum
1621 5538 1914 5594 crucifixus
1954 5549 2058 5595 est.
2100 5539 2167 5595 Et

613 5736 624 5746 .
648 5678 680 5746 ﬁ
704 5669 818 5746 Pro
839 5670 929 5724 sed
949 5671 1013 5746 in_
1035 5672 1215 5726 diebus
1243 5672 1404 5741 uocis,
1425 5682 1558 5741 etc.,
1588 5671 1748 5732 habet
1777 5681 1963 5732 noster
1989 5691 2090 5734 ms.
2125 5685 2172 5731 ει

577 5739 681 5790 vidi
706 5744 761 5793 in
783 5741 886 5808 ﬁne
906 5741 1062 5810 uocis,
1085 5751 1192 5796 etc.

2279 4616 2647 4683 solitudinem,
2685 4615 2777 4674 ubi
2826 4614 3060 4672 habebat
3096 4617 3272 4673 locum
3305 4626 3544 4686 paratum
3569 4630 3600 4672 a
3625 4613 3765 4679 Deo,
3795 4622 3848 4668 ut

2279 4709 2353 4765 ibi
2386 4716 2610 4777 pascant
2635 4721 2754 4764 eam
2780 4707 2974 4764 diebus
3009 4707 3158 4764 mille
3186 4708 3436 4765 ducentis
3463 4707 3758 4778 sexaginta.
3790 4704 3849 4759 Et

2279 4799 2480 4855 factum
2526 4809 2606 4854 est
2643 4799 2886 4870 prmlium
2925 4814 3179 4870 maguum
3230 4800 3286 4855 in
3331 4799 3475 4858 cmlo
3503 4820 3516 4853 :
3545 4797 3768 4855 Michael
3801 4803 3846 4851 et

2277 4891 2454 4962 angeli
2476 4889 2595 4960 ejus
2625 4890 3010 4960 praeliabantur
3033 4906 3158 4947 cum
3188 4891 3448 4958 dracone,
3493 4903 3548 4947 et
3572 4889 3737 4945 draco
3762 4902 3848 4956 pu-

2277 4983 2498 5054 gnabat,
2520 4991 2578 5038 et
2603 4982 2777 5052 angeli
2802 4983 2950 5053 ejus;
2977 4994 3031 5038 et
3061 4998 3168 5040 non
3190 4984 3480 5040 valuerunt
3505 4982 3632 5054 [κε.
3652 4993 3845 5052 prava-

2279 5074 2535 5146 luerunt],
2568 5090 2744 5146 neque
2770 5075 2925 5131 locus
2954 5077 3203 5132 inventus
3222 5085 3309 5134 est
3332 5091 3525 5131 eorum
3544 5073 3777 5144 amplius
3803 5072 3845 5125 is

2278 5168 2440 5226 cmlo.
2466 5168 2533 5224 Et
2565 5167 2842 5238 prnjectus
2870 5176 2956 5223 est
2993 5166 3162 5224 draco
3211 5168 3302 5226 ille
3349 5181 3600 5238 magnus,
3642 5176 3845 5234 serpens

2275 5264 2548 5334 antiquus,
2594 5262 2688 5332 qui
2715 5269 2938 5318 vocatur
2979 5261 3244 5327 diabolus,
3277 5271 3334 5320 et
3364 5259 3621 5328 Satanas,
3649 5259 3744 5330 qui
3771 5271 3842 5311 sc-

2273 5355 2425 5414 ducit
2446 5356 2760 5414 universum
2785 5354 3012 5419 orbem;
3043 5364 3096 5410 et
3125 5354 3403 5424 projectus
3450 5363 3538 5410 est
3564 5355 3616 5410 ia
3647 5363 3842 5410 terrast.

2271 5457 2330 5506 et
2353 5448 2531 5520 angeli
2560 5447 2680 5517 ejus
2700 5461 2822 5502 eum
2851 5446 2946 5502 illo
2976 5445 3126 5500 missi
3156 5454 3305 5502 sunt.
3336 5445 3407 5502 Et
3459 5445 3641 5502 audivi
3681 5454 3841 5499 vocet!

2275 5555 2525 5613 magnam
2554 5541 2606 5594 in
2630 5539 2768 5594 caelo
2795 5537 3097 5593 dicentem:
3125 5536 3280 5593 Nunc
3320 5536 3463 5593 facta
3503 5548 3588 5595 est
3608 5538 3771 5605 salus,
3800 5541 3841 5590 et
3910 5545 3911 5558 ‘

2350 5675 2380 5716 ι’
2411 5675 2581 5734 Voces
2602 5673 2657 5728 in
2685 5673 2878 5745 tempto
2905 5672 3015 5744 ejus
3037 5682 3222 5731 noster
3252 5689 3362 5734 ms.
3406 5681 3570 5732 tacet.
