3946 6198
102 309 197 366 861

1063 308 1125 361 Β.
1164 305 1447 367 JOANNIS
1486 307 1826 375 APOSTOLI
1865 309 2350 377 APOCALYPSIS.

3278 324 3386 383 863

102 424 371 490 virtus,et
391 434 614 492 regnum
640 419 730 474 Dei
752 420 1013 489 nostri,et
1037 428 1276 489 potestas
1302 420 1505 478 Christi
1536 422 1681 492 ejus;
1711 425 1757 489 Δ
1788 424 1975 483 dicens
2003 427 2377 487 habitantibus
2416 430 2645 489 interra
2673 442 2728 490 ut
2751 432 2949 491 faciant
2974 435 3262 506 imaginem
3290 438 3384 497 be-

98 514 225 585 quia
261 512 530 584 projectus
557 520 636 567 est
660 520 942 568 accusator
972 510 1196 569 fratrum
1228 523 1563 583 nostrorum,
1590 515 1681 587 qui

97 605 391 661 accusabat
420 603 541 661 illos
563 610 686 658 ante
707 614 1060 675 conSpeCtum
1080 604 1171 661 Dei
1194 604 1366 660 nostri
1396 605 1483 661 die
1507 620 1572 660 ac
1596 620 1685 664 no-

96 708 203 756 cte.
237 698 305 759 Et
334 697 439 767 ipsi
469 696 708 753 vicerunt
736 712 861 753 eum
907 706 1128 767 prepter
1173 699 1491 769 sanguinem
1520 699 1682 772 Agui,

95 802 147 851 et
167 799 395 863 propter
418 790 647 848 verbum
696 790 996 847 testimonii
1021 792 1138 857 sui;
1172 802 1227 847 et
1254 806 1358 849 non
1381 792 1685 863 dilexerunt

93 886 297 939 animas
323 896 455 938 suas
480 896 647 953 usque
688 882 756 938 ad
785 890 1039 938 mortem.
1070 882 1365 954 Propterea
1399 885 1681 955 laetamini,

92 978 230 1045 cceli,
255 976 427 1049 etqui
476 976 729 1032 habitatis
756 975 810 1032 in
842 973 945 1032 eis.
977 976 1070 1032 Va:
1099 986 1255 1033 terrm
1282 986 1335 1033 et
1365 979 1525 1045 mari,
1557 978 1681 1049 quia

92 1070 365 1127 descendit
412 1068 661 1125 diabolus
711 1069 780 1125 ad
810 1084 932 1136 vos,
965 1069 1170 1125 habens
1223 1071 1359 1126 iram
1406 1086 1679 1141 magnam,

93 1166 264 1221 sciens
294 1162 444 1234 quod
489 1162 759 1218 modicum
800 1170 1015 1233 tempus
1066 1163 1248 1219 habet.
1299 1162 1365 1218 Et
1396 1173 1679 1234 postquam

94 1258 221 1313 vidit
248 1258 414 1314 draco
434 1256 582 1327 quod
614 1256 887 1326 projectus
916 1258 1137 1311 essetin
1168 1265 1390 1326 terram,
1426 1274 1679 1328 persecu-

94 1362 176 1405 tus
203 1363 287 1406 est
309 1350 593 1406 mulierem
610 1364 730 1420 quae
743 1348 952 1419 peperit
975 1350 1367 1415 masculutu,et
1392 1351 1532 1405 data:
1554 1359 1682 1409 sunt

92 1444 295 1501 mulieri
316 1444 417 1499 ala:
448 1442 567 1498 duae
610 1443 808 1513 aquilae
832 1458 1065 1513 magnae,
1090 1453 1145 1499 ut
1174 1448 1381 1500 volaret
1411 1445 1462 1501 in
1487 1448 1676 1503 deser-

94 1546 193 1591 tum
221 1536 273 1592 itt
296 1535 482 1592 locum
510 1550 697 1600 suum;
731 1535 822 1593 ubi
873 1536 1035 1592 alitur
1087 1551 1185 1605 per
1210 1545 1427 1605 tempus
1458 1546 1515 1594 et
1543 1549 1679 1595 teut-

92 1644 228 1695 pora,
261 1635 316 1682 et
353 1627 638 1684 dimidium
672 1630 952 1698 temporis,
1009 1644 1039 1683 a
1100 1629 1239 1686 facie
1283 1633 1576 1699 serpentis.
1606 1631 1677 1688 Et

94 1721 225 1775 misit
252 1734 486 1789 serpens
514 1734 578 1776 ex
607 1734 705 1773 ore
728 1734 829 1775 suo
852 1730 973 1790 post
1001 1720 1286 1776 mulierem
1310 1738 1505 1791 aquam
1540 1733 1675 1780 taut-

1783 518 1904 577 stiae
1931 534 2051 589 quze
2079 519 2244 577 habet
2269 521 2478 591 plagam
2504 523 2692 594 gladii,
2724 532 2781 581 et
2808 525 2962 589 vixit.
2989 525 3058 589 Et
3084 526 3276 585 datum
3297 539 3383 591 est

1784 611 1859 669 illi
1889 622 1947 679 ut
1986 612 2141 673 daret
2169 614 2417 685 spiritum
2449 615 2669 687 imagini
2699 615 2912 685 bestiae,
2943 625 3003 675 et
3037 628 3094 675 ut
3123 620 3376 690 loquatur

1785 704 1961 774 imago
1990 704 2213 773 bestias;
2238 714 2294 762 et
2324 707 2485 763 iaciat
2512 716 2569 764 ut
2608 709 2937 780 quicumque
2970 724 3077 766 nou
3110 711 3378 771 adorav’e-

1783 796 1896 851 rint
1945 794 2238 866 imaginem
2270 797 2461 855 bestias
2511 800 2850 858 occidantur.
2882 803 2948 863 Et
2991 801 3156 863 faciet
3185 820 3378 866 omnes

1784 884 2031 954 pusillos,
2060 894 2115 942 et
2142 900 2388 958 magnos,
2420 888 2718 959 etdivites,
2761 900 2815 947 et
2844 906 3130 963 pauperes,
3164 906 3218 952 et
3245 896 3381 954 libo.

1782 993 1896 1047 ros,
1926 986 1978 1034 et
2004 992 2217 1049 servos,
2248 978 2452 1039 habere
2479 980 2848 1039 characterem
2877 984 2930 1040 iu
2960 986 3184 1043 dextera
3216 1003 3377 1048 manu

1782 1083 1901 1137 sua,
1926 1077 2019 1124 aut
2043 1067 2098 1125 in
2130 1068 2399 1127 frontibus
2430 1071 2565 1126 suis.
2612 1071 2684 1127 Et
2730 1088 2802 1129 ue
2848 1074 2970 1145 quis
2994 1076 3167 1145 possit
3192 1094 3377 1140 emere

1780 1170 1872 1223 aut
1896 1160 2155 1228 vendere,
2189 1161 2293 1219 nisi
2320 1162 2411 1233 qui
2434 1162 2600 1221 habet
2640 1165 3034 1237 characterem,
3066 1178 3158 1229 aut
3179 1186 3378 1231 nomen

1780 1251 1993 1317 bestiae,
2032 1261 2126 1309 aut
2180 1267 2465 1309 numerum
2508 1254 2744 1313 nominis
2774 1256 2914 1328 ejus.
2957 1256 3059 1315 ilic
3110 1260 3377 1328 Sapientia

1779 1344 1997 1413 est.Qui
2016 1343 2178 1400 habet
2198 1343 2535 1403 intellectum
2556 1356 2832 1417 computet
2846 1363 3131 1409 numerum
3160 1350 3373 1410 bestias.

1778 1435 2045 1492 Numerus
2070 1435 2217 1492 enim
2242 1436 2477 1493 hominis
2500 1446 2603 1506 est,
2621 1448 2676 1495 et
2702 1453 2960 1497 numerus
2982 1440 3101 1511 ejus
3132 1442 3376 1503 sexcenti

1778 1534 2059 1604 sexaginta
2089 1548 2210 1589 sex.

1850 1627 2000 1701 [Cap.
2030 1625 2198 1698 XIVJ
2226 1628 2294 1683 Et
2316 1627 2549 1684 vidizet
2598 1642 2727 1685 ecce
2756 1628 2941 1699 Agnus
2983 1627 3163 1685 stabat
3206 1642 3373 1697 supra

1780 1732 2019 1779 montem
2042 1723 2196 1788 Sion,
2217 1730 2273 1779 et
2296 1738 2419 1778 cum
2450 1732 2747 1778 eoceutum
2771 1722 3125 1793 quadraginta
3146 1732 3377 1792 quatuor

90 1830 237 1884 quam
264 1814 489 1881 flumen,
524 1822 582 1869 ut
603 1829 722 1869 eam
760 1812 963 1870 faceret
997 1815 1133 1869 trahi
1154 1830 1184 1868 ει
1214 1814 1454 1871 ﬂumine.
1479 1815 1547 1871 Et
1570 1816 1668 1873 ad-
1699 1806 1747 1878 Β
1776 1816 1963 1883 millia,
1998 1816 2264 1873 habentes
2294 1829 2493 1871 nomen
2519 1816 2659 1884 ejus,
2701 1824 2759 1871 et
2800 1830 2996 1875 nomen
3038 1816 3214 1877 Patris
3244 1815 3364 1883 ejus

86 1908 211 1978 juvit
251 1917 394 1964 terra
437 1908 752 1973 mulierem,
800 1915 855 1961 et
898 1906 1114 1975 aperuit
1145 1916 1286 1963 terra
1313 1923 1374 1962 os
1403 1923 1583 1972 suum.
1618 1916 1675 1966 et

91 2002 355 2057 absorbuit
412 2004 618 2058 flumen
659 2002 802 2069 quod
852 2002 998 2057 misit
1025 2002 1190 2057 draco
1217 2002 1286 2058 de
1314 2018 1409 2058 ore
1437 2017 1537 2059 suo
1571 2021 1584 2057 :
1616 2012 1672 2059 et

92 2093 243 2148 iratus
271 2101 353 2149 est
372 2093 546 2149 draco
572 2094 948 2157 iumulierent.
972 2102 1029 2149 et
1057 2094 1189 2148 abiit
1216 2093 1392 2148 facere
1423 2094 1669 2163 prmlium

90 2201 201 2239 eum
226 2186 448 2256 reliquis
473 2185 542 2240 de
563 2185 773 2240 semine
802 2184 922 2253 ejus
947 2184 1040 2254 qui
1066 2185 1379 2239 custodiunt
1418 2185 1669 2240 mandata

90 2278 169 2331 Dei
192 2288 242 2333 et
267 2277 467 2335 habent
501 2277 872 2334 testimonium
901 2275 1031 2332 .lesu
1053 2276 1273 2333 Christi.
1303 2276 1373 2333 Et
1401 2276 1555 2335 stetit
1576 2290 1667 2335 suo

90 2385 168 2438 pra
190 2385 405 2427 arenam
440 2370 633 2425 maris.

150 2462 287 2534 [ϐαρ.
315 2462 481 2535 χιιι]
512 2463 577 2519 Et
608 2462 720 2518 vidi
744 2462 810 2519 de
838 2464 973 2518 mari
998 2463 1225 2535 bestiam
1255 2461 1665 2527 ascendentem,

90 2556 354 2612 habentem
378 2557 564 2625 capita
586 2566 793 2625 septem
822 2564 877 2610 et
909 2570 1118 2613 cornua
1144 2554 1356 2620 decem,
1404 2566 1460 2611 et
1502 2569 1668 2625 super

89 2663 267 2705 cornua
290 2648 407 2718 ejus
435 2648 632 2703 decem
659 2646 985 2715 diademata,
1019 2656 1073 2702 et
1103 2662 1267 2716 super
1314 2647 1490 2716 capita
1546 2646 1666 2716 ejus

92 2740 282 2796 nomina
308 2740 688 2809 blasphemiae.
709 2739 773 2794 Et
800 2739 973 2795 bestia
994 2754 1155 2808 quam
1184 2739 1291 2795 vidi
1320 2738 1513 2794 similis
1545 2746 1663 2795 crat

90 2832 259 2899 partio,
286 2844 335 2889 et
360 2832 534 2902 pedes
556 2833 674 2899 ejus
703 2833 842 2888 sicut
874 2832 1040 2901 pedes
1063 2831 1197 2895 ursi,
1220 2841 1274 2888 et
1300 2847 1362 2887 os
1388 2832 1509 2901 ejus
1523 2832 1665 2889 sicut

92 2940 143 2976 os
165 2924 347 2979 leonis.
370 2925 437 2980 Et
467 2923 627 2978 dedit
661 2924 735 2978 illi
782 2925 945 2979 draco
972 2925 1224 2979 virtutem
1256 2939 1406 2980 suam
1436 2934 1488 2979 et
1511 2933 1666 2994 pote-

90 3022 257 3070 statem
288 3031 569 3086 magnam.
588 3015 655 3070 Et
673 3014 780 3071 vidi
798 3031 960 3070 unum
987 3015 1056 3071 de
1074 3016 1342 3085 capitibus
1370 3017 1483 3070 suis
1505 3017 1660 3086 quasi

89 3109 300 3163 occisum
333 3113 385 3162 in
418 3117 697 3172 mortem;
727 3114 783 3163 et
803 3108 958 3177 plaga
989 3109 1185 3164 mortis
1205 3108 1323 3178 ejus
1353 3120 1538 3165 curata
1554 3118 1661 3165 est.

1774 1909 2037 1978 scriptum
2071 1909 2124 1963 in
2156 1909 2426 1965 frontibus
2452 1910 2585 1964 suis.
2617 1909 2683 1963 Et
2712 1908 2897 1963 audivi
2922 1923 3111 1965 vocem
3142 1908 3210 1963 de
3236 1908 3377 1969 cmlo

1776 2007 2048 2069 tamquam
2078 2016 2272 2058 vocem
2324 2015 2587 2070 aquarum
2615 2000 2931 2065 multarum,
2984 2008 3042 2057 et
3096 2008 3371 2069 tamquam

1773 2106 1959 2147 vocem
1988 2091 2215 2149 tonitrui
2245 2094 2423 2161 magni
2451 2110 2467 2159 ;
2506 2102 2563 2150 et
2588 2108 2777 2149 vocem
2806 2109 2967 2164 quam
2995 2092 3198 2162 audivi,
3232 2095 3373 2153 sicut

1772 2183 2186 2239 citharmdorum
2215 2183 2653 2241 citharizantium
2681 2185 2733 2239 in
2761 2183 2988 2239 citharis
3014 2184 3372 2241 suis.Etcan—

1773 2275 1959 2331 labant
1995 2276 2150 2344 quasi
2206 2277 2481 2333 canticum
2523 2292 2749 2343 novum,
2779 2284 2908 2337 ante
2937 2276 3123 2333 sedem
3160 2286 3215 2331 et
3244 2286 3371 2336 ante

1770 2379 2003 2435 quatuor
2046 2367 2299 2421 animalia
2337 2376 2392 2422 et
2422 2366 2694 2434 seniores;
2744 2377 2799 2423 et
2845 2381 3008 2423 nemo
3045 2375 3257 2436 poterat
3284 2368 3370 2424 di-

1770 2474 1893 2517 cere
1921 2459 2216 2525 canticum,
2246 2458 2348 2514 nisi
2378 2458 2471 2515 illa
2500 2467 2719 2515 centum
2750 2458 3107 2529 quadraginta
3132 2468 3367 2527 quatuor

1769 2551 1942 2607 millia
1964 2553 2055 2621 qui
2080 2550 2247 2619 empti
2271 2561 2398 2607 sunt
2420 2550 2489 2609 de
2519 2560 2686 2607 terra.
2712 2549 2780 2605 lli
2811 2557 2939 2606 sunt
2966 2550 3203 2620 quicum
3242 2566 3365 2607 mu-

1770 2642 1998 2700 lieribus
2036 2658 2144 2698 non
2184 2652 2310 2700 sunt
2358 2643 2694 2713 coinquinati
2725 2660 2739 2697 :
2772 2642 3010 2711 virgines
3038 2642 3181 2698 enim
3213 2652 3364 2703 sunt.

1769 2737 1835 2792 lli
1862 2746 2167 2806 sequuntur
2188 2736 2400 2807 Agnum
2430 2750 2773 2806 quocumque
2797 2735 2940 2792 ierit.
2972 2734 3035 2790 Hi
3059 2734 3370 2805 cmptisunt
3435 2724 3441 2729 ’

1769 2848 1835 2887 ex
1870 2831 2182 2889 hominibus
2229 2830 2481 2902 primitiae
2534 2829 2647 2884 Deo
2673 2840 2727 2886 et
2758 2830 2933 2898 Agno.
2966 2828 3033 2885 Et
3060 2829 3114 2885 in
3143 2843 3237 2885 ore
3265 2842 3367 2886 eo~

1768 2940 1887 2987 rum
1941 2940 2045 2979 non
2098 2932 2185 2980 est
2244 2923 2522 2979 inventum
2564 2922 2941 2989 mendacium,
3002 2922 3123 2978 sine
3152 2922 3363 2981 macula

1767 3018 1910 3073 enim
1942 3006 2066 3073 sunt
2098 3026 2223 3072 ante
2255 3014 2510 3075 thronum
2545 3015 2658 3070 Dei.
2689 3016 2756 3072 Et
2801 3015 2909 3071 vidi
2940 3014 3170 3072 alterum
3203 3029 3369 3084 ange-

1768 3110 1880 3164 lum
1910 3110 2181 3165 volantem
2211 3124 2306 3179 per
2334 3108 2572 3165 medium
2602 3108 2747 3171 caeli,
2779 3106 3068 3167 habentem
3119 3107 3367 3176 Evange.

94 3200 147 3254 Et
181 3202 425 3258 admirata
445 3210 546 3259 est
566 3203 819 3258 universa
845 3210 988 3257 terra
1022 3212 1141 3271 post
1162 3202 1424 3267 bestiam;
1454 3212 1506 3256 et
1529 3202 1661 3258 ado-
1694 3185 1741 3250 Ο
1770 3203 1899 3259 lium
1954 3213 2241 3269 aeternum,
2283 3212 2341 3259 ut
2393 3202 2794 3271 evangelizaret
2832 3200 3147 3257 sedentibus
3200 3214 3365 3269 super

90 3307 316 3351 raverunt
363 3296 671 3352 draconem
718 3294 809 3364 qui
846 3294 993 3355 dedit
1020 3303 1340 3362 potestatem
1371 3293 1580 3359 bestize,
1613 3302 1669 3349 et

88 3386 417 3444 adoraverunt
440 3390 709 3454 bestiam,
740 3388 985 3443 dicentes
1020 3405 1033 3441 :
1064 3387 1197 3453 Quis
1225 3387 1418 3442 similis
1447 3387 1667 3442 bestiae?

88 3483 260 3549 etquis
290 3483 502 3552 poterit
526 3496 767 3552 pugnare
794 3494 916 3535 cum
945 3480 1043 3535 ea?
1073 3479 1140 3533 Et
1162 3478 1347 3534 datum
1397 3488 1481 3534 est
1527 3479 1577 3533 ei
1603 3494 1667 3535 os

88 3572 285 3639 lerluens
313 3588 518 3644 magna
550 3582 602 3628 et
650 3572 1043 3641 blasphemiae;
1083 3581 1139 3626 et
1176 3570 1299 3626 data
1351 3579 1438 3627 est
1488 3570 1541 3627 ei
1572 3585 1667 3641 po-

89 3674 234 3719 testas
255 3665 430 3722 facere
459 3680 688 3721 menses
718 3663 1075 3734 quadraginta
1126 3663 1285 3718 duos.
1344 3661 1410 3717 Et
1454 3661 1666 3732 aperuit

99 3771 151 3809 us
173 3773 323 3813 suum
354 3760 406 3813 in
428 3756 805 3825 blasphemias
834 3754 901 3810 ad
936 3756 1124 3817 Deum,
1156 3754 1541 3822 blasphemare
1570 3768 1668 3807 no-

100 3863 203 3901 men
233 3849 367 3918 ejus,
416 3858 471 3904 et
527 3846 931 3901 tabernaculum
964 3844 1104 3915 ejus,
1142 3854 1195 3901 et
1216 3859 1312 3900 eos
1332 3844 1423 3914 qui
1448 3844 1504 3900 in
1526 3845 1667 3901 cmlo

98 3938 338 3996 habitant.
357 3940 425 3997 Et
454 3948 544 3998 est
571 3938 755 3993 datum
778 3938 857 3993 illi
881 3937 1078 3992 bellum
1098 3936 1278 3992 facere
1306 3949 1429 3990 cum
1461 3937 1667 3992 sanctis

95 4042 139 4085 et
166 4033 374 4089 vincere
396 4049 529 4097 eos;
556 4039 611 4087 et
632 4030 756 4087 data
784 4038 871 4086 est
892 4030 972 4085 illi
1002 4037 1241 4099 potestas
1268 4028 1320 4084 iu
1343 4044 1561 4084 omnem
1580 4030 1669 4086 tri-

94 4122 224 4190 bum,
250 4134 301 4179 et
331 4125 619 4195 populum,
642 4132 699 4179 et
728 4123 981 4191 linguam,
1017 4129 1074 4177 et
1096 4129 1313 4190 gentem
1343 4137 1357 4174 :
1390 4128 1449 4177 et
1476 4120 1669 4176 adora-

97 4229 272 4272 verunt
298 4234 418 4275 eam
444 4231 640 4273 omnes
656 4215 743 4284 qui
780 4213 1157 4270 inhabitabant
1178 4222 1402 4282 terram,
1434 4228 1666 4284 quorum

96 4322 184 4359 non
210 4320 327 4365 sunt
352 4311 559 4379 scripta
601 4306 819 4364 nomina
846 4306 899 4360 in
940 4305 1081 4360 libro
1108 4305 1246 4360 Vitae
1272 4306 1429 4376 Agni,
1455 4305 1547 4375 qui
1574 4318 1668 4361 oc.

94 4402 222 4456 cisus
242 4412 325 4458 est
349 4404 419 4458 ab
442 4401 659 4471 origine
683 4398 892 4455 mundi.
920 4398 977 4454 Si
1006 4399 1129 4468 quis
1147 4398 1310 4454 habet
1337 4414 1544 4465 aurern,
1570 4414 1665 4454 au-

95 4490 210 4545 diat.
233 4492 333 4560 Qui
354 4494 407 4549 in
440 4492 815 4561 captivitatem
831 4489 1069 4557 duxerit,
1096 4490 1148 4545 in
1173 4490 1543 4559 captivitatem
1572 4506 1665 4547 va-

1771 3306 1991 3363 terram,
2016 3307 2069 3352 et
2092 3311 2255 3366 super
2283 3310 2499 3353 omnem
2538 3305 2775 3364 gentem,
2810 3302 2865 3350 et
2893 3294 3117 3359 tribum.
3167 3303 3223 3349 et
3260 3294 3365 3349 lin-

1767 3405 1950 3460 guam,
1975 3401 2028 3445 et
2054 3389 2335 3458 pepulum,
2375 3389 2562 3445 dicens
2587 3403 2778 3458 magna
2808 3402 2939 3443 voce
2970 3404 2985 3444 :
3019 3388 3231 3445 Timete
3260 3389 3366 3443 Do-

1768 3482 1996 3547 minum,
2020 3489 2075 3537 et
2101 3481 2224 3536 date
2256 3482 2334 3536 illi
2369 3480 2653 3545 honorent,
2696 3480 2820 3549 quia
2850 3480 2997 3536 venit
3025 3479 3156 3535 hora
3178 3480 3371 3549 judicii

1768 3574 1917 3643 ejus;
1975 3583 2033 3629 et
2088 3573 2311 3629 adorate
2356 3588 2480 3629 eum
2509 3574 2599 3643 qui
2629 3572 2756 3628 fecit
2785 3573 3004 3639 ccelum,
3038 3582 3093 3627 et
3141 3580 3366 3640 terram,

1771 3664 1798 3704 δ
1828 3681 2000 3731 mare,
2033 3674 2087 3722 et
2112 3665 2295 3723 fontes
2326 3680 2610 3734 aquarum.
2641 3664 2707 3720 Et
2734 3663 2874 3719 alius
2894 3662 3118 3732 angelus
3151 3674 3370 3719 secutus

1767 3768 1870 3825 est,
1897 3759 2085 3815 dicens
2118 3776 2131 3812 :
2160 3758 2386 3823 Cecidit,
2410 3756 2609 3813 cecidit
2641 3756 2884 3826 Babylon
2908 3755 3001 3813 illa
3022 3768 3219 3824 magna
3248 3770 3371 3826 qua:

1768 3870 1797 3910 a
1827 3856 1952 3913 vino
1997 3856 2092 3911 irae
2136 3851 2512 3911 fornicationis
2557 3865 2669 3909 suae
2699 3848 2909 3920 potavit
2935 3862 3125 3904 omnes
3150 3857 3362 3919 gentes.

1770 3948 1839 4003 Et
1861 3949 2054 4004 tertius
2077 3946 2305 4017 angelus
2343 3954 2565 4001 secutus
2593 3952 2680 4000 est
2709 3942 2853 4010 illos,
2883 3941 3072 3999 dicens
3094 3956 3229 3998 voce
3258 3957 3375 3999 ma-

1768 4056 1871 4113 gua
1915 4059 1929 4096 :
1977 4040 2033 4095 Si
2065 4039 2187 4109 quis
2225 4038 2536 4095 adoraverit
2562 4036 2794 4093 bestiam
2822 4044 2878 4092 et
2906 4036 3195 4106 imaginem
3221 4036 3367 4107 ejus,

1770 4143 1823 4191 et
1855 4132 2131 4203 acceperit
2154 4130 2525 4189 characterem
2558 4131 2612 4185 in
2652 4128 2833 4187 fronte
2858 4144 2955 4187 sua
2985 4130 3158 4187 autin
3206 4144 3370 4186 manu

1768 4240 1889 4292 sua,
1940 4234 1996 4282 et
2042 4223 2130 4281 hic
2173 4223 2322 4280 bibet
2346 4222 2418 4279 de
2444 4223 2569 4279 vino
2598 4223 2694 4277 ira:
2718 4222 2839 4289 Dei,
2869 4221 3014 4293 quod
3043 4222 3261 4276 mistum
3286 4231 3371 4283 est

1769 4333 1922 4374 mero
1944 4318 1997 4373 in
2021 4317 2190 4373 calice
2214 4316 2310 4372 ira)
2337 4316 2526 4387 ipsius,
2557 4326 2613 4371 et
2641 4315 2973 4371 cruciabitur
3013 4315 3135 4383 igne
3160 4322 3217 4368 et
3236 4312 3356 4369 sul-

1771 4409 1945 4481 phure
1968 4411 2021 4466 in
2043 4420 2335 4481 conspectu
2359 4410 2671 4479 angelorum
2684 4415 2999 4461 sanctorum
3012 4412 3066 4460 et
3085 4415 3211 4461 ante
3232 4419 3361 4460 con-

1770 4513 2013 4572 spectum
2054 4503 2223 4573 Agni;
2247 4512 2304 4557 et
2325 4502 2508 4559 fumus
2534 4507 2927 4555 tormentorum
2950 4510 3139 4552 eorum
3164 4511 3359 4553 ascen-

94 4584 297 4656 det;qui
311 4589 363 4643 in
385 4586 574 4658 gladio
595 4584 877 4653 occiderit,
907 4591 1124 4653 oportet
1139 4596 1259 4639 eum
1272 4582 1455 4653 gladio
1472 4583 1667 4642 occidi.
1699 4571 1750 4637 D
1777 4571 1871 4651 de;
1899 4595 1951 4650 in
1978 4571 2177 4650 εωειίιε
2198 4593 2544 4657 saeculorum,
2571 4606 2671 4649 nec
2700 4591 2903 4645 habent
2928 4589 3171 4659 requiem
3194 4589 3280 4646 die
3302 4605 3369 4646 ac

96 4677 183 4734 llic
208 4690 286 4736 est
331 4680 596 4753 patientia
625 4689 681 4737 et
721 4677 856 4735 fides
884 4685 1214 4733 sanctorum.
1269 4678 1334 4732 Et
1377 4677 1488 4732 vidi
1514 4677 1674 4733 aliam

92 4770 305 4831 bestiam
330 4774 721 4830 ascendentem
750 4772 822 4828 de
853 4780 1019 4837 terra,
1063 4780 1120 4827 et
1153 4769 1391 4825 habebat
1421 4769 1547 4841 [Με.
1583 4771 1677 4828 ha-

92 4863 318 4939 bentem]
344 4882 551 4924 cornua
575 4866 681 4922 duo
701 4865 902 4922 similia
931 4864 1089 4934 Agni,
1117 4872 1170 4917 et
1192 4863 1517 4933 loqnebatur
1537 4864 1679 4920 sicut

92 4956 271 5026 draco;
312 4971 369 5016 et
418 4968 743 5031 potestatem
801 4957 995 5029 prioris
1042 4957 1228 5011 bestia:
1270 4971 1485 5014 omnem
1516 4958 1679 5014 faeie—

95 5048 176 5103 bat
205 5052 253 5105 in
276 5066 572 5124 conspecm
618 5053 738 5123 ejus
775 5069 791 5117 ;
830 5060 887 5107 et
926 5049 1054 5106 fecit
1091 5059 1290 5106 terram
1315 5062 1372 5106 et
1424 5050 1677 5108 habitan-

96 5151 169 5199 tes
190 5146 241 5202 in
278 5164 343 5204 ea
369 5150 600 5203 adorare
628 5148 857 5203 bestiam
907 5147 1157 5216 primam,
1182 5146 1337 5215 cujus
1363 5155 1550 5202 curata
1592 5156 1676 5203 est

98 5239 240 5309 plaga
272 5243 470 5297 mortis
486 5251 531 5295 ι.
564 5242 631 5296 Et
652 5240 778 5296 fecit
802 5239 951 5311 signa
977 5254 1191 5310 magna,
1220 5251 1277 5294 ut
1305 5240 1467 5294 etiam
1498 5240 1673 5309 ignem

98 5328 287 5386 faceret
332 5332 401 5387 de
452 5333 592 5387 curio
621 5331 954 5387 descendere
983 5333 1035 5385 in
1065 5340 1269 5385 terram
1304 5332 1357 5385 in
1380 5338 1675 5398 conspectu

100 5420 390 5477 hominum.
425 5423 493 5477 Et
515 5423 727 5480 seduxit
752 5422 1059 5478 habitantes
1088 5422 1141 5477 in
1173 5431 1337 5487 terra,
1358 5431 1581 5492 propter
1604 5423 1678 5477 si-

100 5527 196 5581 gna
223 5530 338 5583 qua:
364 5515 487 5569 data
515 5525 640 5573 sunt
690 5516 764 5570 illi
792 5515 971 5571 facere
1011 5516 1063 5571 in
1119 5524 1417 5585 conSpectu
1463 5514 1673 5583 bestiae,

168 5653 191 5679 τι
221 5644 380 5701 Addit
410 5657 601 5702 noster
640 5664 743 5703 ms.
777 5656 823 5701 et
844 5646 988 5715 vixit,
1023 5645 1164 5716 quod
1205 5654 1289 5703 est
1325 5661 1393 5702 ex
1435 5646 1679 5705 inferiori

102 5726 346 5770 contextu
378 5717 484 5770 huc
511 5719 796 5774 adscitum.

171 5785 195 5822 δ
222 5786 324 5843 Pro
349 5786 533 5849 verbis
554 5806 697 5848 mare
722 5799 774 5846 et
810 5790 975 5861 fontes
1003 5804 1279 5860 aquarum,
1326 5790 1677 5862 quemadmo-

1779 4698 1939 4744 nocte
1962 4688 2052 4758 qui
2071 4688 2434 4742 adoraverunt
2460 4685 2687 4741 bestiam
2707 4693 2760 4738 et
2785 4683 3069 4755 imaginem
3098 4683 3304 4753 ejus,et
3322 4685 3371 4741 si

1778 4780 1899 4850 quis
1919 4780 2571 4851 acceperitcharacterem
2589 4775 2823 4830 nominis
2839 4774 2982 4844 ejus.
3001 4774 3097 4829 Hic
3112 4776 3371 4845 patientia

1780 4883 2093 4928 sanctorum
2138 4871 2331 4941 estQui
2377 4868 2690 4925 custodiunt
2726 4866 2980 4923 mandata
3009 4866 3103 4921 Del
3131 4876 3185 4921 et
3212 4864 3373 4921 ﬁdem

1780 4964 2007 5020 Jesu.Et
2026 4962 2203 5017 audivi
2228 4976 2415 5017 vocem
2431 4962 2499 5016 de
2522 4962 2661 5017 coelo
2683 4960 2953 5015 dicentem
2972 4958 3101 5012 mihi
3121 4976 3133 5011 :
3150 4958 3372 5015 Scribe:

1781 5056 1931 5112 Beati
1959 5055 2150 5111 mortui
2181 5054 2274 5125 qui
2319 5054 2371 5107 in
2405 5053 2632 5109 Domino
2662 5053 2985 5108 moriuntur.
3018 5050 3231 5106 Amodo
3256 5051 3371 5120 jam

1779 5150 1910 5205 dicit
1938 5147 2172 5218 Spiritus
2211 5154 2271 5202 ut
2291 5146 2637 5214 requiescant
2658 5161 2687 5199 a
2717 5144 2998 5200 laboribus
3020 5144 3132 5199 suis
3156 5161 3170 5209 ;
3203 5158 3372 5216 opera

1780 5244 1925 5298 enim
1950 5242 2165 5297 illorum
2189 5247 2492 5310 sequuntur
2523 5239 2667 5295 illos.
2704 5238 2771 5294 Et
2795 5237 2905 5292 vidi
2930 5246 2982 5292 et
3012 5251 3141 5293 ecce
3171 5238 3370 5293 nubem

1779 5334 2087 5401 candidam,
2108 5343 2164 5389 et
2191 5347 2355 5402 super
2382 5331 2580 5386 nubem
2622 5330 2900 5387 sedentem
2951 5329 3188 5385 similem
3234 5328 3374 5385 Filio

1781 5427 2040 5496 hominis,
2084 5426 2368 5481 habentem
2418 5425 2471 5479 in
2518 5424 2694 5495 capite
2716 5438 2814 5479 suo
2844 5436 3101 5477 coronam
3129 5436 3372 5491 auream,

1783 5519 1917 5575 etin
1942 5534 2104 5575 manu
2133 5532 2227 5572 sua
2251 5516 2443 5572 falcem
2471 5524 2708 5570 acutam.
2746 5514 2813 5571 Et
2839 5513 2977 5569 alius
3011 5513 3235 5585 angelus
3266 5511 3383 5567 exi-

1787 5651 1913 5707 dum
1935 5661 1989 5708 et
2016 5652 2069 5707 in
2092 5650 2297 5707 Graecis
2316 5650 2521 5719 aliquot
2546 5649 2700 5706 libris
2721 5657 2803 5705 est
2824 5650 2907 5703 καί
2931 5649 3173 5705 πάντατά
3186 5652 3382 5717 αὐτοῖς,

1787 5733 1975 5781 noster
2003 5738 2216 5795 quoque
2247 5736 2347 5779 ms.
2380 5721 2565 5791 habet,
2594 5730 2642 5776 et
2674 5722 2846 5777 omnia
2867 5734 2985 5791 qum
3009 5721 3064 5793 in
3100 5720 3172 5775 eis
3203 5730 3342 5801 sunt.
