3946 6198
566 312 674 370 863

1563 275 1622 363 ιζ
1667 303 2052 364 ntsnonvnt
2092 303 2320 361 DIVINA
2363 298 2832 362 BlBLIOTHECA.

3760 309 3847 367 864

571 427 651 483 vit
679 427 747 483 de
778 423 999 495 templo,
1023 421 1266 479 clamans
1291 436 1424 478 voce
1450 435 1639 492 magna
1669 420 1738 476 ad
1765 419 2046 477 sedentem
2071 434 2159 474 su-
2185 419 2235 479 Α
2263 416 2290 456 ιι
2318 418 2387 472 ab
2425 417 2582 472 altari
2605 418 2873 475 dicentem
2901 419 3135 488 :Etiam,
3174 421 3403 478 Domine
3438 421 3584 477 Deus
3609 422 3847 491 omnipo-

568 530 669 588 per
703 515 900 572 nubem
933 530 950 569 :
981 513 1131 570 Mitte
1157 513 1350 569 falcem
1383 523 1531 568 tuam
1577 519 1633 569 et
1661 522 1826 580 mete,
1857 512 1983 583 quia
2011 510 2162 567 venit

569 607 703 664 hora
750 617 806 662 ut
863 614 1120 674 metatur,
1150 607 1407 676 quoniam
1446 607 1588 662 aruit
1621 607 1816 662 messis
1871 614 2049 662 terrae.
2093 605 2164 659 Et

579 698 727 755 misit
757 698 847 768 qui
888 696 1114 753 sedebat
1157 712 1319 768 super
1344 700 1542 754 nubem
1577 697 1769 754 falcem
1792 713 1944 754 suam
1979 698 2034 752 in
2055 706 2160 754 ter-

568 805 711 857 ram,
740 799 796 846 et
823 790 1070 847 demessa
1097 801 1180 846 est
1202 800 1369 847 terra.
1402 792 1466 846 Et
1488 791 1624 846 alius
1652 792 1879 862 angelus
1902 792 2067 847 exivit
2093 791 2162 848 de

569 883 775 954 templo
791 882 936 954 quod
959 892 1043 939 est
1070 883 1122 938 in
1147 885 1310 948 coelo,
1344 884 1409 938 ha
1420 884 1552 940 heus
1573 893 1625 939 et
1646 884 1763 955 ipse
1807 883 1999 939 falcem
2029 898 2160 939 acu-

571 983 704 1032 tam.
738 975 806 1030 Et
833 975 970 1030 alius
1000 975 1226 1047 angelus
1274 975 1437 1032 exivit
1477 976 1546 1032 de
1576 976 1753 1042 altari,
1789 975 1879 1046 qui
1931 975 2164 1031 habebat

569 1073 893 1138 potestatem
921 1080 1083 1136 supra
1115 1067 1324 1138 ignem;
1357 1079 1410 1123 et
1441 1067 1694 1122 clamavit
1716 1081 1850 1122 voce
1870 1081 2063 1138 magna
2094 1065 2162 1122 ad

569 1173 692 1214 eum
715 1159 808 1229 qui
823 1157 1060 1214 habebat
1087 1157 1280 1215 falcem
1311 1157 1748 1222 acutam,dieens
1763 1175 1778 1212 :
1796 1157 1945 1214 Mitte
1968 1157 2160 1214 falcem

571 1258 716 1306 tuam
752 1259 988 1315 acutam,
1013 1259 1068 1307 et
1093 1251 1362 1307 vindemia
1391 1251 1580 1307 botros
1621 1252 1795 1307 vineae
1822 1261 2000 1317 terrae,
2030 1265 2164 1322 quo-

570 1344 714 1400 niam
739 1351 964 1398 maturte
985 1352 1113 1400 sunt
1134 1360 1254 1399 uvae
1282 1345 1421 1415 ejus.
1440 1344 1507 1400 Et
1536 1345 1683 1400 misit
1712 1345 1938 1416 angelus
1967 1343 2162 1401 falcem

570 1447 723 1490 suam
752 1444 965 1490 acutam
988 1435 1042 1491 in
1083 1443 1285 1491 terram
1304 1477 1318 1502 ,
1343 1444 1398 1491 et
1426 1436 1778 1492 viudemiavit
1807 1438 2020 1493 vineam
2053 1446 2162 1492 ter-

572 1541 671 1594 rae,
703 1535 758 1583 et
785 1527 933 1582 misit
955 1527 1010 1582 in
1039 1527 1216 1584 lacum
1249 1529 1343 1583 ira:
1369 1529 1464 1584 Dei
1497 1545 1786 1599 magnum;
1819 1538 1875 1586 et
1923 1531 2163 1586 calcatus

571 1626 656 1673 est
701 1617 852 1674 lacus
881 1627 1034 1674 extra
1065 1619 1362 1686 civitatem,
1392 1629 1444 1675 et
1490 1620 1663 1675 exivit
1705 1622 1925 1692 sanguis
1946 1621 2014 1676 de
2043 1621 2162 1676 lacu

572 1726 742 1781 usque
771 1710 840 1766 ad
862 1711 1045 1767 frenos
1074 1726 1340 1782 equorum
1372 1727 1468 1781 per
1495 1712 1667 1767 stadia
1701 1713 1850 1768 mille
1880 1720 2159 1769 sexcenta.

2266 521 2408 575 tens,
2440 525 2570 566 vera
2614 520 2669 568 et
2693 511 2835 581 justa
2880 512 3082 584 judicia
3129 523 3239 569 tua.
3272 515 3340 570 Et
3369 524 3610 586 quartus
3646 515 3847 586 angelus

2263 601 2453 658 elfudit
2485 601 2722 674 phialam
2750 620 2903 660 suam
2929 605 2981 660 in
3015 605 3482 673 solem,etdatum
3514 616 3606 664 est
3631 608 3712 662 illi
3733 620 3846 664 astu

2263 695 2508 766 afﬂigere
2542 696 2812 762 homines,
2833 706 2888 754 et
2915 696 3024 769 igni
3058 715 3074 756 :
3109 708 3163 754 et
3192 708 3574 757 asstuaverunt
3607 702 3844 759 homines

2263 797 2395 844 astu
2428 803 2648 859 magno,
2677 798 2733 845 et
2763 789 3279 861 blasphemaverunt
3303 810 3508 850 nomen
3535 794 3633 851 Dei
3665 795 3850 850 haben-

2266 880 2333 934 tis
2360 889 2682 951 potestatem
2717 895 2886 951 super
2919 881 3014 938 has
3048 884 3256 954 plagas,
3283 900 3464 954 neque
3491 895 3733 956 egerunt
3754 901 3851 956 pos-

2264 971 2568 1038 nitentiam,
2602 983 2624 1011 ο
2655 980 2714 1028 ut
2736 974 2931 1029 darent
2958 974 3034 1030 illi
3067 977 3321 1046 gloriam.
3348 977 3417 1032 Et
3441 977 3677 1048 quintus
3705 994 3851 1048 ange-

2262 1062 2346 1119 lus
2377 1063 2562 1119 effudit
2590 1065 2828 1136 phialam
2881 1080 3035 1122 suam
3083 1080 3251 1137 super
3296 1068 3484 1124 sedem
3546 1068 3740 1124 bestia:
3771 1080 3851 1124 :et

2265 1154 2462 1210 factum
2494 1165 2579 1211 est
2616 1173 2842 1227 regnum
2874 1158 2992 1226 ejus
3018 1159 3392 1226 tenebrosum,
3419 1169 3476 1215 et
3505 1162 3850 1215 eommandu-

2261 1255 2519 1301 caverunt
2547 1246 2674 1318 [Ms.
2700 1248 3078 1319 comederunt]
3101 1249 3312 1320 linguas
3335 1264 3463 1304 suas
3497 1265 3607 1320 prae
3622 1250 3841 1305 dolore:

2265 1333 2319 1394 et
2339 1338 2852 1406 blasphemaverunt
2899 1341 3066 1397 Deum
3112 1341 3264 1407 coeli,
3310 1357 3422 1412 prae
3475 1342 3758 1398 doloribus
3799 1353 3846 1398 et

2267 1431 2582 1487 vulneribus
2609 1431 2636 1468 (ι
2662 1432 2796 1498 suis,
2843 1442 2899 1487 et
2945 1447 3054 1489 non
3103 1441 3335 1502 egerunt
3378 1434 3752 1502 paenitentiam
3785 1449 3848 1488 ex

2265 1523 2521 1592 operibus
2580 1525 2714 1580 suis.
2758 1524 2826 1578 Et
2871 1533 3060 1580 sextus
3109 1525 3335 1594 angelus
3374 1524 3555 1581 effudit
3602 1525 3846 1595 phialam

2265 1629 2419 1671 suam
2451 1616 2504 1671 in
2531 1616 2733 1672 ﬂumen
2762 1617 2893 1673 illud
2924 1631 3176 1687 maguum
3200 1617 3522 1687 Euphratem
3553 1626 3644 1673 :et
3672 1617 3853 1672 sicca-

2267 1705 2344 1761 vit
2387 1722 2579 1778 aquam
2610 1707 2748 1779 ejus,
2778 1719 2837 1763 ut
2860 1718 3260 1780 praepararetur
3300 1708 3381 1763 via
3408 1709 3626 1779 regibus
3661 1708 3735 1763 ab
3767 1723 3850 1763 or-

645 1801 796 1873 [Cap.
826 1802 969 1874 XV.]
997 1803 1066 1858 Et
1097 1803 1201 1858 vidi
1228 1803 1373 1860 aliud
1399 1806 1613 1876 signum
1644 1805 1699 1860 in
1727 1805 1868 1862 coelo
1895 1821 2150 1877 maguum
2193 1800 2240 1860 B
2267 1809 2324 1856 tu
2350 1800 2501 1855 solis.
2536 1801 2602 1855 Et
2630 1801 2736 1856 vidi
2785 1801 2855 1856 de
2895 1816 2992 1857 ore
3028 1800 3310 1869 draconis,
3335 1807 3391 1857 et
3413 1801 3481 1856 de
3506 1815 3599 1856 ore
3626 1799 3836 1866 bestiae,

571 1902 628 1950 et
647 1894 918 1960 mirabile,
941 1895 1166 1966 angelos
1185 1906 1423 1964 septem,
1457 1896 1718 1953 habentes
1747 1897 1931 1968 plagas
1956 1909 2164 1968 septem

575 1985 918 2042 novissimas.
946 1985 1211 2053 Quoniam
1238 1987 1288 2041 in
1312 1987 1422 2042 illis
1442 1997 1816 2042 consummata
1839 1999 1924 2044 est
1944 1990 2022 2044 ira
2048 1991 2165 2045 Dei.

574 2079 644 2136 Et
670 2079 778 2136 vidi
812 2088 1081 2151 tamquam
1102 2095 1253 2137 mare
1276 2081 1506 2138 vitreum
1541 2081 1756 2137 mistum
1784 2082 1927 2154 igne,
1964 2091 2019 2138 et
2047 2098 2162 2149 eos,

573 2172 664 2242 qui
715 2171 961 2227 vicerunt
997 2172 1249 2242 bestiam,
1287 2181 1342 2228 et
1382 2173 1671 2244 imaginem
1708 2175 1850 2244 ejus,
1890 2183 1944 2230 et
1972 2191 2166 2230 nurne-

581 2278 701 2317 rum
737 2261 972 2318 nominis
999 2263 1143 2333 ejus,
1174 2271 1383 2320 stantes
1412 2281 1578 2336 super
1609 2280 1757 2322 mare
1784 2267 2042 2332 vitreum,
2073 2266 2169 2321 ha-

578 2355 768 2412 bentes
817 2355 1056 2410 citharas
1096 2356 1191 2412 Dei
1225 2375 1235 2410 :
1267 2367 1323 2412 et
1351 2366 1634 2413 cantantes
1678 2361 1948 2414 canticum
1995 2358 2167 2430 Moysi

575 2447 720 2500 servi
778 2444 894 2514 Dei,
920 2455 974 2502 et
1017 2446 1290 2502 canticum
1341 2447 1502 2519 Agui,
1553 2449 1797 2505 dicentes
1831 2468 1844 2505 :
1877 2450 2065 2521 Magna
2115 2459 2170 2505 et

578 2536 854 2593 mirabilia
880 2546 1007 2594 sunt
1035 2554 1198 2609 opera
1231 2549 1343 2609 tua,
1367 2541 1597 2596 Domine
1627 2541 1769 2598 Deus
1785 2542 2127 2612 omnipotens
2151 2563 2165 2599 :

574 2628 737 2698 justas
765 2639 820 2685 et
841 2644 985 2686 veras
1001 2639 1125 2686 sunt
1144 2631 1246 2686 viae
1273 2641 1399 2700 tute,
1419 2648 1514 2688 rex
1542 2635 1882 2689 surculorum.
1908 2635 2038 2702 Quis
2063 2649 2170 2691 non

583 2721 801 2779 timebit
826 2732 899 2793 te,
944 2723 1196 2791 Domine,
1225 2735 1277 2781 ct
1323 2726 1690 2797 magnificahit
1733 2743 1930 2784 nomen
1982 2731 2170 2784 tuum?

579 2817 706 2886 quia
735 2817 889 2873 solus
920 2817 1040 2886 pius
1069 2833 1129 2873 es
1162 2835 1177 2874 :
1207 2819 1460 2890 quoniam
1490 2835 1676 2878 omnes
1707 2831 1897 2892 gentes
1931 2823 2168 2890 venient,

580 2918 637 2968 et
682 2909 988 2967 adorabunt
1017 2912 1073 2967 in
1115 2924 1413 2984 conspectu
1459 2924 1572 2983 tuo,
1601 2917 1856 2986 quoniam
1886 2914 2015 2988 [Με.
2043 2916 2168 2970 add.

588 3004 791 3075 omnia]
805 3005 1005 3076 judicia
1038 3015 1126 3061 tua
1155 3007 1439 3063 manifesta
1472 3018 1619 3064 sunt.
1647 3009 1712 3064 Et
1745 3019 1865 3079 post
1893 3009 2009 3064 haec
2040 3010 2168 3077 vidi,

583 3102 641 3148 et
669 3107 794 3148 ecce
821 3107 1068 3164 apertum
1100 3107 1182 3151 est
1210 3100 1469 3168 templum
1503 3100 1837 3156 tabernaculi
1870 3101 2172 3156 testimonii

2269 1899 2325 1948 et
2352 1890 2418 1946 de
2449 1906 2545 1947 ore
2576 1892 3065 1964 pseudopropheta:
3105 1895 3130 1923 ⁸
3155 1893 3381 1963 spiritus
3411 1901 3527 1948 tres
3555 1891 3849 1948 immundos

2270 1982 2323 2037 in
2372 1983 2592 2037 modum
2640 1999 2918 2040 ranarum.
2953 1983 3095 2039 Sunt
3132 1984 3277 2039 enim
3316 1983 3544 2054 spiritus
3569 1983 3848 2038 daemonio-

2271 2093 2388 2133 rum
2438 2077 2698 2132 facientes
2747 2078 2920 2148 signa,
2953 2085 3012 2132 et
3041 2077 3347 2147 procedunt
3385 2079 3452 2132 ad
3497 2092 3658 2148 reges
3696 2077 3845 2132 totius

2272 2179 2432 2226 terrae
2457 2185 2788 2241 congregare
2819 2171 2945 2226 illos
2967 2169 3022 2226 in
3055 2170 3302 2240 praelium
3335 2170 3401 2226 ad
3435 2171 3583 2226 diem
3615 2185 3844 2241 magnum

2269 2264 2655 2334 omnipotentis
2687 2265 2807 2320 Dei.
2842 2265 2981 2320 Ecce
3003 2265 3166 2320 venio
3208 2266 3350 2321 sicut
3389 2265 3498 2321 fur.
3541 2267 3733 2322 Beatus
3755 2265 3832 2335 qui

2270 2353 2484 2425 vigilat,
2517 2365 2573 2409 et
2599 2354 2840 2409 custodit
2869 2357 3199 2411 vestimenta
3229 2371 3348 2423 sua,
3384 2372 3452 2413 ne
3476 2357 3655 2412 nudus
3677 2355 3843 2411 ambu-

2273 2446 2368 2514 let,
2399 2456 2452 2503 et
2502 2447 2721 2502 videant
2766 2447 3158 2519 turpitudinem
3213 2451 3356 2518 ejus.
3399 2449 3467 2505 Et
3511 2450 3841 2522 congregabit

2276 2542 2402 2596 illos
2455 2543 2507 2596 iu
2562 2543 2761 2610 locum,
2807 2543 2901 2610 qui
2951 2553 3174 2598 vocatur
3221 2544 3489 2604 Hebraice
3521 2544 3844 2614 Armagedon

2275 2632 2401 2705 [Με.
2430 2633 2850 2705 [lermagedon].
2882 2635 2948 2689 Et
2968 2635 3231 2704 septimus
3253 2637 3481 2704 angelus
3503 2635 3692 2690 cﬂ'ndit
3721 2636 3848 2705 phia-

2275 2727 2379 2781 lam
2410 2740 2562 2780 suatn
2592 2727 2643 2781 in
2675 2741 2881 2794 aerem,
2908 2735 2964 2781 et
2992 2725 3166 2782 exivit
3191 2742 3292 2782 vox
3333 2743 3527 2798 magna
3557 2726 3628 2783 de
3669 2727 3849 2796 templo

2273 2831 2303 2870 a
2333 2816 2548 2885 throno,
2567 2816 2756 2872 dicens
2785 2817 3048 2873 :Factum
3080 2827 3186 2872 est.
3212 2817 3279 2871 Et
3312 2817 3452 2872 facta
3480 2827 3613 2873 sunt
3635 2817 3846 2889 fulgura,

2275 2917 2330 2965 et
2356 2925 2519 2965 voces
2548 2921 2603 2965 et
2635 2909 2893 2974 tonitrua,
2937 2921 2992 2965 et
3039 2917 3378 2965 terrazmotus
3415 2909 3591 2965 factus
3631 2921 3713 2966 est
3753 2923 3848 2963 ma-

2278 3014 2433 3070 gnus,
2463 3001 2638 3069 qualis
2670 3014 2967 3070 numquam
3000 2999 3122 3068 fuit,
3147 3015 3212 3054 ex
3245 3015 3356 3071 quo
3381 2999 3630 3055 homines
3653 2999 3845 3054 fuerunt

2279 3107 2441 3162 super
2466 3100 2666 3146 terram
2690 3132 2706 3156 ,
2741 3092 2864 3147 talis
2891 3100 3262 3171 terr-.rmoms,
3292 3091 3373 3146 sic
3414 3107 3662 3162 magnus.
3697 3091 3761 3146 Et
3784 3090 3845 3144 fa-

580 3183 637 3238 in
656 3184 799 3238 coelo
831 3201 845 3238 :
874 3193 931 3240 et
959 3188 1214 3242 exierunt
1241 3199 1450 3259 septem
1478 3191 1655 3261 angeli
1682 3190 1944 3246 habentes
1963 3200 2168 3262 septem
2197 3181 2241 3245 C
2273 3195 2358 3240 cta
2392 3194 2474 3240 est
2499 3186 2692 3240 civitas
2715 3201 2902 3254 magna
2930 3187 2982 3240 in
3015 3195 3125 3241 tres
3146 3193 3326 3255 partes
3352 3202 3365 3238 :
3396 3193 3452 3239 et
3470 3185 3717 3239 civitates
3735 3198 3847 3253 gen-

585 3275 771 3346 plagas
814 3274 883 3331 de
929 3278 1153 3347 templo,
1211 3281 1389 3335 vestiti
1445 3281 1558 3337 lino
1586 3281 1712 3355 [Μδ.
1746 3283 1945 3355 lapide]
1972 3283 2172 3337 mundo

583 3375 639 3423 et
668 3367 920 3434 candido,
944 3379 999 3423 et
1026 3371 1304 3438 praecincti
1332 3373 1474 3428 circa
1519 3385 1734 3443 pectora
1784 3377 1936 3430 zonis
1965 3377 2164 3430 aureis.

585 3457 655 3514 Et
682 3473 850 3513 unum
873 3459 940 3514 de
970 3468 1208 3530 quatuor
1237 3462 1564 3518 animalibus
1593 3465 1743 3519 dedit
1769 3476 1979 3535 septem
2011 3480 2174 3536 ange-

581 3553 650 3610 lis
689 3561 898 3623 septem
933 3552 1142 3624 phialas
1177 3557 1391 3622 aureas,
1431 3557 1615 3625 plenas
1653 3557 1946 3613 iracundiae
1982 3559 2076 3614 Dei
2099 3559 2177 3613 vi-

579 3646 759 3703 ventis
789 3646 842 3701 in
889 3645 1087 3702 smeula
1123 3647 1472 3703 saeculorum.
1504 3649 1570 3704 Et
1617 3649 1898 3720 impletum
1929 3659 2012 3706 est
2043 3661 2176 3707 tem-

585 3740 731 3810 plum
782 3739 930 3796 fumo
960 3757 991 3796 a
1037 3741 1322 3812 majestate
1355 3744 1468 3810 Dei,
1499 3753 1551 3798 et
1581 3743 1648 3800 de
1693 3745 1892 3800 virtute
1938 3745 2054 3815 ejus
2081 3764 2092 3799 :
2122 3757 2175 3801 et

585 3845 748 3887 nemo
781 3844 995 3902 poterat
1033 3835 1260 3893 introire
1300 3837 1354 3892 in
1401 3840 1684 3910 templum,
1714 3839 1893 3896 donec
1925 3854 2176 3896 consum-

536 3990 538 3992 ,
582 3933 857 3978 marentur
906 3933 1112 3996 septem
1143 3929 1315 3998 plagae
1341 3944 1550 4001 septem
1581 3933 1916 4004 angelorum.

653 4013 803 4086 [Cap.
833 4016 999 4088 Νι]
1024 4019 1091 4072 Et
1117 4021 1295 4076 audivi
1327 4039 1516 4078 vocem
1554 4041 1803 4096 magnam
1837 4028 1904 4083 de
1936 4030 2186 4100 templo,

579 4107 854 4194 dicentem
884 4119 1094 4180 septem
1139 4114 1348 4182 angelis
1378 4133 1390 4168 :
1419 4115 1518 4182 Ite,
1550 4129 1605 4173 et
1654 4120 1912 4176 effundite
1962 4133 2170 4194 septem

581 4193 794 4264 phialas
826 4193 922 4249 ira:
952 4194 1046 4248 Dei
1071 4195 1123 4249 in
1155 4205 1375 4252 terram.
1409 4199 1477 4254 Et
1514 4202 1644 4257 abiit
1685 4206 1915 4272 primus.
1945 4216 2002 4262 et
2028 4209 2171 4264 effu-

582 4284 663 4341 dit
686 4284 924 4355 phialam
955 4300 1109 4341 suam
1155 4289 1206 4341 in
1247 4297 1470 4357 terram,
1494 4301 1550 4346 et
1595 4291 1796 4349 factum
1844 4307 1928 4352 est
1978 4299 2172 4356 vulnus

583 4390 788 4432 saevum
829 4387 886 4433 et
913 4377 1210 4448 pessimum
1243 4380 1296 4434 in
1326 4379 1595 4450 homines,
1624 4386 1712 4454 qui
1741 4385 2015 4444 habebant
2042 4391 2172 4446 cha~

583 4478 851 4526 racterem
879 4469 1106 4537 bestiae;
1133 4479 1190 4526 et
1229 4472 1283 4526 in
1313 4487 1428 4542 eos,
1461 4475 1554 4545 qui
1582 4475 1955 4534 adoraverunt
1983 4481 2172 4553 imagi-

2277 3279 2406 3333 tium
2439 3279 2776 3334 ceciderunt.
2813 3279 2879 3332 Et
2907 3277 3148 3350 Babylon
3177 3292 3371 3348 magna
3401 3278 3546 3332 venit
3578 3279 3632 3330 in
3666 3291 3846 3330 memo-

2279 3370 2412 3425 riam
2433 3381 2559 3423 ante
2591 3369 2786 3434 Deum,
2809 3368 2940 3423 dare
2970 3368 3046 3423 illi
3079 3369 3304 3424 calicem
3328 3369 3439 3422 vini
3473 3367 3843 3438 indignationis

2276 3457 2370 3513 ira}
2400 3459 2538 3528 ejus.
2575 3459 2642 3512 Et
2663 3458 2843 3514 omnis
2884 3459 3056 3512 insula
3081 3458 3234 3527 fugit,
3262 3469 3316 3513 et
3348 3467 3560 3513 montes
3592 3474 3700 3514 non
3738 3465 3844 3511 sunt

2277 3551 2501 3606 iuveuti.
2540 3552 2605 3605 Et
2628 3551 2834 3621 grando
2878 3565 3077 3620 magna
3108 3551 3252 3606 sicut
3284 3552 3546 3606 talentum
3583 3550 3842 3607 descendit

2276 3641 2344 3697 de
2371 3642 2512 3698 coelo
2536 3642 2588 3696 in
2618 3643 2868 3699 homines
2903 3661 2916 3696 :
2949 3652 3006 3698 et
3026 3642 3543 3713 blasphemaveruut
3571 3645 3733 3699 Deum
3755 3645 3836 3695 lio-

2276 3735 2452 3788 mines
2499 3745 2725 3804 propter
2772 3735 2982 3806 plagam
3013 3736 3289 3805 grandinis
3321 3737 3623 3806 :quouiam
3669 3751 3834 3806 magna

2275 3829 2416 3884 facta
2446 3839 2528 3885 est
2566 3829 2940 3885 vehementer.

2348 3908 2501 3994 [ὶῗαρ.
2537 3923 2723 3995 XVll.]
2756 3924 2820 3978 Et
2845 3925 2993 3979 venit
3017 3941 3152 3980 unus
3185 3926 3250 3978 de
3277 3933 3484 3995 septem
3513 3922 3829 3995 angelis,qui

2276 4013 2554 4070 habebant
2597 4025 2802 4084 septem
2829 4015 3058 4084 phialas,
3092 4025 3147 4072 et
3167 4017 3381 4070 locutus
3410 4025 3495 4070 est
3517 4029 3740 4080 mecum,
3766 4012 3832 4065 di-

2276 4121 2451 4160 ecus:
2485 4105 2639 4172 Veni,
2684 4107 2966 4162 ostendam
2995 4108 3090 4162 tibi
3129 4106 3534 4163 damnationem
3563 4104 3838 4161 meretricis

2277 4211 2508 4267 magum,
2533 4212 2653 4264 qua:
2676 4196 2830 4252 sedet
2854 4212 3020 4268 super
3047 4213 3214 4268 aquas
3243 4197 3600 4264 multas,eum
3623 4212 3718 4267 qua
3741 4195 3836 4249 foro

2278 4290 2438 4344 nicati
2468 4300 2592 4344 sunt
2619 4305 2778 4360 reges
2804 4301 2984 4357 teme,
3017 4301 3072 4346 et
3102 4290 3358 4346 inebriati
3381 4300 3507 4346 sunt
3530 4290 3614 4360 qui
3639 4287 3836 4342 inhabi~

2279 4388 2396 4435 tant
2437 4389 2637 4435 terram
2667 4380 2736 4435 de
2775 4381 2900 4434 vino
2947 4381 3345 4450 prostitutionis
3384 4381 3518 4452 ejus.
3546 4382 3608 4435 Et
3631 4377 3830 4432 abstulit

2278 4489 2366 4530 me
2397 4473 2449 4527 in
2476 4474 2666 4545 spiritu
2697 4476 2750 4528 in
2783 4475 3082 4529 desertum.
3127 4476 3193 4529 Et
3224 4476 3338 4531 vidi
3367 4476 3625 4530 mulierem
3649 4469 3830 4526 seden-

583 4575 709 4615 nem
731 4561 872 4630 ejus.
896 4559 966 4617 Et
985 4563 1261 4620 secundus
1289 4566 1516 4636 angelus
1539 4567 1730 4624 elfudit
1753 4569 1985 4639 phialam
2019 4590 2171 4630 suam
2200 4557 2254 4618 Ῑ)
2280 4574 2387 4622 lem
2433 4583 2599 4639 super
2644 4569 2868 4623 bestiam
2910 4567 3247 4636 COCCineam.
3302 4570 3506 4639 plenam
3544 4561 3835 4621 “ominibus

583 4651 639 4707 in
670 4667 840 4721 mare,
873 4664 926 4710 et
957 4652 1138 4711 factus
1165 4664 1250 4712 est
1275 4659 1494 4728 sanguis
1536 4667 1806 4730 tamquam
1845 4664 2041 4717 mortui
2077 4683 2088 4717 :
2119 4676 2175 4720 et

583 4745 762 4800 omnis
792 4745 971 4801 anima
1014 4747 1206 4803 vivens
1248 4758 1461 4804 mortua
1499 4760 1582 4805 est
1609 4751 1662 4804 iu
1694 4753 1854 4807 mari.
1884 4753 1950 4808 Et
1985 4756 2175 4811 tertius

583 4835 772 4893 effudit
800 4836 1036 4908 phialam
1069 4855 1222 4894 suam
1253 4855 1416 4910 super
1444 4842 1691 4911 flumina,
1720 4853 1775 4899 et
1809 4859 1974 4915 super
2000 4846 2176 4902 foiites

583 4941 872 4998 aquarum,
899 4939 955 4984 et
985 4929 1162 4986 factus
1198 4942 1280 4986 est
1324 4935 1563 5004 sanguis.
1598 4934 1662 4990 Et
1714 4937 1894 4992 audivi
1925 4939 2176 5009 angelum

582 5036 844 5091 aquarum
876 5022 1148 5080 dicentem
1174 5044 1188 5082 :
1214 5024 1403 5082 Justus
1437 5042 1519 5094 es,
1553 5037 1578 5065 α
1609 5028 1860 5098 Domine,
1889 5033 1980 5101 qui
2012 5046 2093 5099 es,
2121 5041 2176 5088 et

577 5117 667 5185 qui
695 5131 818 5172 eras
838 5126 1085 5186 sanctus,
1115 5120 1206 5190 qui
1235 5123 1349 5176 hanc
1371 5121 1626 5191 judicasti
1657 5141 1670 5178 :
1701 5124 1828 5194 quia
1851 5127 2170 5196 sanguinem

577 5215 891 5263 sanctorum
922 5219 978 5266 et
1007 5213 1393 5280 prophetarum
1425 5214 1757 5282 effuderunt,
1777 5225 1834 5272 et
1853 5220 2174 5289 sanguinein

575 5298 656 5355 eis
674 5298 875 5358 dedisti
895 5301 1087 5359 bibere
1108 5303 1288 5375 :digni
1309 5305 1455 5362 enim
1475 5315 1622 5362 sunt.
1641 5307 1705 5363 Et
1727 5308 1909 5364 audivi
1939 5310 2171 5366 alterum

646 5476 674 5506 ⁸
704 5467 774 5548 Ψ
801 5467 1492 5548 in_Graacis_nonuullis,ita
1520 5472 1645 5530 etin
1677 5473 1870 5530 Latino
1892 5474 2035 5548 apud
2063 5488 2163 5532 nos

575 5552 682 5594 ms.
714 5539 958 5606 Domine,
988 5539 1354 5600 desideratur.

645 5608 674 5690 ξι
707 5609 906 5668 lterum
935 5612 1115 5676 verba.
1144 5613 1209 5668 ab
1256 5616 1432 5690 altari,
1457 5631 1584 5674 cum
1613 5616 1820 5675 Graecis
1861 5618 2068 5690 aliquot
2103 5617 2161 5672 liv

575 5678 687 5735 bris
714 5692 903 5757 noster
931 5698 1148 5757 quoque
1177 5700 1279 5740 ms.
1310 5678 1540 5757 ignorat.

658 5759 680 5786 ο
714 5749 846 5806 Plus
874 5749 1042 5808 habet
1058 5749 1256 5811 noster
1289 5749 1415 5825 ms.,
1452 5767 1511 5813 ut
1540 5774 1642 5813 non
1671 5761 1950 5816 adorarent
1974 5762 2168 5816 dmito-

2280 4659 2650 4730 blasphemite,
2687 4660 2975 4715 habentem
2999 4661 3174 4731 capita
3199 4651 3431 4731 septem,
3462 4671 3517 4715 et
3531 4671 3722 4714 cornua
3749 4656 3832 4709 dr-

2278 4765 2418 4806 eem.
2450 4751 2516 4805 Et
2542 4752 2736 4806 mulier
2762 4761 2880 4807 erat
2905 4752 3239 4807 circumdata
3267 4767 3525 4824 purpura,
3545 4761 3601 4806 et
3617 4749 3834 4809 coccino,

2279 4853 2334 4901 et
2365 4844 2610 4914 inaurata
2650 4862 2806 4913 auro,
2849 4855 2905 4902 et
2932 4846 3111 4916 lapide
3155 4848 3424 4917 pretioso,
3449 4856 3503 4901 et
3535 4843 3833 4914 margaritis,

2279 4939 2486 4994 habens
2515 4939 2770 5008 poculum
2798 4953 3018 4994 aureum
3063 4939 3115 4993 in
3150 4953 3309 4993 manu
3343 4953 3461 5006 sua,
3494 4938 3702 5007 plenum
3723 4934 3835 4989 abo-

2282 5031 2600 5098 minatione,
2625 5039 2682 5087 et
2710 5030 3049 5085 imutuoditia
3091 5029 3472 5085 fornicationis
3519 5030 3656 5100 ejus.
3688 5027 3748 5081 Et
3792 5026 3833 5078 in

2281 5123 2461 5180 fronte
2511 5126 2630 5195 ejus
2663 5137 2865 5180 nomen
2900 5121 3182 5192 scriptum,
3213 5121 3530 5192 Mysterium
3567 5137 3581 5174 :
3621 5117 3833 5188 Babylon

2280 5232 2497 5286 magna,
2532 5227 2706 5272 mater
2724 5215 3164 5279 foruicationum,
3195 5224 3248 5268 et
3269 5213 3730 5268 abominationum
3757 5218 3832 5262 ter-

2283 5325 2376 5366 rm.
2411 5309 2477 5366 Et
2505 5309 2610 5365 vidi
2659 5308 2946 5364 mulierem
2993 5305 3198 5362 ebriam
3237 5307 3306 5361 de
3346 5304 3614 5375 sanguine
3642 5312 3829 5359 sancto.

2270 5475 2376 5540 nia,
2408 5482 2461 5528 ut
2487 5473 2672 5528 darent
2702 5472 2782 5527 illi
2807 5471 3050 5544 gloriam.

2343 5534 2374 5582 δ’
2393 5545 2701 5600 Pronomen
2725 5534 2854 5609 suis,
2885 5540 2972 5596 hic
2991 5548 3047 5597 et
3074 5538 3430 5609 subsequenti
3451 5537 3701 5608 proxime
3729 5534 3823 5590 loto

2269 5617 2411 5673 idem
2442 5632 2546 5688 ms.
2580 5621 2741 5688 tacet.
3249 5679 3264 5688 ,
3368 5680 3379 5688 _
3444 5679 3479 5688 Α
3601 5680 3613 5688 ,
3704 5677 3733 5688 ,,
3798 5672 3808 5684 .

2345 5697 2367 5723 ε
2398 5685 2559 5742 Addit
2577 5685 2746 5739 exisse
2767 5691 2953 5739 noster
2974 5695 3100 5750 ms.,
3124 5679 3267 5753 quod
3289 5680 3420 5738 etin
3437 5679 3645 5738 Graecis
3671 5677 3833 5745 aliqui-

2272 5759 2394 5828 bus,
2427 5756 2649 5823 ἐξελθεῖν,
2680 5754 2926 5812 habetur.
