3946 6198
85 204 184 261 865

1060 196 1124 251 Β.
1164 191 1446 252 JOANNIS
1480 192 1818 251 APOSTOLI
1858 191 2344 251 APOCALYPSIS.

3238 190 3343 247 866

85 336 224 381 rutn,
270 326 322 371 et
369 316 439 370 de
483 312 743 384 sanguine
787 318 1086 381 martyrum
1128 310 1281 365 Jesu.
1315 309 1383 365 Et
1428 309 1654 365 miratus
1682 311 1732 370 Α
1759 316 1815 365 et
1840 308 2035 375 luctus,
2075 316 2128 363 et
2158 308 2348 372 fames,
2379 315 2433 361 et
2471 304 2593 375 igne
2635 302 3010 362 comburetur:
3041 302 3164 373 quia
3196 302 3348 358 fortis

82 426 223 473 sum,
254 422 371 462 cum
425 403 678 458 vidissem
720 400 891 465 illam,
924 399 1283 455 admiratione
1326 416 1539 470 magna.
1588 400 1655 454 Et

86 500 220 554 dixit
250 496 377 553 mihi
406 494 627 565 angelus
659 510 672 547 :
714 492 892 559 Quare
929 492 1176 551 miraris?
1208 491 1321 562 Ego
1348 490 1520 547 dicam
1560 490 1653 545 tibi

78 597 476 649 Sacramentum
528 584 796 649 mulieris,
823 592 879 639 et
924 583 1116 639 bestiae
1145 598 1266 653 qua:
1295 592 1474 654 portat
1509 597 1650 648 eam,

74 701 191 755 quae
215 682 373 737 habet
398 678 580 749 capita
606 686 839 746 septem,
862 686 917 732 et
954 691 1158 731 cornua
1202 675 1414 732 decem.
1450 676 1651 740 Bestia,

73 789 223 846 quam
263 770 469 838 vidisti,
510 768 628 834 fuit,
662 779 716 823 et
757 782 863 821 non
902 776 1007 835 est,
1048 777 1101 823 et
1144 781 1433 822 ascensura
1477 766 1655 821 estde

74 867 279 937 abysso,
304 872 357 919 et
385 864 450 917 in
494 860 773 916 interitum
804 859 903 914 ibit
937 875 951 914 :
985 868 1040 913 et
1070 858 1411 913 mirabuntur
1446 856 1656 912 inhabi-

78 966 242 1012 tantes
274 964 484 1011 terram
518 953 768 1023 (quorum
804 966 909 1005 non
942 959 1069 1005 sunt
1104 950 1305 1019 scripta
1349 951 1568 1004 nomina
1601 949 1653 1003 in

86 1048 365 1106 libroVitte
392 1064 422 1101 a
449 1044 836 1100 constitutione
861 1044 1098 1113 mundi),
1129 1044 1373 1098 videntes
1400 1042 1653 1105 bestiam,

94 1158 203 1213 quae
238 1150 377 1204 erat,
408 1148 461 1194 et
493 1154 598 1191 non
642 1146 744 1191 est.
775 1137 841 1190 Et
875 1135 962 1189 hic
1004 1144 1087 1190 est
1114 1150 1327 1199 sensus,
1368 1134 1459 1203 qui
1490 1133 1654 1187 habet

92 1233 417 1302 sapientiam.
442 1230 655 1299 Septem
687 1226 885 1296 capita,
915 1235 1121 1297 septem
1152 1236 1363 1280 montes
1390 1234 1537 1291 sunt,
1567 1238 1657 1279 su-

95 1339 179 1395 per
197 1323 527 1393 quosmulier
556 1320 797 1386 sedct,et
818 1335 972 1388 reges
1001 1330 1209 1389 septem
1240 1317 1645 1389 sunt.Quiuque

94 1414 406 1477 ceciderunt,
439 1428 576 1467 unus
612 1420 715 1475 est,
747 1419 802 1466 et
856 1412 994 1465 alius
1045 1410 1279 1464 nondum
1321 1409 1466 1464 venit
1524 1426 1539 1463 :
1596 1420 1646 1464 et

94 1523 203 1563 cum
255 1508 480 1571 venerit,
508 1512 723 1575 Oportet
769 1504 921 1557 illum
969 1504 1132 1558 breve
1160 1512 1372 1572 tempus
1401 1517 1641 1557 manere.

92 1598 151 1651 Et
176 1598 359 1662 bestia,
405 1612 525 1667 qua:
558 1604 694 1663 erat,
726 1604 782 1649 et
811 1610 916 1649 non
943 1605 1046 1659 est,
1077 1604 1127 1649 et
1153 1594 1266 1663 ipsa
1294 1602 1486 1648 octava
1519 1603 1601 1648 est
1637 1610 1651 1650 :

1756 408 1839 455 est
1866 399 2031 463 Deus,
2060 399 2151 469 qui
2173 398 2436 469 judicabit
2468 396 2634 452 illam.
2665 396 2730 451 Et
2758 394 2986 461 flebunt,
3013 402 3067 449 et
3090 392 3349 465 plangent

1755 503 1815 546 se
1839 505 2003 560 super
2027 489 2172 544 illam
2188 504 2343 559 reges
2364 497 2543 553 terrae,
2563 487 2795 559 quicum
2815 486 2906 541 illa
2932 484 3180 541 fornicati
3200 495 3346 552 sunt,

1754 592 1807 637 et
1836 584 1889 637 in
1919 582 2127 639 deliciis
2153 583 2429 647 vixerunt,
2460 596 2581 636 cum
2624 580 2869 636 viderent
2890 579 3091 634 fumum
3118 578 3351 636 incendii

1756 674 1906 744 ejus:
1960 674 2118 744 longe
2157 682 2366 729 stantes
2402 683 2626 745 propter
2665 672 2911 728 timorem
2954 680 3347 729 tormentorum

1756 766 1895 835 ejus,
1926 765 2204 823 dicentes:
2238 765 2348 831 Vae,
2391 782 2495 833 vae,
2527 766 2715 821 civitas
2740 766 2831 821 illa
2862 780 3055 835 magna
3082 764 3345 837 Babylon,

1755 859 1944 914 civitas
1975 859 2067 914 illa
2098 858 2283 915 fortis:
2330 859 2583 928 quoniam
2615 874 2717 915 una
2750 859 2883 915 hora
2914 858 3064 914 venit
3085 858 3347 927 judicium

1757 958 1930 1005 tuum.
1984 950 2054 1005 Et
2093 951 2453 1021 negotiatores
2496 959 2654 1006 terra:
2701 950 2944 1020 flebunt,
2996 959 3050 1007 et
3096 950 3350 1022 lugebunt

1758 1061 1921 1116 super
1944 1046 2121 1101 illam:
2143 1046 2400 1116 quoniam
2423 1060 2632 1101 merces
2653 1060 2837 1102 eorum
2860 1062 3021 1101 nemo
3056 1055 3201 1102 emet
3236 1062 3350 1101 am-

1758 1137 1918 1208 plius,
1948 1151 2155 1194 merces
2181 1138 2295 1192 auri
2324 1179 2340 1204 ,
2372 1146 2429 1193 et
2451 1138 2688 1209 argenti,
2723 1146 2777 1193 et
2806 1138 2999 1208 lapidis
3026 1140 3268 1209 pretiosi.
3297 1148 3354 1195 et

1759 1231 2087 1299 margaritae,
2113 1242 2166 1286 et
2197 1231 2369 1302 byssi,
2414 1240 2469 1286 et
2495 1245 2780 1302 purpurae,
2813 1242 2868 1285 et
2898 1230 3091 1300 serici,
3121 1240 3179 1287 et
3203 1232 3352 1288 cocci

1759 1319 1900 1391 [Μδ.
1939 1320 2176 1392 cocciui]
2206 1322 2285 1394 (et
2312 1337 2475 1378 omne
2511 1323 2717 1393 lignum
2754 1323 3032 1394 thyinum,
3078 1332 3132 1378 et
3171 1322 3352 1378 omnia

1758 1428 1884 1469 vasa
1910 1414 2112 1480 eboris,
2139 1423 2193 1470 et
2216 1415 2396 1469 omnia
2420 1430 2548 1470 vasa
2570 1417 2638 1471 de
2660 1415 2837 1485 lapide
2859 1417 3113 1486 pretioso,
3139 1424 3193 1472 et
3212 1430 3353 1471 aera-

1758 1517 1961 1573 mento,
1996 1516 2051 1563 et
2082 1506 2248 1572 ferro.
2278 1516 2333 1563 et
2361 1524 2656 1576 marmore,
2682 1518 2737 1563 et
2759 1508 3207 1578 cinnamomum),
3245 1517 3268 1545 ε
3299 1514 3355 1562 et

1759 1597 2259 1664 odoramentorum,
2292 1610 2345 1655 et
2374 1601 2663 1671 unguenti,
2702 1609 2755 1655 et
2784 1599 2996 1667 thuris,
3042 1610 3097 1655 et
3122 1599 3266 1667 vini,
3299 1607 3356 1655 et

100 1700 145 1745 et
166 1690 228 1744 de
278 1698 485 1759 septem
534 1697 640 1754 est,
664 1697 719 1742 et
748 1688 799 1741 in
839 1688 1115 1743 interitum
1162 1687 1326 1741 vadit.
1361 1686 1427 1742 Et
1464 1687 1651 1742 decem
1684 1683 1733 1743 B
1757 1688 1885 1757 olei,
1907 1699 1961 1745 et
1992 1690 2204 1757 similae,
2234 1699 2288 1746 et
2319 1690 2504 1757 tritici,
2537 1701 2592 1747 et
2608 1690 3014 1761 jumentorum,
3046 1699 3102 1747 et
3142 1691 3347 1758 ovium,

91 1781 200 1851 [Με.
225 1790 323 1835 tac.
354 1780 421 1835 Et
448 1780 660 1850 decem]
692 1794 916 1844 cornua,
962 1795 1079 1849 qua:
1112 1778 1316 1845 vidisti,
1340 1778 1528 1833 decem
1562 1794 1653 1833 re-

89 1887 172 1943 ges
193 1882 347 1929 sunt:
382 1874 473 1943 qui
506 1887 734 1941 regnum
770 1871 1006 1927 n0ndum
1036 1878 1387 1941 acceperunt,
1420 1869 1517 1925 sed
1556 1885 1654 1939 po-

90 1976 316 2023 testatem
367 1975 645 2036 tamquam
690 1980 847 2035 reges
892 1980 995 2019 una
1039 1964 1172 2019 hora
1227 1964 1493 2034 accipient
1539 1972 1659 2033 post

90 2058 316 2113 bestiam.
350 2057 413 2112 lli
443 2073 613 2112 unum
655 2058 945 2112 consilium
983 2056 1205 2120 habent,
1233 2065 1289 2110 ct
1320 2056 1574 2110 virtutem
1606 2064 1660 2111 et

89 2158 390 2221 potestatem
435 2164 592 2203 suam
626 2148 817 2204 bestia:
849 2148 1086 2203 tradent.
1116 2147 1179 2202 lli
1214 2162 1337 2201 cum
1387 2148 1540 2215 Agno
1564 2161 1660 2215 pu-

90 2243 326 2311 gnabunt,
354 2253 409 2298 et
438 2245 625 2313 Agnus
667 2242 849 2296 vincet
878 2240 999 2296 illos
1032 2259 1043 2292 :
1087 2238 1344 2310 quoniam
1395 2238 1659 2294 Dominus

96 2334 117 2363 ⁸
145 2335 470 2390 dominorum
521 2342 625 2402 est,
660 2342 717 2388 et
768 2333 884 2387 Rex
939 2347 1150 2401 regum,
1183 2341 1238 2387 et
1280 2331 1520 2401 quicum
1566 2330 1660 2384 illo

92 2435 213 2494 sunt,
244 2427 437 2491 vocati,
468 2426 652 2491 electi,
684 2435 739 2481 et
764 2424 975 2480 fideles.
1011 2423 1082 2479 Et
1108 2423 1247 2478 dixit
1273 2421 1403 2476 tuihi
1429 2439 1442 2476 :
1466 2422 1657 2491 Aquas,

95 2500 209 2591 quas
230 2522 402 2577 vidisti
426 2521 523 2575 ubi
552 2520 813 2576 meretrix
835 2518 1012 2583 sedet,
1049 2516 1235 2588 populi
1264 2525 1416 2582 sunt,
1444 2524 1501 2569 et
1530 2530 1662 2585 geu-

94 2622 179 2678 tes,
209 2623 258 2670 et
297 2615 521 2685 linguae.
567 2613 635 2668 Et
691 2611 879 2667 decem
929 2626 1155 2677 cornua,
1208 2626 1328 2680 qua:
1375 2609 1559 2665 vidisti
1605 2608 1657 2664 in

93 2704 262 2773 bestia,
293 2706 345 2761 hi
374 2706 568 2761 odieut
596 2704 961 2769 fornicariam,
996 2714 1050 2759 et
1098 2703 1399 2757 desolatam
1455 2700 1663 2757 facient

96 2795 241 2862 illam,
270 2807 322 2853 et
349 2798 578 2862 nudam,
604 2806 658 2851 et
684 2812 873 2853 carnes
894 2796 1012 2865 ejus
1040 2794 1461 2863 manducabunt,
1490 2803 1544 2849 et
1573 2794 1655 2861 ip-

99 2902 197 2943 sam
235 2890 333 2961 igni
370 2889 823 2945 concremabunt.
858 2888 998 2943 Deus
1028 2887 1172 2943 enim
1212 2885 1359 2942 dedit
1399 2886 1454 2940 in
1485 2884 1647 2940 corda

95 3000 277 3051 eorum,
304 2995 360 3040 ut
390 2984 600 3041 faciant
630 2982 772 3054 quod
801 2982 1055 3053 placitum
1084 2989 1167 3035 est
1197 2980 1273 3035 illi
1304 2996 1316 3032 :
1344 2987 1399 3034 ut
1429 2978 1557 3033 dent
1578 2992 1664 3032 re-

1757 1792 1813 1839 et
1835 1798 2118 1853 equorum,
2152 1792 2209 1839 et
2238 1784 2528 1840 rhedarum
2549 1824 2563 1848 ,
2593 1793 2647 1840 et
2675 1784 3065 1855 mancipiorum
3086 1826 3101 1850 ,
3142 1794 3197 1841 et
3237 1784 3357 1839 ani-

1759 1892 1969 1931 marum
1998 1876 2297 1932 hominum.
2321 1876 2390 1931 Et
2416 1892 2575 1946 poma
2603 1876 2861 1932 desiderii
2890 1877 3089 1933 animae
3111 1886 3213 1932 tua:
3235 1876 3350 1931 dis-

1759 1979 2042 2027 cesserunt
2070 1984 2099 2024 a
2130 1978 2182 2025 te
2208 2011 2224 2035 ,
2265 1979 2321 2025 et
2348 1970 2531 2025 omnia
2561 1968 2778 2039 pinguia
2807 1978 2861 2024 et
2891 1968 3150 2038 prteclara
3181 1968 3357 2040 perie-

1760 2072 1937 2118 runta
1970 2072 2043 2130 te,
2076 2071 2132 2117 et
2160 2061 2392 2131 amplius
2419 2061 2507 2115 illa
2531 2061 2643 2130 jam
2677 2075 2784 2115 non
2818 2061 3121 2116 invenient.
3152 2059 3358 2117 Merca-

1764 2163 1911 2210 tores
1943 2153 2159 2221 horum,
2195 2152 2285 2223 qui
2316 2152 2512 2207 divites
2535 2152 2659 2207 facti
2692 2161 2837 2217 sunt,
2870 2151 2939 2205 ab
2969 2166 3032 2207 ea
3063 2151 3219 2222 longe
3242 2160 3355 2207 sta-

1761 2245 1897 2301 bunt
1924 2252 2145 2316 propter
2171 2245 2423 2299 timorem
2455 2251 2847 2298 tormentorum
2872 2242 3015 2312 ejus,
3048 2242 3261 2309 flentes,
3291 2257 3356 2299 ac

1763 2336 2029 2407 lugentes,
2046 2347 2100 2392 et
2117 2335 2361 2391 dicentes
2380 2353 2391 2387 :
2410 2334 2525 2402 Vae,
2551 2350 2655 2400 vae,
2677 2334 2868 2389 civitas
2890 2333 2979 2388 illa
3001 2348 3214 2406 magna,
3236 2349 3357 2404 quae

1763 2427 1956 2483 amicta
1985 2435 2102 2482 erat
2128 2426 2311 2497 bysso,
2344 2434 2399 2480 et
2424 2440 2687 2495 purpura,
2716 2433 2774 2480 et
2799 2438 2986 2492 cocco,
3018 2432 3075 2479 et
3101 2422 3357 2480 deaurata

1763 2529 1878 2575 erat
1895 2534 2052 2586 auro,
2074 2528 2129 2575 et
2154 2518 2337 2589 lapide
2362 2518 2627 2590 pretioso,
2660 2527 2716 2575 et
2734 2518 3076 2589 margaritis:
3103 2519 3357 2589 quoniam

1766 2628 1869 2669 una
1896 2612 2029 2669 hora
2056 2612 2329 2668 destituta:
2357 2620 2484 2666 sunt
2510 2620 2672 2666 tanta:
2700 2610 2924 2667 divitiae.
2956 2609 3028 2667 Et
3053 2611 3231 2667 omnis
3255 2626 3357 2682 gu-

1764 2704 2022 2761 bernator
2042 2745 2058 2770 ,
2091 2712 2147 2759 et
2174 2703 2352 2758 omnis
2380 2703 2473 2774 qui
2500 2703 2551 2756 in
2583 2702 2760 2757 lacum
2790 2701 3035 2772 navigat,
3076 2710 3133 2757 et
3154 2710 3355 2769 nautae,

1765 2806 1820 2853 et
1848 2795 1940 2867 qui
1970 2795 2024 2851 in
2050 2794 2184 2851 mari
2215 2805 2534 2865 operantur,
2563 2794 2723 2866 longe
2750 2802 3045 2863 steterunt,
3074 2803 3130 2851 et
3156 2794 3359 2850 clama-

1766 2897 1959 2945 verunt
1986 2888 2230 2945 videntes
2262 2888 2438 2943 locum
2470 2887 2703 2943 incendii
2731 2887 2871 2957 ejus,
2897 2886 3140 2944 dicentes
3183 2904 3196 2940 :
3227 2886 3358 2953 Quae

1765 2981 1959 3038 similis
1997 2981 2201 3036 civitati
2246 2980 2374 3035 huic
2414 2980 2662 3051 magnae?
2694 2979 2762 3035 Et
2790 2981 3054 3035 miserunt
3083 2979 3360 3051 pulverem

96 3092 233 3148 gnum
263 3094 409 3135 suum
435 3078 656 3144 bestiae,
676 3076 849 3131 donec
870 3080 1313 3132 consummentur
1341 3071 1506 3127 verba
1532 3067 1650 3125 Dei.
1688 3063 1735 3128 C
1765 3090 1930 3145 super
1958 3075 2133 3145 capita
2164 3088 2283 3141 sua,
2312 3082 2367 3129 et
2395 3073 2770 3130 clamaverunt
2794 3072 2987 3130 flentes
3012 3082 3068 3129 et
3093 3073 3357 3144 lugentes,

100 3169 153 3223 Et
180 3170 375 3238 mulier,
407 3184 580 3241 quant
611 3168 814 3234 vidisti,
844 3177 927 3223 est
954 3167 1147 3223 civitas
1174 3180 1388 3237 magna,
1408 3177 1526 3234 quae
1560 3162 1653 3216 ha-

96 3258 171 3316 bet
195 3278 399 3331 regnum
429 3276 605 3329 super
630 3274 789 3330 reges
817 3268 994 3314 terrae.

161 3352 295 3425 jCap.
328 3352 555 3424 XVlll.]
596 3352 662 3408 Et
712 3360 831 3422 post
872 3350 989 3406 hazc
1034 3349 1142 3404 vidi
1194 3350 1358 3405 alium
1406 3350 1663 3421 angelum

98 3443 497 3503 descendentem
543 3445 609 3499 de
659 3444 820 3511 caelo,
854 3443 1143 3500 habentem
1193 3452 1513 3513 potestatem
1544 3460 1663 3500 ma-

100 3553 236 3607 gnam
271 3557 283 3591 :
314 3550 367 3595 et
403 3550 554 3595 terra
598 3536 893 3592 illuminata
939 3545 1023 3592 est
1052 3552 1082 3590 a
1114 3536 1287 3607 gloria
1325 3538 1461 3607 ejus.
1489 3538 1555 3593 Et
1575 3556 1668 3593 ex-

108 3629 381 3686 clamavitb
409 3632 463 3687 in
523 3629 865 3694 fortitudine,
891 3628 1079 3685 dicens
1130 3648 1144 3682 :
1188 3628 1431 3695 Cecidit,
1473 3629 1670 3685 cecidit

106 3721 319 3794 Babylon
343 3740 534 3797 magna
559 3741 573 3778 :
598 3732 655 3779 et
682 3722 817 3777 facta
850 3731 934 3778 est
962 3722 1223 3778 habitatio
1251 3722 1668 3790 daemoniorum,

106 3822 152 3867 et
168 3816 391 3871 custodia
414 3816 597 3871 omnis
614 3814 835 3885 Spiritus
854 3814 1139 3881 immundi,
1159 3823 1211 3869 et
1231 3814 1474 3870 custodia
1493 3816 1671 3870 omnis

105 3905 313 3963 volucris
340 3907 632 3963 immunda:
660 3916 714 3962 et
734 3905 951 3962 odibilis
980 3924 995 3965 z
1023 3907 1147 3976 quia
1178 3906 1246 3961 de
1274 3906 1398 3960 vino
1428 3906 1668 3977 ira:[lllt.
1708 3930 1713 3935 ν

109 3996 167 4053 de
192 3998 281 4071 ira]
308 4000 680 4056 fornicationis
706 3998 827 4067 ejus
855 3997 1108 4053 biberunt
1138 4012 1331 4053 omnes
1356 4006 1545 4067 gentes
1579 4014 1593 4051 :
1619 4007 1673 4055 et

108 4104 246 4161 reges
281 4102 434 4149 terra:
471 4106 599 4148 cum
630 4091 722 4146 illa
754 4089 1005 4144 fornicati
1044 4098 1170 4143 sunt
1205 4106 1217 4142 :
1253 4097 1307 4143 et
1342 4099 1673 4144 mercatores

114 4191 249 4238 terra:
282 4184 345 4241 de
374 4186 579 4241 virtute
608 4183 925 4239 deliciarum
972 4182 1089 4251 ejus
1128 4181 1325 4237 divites
1364 4180 1489 4237 facti
1525 4190 1669 4236 sunt.

110 4270 165 4326 Et
186 4275 345 4332 audivi
372 4277 530 4333 aliam
561 4291 751 4332 vocem
782 4275 850 4331 de
876 4275 1020 4331 coelo
1042 4316 1057 4340 ,
1092 4274 1391 4330 dicentem:
1425 4274 1581 4330 Exite
1606 4275 1673 4329 de

110 4365 205 4435 illa,
232 4371 449 4440 populus
481 4384 637 4426 meus
662 4387 672 4423 :
718 4379 777 4424 ut
807 4383 874 4423 ne
895 4366 1187 4439 participes
1210 4366 1325 4423 sitis
1355 4366 1671 4422 delictorum

1764 3167 2179 3239 dicentes,:V:e,
2204 3183 2306 3233 vae,
2337 3166 2525 3222 civitas
2555 3166 2645 3224 illa
2677 3181 2870 3238 magna
2892 3208 2906 3235 ,
2951 3166 3005 3221 in
3036 3181 3141 3237 qua
3169 3165 3364 3222 divites

1766 3261 1891 3318 facti
1912 3270 2039 3318 sunt
2058 3276 2269 3330 omnes,
2290 3260 2380 3332 qui
2403 3260 2672 3317 habebant
2694 3275 2859 3315 naves
2883 3260 2935 3313 in
2958 3258 3116 3327 mari,
3144 3257 3213 3314 de
3247 3272 3364 3329 pre-

1770 3356 1855 3411 tiis
1881 3357 2032 3427 ejus:
2060 3356 2317 3426 quoniam
2348 3370 2452 3411 una
2476 3355 2607 3410 hora
2632 3354 2874 3411 desolata
2898 3364 3005 3409 est.
3030 3352 3255 3409 Exsulta
3275 3366 3365 3408 su-

1768 3462 1863 3519 per
1889 3464 2007 3503 eam
2029 3488 2044 3513 ,
2074 3448 2302 3513 caelum,
2351 3456 2405 3503 et
2434 3446 2607 3503 sancti
2637 3445 2905 3515 apostoli,
2954 3455 3009 3502 et
3040 3444 3318 3516 prophetae
3346 3459 3361 3499 :

1769 3542 2020 3609 quoniam
2047 3540 2308 3610 judicavit
2334 3540 2474 3595 Deus
2500 3540 2760 3610 judicium
2788 3524 3023 3595 vestrum
3056 3538 3125 3595 de
3151 3540 3262 3595 illa.
3296 3538 3366 3595 Et

1769 3635 1990 3691 sustulit
2021 3648 2159 3689 unus
2203 3634 2425 3705 angelus
2472 3633 2624 3689 fortis
2655 3633 2887 3701 lapidem
2922 3632 3073 3701 quasi
3101 3630 3364 3685 molarem

1773 3744 2047 3799 magnum,
2082 3738 2135 3782 et
2164 3729 2311 3783 misit
2340 3727 2394 3781 in
2420 3741 2592 3792 mare,
2620 3726 2832 3781 dicens:
2872 3726 2982 3780 lloc
3008 3724 3212 3794 impetu
3242 3722 3369 3778 mit-

1774 3830 1915 3878 tetur
1944 3821 2182 3893 Babylon
2221 3820 2414 3875 civitas
2459 3819 2548 3873 illa
2580 3834 2769 3889 magna
2793 3859 2806 3885 ,
2851 3826 2907 3873 et
2945 3818 3082 3872 ultra
3110 3817 3222 3888 jam
3253 3831 3365 3873 non

1775 3913 2101 3969 invenietur.
2136 3912 2203 3967 Et
2230 3927 2334 3965 vox
2368 3910 2812 3978 citharoedorum,
2843 3918 2896 3965 et
2924 3910 3277 3979 musicorum,
3307 3918 3363 3966 et

1777 4004 1905 4060 tibia
1933 4002 2263 4071 canentium,
2293 4012 2347 4058 et
2370 4002 2492 4057 tuba
2524 4016 2633 4056 non
2662 4000 2910 4057 audietur
2939 4000 2991 4057 in
3023 4009 3074 4057 te
3100 4001 3364 4072 amplius:

1776 4105 1831 4152 et
1856 4094 2032 4150 omnis
2067 4094 2261 4151 artifex
2292 4094 2468 4150 omnis
2488 4095 2620 4150 artis
2641 4109 2747 4150 non
2771 4094 3071 4152 invenietur
3099 4095 3153 4152 in
3180 4106 3229 4153 te
3255 4110 3372 4151 am-

1779 4186 1920 4257 plius
1949 4205 1963 4241 :
1997 4197 2052 4241 et
2092 4201 2194 4243 vox
2232 4186 2393 4243 mola:
2423 4202 2530 4241 non
2562 4186 2815 4243 audietur
2846 4188 2899 4243 in
2935 4196 2987 4244 te
3016 4188 3283 4259 amplius:
3316 4199 3373 4245 et

1777 4278 1868 4334 lux
1896 4278 2130 4334 lucernae
2162 4294 2268 4334 non
2293 4278 2492 4335 lucebit
2520 4278 2571 4334 iu
2606 4287 2658 4336 te
2684 4279 2946 4351 amplius:
2973 4288 3029 4335 et
3057 4293 3161 4335 vox
3183 4277 3371 4348 sponsi

1780 4380 1836 4428 et
1864 4387 2078 4443 sponsae
2105 4387 2211 4429 non
2241 4372 2490 4429 audietur
2524 4373 2700 4430 adhuc
2725 4374 2778 4427 in
2808 4383 2897 4428 te:
2943 4372 3068 4441 quia
3100 4377 3371 4428 mercato-

112 4458 227 4528 elus.
258 4472 310 4518 el
335 4464 401 4519 de
430 4463 602 4536 plagis
632 4463 748 4533 eius
779 4477 886 4517 non
925 4462 1220 4532 aCCipialis.
1263 4460 1526 4528 Quoniam
1558 4476 1672 4530 per-
1704 4449 1757 4510 Ῑ)
1781 4482 1868 4523 res
1892 4466 1966 4521 tui
1990 4477 2143 4522 erant
2174 4468 2443 4537 principes
2472 4476 2657 4533 terrae,
2713 4464 2837 4535 quia
2875 4463 2929 4519 in
2960 4463 3234 4519 veneficiis
3266 4462 3372 4520 tuis

111 4565 343 4613 venerunt
371 4566 591 4629 peccata
623 4556 742 4627 ejus
770 4570 940 4627 usque
977 4554 1045 4611 ad
1075 4556 1299 4622 coelum,
1341 4562 1398 4609 et
1425 4552 1680 4609 recorda-

54 4658 57 4661 '
114 4654 186 4700 tus
219 4660 296 4704 est
324 4651 581 4707 Dominus
620 4649 961 4720 iniquitatum
991 4648 1128 4717 ejus.
1172 4645 1395 4701 Reddite
1424 4644 1513 4713 .illi
1543 4646 1683 4700 sicut

112 4746 159 4791 et
184 4738 283 4809 ipse
298 4742 532 4799 reddidit
553 4740 705 4798 vobis
726 4758 740 4796 :
764 4748 818 4796 et
839 4739 1110 4810 duplicate
1132 4737 1359 4808 duplicia
1382 4738 1678 4794 secundum

112 4844 259 4899 opera
292 4834 405 4905 ejus
438 4850 452 4888 :
486 4836 538 4889 in
568 4833 786 4905 poculo,
814 4846 921 4902 quo
947 4830 1196 4895 miscuit,
1224 4828 1445 4885 miscete
1477 4828 1554 4884 illi
1580 4828 1680 4884 du-

112 4920 541 4993 plum.Quantum
570 4924 893 4995 glorificavit
918 4939 1000 4990 se,
1028 4932 1084 4979 et
1105 4923 1159 4978 in
1185 4920 1393 4978 deliciis
1413 4921 1534 4989 fuit;
1564 4931 1683 4977 tau-

114 5020 212 5067 tum
229 5014 346 5072 date
366 5018 443 5071 illi
466 5025 793 5072 tormentum
820 5024 874 5072 et
895 5014 1096 5071 luctum
1123 5031 1135 5067 :
1162 5013 1287 5084 quia
1315 5013 1367 5069 in
1395 5013 1560 5070 corde
1583 5027 1683 5069 suo

114 5104 254 5163 dicit:
298 5111 471 5168 Sedeo
502 5111 726 5183 regina:
773 5118 830 5167 et
855 5109 1014 5165 vidua
1048 5123 1153 5164 non
1193 5122 1350 5163 sum:
1396 5116 1451 5163 et
1479 5107 1681 5163 luctum

115 5211 210 5257 non
231 5202 434 5261 videbo.
464 5204 591 5262 Ideo
607 5204 662 5261 in
682 5218 787 5261 una
807 5204 894 5261 die
914 5205 1134 5261 venient
1155 5201 1328 5274 plagae
1352 5202 1492 5272 ejus,
1511 5216 1679 5271 mors,

119 5388 207 5503 do‘
228 5381 331 5465 Pro
358 5386 683 5444 dominorum
711 5395 807 5452 est,
832 5386 885 5443 in
906 5393 1098 5443 nostro
1124 5398 1229 5441 ms.
1257 5397 1365 5440 uno
1395 5391 1480 5439 est
1509 5382 1674 5439 verbo

182 5466 411 5503 minatur-

182 5466 411 5511 mmatur.

185 5520 209 5559 δ
238 5524 399 5598 voces
418 5530 472 5583 in
484 5529 805 5598 fortitudine,
829 5544 950 5586 cum
969 5538 1158 5586 nostro
1178 5542 1280 5584 ms.
1311 5526 1484 5584 Graeci
1512 5525 1673 5582 etiam

121 5596 343 5652 nonnulli
368 5596 565 5656 tacent.

193 5674 213 5702 ε
240 5665 357 5723 Plus
386 5669 546 5727 habet
564 5680 745 5730 noster
768 5688 873 5731 ms.
891 5713 907 5743 ,
930 5682 976 5729 et
996 5686 1278 5737 amomum,
1303 5669 1679 5743 etgodoramett-

1781 4566 2105 4614 erraverunt
2133 4572 2322 4613 omnes
2348 4568 2555 4628 gentes.
2598 4555 2665 4609 Et
2693 4554 2748 4609 in
2785 4567 2848 4609 ea
2885 4552 3102 4624 sanguis
3138 4551 3374 4624 prophe-

1782 4656 1960 4703 tarum
1989 4656 2044 4703 et
2067 4658 2376 4704 sanctorum
2402 4647 2652 4703 inventus
2672 4655 2783 4711 est;
2816 4652 2870 4699 et
2897 4642 3137 4700 omnium
3164 4644 3257 4715 qui
3285 4644 3370 4701 in-

1783 4737 1994 4794 terfecti
2023 4748 2149 4795 sunt
2175 4739 2228 4794 iu
2259 4749 2421 4793 terra.

1856 4830 2015 4905 [Cdp.
2039 4828 2221 4900 XIX]
2245 4829 2372 4885 Post
2394 4828 2511 4885 haec
2531 4827 2709 4884 audivi
2735 4828 2889 4899 quasi
2912 4842 3099 4885 vocem
3120 4831 3370 4887 tubarum

1783 4924 2074 4979 multarum
2116 4922 2169 4976 in
2198 4921 2341 4978 casio
2369 4920 2698 4978 dicentium:
2730 4919 2996 4977 Alleluia:
3024 4921 3214 4989 Salus,
3254 4920 3283 4960 ά
3317 4931 3374 4980 et

1782 5018 1951 5089 gloria
1969 5058 1987 5082 ,
2017 5026 2074 5071 et
2098 5014 2274 5070 virtus
2308 5014 2421 5071 Deo
2449 5022 2639 5071 nostro
2666 5022 2789 5070 est:
2836 5015 2963 5085 quia
2994 5029 3121 5071 vera
3148 5025 3205 5072 et
3227 5016 3371 5085 justa

1778 5108 1977 5179 judicia
2002 5114 2127 5162 sunt
2151 5106 2269 5175 ejus
2296 5146 2312 5172 ,
2341 5104 2435 5176 qui
2460 5104 2724 5176 judicavit
2750 5105 2819 5161 de
2847 5106 3131 5163 meretrice
3157 5119 3369 5177 magna,

1784 5216 1904 5272 quae
1929 5197 2170 5269 corrupit
2198 5207 2395 5253 terram
2426 5198 2481 5253 in
2503 5196 2885 5268 prostitutione
2911 5213 3029 5267 sua,
3057 5208 3115 5257 et
3134 5197 3376 5255 vindica-

1781 5386 2121 5505 torum,letci
2141 5418 2157 5443 ,
2199 5385 2257 5433 ut
2299 5386 2356 5435 et
2388 5376 2443 5433 in
2470 5376 2675 5435 Graecis
2702 5378 2905 5451 aliquot
2935 5379 3089 5438 libris
3117 5384 3201 5440 καὶ
3227 5378 3371 5454 ἄμω-

1784 5475 1893 5505 ιιον.
1923 5475 1986 5505 κα
2012 5491 2026 5505 .
2066 5464 2098 5505 e
2122 5463 2173 5505 c.

1780 5458 2186 5604 "fi‘i‘ﬁ‘e’eiui't
2212 5519 2379 5604 gloria
2400 5560 2416 5587 ,
2450 5519 2664 5591 ignorat
2704 5531 2891 5582 noster
2917 5539 3021 5581 ms.
3064 5537 3186 5581 cum
3217 5522 3369 5583 Grae-

1773 5596 1856 5654 cis
1884 5594 2153 5666 plerisque
2181 5594 2323 5647 aliis.
