3946 6198
608 201 712 261 867

1596 196 1655 254 s.
1695 187 2074 254 utmomu
2111 187 2344 252 omni
2385 185 2862 250 stemmatum.
3807 189 3872 252 tu
3922 243 3923 254 γ

607 321 687 369 sit
723 316 1031 388 sanguinem
1057 325 1333 369 servorum
1357 323 1578 366 suorum
1603 311 1668 365 de
1692 312 1934 363 manibus
1963 309 2102 377 εἰπε.
2139 309 2203 362 Et
2238 309 2278 368 Α
2311 310 2608 376 antiquum.
2633 310 2721 376 qui
2749 319 2830 360 est
2859 304 3112 358 diabolus
3135 311 3192 360 et
3217 304 3478 368 Satanas,
3504 310 3564 360 et
3585 304 3772 375 ligavit
3793 321 3856 359 ea;

613 410 808 464 iterum
856 410 1146 461 dixerunt:
1199 404 1450 460 Alieinia.
1505 402 1568 457 Et
1607 403 1784 456 furnus
1808 404 1927 470 ejus
1965 400 2208 454 ascendit

611 501 666 556 in
692 499 884 553 sterila
915 497 1255 552 uasculorum.
1299 495 1366 550 Et
1396 493 1712 550 ceciderunt
1741 494 1985 548 seniores
2013 489 2208 561 viginti

611 599 864 659 quatuor,
895 596 950 642 et
977 597 1212 657 quatuor
1237 585 1490 639 animalia
1509 624 1524 646 ,
1565 593 1618 638 ct
1645 585 2012 638 aderarerunt
2037 581 2206 635 Deum

608 680 888 735 sedentem
919 693 1085 750 super
1109 677 1639 742 tbronum,dieentes
1666 691 1681 730 :
1725 677 1918 740 Amen,
1955 673 2205 727 Alleluia.

613 773 680 828 Et
710 787 812 828 vos
843 772 912 828 de
943 772 1141 826 throno
1170 773 1357 835 exivit,
1385 770 1609 825 dicens:
1639 768 1877 823 Laudem
1909 766 2072 821 dicito
2095 764 2209 820 Deo

609 875 821 931 nostro,
861 879 1053 921 omnes
1083 866 1224 919 servi
1253 865 1402 933 ejus:
1427 872 1482 918 et
1508 862 1597 933 qui
1629 862 1830 916 timetis
1854 875 2001 924 eum,
2031 858 2208 929 pusilli

615 969 669 1015 et
697 961 895 1030 magni.
927 957 994 1014 Et
1017 958 1198 1015 audiri
1224 960 1375 1030 quasi
1403 973 1588 1014 Vocem
1618 967 1642 995 ι
1670 957 1846 1012 turba
1883 967 2113 1023 magnae,
2153 962 2209 1008 et

611 1052 754 1106 sicut
774 1063 962 1105 vocem
985 1065 1245 1122 aqturum
1270 1055 1583 1110 multarum.
1612 1059 1664 1105 et
1687 1051 1829 1104 sicut
1849 1061 2042 1103 vocem
2065 1047 2208 1099 loni-

608 1151 853 1197 truorutn
883 1157 1227 1213 magnorum,
1260 1143 1592 1198 direntiorn:
1645 1141 1912 1196 Alleluia:
1953 1137 2207 1208 quoniam

607 1236 856 1306 regnavit
882 1235 1140 1289 Dominus
1171 1236 1310 1290 Deus
1339 1243 1527 1290 noster
1557 1235 1921 1304 omnipotens.
1961 1230 2207 1287 Gaudea-

607 1341 751 1394 mus,
782 1335 834 1383 et
856 1328 1211 1392 ex~ultemus,
1236 1335 1292 1382 et
1315 1326 1508 1382 demus
1532 1326 1760 1397 gloriam
1783 1325 1870 1380 ei:
1895 1323 2020 1394 quia
2044 1336 2208 1376 vene-

609 1431 734 1476 runt
766 1421 963 1490 nuptis
996 1419 1177 1491 Agnl:
1227 1431 1284 1476 et
1313 1433 1455 1476 uxor
1489 1420 1609 1490 ejus
1651 1416 1983 1489 praeparavit
2019 1421 2100 1469 ‘se.
2141 1413 2210 1468 Et

607 1511 794 1568 datum
823 1519 907 1569 est
937 1511 1037 1578 illi,
1064 1519 1118 1568 ut
1148 1513 1428 1583 cooperiat
1455 1521 1514 1568 se
1561 1512 1784 1583 byssina
1823 1507 2128 1580 splendenti
2155 1513 2210 1560 et

605 1604 861 1661 candido.
903 1605 1187 1676 Byssinmn
1216 1607 1383 1672 enim,
1410 1603 1822 1675 jus'iiicationes
1847 1609 1974 1655 sunt
1993 1605 2208 1653 sancto.

2313 416 2404 466 per
2437 413 2608 451 annus
2639 418 2666 447 l.
2695 400 2819 451 ille:
2861 407 2916 452 et
2946 398 3093 451 misit
3118 413 3241 451 eum
3273 399 3331 450 in
3363 399 3657 467 abyssum,
3691 407 3746 451 et
3771 400 3872 451 clari-

2307 492 2380 545 sit
2406 502 2458 546 et
2489 494 2720 560 signavit
2765 506 2928 559 super
2963 491 3148 555 illum,
3198 501 3394 544 utnon
3429 491 3664 544 sedth
3693 493 3821 559 amp!
3843 511 3872 534 λιι

2307 593 2539 654 gentes,
2587 583 2760 638 donec
2801 592 3250 637 consummentur
3293 583 3449 636 mille
3490 582 3667 636 anni:
3713 593 3763 636 rt
3801 599 3876 650 [ut

2310 676 2430 731 hac
2460 684 2679 746 oportet
2706 676 2857 730 illum
2883 676 3019 729 solvi
3049 675 3266 730 modico
3297 684 3576 744 tempore.
3613 672 3681 728 Et
3713 674 3874 728 vidiss-

2307 770 2428 834 des,
2461 781 2517 824 et
2545 769 2804 824 sederunt
2843 783 3010 835 super
3047 767 3173 832 eas,
3221 778 3276 822 et
3303 767 3576 836 judicium
3611 768 3790 820 datu
3825 783 3875 819 rs:

2310 860 2459 915 illis:
2508 870 2563 915 et
2603 863 2811 916 animas
2837 861 3227 916 deeollatorum
3270 868 3504 931 propter
3547 860 3876 914 testimonium

2309 953 2463 1016 Jesu.
2494 964 2548 1008 et
2575 964 2797 1025 propter
2817 954 3044 1009 verbum
3069 954 3187 1018 Dei,
3214 946 3272 1008 Et
3299 954 3392 1021 qui
3418 969 3526 1005 non
3555 951 3879 1007 ademerunt

2311 1047 2569 1115 bestiam,
2603 1063 2783 1118 neque
2809 1048 3098 1118 imaginem
3131 1047 3268 1115 ejus,
3302 1061 3406 1101 nec
3430 1049 3758 1114 acceperunt
3783 1044 3879 1098 eh-

2309 1150 2581 1196 racteretn
2611 1143 2730 1210 ejus
2761 1143 2816 1196 in
2841 1141 3142 1207 frontibus,
3189 1151 3284 1194 aut
3315 1139 3371 1192 in
3403 1138 3658 1193 manibus
3687 1138 3788 1192 suis
3808 1182 3819 1196 .
3843 1148 3881 1190 et

2313 1235 2566 1288 vixerunt
2588 1279 2604 1302 ,
2659 1245 2714 1290 et
2743 1241 3109 1305 regnaverunt
3147 1247 3269 1287 cum
3301 1231 3528 1287 Christo
3557 1232 3705 1287 mille
3731 1232 3878 1285 annis.

2309 1325 2506 1384 Cacteri
2537 1337 2876 1383 mortuorum
2900 1342 3007 1382 non
3033 1328 3305 1390 vixerunt,
3331 1326 3506 1381 donec
3529 1338 3882 1380 consummen-

2313 1427 2402 1474 tur
2442 1420 2592 1475 mille
2624 1419 2772 1474 anni.
2813 1419 2943 1475 llaec
2971 1429 3053 1474 est
3094 1419 3425 1473 resurrectio
3455 1417 3645 1488 prima.
3691 1417 3882 1477 Beatus.

2315 1519 2368 1564 et
2390 1521 2634 1576 sanctus,
2659 1511 2748 1578 qui
2773 1509 2934 1564 habet
2957 1521 3167 1579 partem
3195 1511 3248 1563 in
3270 1509 3662 1564 resurreetione
3684 1511 3883 1580 prima:

2314 1602 2369 1656 in
2394 1603 2477 1656 bis
2507 1601 2742 1657 secunda
2767 1617 2917 1658 mors
2935 1599 3047 1657 non
3070 1602 3234 1656 habet
3259 1610 3599 1672 putestatern:
3621 1601 3716 1657 sed
3736 1612 3886 1657 erunt

606 1715 749 1755 rum.
790 1699 856 1754 Et
881 1673 1020 1752 disit
1047 1698 1176 1753 mihi
1206 1715 1220 1753 :
1269 1673 1499 1753 Scribe:
1546 1691 1694 1752 Beati
1721 1737 1735 1758 ,
1779 1696 1869 1764 qui
1901 1692 1969 1747 ad
1996 1705 2208 1746 canam
2241 1673 2290 1749 Β
2316 1694 2630 1749 sacerdotes
2651 1695 2741 1749 Dei
2766 1705 2821 1750 et
2842 1693 3070 1762 Christi,
3096 1706 3148 1749 et
3172 1691 3466 1765 regnabant
3488 1710 3608 1750 cum
3632 1696 3730 1750 illo
3752 1695 3885 1748 mille

605 1793 920 1861 nuptiarum
955 1789 1092 1862 Αεηὶ
1125 1793 1301 1846 vocati
1348 1795 1497 1845 sunt.
1563 1788 1630 1844 Et
1679 1787 1809 1843 dicit
1860 1787 2031 1840 mihi:
2083 1784 2210 1840 Hac

610 1884 775 1936 verba
807 1881 898 1936 Dei
933 1893 1058 1936 vera
1091 1887 1238 1937 sunt.
1277 1881 1346 1936 Et
1372 1879 1541 1936 cecidi
1583 1889 1708 1934 ante
1743 1878 1909 1948 pedes
1947 1877 2101 1946 ejus,
2150 1883 2211 1929 ut

609 1974 894 2029 adorarent
923 1985 1066 2027 eum.
1096 1971 1160 2027 Et
1184 1973 1316 2028 dicit
1344 1972 1510 2028 mihi:
1539 1971 1695 2035 Vide,
1725 1981 1792 2025 ne
1816 1968 2011 2024 feceris
2036 1985 2050 2021 :
2077 1981 2210 2022 eon-

608 2071 799 2121 servus
831 2076 959 2120 tuus
987 2077 1102 2120 sum
1129 2110 1142 2132 ,
1197 2077 1251 2122 et
1281 2065 1506 2120 fratrum
1538 2073 1749 2118 tuorum
1781 2061 2094 2116 habentium
2130 2066 2212 2116 te-

609 2159 920 2215 stimonium
944 2157 1094 2214 Jesu.
1125 2157 1290 2212 Deum
1318 2158 1503 2211 adora.
1534 2155 1923 2211 Testimonium
1948 2155 2092 2208 enim
2118 2153 2210 2208 Je-

609 2267 671 2309 su
696 2297 710 2320 ,
755 2261 835 2307 est
866 2254 1086 2322 spiritus
1115 2251 1433 2322 prophetiae.
1477 2249 1538 2304 Et
1569 2247 1676 2303 vidi
1704 2248 1899 2302 emittm
1937 2254 2206 2316 apertam,

609 2351 666 2399 et
687 2351 811 2398 ecce
833 2355 1005 2413 equus
1030 2341 1207 2406 albus,
1238 2350 1294 2396 et
1322 2342 1409 2410 qui
1437 2333 1661 2396 sedebat
1686 2349 1852 2409 super
1878 2351 2022 2402 eum,
2047 2345 2211 2392 Voca-

611 2433 770 2491 batur
800 2431 1039 2499 Fidelis,
1088 2435 1143 2489 et
1175 2433 1349 2490 Verax
1378 2452 1392 2489 :
1432 2444 1485 2490 et
1515 2447 1635 2487 cum
1664 2429 1870 2503 justitia
1898 2431 2120 2500 judicat,
2157 2439 2211 2484 et

615 2527 839 2597 pugnat.
879 2526 1030 2581 Oculi
1059 2533 1238 2580 autem
1271 2526 1389 2594 ejus
1416 2526 1557 2580 sicut
1583 2525 1799 2578 ﬂamma
1835 2523 2009 2592 ignis,
2062 2528 2118 2576 et
2157 2521 2207 2574 in

612 2621 787 2689 capite
829 2619 945 2689 ejus
973 2618 1278 2673 diademata
1323 2617 1491 2672 multa
1521 2661 1534 2681 ,
1586 2616 1790 2670 habens
1815 2627 2012 2669 nomen
2039 2613 2210 2684 scrip.

609 2719 746 2779 tum,
769 2714 911 2780 quod
944 2725 1104 2766 nemo
1127 2713 1274 2765 novit
1307 2711 1407 2764 nisi
1439 2709 1574 2779 ipse.
1620 2707 1685 2762 Et
1714 2707 1944 2762 vestitus
1968 2711 2086 2760 erat
2109 2717 2208 2759 ve-

610 2810 695 2857 ste
725 2815 943 2870 aspersa
982 2804 1289 2870 sanguine:
1323 2809 1378 2855 et
1408 2807 1631 2854 vocatur
1663 2811 1861 2852 nomen
1889 2797 2041 2866 ejus,
2077 2794 2213 2850 Ver-

614 2893 739 2948 bum
766 2893 878 2949 Del.
909 2896 972 2948 I~;t
995 2895 1269 2949 exercitus
1290 2893 1380 2963 qui
1405 2899 1531 2948 sunt
1561 2894 1615 2946 in
1651 2891 1816 2957 coelo,
1843 2890 2212 2960 sequebantur

612 3000 734 3042 eum
778 2987 829 3040 iu
859 2987 1012 3057 equis
1046 2987 1213 3052 albis,
1245 2985 1424 3039 vestiti
1469 2985 1692 3056 byssino
1726 2983 1847 3038 albo
1885 2991 1940 3037 "et
1984 2980 2207 3035 mundo.

2314 1787 2498 1842 annis.
2539 1788 2753 1843 Etcum
2783 1790 3144 1842 consummati
3178 1788 3382 1843 fuerint
3416 1784 3561 1843 mille
3593 1785 3718 1842 anni
3740 1830 3754 1852 ,
3792 1787 3894 1850 sui;

2316 1887 2478 1933 retur
2506 1881 2732 1935 Satanas
2760 1881 2826 1937 de
2858 1896 3078 1937 carcere
3108 1895 3242 1949 suo,
3274 1892 3328 1936 et
3357 1881 3556 1944 exibit.
3604 1889 3655 1936 et
3691 1884 3884 1936 sedaret

2315 1980 2524 2041 gentes,
2555 1987 2679 2041 quae.
2705 1982 2828 2025 sunt
2861 1987 3025 2041 super
3052 1983 3289 2042 quatuor
3318 1973 3549 2044 angulos
3569 1975 3742 2036 terra,
3766 1973 3880 2041 Gng,

2314 2075 2368 2119 et
2399 2063 2616 2135 Μῦθος,
2667 2075 2719 2120 et
2750 2066 3098 2135 ctingrcgahit
3127 2081 3223 2121 eos
3256 2067 3310 2121 in
3347 2069 3596 2135 przlium
3619 2111 3633 2134 ,
3683 2081 3881 2137 quorum

2316 2171 2575 2211 numerus
2605 2167 2687 2211 est
2714 2158 2854 2212 sicut
2892 2171 3053 2212 arena
3088 2144 3280 2213 maris?
3320 2160 3386 2215 Et
3427 2159 3780 2216 ascenderunt
3811 2173 3881 2214 su-

2313 2264 2411 2319 per
2441 2248 2776 2304 latitudinem
2811 2249 2937 2321 [515.
2972 2251 3358 2323 altitudinem].
3393 2261 3581 2314 terrm.
3611 2263 3666 2308 ct
3693 2252 3881 2308 circuie-

2314 2351 2640 2398 runt‘castra
2672 2356 3008 2409 sanetorum,
3038 2353 3092 2400 et
3117 2345 3394 2400 civitatem
3429 2346 3704 2401 dilectam.
3735 2343 3790 2402 Et
3808 2347 3880 2399 de-

2316 2436 2525 2491 scendit
2562 2438 2700 2507 ignis
2735 2453 2762 2490 a
2792 2437 2903 2493 Deo
2942 2439 3011 2493 de
3039 2439 3182 2494 cmlo
3206 2480 3221 2504 ,
3275 2449 3330 2494 et
3368 2439 3655 2495 devoravit
3682 2453 3797 2496 eos:
3841 2448 3880 2493 et

2317 2527 2595 2598 Diabolus,
2628 2532 2717 2601 qui
2746 2532 3039 2588 sedurebat
3069 2548 3164 2588 eos
3184 2574 3199 2599 ,
3243 2533 3445 2588 missus
3476 2545 3558 2590 est
3589 2536 3643 2589 in
3671 2545 3876 2603 stagnum

2315 2623 2452 2697 ignis
2481 2637 2530 2680 et
2563 2627 2842 2698 sulphuris
2868 2669 2884 2694 ,
2937 2625 3026 2683 ubi
3065 2637 3121 2684 et
3147 2628 3316 2683 bestia
3356 2640 3413 2684 et
3442 2627 3877 2700 pseudoproi'eheta

2315 2713 2342 2755 ι’
2371 2719 2761 2773 cruciabuntur
2802 2719 2890 2774 die
2936 2734 2998 2775 ac
3039 2731 3198 2776 nocte
3229 2723 3280 2776 in
3329 2722 3526 2776 smcnla
3565 2723 3879 2777 sa‘culorum.

2315 2809 2380 2864 Et
2406 2811 2509 2865 \‘ldl
2539 2809 2792 2866 thronum
2821 2827 3070 2882 magnum
3102 2813 3416 2881 candidum,
3446 2825 3499 2868 et
3523 2815 3793 2870 sedentem
3813 2827 3881 2867 su-

2317 2917 2415 2971 per
2444 2917 2590 2967 eum,
2624 2915 2652 2955 a
2681 2905 2836 2972 cujus
2867 2917 3160 2972 conspectu
3193 2903 3325 2974 fugit
3355 2914 3500 2959 terra
3527 2913 3582 2960 et
3615 2907 3817 2969 uelum,
3842 2915 3882 2959 et

2315 2991 2471 3049 locus
2499 3009 2605 3049 non
2630 3005 2711 3049 est
2740 2996 2990 3050 inventus
3010 2996 3086 3050 eis
3115 2997 3127 3067 ι
3153 2996 3254 3050 .lfs.
3283 2997 3351 3050 ab
3377 2995 3511 3068 eis].
3541 2995 3609 3052 Et
3637 2997 3736 3053 vidi
3767 3011 3882 3050 tuor-

614 3077 683 3135 Et
709 3079 777 3136 tle
801 3095 896 3134 ore
923 3080 1039 3150 erS
1063 3079 1302 3149 prOcedll
1321 3077 1531 3150 gladus
1560 3094 1624 3132 ex
1651 3083 1878 3141 utraque
1909 3082 2059 3144 parte
2081 3085 2207 3127 acu.

2316 3097 2700 3158 tuos,magnos
2730 3100 2783 3142 et
2809 3088 3054 3156 pusillus,
3083 3099 3289 3144 stantes
3314 3092 3364 3143 in
3390 3101 3687 3160 conspectu
3711 3090 3879 3150 throni.

616 3175 741 3225 tus:
786 3181 846 3225 ut
887 3173 937 3224 in
985 3171 1102 3240 Ipso
1129 3171 1395 3240 percutiat
1426 3176 1655 3238 gentes:
1694 3175 1747 3223 et
1783 3166 1899 3237 ipse
1925 3174 2078 3236 reget
2116 3177 2210 3219 eas

621 3263 676 3320 in
709 3267 852 3334 virga
888 3263 1058 3318 ferrea
1088 3279 1101 3316 :
1144 3273 1200 3318 et
1239 3263 1354 3333 ipse
1389 3262 1562 3317 calcat
1603 3260 1841 3324 torcular
1870 3258 1978 3312 vini
2011 3253 2209 3311 furoris

617 3357 712 3413 iraa
737 3351 832 3412 Del
861 3355 1272 3425 omnipotentis.
1315 3355 1383 3408 Et
1414 3354 1573 3408 habet
1605 3354 1655 3407 iu
1689 3354 2034 3415 vestimento,
2076 3356 2133 3402 ct
2153 3346 2207 3401 in

614 3450 820 3506 femore
856 3461 954 3502 suo
977 3449 1233 3518 scriptum
1260 3464 1273 3500 :
1307 3447 1419 3501 Rex
1444 3459 1655 3515 regum,
1679 3453 1733 3498 et
1751 3445 2010 3498 Dominus
2035 3441 2210 3496 domi-

614 3543 876 3600 nantium.
912 3541 980 3597 Et
1007 3541 1111 3596 vidi
1139 3555 1303 3596 unum
1336 3539 1584 3608 angelum
1617 3545 1848 3591 stantem
1884 3537 1934 3588 in
1966 3533 2105 3600 sole,
2155 3541 2212 3590 et

612 3637 867 3691 clamavit
887 3647 1020 3691 voce
1047 3647 1238 3703 magna
1260 3671 1276 3699 ,
1319 3631 1511 3686 dicens
1541 3629 1794 3683 omnibus
1828 3626 2022 3680 avibus
2044 3663 2060 3692 ,
2090 3640 2208 3694 quin

613 3730 866 3783 volabant
887 3739 986 3799 per
1015 3726 1254 3783 medium
1286 3722 1407 3779 cmli
1437 3739 1450 3776 :
1484 3721 1698 3789 Venite,
1727 3729 1782 3775 et
1809 3716 2210 3790 congregatnini

613 3820 680 3873 ad
698 3827 907 3876 cumam
931 3835 1180 3890 magnam
1200 3817 1294 3873 Dei
1315 3832 1329 3883 ;
1353 3826 1405 3871 ut
1429 3815 1762 3871 manducetis
1782 3827 1976 3869 carries
1997 3823 2206 3881 regum,

615 3919 670 3967 et
699 3925 888 3966 carnes
914 3913 1256 3968 tribunorum
1277 3951 1291 3976 ,
1339 3919 1391 3966 ot
1417 3923 1611 3964 carnes
1642 3907 1881 3963 fortium.
1921 3905 1989 3961 Et
2017 3917 2211 3960 carnes

617 4016 878 4074 equorum
900 4043 915 4067 ,
964 4013 1020 4058 et
1050 4004 1354 4058 sedentium
1387 4003 1440 4057 in
1471 4003 1631 4071 ipsis,
1664 4010 1720 4057 et
1742 4013 1937 4056 carnes
1967 3996 2207 4052 omnium

618 4095 937 4159 liberorum,
959 4100 1016 4148 et
1038 4105 1340 4157 servorum,
1364 4101 1420 4148 et
1441 4093 1849 4162 pusillorum,et
1868 4103 2204 4160 magnorum.

618 4187 685 4244 Et
713 4185 820 4240 vidi
853 4185 1101 4252 bestiam,
1129 4193 1186 4240 et
1213 4197 1367 4254 reges
1396 4193 1558 4239 terra:
1578 4224 1592 4248 ,
1639 4193 1696 4238 et
1726 4185 1995 4238 exercitus
2021 4197 2208 4237 eorum

618 4285 1012 4350 congregatos,
1061 4275 1126 4332 ad
1170 4274 1472 4330 faciendum
1504 4274 1748 4344 prmlium
1787 4287 1908 4329 cum
1947 4273 2071 4342 illo,
2117 4271 2210 4343 qui

615 4372 839 4430 sedebat
861 4371 916 4427 iu
937 4379 1096 4444 equo,
1131 4378 1330 4427 etcum
1352 4366 1600 4425 exercitu
1618 4366 1756 4436 ejus.
1787 4367 1852 4422 Et
1871 4366 2206 4437 apprehensa

2316 3189 2369 3234 et
2399 3179 2522 3234 libri
2547 3180 2717 3248 aperti
2749 3189 2875 3234 sunt
2899 3203 2912 3234 :
2959 3191 3007 3234 et
3035 3180 3169 3236 alius
3193 3181 3334 3236 liber
3360 3191 3584 3252 apertus
3607 3194 3683 3238 est
3709 3189 3790 3254 qui
3817 3193 3882 3235 est

2319 3272 2482 3337 Viue,
2526 3282 2581 3327 et
2617 3271 2845 3340 judicati
2888 3282 3011 3326 sunt
3043 3273 3237 3326 mortui
3267 3287 3334 3327 ex
3371 3271 3457 3328 his
3483 3316 3498 3340 ,
3549 3289 3671 3344 qum
3709 3275 3878 3341 scripta

2314 3369 2468 3418 erant
2498 3361 2549 3416 in
2584 3361 2735 3417 libris
2763 3403 2776 3426 ,
2825 3361 3122 3416 secundum
3155 3378 3316 3433 opera
3347 3359 3618 3432 ipsorum.
3670 3364 3733 3420 Et
3759 3364 3880 3418 dedit

2315 3470 2466 3510 mare
2495 3464 2761 3522 mortuos,
2795 3455 2884 3525 qui
2915 3455 2970 3510 in
3003 3471 3069 3510 eo
3099 3466 3291 3514 erant:
3323 3463 3377 3512 ct
3405 3473 3556 3514 mors
3590 3463 3645 3514 et
3674 3457 3878 3516 infernus

2314 3545 2580 3602 dederunt
2614 3557 2856 3602 mortuos
2884 3561 3043 3615 suos,
3082 3547 3172 3618 qui
3200 3549 3255 3602 in
3289 3548 3424 3619 ipsis
3453 3561 3610 3606 erant
3640 3572 3653 3606 :
3687 3559 3736 3605 et
3756 3547 3875 3620 jutlio

2314 3647 2494 3694 catum
2526 3649 2608 3694 est
2637 3638 2704 3693 de
2731 3637 2958 3709 singulis
2989 3641 3285 3695 secundum
3329 3657 3494 3710 opera
3528 3643 3779 3713 ipsorum.
3827 3637 3877 3693 Et

2313 3730 2558 3787 infernus
2605 3740 2660 3786 et
2688 3739 2837 3786 mors
2890 3731 3038 3786 missi
3075 3742 3196 3786 sunt
3229 3733 3282 3786 in
3317 3742 3566 3803 stagnum
3595 3737 3748 3807 ignis.
3778 3733 3875 3786 iiut:

2312 3833 2397 3880 est
2425 3837 2576 3880 mors
2604 3824 2837 3880 secunda
2867 3833 2914 3879 ο.
2971 3821 3036 3880 Et
3080 3823 3168 3894 qui
3211 3839 3317 3879 non
3361 3825 3615 3880 inventus
3652 3831 3729 3882 est
3757 3825 3802 3878 in
3830 3821 3876 3875 li-

2313 3916 2411 3973 bro
2444 3915 2578 3971 Vitta
2615 3919 2882 3986 scriptus,
2924 3917 3121 3971 missus
3147 3925 3231 3972 est
3269 3916 3322 3972 in
3352 3929 3607 3988 stagnum
3641 3917 3787 3989 ignis.

2385 4008 2534 4082 [ϐαρ.
2571 4007 2734 4080 ΧΧΙ.]
2768 4007 2835 4062 Et
2861 4006 2965 4063 vidi
2999 4007 3193 4064 cmlum
3228 4022 3458 4077 novum,
3494 4018 3549 4066 et
3581 4017 3767 4064 terram
3798 4019 3876 4059 no-

2311 4113 2454 4155 vam.
2483 4099 2720 4156 Primum
2748 4099 2891 4155 enim
2929 4101 3125 4156 coelum
3146 4145 3160 4170 ,
3194 4108 3249 4157 et
3285 4103 3453 4172 prima
3483 4111 3620 4158 terra
3647 4101 3801 4165 abiit,
3832 4106 3874 4153 et

2313 4205 2462 4248 mare
2481 4191 2594 4261 jam
2620 4205 2728 4247 non
2748 4201 2854 4247 est.
2877 4191 3058 4263 Etego
3075 4191 3311 4250 Joannes
3331 4193 3441 4249 vidi
3464 4193 3877 4250 sanctamcirita-

2314 4291 2423 4340 tem
2451 4281 2751 4340 Jerusalem
2784 4302 2978 4341 novam
3009 4287 3424 4344 descendentem
3450 4287 3517 4345 de
3547 4290 3675 4345 cmlo
3699 4302 3726 4342 a
3755 4285 3874 4346 Deo.

2315 4385 2580 4445 paratam,
2613 4378 2752 4432 sicut
2783 4393 3037 4448 sponsam
3069 4389 3315 4435 ornatam
3337 4381 3454 4436 viro
3481 4393 3594 4436 suo.
3620 4379 3680 4433 Et
3706 4374 3878 4431 audiri

612 4473 698 4521 est
724 4463 919 4530 bestia,
945 4468 1001 4519 et
1021 4477 1143 4518 cum
1169 4471 1232 4518 ea
1256 4459 1758 4533 pseudopropheta:
1785 4459 1877 4530 qui
1904 4458 2033 4515 fecit
2056 4459 2205 4529 signa

2315 4479 2502 4524 vocem
2534 4483 2782 4540 magnam
2815 4469 2882 4524 de
2916 4469 3108 4526 throno
3138 4469 3407 4528 dicentem
3435 4481 3450 4525 ε
3479 4471 3608 4527 Ecce
3637 4468 3878 4523 taberna-

612 4571 800 4615 coram
837 4559 977 4628 ipso,
1005 4556 1198 4628 quibus
1225 4554 1437 4610 seduxit
1462 4567 1576 4620 eos,
1607 4551 1700 4623 qui
1729 4557 2053 4621 acceperunt
2076 4551 2207 4606 cita-

613 4657 884 4707 racterem
915 4648 1127 4715 bestire,
1157 4653 1212 4702 et
1239 4646 1328 4716 qui
1355 4645 1718 4700 adorarerunt
1747 4643 2037 4713 imaginem
2064 4642 2201 4713 ejus.

616 4743 739 4799 Vivi
772 4743 922 4798 missi
953 4749 1080 4797 sunt
1104 4741 1159 4796 hi
1185 4740 1293 4796 duo
1323 4739 1376 4794 in
1399 4747 1645 4808 stagnum
1669 4737 1813 4808 ignis
1835 4736 2076 4792 ardentis
2095 4737 2206 4793 sui-

609 4834 808 4907 phttre.
843 4834 908 4889 Et
933 4833 1118 4889 caeteri
1147 4831 1312 4887 occisi
1341 4835 1466 4885 sunt
1491 4830 1546 4886 in
1570 4825 1750 4900 gladio
1777 4827 2017 4885 sedentis
2041 4839 2206 4900 super

610 4941 830 4998 equum,
880 4927 970 4998 qui
1012 4921 1255 4996 procedit
1276 4923 1343 4979 de
1373 4937 1470 4979 ore
1506 4923 1714 4994 ipsius:
1757 4931 1812 4979 et
1844 4931 2035 4978 omnes
2076 4931 2205 4978 ares

611 5025 866 5077 saturata:
888 5025 1016 5075 sunt
1042 5015 1304 5074 carnibus
1334 5025 1544 5072 eorum.

677 5112 844 5183 [ϐαρ.
895 5110 1050 5183 xx.]
1108 5110 1176 5166 Et
1214 5109 1321 5165 vidi
1367 5109 1620 5180 angelum
1670 5107 2091 5165 descendentem
2135 5103 2206 5165 de

609 5205 777 5270 calo,
805 5202 1092 5260 habentem
1119 5202 1325 5258 clavum
1353 5201 1562 5272 abyssi,
1591 5205 1646 5256 et
1676 5205 1926 5256 catenam
1951 5209 2202 5270 maguum

609 5296 664 5354 in
690 5314 851 5353 manu
875 5312 992 5353 sua.
1035 5298 1099 5352 Et
1129 5295 1490 5366 apprehendit
1516 5294 1806 5349 draconem
1831 5335 1848 5362 ,
1895 5305 2200 5366 serpentem

681 5413 708 5450 ⁸
743 5405 884 5466 idem
919 5413 1021 5466 ms.
1053 5407 1185 5464 tuba:
1215 5399 1461 5480 praefert,
1493 5423 1592 5478 pro
1618 5403 1814 5480 turbat,
1858 5409 2202 5480 consentien-

612 5483 753 5554 tibus
804 5483 1017 5554 AGrtecis
1059 5472 1381 5554 quibusdam
1424 5472 1860 5551 exemplaribus,
1905 5479 1958 5534 in
2005 5472 2204 5551 Quibits

609 5551 721 5627 Esi,
743 5545 1032 5627 ⁸σάλπιγγος
1062 5545 1161 5622 pro
1190 5545 1375 5622 ὄχλου.

682 5621 708 5659 ³³
733 5623 885 5680 Juxta
908 5621 1154 5695 G'rtncum
1180 5621 1409 5695 tantum,
1435 5623 1520 5680 καὶ
1537 5622 2035 5695 βασανισθήσονται,
2059 5633 2205 5695 pim-

608 5701 814 5759 ponunt
865 5693 1034 5749 verbo
1063 5691 1426 5747 tractabantur
1473 5691 1660 5749 noster
1711 5693 1911 5762 aliique
1966 5691 2204 5750 61001·-

2312 4560 2493 4614 culum
2527 4560 2620 4616 Dei
2651 4569 2772 4616 cum
2805 4559 3137 4631 hominibus,
3171 4573 3226 4617 et
3255 4563 3512 4619 habitabit
3538 4575 3648 4617 cum
3678 4562 3783 4615 eis.
3817 4556 3877 4612 Et

2313 4653 2411 4722 ipsi
2460 4653 2694 4723 populiis
2734 4651 2851 4723 ejus
2883 4662 3064 4721 erunt,
3107 4665 3160 4711 et
3197 4656 3315 4727 ipse
3345 4657 3484 4713 Deus
3516 4669 3628 4712 cum
3665 4655 3746 4711 eis
3787 4653 3878 4710 erit

2311 4757 2501 4800 eorum
2546 4744 2683 4800 Deus
2717 4761 2728 4796 :
2772 4751 2826 4800 et
2863 4745 3138 4816 absterget
3173 4745 3317 4804 Deus
3352 4759 3568 4804 omnem
3604 4747 3874 4819 lacrymat‘n

2309 4827 2378 4891 ab
2403 4835 2577 4891 oeulis
2603 4847 2790 4891 eorum
2824 4855 2836 4889 :
2867 4841 2923 4894 et
2954 4849 3100 4894 mors
3131 4839 3265 4894 ultra
3296 4853 3402 4894 non
3434 4841 3560 4909 erit,
3584 4855 3749 4910 neque
3777 4841 3876 4893 iuc-

2309 4935 2424 4995 tus,
2473 4943 2650 5000 neque
2696 4931 2940 4997 clamor,
2989 4935 3167 5003 neque
3209 4923 3368 4988 dolor
3417 4934 3524 4990 erit
3565 4934 3729 5000 ultra,
3773 4928 3874 5003 quia

2311 5020 2482 5090 prima
2501 5020 2767 5076 abierunt.
2802 5021 2865 5077 Et
2889 5022 3026 5078 dixit
3051 5024 3141 5094 qui
3171 5024 3398 5081 sedebat
3425 5025 3479 5081 in
3508 5025 3699 5082 throno
3724 5042 3736 5077 :
3759 5024 3873 5079 Ecce

2310 5123 2448 5166 nova
2473 5111 2612 5167 facio
2641 5112 2845 5167 omnia.
2876 5114 2942 5169 Et
2967 5113 3108 5170 dixit
3122 5115 3249 5170 mibi
3282 5114 3308 5153 ιι
3340 5131 3356 5172 :
3391 5116 3602 5187 Scribe,
3630 5116 3751 5188 quia
3781 5114 3874 5167 hac

2307 5205 2470 5262 verba
2498 5205 2810 5262 fidelissima
2842 5215 2989 5274 sunt,
3027 5213 3082 5264 et
3109 5219 3257 5264 vera.
3297 5208 3368 5264 Et
3397 5208 3534 5265 dixit
3564 5207 3692 5265 mihi
3724 5229 3734 5262 :
3763 5206 3872 5263 Face

2307 5303 2419 5351 tum
2451 5306 2551 5352 est.
2591 5298 2703 5368 Ego
2737 5315 2855 5353 sum
2894 5306 2932 5354 Δ
2960 5307 3016 5355 et
3039 5311 3080 5354 Ω
3113 5316 3125 5353 :
3155 5299 3366 5354 initium
3390 5342 3405 5368 ,
3436 5309 3492 5356 et
3522 5301 3664 5356 finis.
3689 5300 3794 5368 Ego
3817 5296 3871 5351 si-

2308 5403 2514 5482 beiensi
2541 5407 2872 5465 Bibliotheca
2899 5423 3003 5466 ms.
3022 5409 3146 5482 libri
3171 5420 3218 5464 et
3251 5405 3867 5482 particulamJeguntqne

2310 5480 2418 5534 alio
2447 5480 2614 5534 ferme
2645 5495 2840 5547 sensu,
2871 5492 2916 5536 et
2948 5481 3314 5536 cruciabtttttur
3338 5485 3422 5538 die
3447 5501 3509 5537 ac
3539 5480 3700 5549 nocte,
3727 5491 3820 5537 etc.

2385 5559 2407 5588 c
2437 5549 2667 5627 Repetit
2695 5549 2834 5627 idem
2859 5624 2869 5627 _
2893 5567 2990 5606 ms.
3023 5551 3107 5606 hic
3134 5554 3322 5627 verba,
3357 5564 3595 5625 stagnum
3622 5555 3787 5627 ignis,
3810 5550 3868 5602 il-

2311 5619 2418 5678 cile
2445 5619 2668 5678 ex’libri
2699 5623 2825 5678 albo
2858 5624 2909 5677 in
2943 5633 3144 5680 textum
3177 5623 3406 5680 intrusa.

2381 5689 2409 5729 ⁸
2457 5681 2620 5747 Addit
2643 5697 2833 5748 noster
2864 5707 2970 5750 ms.
2994 5681 3080 5749 hic
3108 5695 3307 5750 nomen
3329 5693 3577 5767 angelus.
