3946 6198
72 238 189 295 σου

1098 235 1159 291 Β.
1199 230 1484 291 ιοΑΝιιιε
1524 231 1862 299 APDSTOLI
1900 226 2391 293 APOCALYPSIS.

3288 234 3395 296 B70

78 356 256 410 tienti
300 355 445 410 dabo
480 355 546 410 de
579 354 726 409 t‘onte
756 369 907 423 aqua:
944 355 1066 419 vitae
1097 356 1286 425 gratis.
1333 356 1432 424 Qui
1474 357 1696 423 vicerit,
1727 361 1778 420 Α
1804 355 2029 426 gloriam
2072 370 2221 411 suam
2266 364 2319 410 et
2357 354 2617 409 honorem
2659 352 2709 408 in
2749 354 2918 409 illam.
2966 355 3031 410 Et
3071 363 3240 427 portat
3281 359 3397 426 ejus

86 448 415 517 possidebit
439 448 573 516 haec,
600 455 654 502 et
676 462 771 503 ero
791 447 868 501 illi
894 447 1055 513 Deus,
1077 458 1133 503 et
1151 447 1243 503 ille
1259 448 1361 504 erit
1385 447 1516 503 mihi
1536 446 1698 503 ﬁlius.

82 537 335 592 Timidis
369 549 570 602 autem,
598 547 653 592 et
674 536 985 602 incredulis,
1009 544 1065 592 et
1091 540 1415 604 essecratis,
1448 548 1501 594 et
1532 537 1703 593 homi-

83 627 259 693 cidis,
306 636 362 683 et
388 627 827 695 fornicatoribus,
844 638 898 683 et
921 629 1198 695 venaticis,
1224 639 1278 686 et
1307 632 1625 701 idololatria,
1649 642 1704 691 et

83 720 356 775 omnibus
401 721 775 789 mendacibus,
804 736 929 792 pars
955 722 1169 778 illorum
1193 724 1295 779 erit
1323 726 1375 780 in
1404 735 1593 798 stagno
1618 744 1705 785 ar-

87 812 255 870 denti
296 814 422 884 igne
458 824 513 871 et
543 816 843 885 sulphure:
878 817 1021 886 quod
1057 828 1140 872 est
1171 833 1319 873 mors
1345 821 1602 876 secunda.
1632 822 1706 877 Et

84 910 248 963 venit
275 922 413 962 unus
435 908 505 964 de
527 916 738 977 septem
765 910 975 979 angelis
1001 908 1327 967 habentibus
1357 914 1566 984 phialas
1591 914 1707 985 ple-

87 1015 199 1057 nas
229 1009 441 1072 septem
474 1002 646 1072 plagis
676 1002 1009 1067 novissimis,
1040 1011 1096 1057 et
1120 1000 1330 1060 lucritus
1356 1015 1439 1061 est
1469 1014 1702 1074 mecum,

89 1094 341 1149 dicens:
375 1093 530 1163 Veni,
584 1104 639 1149 et
685 1094 967 1149 ostendam
1017 1094 1109 1150 tibi
1153 1110 1429 1167 sponsam,
1481 1113 1703 1155 uxorem

95 1186 272 1259 Agni.
307 1184 374 1241 Et
402 1178 619 1241 sustulit
653 1200 739 1241 me
778 1182 832 1241 in
858 1187 1066 1257 fspiritu
1094 1187 1149 1243 in
1180 1198 1416 1244 montem
1452 1206 1705 1261 magnum

87 1288 159 1337 et
188 1280 364 1334 altum
392 1277 413 1350 [
438 1277 542 1334 illa.
568 1286 671 1333 tae.
700 1288 757 1335 et
782 1279 947 1335 altum
972 1279 989 1351 ]
1011 1314 1028 1345 ,
1058 1289 1113 1336 et
1139 1282 1386 1337 ostendit
1414 1281 1547 1338 mihi
1569 1284 1705 1339 civi-

93 1386 281 1433 tatem
321 1382 559 1431 sanetam
598 1374 903 1432 Jerusalem
936 1374 1358 1433 descendentem
1401 1377 1467 1435 de
1497 1376 1639 1435 coelo
1677 1382 1706 1434 a

99 1471 244 1541 Deo,
280 1462 570 1525 habentem
599 1467 902 1525 claritatem
935 1460 1068 1526 Dei:
1098 1480 1155 1527 et
1182 1471 1363 1528 lumen
1394 1471 1509 1543 ejus
1531 1472 1709 1529 simile

101 1561 277 1635 lapidi
322 1560 564 1633 pretioso
593 1570 865 1632 tamquam
902 1561 1065 1632 lapidi
1092 1561 1351 1632 jaspidis,
1386 1562 1527 1620 sicut
1555 1579 1709 1635 crys-

102 1654 323 1709 tallum.
374 1651 441 1707 Et
486 1651 717 1708 habebat
750 1659 963 1707 mut‘um
993 1666 1245 1725 magnum
1282 1664 1335 1709 et
1373 1653 1578 1722 altum,
1617 1654 1712 1709 ha-

1811 464 1915 502 non
1946 447 2264 503 claudentur
2305 462 2400 517 per
2436 446 2576 502 diem
2610 462 2625 500 :
2673 462 2776 503 nox
2808 448 2952 503 enim
2996 463 3102 504 non
3135 448 3235 505 erit
3267 449 3397 505 illic.

1809 538 1875 595 Et
1918 538 2143 594 aii'erent
2188 539 2412 609 gloriam
2458 536 2630 611 [Msa
2656 539 2781 592 add.
2811 538 3003 610 suam]
3041 549 3094 595 et
3136 539 3401 595 honorem

1810 632 2051 702 gentium
2100 632 2153 687 in
2203 630 2371 686 illam.
2420 631 2535 685 Non
2581 630 2801 685 intrabit
2846 630 2875 670 ι)
2918 633 2971 686 in
3016 645 3134 687 eam
3182 631 3399 701 aliquod

1814 724 2215 794 coinquinatum
2242 764 2257 787 ,
2295 731 2388 777 aut
2410 722 2867 779 abominationem
2899 712 3103 780 iaciens
3124 768 3137 791 ,
3170 730 3224 779 et
3254 739 3403 780 men-

1809 816 2047 884 dacium,
2079 816 2182 873 nisi
2213 817 2303 888 qui
2329 816 2518 887 scripti
2548 816 2748 872 suntin
2776 816 2917 872 libro
2947 816 3083 872 Vitae
3110 816 3238 889 [Ms.
3270 818 3397 873 add.

1808 906 1883 979 et]
1914 909 2069 978 Agni.

1881 997 2035 1069 [Cap.
2068 982 2261 1068 1qu
2292 995 2360 1052 Et
2388 997 2627 1054 ostendit
2656 994 2787 1053 mihi
2826 986 3043 1053 fluvium
3073 1014 3224 1070 aquae
3253 999 3396 1071 vitae,

1810 1089 2148 1159 splendidum
2194 1098 2463 1161 tamquam
2496 1090 2842 1161 crystallum,
2904 1091 3284 1161 procedentem
3331 1091 3400 1146 de

1811 1180 1940 1237 sede
1974 1182 2065 1237 Dei
2085 1190 2137 1237 et
2160 1174 2317 1253 Agni.
2342 1174 2400 1238 In
2427 1174 2602 1238 medio
2625 1183 2814 1254 plateas
2835 1184 2981 1253 ejus,
3008 1195 3062 1240 et
3084 1199 3147 1240 es
3174 1194 3401 1256 utraque

1811 1282 1966 1345 parte
1991 1274 2230 1329 ﬂuminis
2261 1276 2461 1346 lignum
2492 1277 2647 1341 vitte,
2679 1274 2915 1333 ali‘erens
2948 1277 3155 1333 fructus
3193 1277 3401 1334 duode-

1811 1366 1936 1433 cim,
1971 1380 2068 1435 per
2102 1380 2317 1422 menses
2345 1366 2592 1438 singulos
2617 1367 2850 1425 reddens
2880 1368 3107 1424 fructum
3138 1368 3318 1438 suum,
3350 1380 3404 1427 et

1810 1455 1938 1512 folia
1964 1458 2091 1528 ligni
2113 1458 2179 1513 ad
2203 1460 2486 1516 sanitatem
2504 1461 2765 1529 gentium.
2793 1462 2857 1517 Et
2877 1477 3039 1517 omne
3059 1463 3399 1519 maledictum

1814 1565 1921 1605 non
1962 1550 2066 1607 erit
2099 1552 2332 1621 amplius
2368 1570 2382 1607 :
2412 1565 2436 1593 ε
2480 1553 2578 1609 sed
2619 1553 2780 1609 sedes
2821 1554 2915 1609 Dei
2957 1562 3011 1609 et
3041 1555 3177 1624 Agni
3224 1555 3278 1610 in
3312 1556 3402 1609 illa

1813 1652 1991 1710 erunt,
2026 1648 2075 1700 et
2103 1646 2242 1699 servi
2265 1645 2383 1715 ejus
2412 1646 2652 1701 servient
2679 1646 2781 1701 illi.
2814 1640 2883 1701 Et
2912 1645 3177 1702 videbunt
3206 1645 3402 1703 faciem

104 1744 329 1802 bentem
369 1748 551 1815 portas
589 1744 873 1800 duodecim
910 1761 924 1800 :
958 1749 1014 1801 et
1040 1744 1093 1800 in
1135 1745 1303 1816 portis
1332 1746 1554 1819 angelos
1579 1745 1713 1803 duo-

1833 1737 1934 1806 :jus
1969 1755 1982 1791 :
2028 1747 2083 1794 ct
2122 1754 2317 1794 nomen
2359 1738 2478 1809 ejus
2508 1737 2534 1775 ἀ
2574 1741 2627 1794 in
2661 1738 2930 1795 frontibus
2961 1755 3171 1795 eorum.
3204 1732 3271 1795 Et
3300 1740 3405 1795 nox

105 1837 311 1902 decim.
335 1846 389 1893 et
411 1837 630 1893 nomina
659 1836 939 1906 inscripta,
968 1853 1090 1908 quas
1112 1847 1240 1894 sunt
1266 1841 1484 1895 nomina
1506 1839 1711 1896 duode-

108 1930 222 1986 cim
256 1930 493 1985 tribuum
532 1929 764 1985 ﬁliorum
802 1928 988 1986 israel.
1022 1930 1106 1986 Ab
1140 1931 1348 1988 oriente
1380 1936 1548 2002 hortm
1574 1938 1705 2001 tres,

109 2023 258 2079 etab
280 2023 542 2092 Aquilone
563 2031 734 2092 porta:
760 2031 893 2089 tres,
918 2023 1057 2077 etab
1078 2023 1279 2079 Austro
1308 2033 1477 2095 portae
1502 2033 1633 2092 tres,
1658 2034 1713 2082 et

109 2116 181 2172 ab
225 2115 435 2171 Occasu
479 2124 649 2185 portae
700 2108 829 2172 tres.
878 2106 946 2171 Et
992 2132 1178 2172 murus
1221 2116 1455 2172 civitatis
1503 2117 1711 2174 habens

119 2207 476 2264 fundamenta
499 2207 808 2275 duodecim,
829 2218 879 2263 et
904 2208 957 2263 in
982 2208 1112 2279 ipsis
1134 2218 1160 2246 ι
1186 2208 1471 2264 duodecim
1493 2212 1711 2266 nomina

111 2301 404 2358 duodecim
433 2301 800 2371 apostolorum
832 2302 990 2370 Agni.
1027 2302 1092 2357 Et
1123 2302 1216 2372 qui
1243 2298 1564 2373 loquebatur
1599 2317 1713 2359 me-

115 2407 263 2458 cum,
296 2392 531 2448 habebat
554 2406 860 2449 mensuram
885 2393 1238 2449 arundinem)
1259 2400 1501 2460 auream”,
1522 2402 1581 2449 tit
1603 2410 1716 2451 me-

116 2487 307 2543 tiretur
329 2486 623 2554 civitatem,
643 2497 699 2542 et
718 2494 901 2557 portas
923 2486 1060 2557 ejus,
1087 2497 1143 2542 et
1164 2503 1397 2543 murum.
1428 2487 1497 2542 Et
1518 2488 1717 2543 civitas

117 2580 172 2634 in
225 2578 432 2649 quadro
482 2579 658 2648 posita
709 2586 814 2643 est,
861 2586 916 2634 et
965 2578 1242 2648 longitudo
1284 2580 1402 2650 ejus
1445 2588 1592 2634 tanta
1631 2590 1717 2634 est

116 2680 315 2741 quanta
347 2679 403 2724 et
424 2669 649 2725 latitudo
677 2686 690 2723 :
721 2679 775 2725 et
798 2684 1018 2726 mensus
1043 2680 1129 2725 est
1158 2671 1431 2726 civitatem
1459 2671 1528 2727 de
1552 2686 1718 2727 arun-

117 2763 242 2818 dine
263 2768 429 2816 aurea
459 2768 554 2831 per
582 2759 754 2817 stadia
785 2760 1071 2816 duodecim
1097 2748 1267 2816 millia
1296 2778 1309 2815 :
1338 2772 1391 2817 et
1416 2762 1713 2832 longitudo,

119 2864 173 2911 ct
195 2853 451 2920 altitudo,
475 2862 530 2908 et
556 2852 779 2907 latitudo
800 2855 939 2922 ejus,
966 2854 1194 2923 :cqualia
1223 2863 1369 2909 sunt.
1405 2853 1471 2908 Et
1496 2869 1717 2909 mensus

119 2956 202 3003 est
227 2959 448 3000 murum
484 2944 601 3014 ejus
629 2953 843 2999 centum
867 2945 1224 3015 quadraginta
1254 2952 1483 3015 Quatuor
1510 2942 1719 3000 cubito-

119 3053 260 3104 rum,
286 3050 546 3091 mensura
568 3036 826 3103 hominis,
853 3050 973 3106 quaa
994 3045 1079 3091 est
1096 3037 1294 3108 angeli.
1319 3036 1388 3091 Et
1408 3045 1526 3091 erat
1544 3046 1721 3093 struc-

1816 1831 1955 1886 ultra
1993 1848 2100 1889 non
2130 1834 2235 1888 erit
2272 1852 2284 1886 :
2316 1844 2369 1888 et
2400 1847 2507 1888 non
2539 1833 2773 1904 egebunt
2804 1833 2871 1888 de
2901 1835 3104 1888 lumine
3131 1833 3399 1901 lucernas,

1814 1936 1988 1992 neque
2014 1923 2219 1979 lumine
2248 1925 2378 1978 solis
2400 1964 2413 1989 ,
2457 1924 2712 1994 quoniam
2745 1923 3006 1979 Dominus
3041 1923 3184 1978 Deus
3212 1922 3409 1979 illumi-

1814 2014 1962 2068 nabit
2000 2014 2143 2081 illos,
2184 2026 2237 2070 et
2278 2016 2580 2087 regnabunt
2622 2017 2675 2071 in
2721 2016 2916 2071 sarcula
2954 2016 3297 2071 szeculorum.
3344 2018 3411 2072 Et

1814 2098 1946 2160 dixit
1971 2107 2101 2162 mihi
2136 2126 2147 2162 :
2183 2107 2308 2163 Hoc
2344 2096 2509 2163 verba
2555 2098 2868 2164 ﬁdelissima
2900 2120 3048 2176 sunt,
3082 2120 3137 2166 et
3164 2126 3314 2167 vera.
3345 2112 3413 2166 Et

1816 2202 2078 2258 Dominus
2103 2203 2246 2257 Deus
2269 2205 2556 2274 spirituum
2582 2204 2967 2274 prophetarum
2992 2204 3139 2258 misit
3161 2204 3407 2275 angelum

1815 2306 1972 2352 suum
2004 2290 2291 2352 osmndere
2321 2299 2492 2353 servis
2521 2298 2633 2351 suis
2655 2313 2775 2367 qua:
2805 2305 3022 2367 oportet
3042 2296 3156 2352 ﬁeri
3181 2299 3310 2351 cito.
3344 2297 3409 2350 Et

1816 2402 1941 2443 ecce
1979 2388 2135 2442 venio
2174 2387 2451 2442 Velociter.
2493 2388 2690 2443 Beatus
2714 2428 2729 2453 ,
2770 2390 2861 2458 qui
2899 2398 2921 2424 ε
2970 2386 3206 2442 custodit
3246 2386 3410 2441 verba

1816 2478 2115 2549 prophetiae
2162 2478 2285 2533 libri
2320 2480 2498 2549 hujus.
2534 2480 2601 2534 Et
2631 2495 2729 2549 ego
2758 2479 3029 2545 Joannes,
3063 2480 3153 2548 qui
3184 2478 3359 2531 audivi
3392 2518 3407 2542 ,

1817 2582 1871 2629 et
1901 2572 2006 2627 vidi
2037 2573 2170 2627 haec.
2205 2572 2275 2627 Et
2301 2582 2585 2643 postquam
2609 2573 2904 2639 audissem,
2933 2582 2986 2627 et
3016 2572 3293 2639 vidissem,
3322 2586 3410 2627 ce-

1815 2665 1923 2721 cidi
1948 2675 2005 2721 ut
2024 2665 2309 2721 adorarem
2333 2675 2461 2722 ante
2483 2665 2646 2735 pedes
2670 2666 2864 2736 angeli,
2892 2666 2983 2734 qui
3016 2665 3145 2720 mihi
3180 2664 3294 2719 hare
3322 2679 3413 2720 os-

1822 2748 2075 2815 tendebal
2109 2764 2124 2813 t
2155 2760 2366 2815 etdit‘it
2391 2756 2519 2831 Uis.
2555 2744 2704 2831 dicit]
2730 2750 2901 2813 mibi:
2936 2758 3071 2813 Vide
3099 2770 3168 2813 ne
3197 2752 3413 2823 leéet‘is;

1821 2867 2118 2908 conservus
2148 2853 2289 2907 enim
2320 2851 2446 2923 [Με.
2470 2861 2573 2906 tar.
2598 2852 2764 2923 enim]
2792 2860 2913 2906 tuus
2939 2867 3081 2917 sum,
3107 2860 3163 2907 et
3188 2851 3413 2905 fratrum

1823 2950 2039 3000 lucrum
2068 2944 2479 3015 prophelarum,
2512 2952 2567 2999 et
2592 2957 2803 3009 eorum,
2837 2945 2926 3014 qui
2957 2952 3175 2998 servant
3199 2941 3364 2997 verba
3392 2938 3411 2977 τ

1824 3036 2129 3109 prophetia:
2161 3038 2280 3093 libri
2314 3037 2469 3107 hujus
2501 3052 2515 3091 :
2546 3036 2716 3090 Deum
2759 3036 2948 3091 adora.
2981 3035 3049 3089 Et
3077 3035 3209 3090 dicit
3235 3032 3364 3088 mihi
3400 3048 3414 3087 :

120 3142 241 3189 tura
271 3132 413 3187 muri
445 3130 563 3199 ejus
592 3144 657 3185 ex
695 3128 871 3199 lapide
893 3130 1106 3201 jaspide
1138 3146 1152 3185 :
1194 3131 1308 3200 ipsa
1338 3134 1465 3186 tero
1496 3131 1716 3199 civitas,
1745 3126 1792 3196 (ζ
1823 3124 1903 3186 Ne
1941 3128 2242 3199 signaveris
2272 3126 2435 3183 verba
2477 3128 2775 3198 prophetiae
2811 3126 2936 3183 libri
2964 3126 3125 3197 hujus
3159 3143 3174 3185 :
3208 3134 3421 3194 tempus

123 3239 316 3280 aurum
348 3222 608 3277 mundum
637 3222 813 3276 simile
844 3223 983 3277 vitro
1014 3220 1234 3277 mundo.
1278 3223 1343 3277 Et
1372 3222 1722 3277 iundamenta

120 3316 262 3372 muri
293 3312 555 3378 civitatis,
593 3313 739 3367 omni
775 3313 954 3381 lapide
984 3315 1223 3383 pretioso
1250 3323 1463 3369 ornata.
1504 3313 1723 3369 Funda-

120 3412 368 3464 mentum
421 3405 678 3476 primum,
727 3394 932 3475 jaspis;
993 3405 1312 3477 secundum,
1369 3404 1658 3477 sapphirus
1707 3423 1721 3460 :

120 3502 374 3568 tertium,
406 3496 792 3555 Chalcedonius
820 3517 831 3553 :
862 3485 1138 3570 quartum,
1170 3499 1492 3569 smaragdus
1524 3518 1535 3554 :
1567 3500 1726 3571 quin-

124 3604 264 3661 tum,
290 3591 572 3661 urdonyx
604 3604 620 3645 :
654 3598 894 3659 sextum,
928 3589 1143 3645 sardius
1172 3607 1186 3645 :
1222 3591 1536 3660 septimum,
1564 3591 1728 3663 chry-

125 3684 364 3741 solithus
408 3701 420 3734 :
472 3689 759 3748 octavum,
808 3681 1096 3752 beryllus:
1147 3698 1371 3749 nonum,
1422 3682 1669 3753 topaiius
1714 3701 1728 3737 :

128 3777 441 3840 decimum,
480 3774 911 3845 chrysoprasus:
950 3773 1323 3839 undecimum,
1361 3776 1683 3845 hyacinthus
1714 3793 1728 3831 :

130 3866 537 3929 duodecimum,
565 3868 926 3938 amethystus.
962 3865 1029 3919 Et
1052 3864 1341 3923 duodecim
1366 3876 1558 3935 portae,
1590 3866 1729 3920 duo-

130 3960 311 4017 decim
337 3958 643 4028 margaritae
663 3968 811 4024 sunt,
837 3972 934 4028 per
958 3958 1198 4027 singulas
1216 3975 1227 4009 :
1245 3968 1299 4012 et
1319 3958 1544 4027 singulm
1566 3964 1735 4027 porta:

131 4060 294 4111 erant
327 4066 392 4108 ex
422 4050 648 4121 singulis
686 4050 995 4121 margaritis
1028 4067 1041 4103 :
1076 4057 1131 4105 et
1167 4051 1343 4119 platea
1372 4048 1608 4105 civitatis
1636 4052 1735 4103 att»

134 4160 256 4202 rum
282 4142 867 4213 mundum,jtan.quam
887 4142 1086 4197 vitrum
1120 4142 1473 4211 perlucidum.
1506 4140 1575 4196 Et
1604 4149 1739 4195 tem-

138 4240 292 4309 plum
320 4251 430 4291 non
456 4235 564 4290 vidi
594 4237 645 4290 in
672 4250 755 4290 ea.
784 4235 1043 4290 Dominus
1065 4236 1207 4290 enim
1234 4235 1377 4291 Deus
1395 4236 1740 4304 omnipotens

135 4329 405 4399 templum
426 4327 567 4382 illius
589 4336 692 4392 est,
719 4337 770 4380 et
796 4327 996 4397 Agnus.
1024 4326 1092 4381 Et
1115 4327 1306 4382 civitas
1330 4338 1436 4382 non
1460 4335 1583 4397 eget
1602 4327 1738 4396 able,

137 4430 320 4491 neque
355 4418 513 4486 luna,
554 4430 611 4472 ut
638 4417 852 4473 luceant
881 4420 933 4473 in
962 4432 1043 4473 ea.
1076 4418 1210 4473 Nam
1239 4419 1457 4474 claritas
1485 4418 1580 4474 Dei
1612 4408 1742 4475 illu-

139 4512 373 4568 minavit
403 4525 549 4574 eam,
577 4518 633 4565 et
661 4509 881 4565 lucerna
912 4511 1029 4581 ejus
1057 4520 1140 4567 est
1166 4510 1371 4581 Agnus.
1404 4512 1469 4565 Et
1489 4512 1738 4567 ambula-

141 4607 280 4662 bunt
315 4610 502 4676 gentes
530 4604 584 4658 in
622 4604 827 4660 lumine
853 4605 973 4674 ejus
1001 4622 1011 4656 :
1052 4612 1110 4660 et
1137 4612 1292 4675 reges
1321 4610 1480 4660 tet-rte
1508 4596 1739 4660 soerent

221 4827 246 4856 ⁸
290 4816 471 4885 Neque
492 4816 713 4873 Graecas
744 4823 945 4878 textus,
975 4826 1147 4883 neque
1177 4821 1366 4869 noster
1393 4826 1497 4869 rns.
1520 4815 1580 4871 τὸ
1609 4813 1743 4869 duo-

146 4889 319 4943 ἀει-ἕω
346 4890 433 4943 hic
456 4896 724 4955 repetunt.

221 4959 249 5039 ξ’
290 4958 415 5039 Msa,
442 4954 565 5039 Non
590 4956 804 5039 intrabit
833 4958 888 5010 in
917 4954 1521 5039 eornrimntundnmmm
1541 4955 1743 5024 aliquid

148 5031 571 5098 coinquinatum,
602 5038 649 5081 et
679 5029 874 5097 faciens
904 5028 1359 5093 abominationem,
1384 5037 1489 5083 etc.

230 5112 253 5140 ε
276 5100 471 5168 Latini
502 5099 589 5153 alii
612 5100 827 5153 codices
848 5112 1041 5168 magno
1063 5110 1317 5163 numero,
1354 5107 1400 5152 et
1423 5114 1518 5168 pro
1544 5098 1656 5165 sed,
1686 5105 1745 5153 ut

149 5173 209 5227 in
243 5164 437 5227 Graeco
464 5172 583 5235 καὶ,
620 5170 837 5224 habent.
869 5164 987 5222 itie'x
1014 5176 1113 5236 pro
1140 5178 1288 5221 erant
1310 5209 1323 5231 ,
1355 5164 1649 5239 legendum
1667 5168 1749 5222 vi-

147 5243 347 5297 deatur
372 5241 567 5296 minori
596 5254 821 5295 numero
842 5242 958 5304 erit,
981 5238 1434 5309 quemadmodum
1463 5244 1515 5293 in
1538 5239 1748 5297 Gnaeo.

227 5312 254 5349 ἀ
297 5311 423 5367 Plus
462 5310 644 5382 habet_
672 5321 857 5365 noster
887 5327 1012 5374 ms.,
1052 5325 1237 5362 nomen
1263 5314 1373 5382 ejus
1417 5312 1667 5381 scriptum
1695 5311 1751 5363 in

153 5384 441 5454 frontibus,
471 5392 576 5436 etc.
607 5380 798 5454 Graeco
832 5389 1005 5454 tamen
1038 5387 1184 5434 textu
1209 5380 1317 5435 non
1348 5390 1638 5435 annuente.

230 5464 254 5491 ο
294 5452 492 5521 pio-sier
518 5467 648 5521 ms.,
680 5452 766 5521 qui
793 5451 1069 5521 custodiet.
1662 5504 1693 5521 ε,

234 5522 256 5562 τ
300 5512 468 5581 Tollit
496 5512 938 5593 illud—prophetia;
968 5530 1153 5576 noster
1170 5537 1303 5593 ﬁcum
1332 5521 1599 5593 plerisque
1628 5512 1750 5575 aliis

152 5594 367 5654 Latinis
399 5607 533 5650 mss.
576 5591 1031 5663 quemadmodum
1058 5599 1113 5647 et
1154 5592 1376 5648 Graecus
1422 5592 1536 5661 ipse
1578 5594 1756 5647 tentus

158 5668 308 5724 facit.

1827 3225 1973 3278 enim
2018 3237 2183 3292 prope
2224 3232 2325 3276 est.
2357 3222 2457 3290 Qui
2496 3230 2675 3288 nocet,
2704 3229 2894 3277 noceat
2922 3222 3129 3285 adhuc;
3166 3227 3221 3274 et
3246 3218 3336 3289 qui
3366 3218 3418 3272 in

1828 3313 2080 3369 sordibus
2103 3323 2206 3377 est,
2230 3313 2509 3368 sordescat
2530 3313 2727 3380 adhuc;
2751 3321 2804 3368 et
2822 3323 2847 3360 8
2873 3312 3154 3383 quijustus
3176 3320 3281 3380 est,
3313 3312 3425 3379 jus-

1830 3407 2065 3461 tilicetur
2093 3405 2287 3471 adhuc;
2317 3416 2371 3461 et
2393 3417 2633 3475 sanctus,
2667 3402 3038 3462 sanctliicetur
3060 3405 3255 3460 adhuc.
3284 3404 3424 3459 Ecce

1829 3497 1990 3554 venio
2012 3498 2142 3568 cito,
2159 3504 2213 3554 et
2239 3502 2446 3555 merces
2469 3514 2585 3555 mea
2610 3512 2822 3555 mecum
2844 3507 2947 3566 est,
2970 3496 3200 3555 reddere
3223 3498 3432 3553 unicui-

1830 3608 1937 3663 que
1959 3593 2259 3647 sccundum
2280 3607 2444 3662 Opera
2466 3607 2583 3647 sua.
2611 3589 2637 3629 ιι
2662 3579 2775 3662 Ego
2826 3609 2943 3647 sum
2968 3602 3006 3648 Α
3026 3601 3083 3647 et
3109 3604 3170 3655 Ω,
3198 3592 3427 3660 primus,

1832 3693 1887 3738 et
1914 3685 2261 3750 novissimus,
2297 3685 2625 3753 principium
2673 3693 2729 3739 et
2758 3684 2900 3738 linis.
2936 3684 3107 3747 Beati,
3135 3683 3224 3752 qui
3250 3682 3431 3735 lavant

1834 3777 2002 3832 stolas
2025 3792 2149 3831 suas
2178 3775 2195 3812 ί
2232 3777 2283 3831 in
2312 3777 2575 3846 sanguine
2604 3775 2765 3847 Agni,
2789 3785 2845 3831 ut
2875 3776 2943 3830 sit
2972 3784 3211 3846 potestas
3241 3780 3428 3829 eorum

1835 3856 1889 3921 in
1924 3869 2065 3938 ligno
2096 3869 2239 3933 vitae,
2274 3876 2330 3922 et
2361 3882 2457 3936 per
2480 3878 2664 3938 portas
2697 3869 2897 3924 intrent
2920 3868 2974 3923 in
3001 3866 3297 3924 civitatem.
3328 3852 3435 3923 Fo-

1836 3960 1911 4013 ris
1942 3973 2121 4024 canes,
2166 3964 2220 4013 et
2245 3960 2492 4026 veneﬁci,
2524 3969 2580 4014 et
2622 3958 2905 4030 impudici,
2947 3970 3002 4016 et
3027 3959 3334 4023 homicida,
3381 3968 3437 4016 et

1839 4052 2001 4107 idolis
2046 4054 2344 4108 servientes
2374 4095 2390 4121 ,
2446 4052 2459 4102 i
2515 4060 2571 4107 et
2614 4054 2791 4109 omnis
2830 4054 2922 4125 qui
2964 4060 3152 4124 amat,
3192 4064 3247 4109 et
3306 4049 3437 4109 iacit

1842 4140 2199 4199 mendacium.
2235 4142 2348 4216 Ego
2375 4142 2531 4200 Jesus
2565 4143 2686 4201 misi
2713 4144 2978 4218 Angelum
3013 4162 3215 4213 meum,
3242 4144 3431 4201 testiii-

1842 4236 1953 4291 cari
1977 4235 2130 4291 vobis
2160 4237 2274 4292 hasc
2305 4238 2358 4292 in
2392 4238 2679 4294 Ecciesiis.
2713 4240 2827 4310 Ego
2855 4255 2975 4295 sum
3004 4240 3155 4294 radix
3187 4249 3239 4293 et
3267 4250 3439 4306 genus

1846 4327 2036 4395 David,
2068 4329 2222 4385 stella
2254 4331 2535 4403 splendida
2568 4340 2621 4388 et
2652 4334 2935 4387 matutina.
2970 4333 3034 4385 Et
3058 4331 3277 4399 spiritus
3302 4326 3431 4399 iMs.

1845 4419 2101 4495 sponsus]
2122 4434 2175 4479 et
2196 4428 2392 4494 sponsa
2422 4423 2648 4481 dicunt:
2676 4424 2828 4478 Veni.
2860 4422 2928 4478 Et
2954 4422 3044 4493 qui
3071 4421 3237 4486 audit,
3270 4418 3434 4488 dicat,

1846 4515 2003 4573 Veni.
2037 4500 2103 4573 Et
2125 4520 2215 4590 qui
2246 4521 2381 4583 sitit,
2413 4518 2615 4583 veniat;
2642 4518 2810 4587 etqui
2831 4517 2966 4582 vult,
2989 4514 3218 4584 accipiat
3241 4528 3434 4584 aquam

1845 4608 1970 4663 vita:
2009 4611 2199 4680 gratis.
2242 4610 2532 4669 Contestoi‘
2559 4608 2585 4648 ι
2618 4609 2762 4666 enim
2804 4607 2951 4663 omni
2991 4605 3226 4662 audienti
3271 4605 3437 4662 verba

1847 4830 2094 4889 numero,
2119 4824 2180 4889 et,
2183 4818 2360 4887 justus
2373 4810 2639 4887 justitiam
2665 4818 2818 4889 faciet
2847 4817 3038 4881 adhuc.
3059 4818 3114 4873 S.
3140 4816 3441 4887 Cyprianus

1847 4885 1951 5010 hiis]!
1992 4887 2132 4941 hunc
2170 4885 2345 4942 locum
2375 4885 2463 4943 ita
2508 4885 2746 4946 recitat:
2787 4889 2971 4945 Justus
3006 4885 3236 4962 justiora
3283 4891 3441 4960 faciat

1848 4974 1880 5010 η
1960 4974 2038 5010 uc.

1848 4974 2038 5012 nanuc.

1917 5026 1946 5104 ξι
1986 5029 2253 5098 integrum
2277 5022 2513 5104 huncce
2541 5031 2884 5099 versiculum,
2915 5031 3023 5104 Ego
3056 5040 3168 5086 sum
3212 5041 3252 5104 Α
3291 5038 3338 5085 et
3375 5032 3440 5097 τὶ,

1850 5099 2045 5174 primus
2103 5108 2148 5153 et
2171 5102 2493 5169 novissimus,
2518 5104 2833 5174 principium
2884 5112 2931 5158 et
2961 5099 3101 5171 finis,
3134 5103 3225 5173 qui
3254 5111 3437 5157 tamen

1856 5170 1907 5222 in
1929 5169 2119 5243 Graeco
2148 5176 2254 5233 Bst,
2284 5180 2468 5243 noster
2497 5169 2600 5227 ms.
2635 5169 2863 5243 ignorat.

1936 5246 1949 5275 ι
2002 5238 2172 5317 vcrba
2197 5256 2411 5317 quoque
2433 5241 2557 5317 ista,
2585 5244 2638 5317 in
2657 5238 2916 5315 sanguine
2941 5244 3095 5317 Agni,
3127 5246 3441 5317 hesternis.

1854 5311 2265 5385 cum‘plerisque
2285 5313 2406 5365 aliis
2423 5315 2653 5385 antiquis
2674 5311 2898 5381 omittit;
2922 5311 3015 5371 sed
3036 5332 3210 5385 neque
3227 5318 3277 5369 in
3297 5314 3447 5385 Grze-

1854 5380 2022 5435 coilla
2048 5383 2328 5436 sunt.Mox
2352 5380 2571 5451 pr0pius
2599 5386 2665 5437 ad
2680 5380 2924 5440 ercuin
2962 5380 3173 5441 veteres
3200 5384 3447 5440 nonnulli

1853 5451 2069 5506 codices
2108 5452 2282 5506 Latini
2330 5452 2529 5507 habent
2568 5464 2616 5507 et
2645 5457 2830 5522 portis,
2874 5468 2975 5526 pro
3005 5465 3053 5510 et
3097 5471 3187 5525 per
3232 5467 3445 5527 portas:

1854 5528 2041 5593 noster
2070 5531 2126 5593 nt
2150 5538 2242 5593 per
2262 5532 2462 5593 portus.

1938 5592 1954 5664 ξ
2004 5592 2165 5664 Addit
2195 5592 2378 5649 uoster
2404 5602 2507 5649 ms.
2531 5594 2599 5649 de
2626 5606 2730 5651 suo
2756 5603 2801 5650 et
2830 5596 3189 5664 fornicatam.

1936 5630 1963 5738 ᾖ
2002 5630 3367 5738 'én'iJFTE-iéiiérTaiii'iiéris'ii'émiluum
3384 5630 3454 5723 ii?

230 5747 256 5787 ς
296 5736 449 5795 idem
474 5748 605 5802 ms.,
630 5740 677 5789 et
696 5732 871 5803 justus
884 5729 1202 5803 justificetur
1224 5732 1391 5791 adhuc
1406 5748 1425 5801 ;
1447 5730 1539 5791 alii
1563 5746 1759 5804 magno
1864 5730 1978 5791 bris
2006 5733 2169 5792 habet
2190 5752 2302 5807 ego.
