3912 6200
107 369 226 427 1055

783 365 1172 427 VARIANTES
1211 355 1614 426 LECTIONES.
1645 396 1716 409 —-
1741 351 2190 422 EVANCELIUM
2230 353 2376 423 SEC.
2418 354 2680 422 LUCAM.

3235 349 3374 417 lost

103 486 300 552 quidem.
324 517 392 560 έ-
412 487 505 548 51.
532 487 587 560 111
610 485 909 560 jumentum
932 507 944 540 :
965 474 1454 556 ‘superjnmentum.
1485 514 1554 524 —
1581 483 1669 540 56.
1697 471 1746 544 Α
1777 489 1830 536 et
1870 482 2074 560 dicite:
2121 482 2298 560 dicite.
2342 511 2412 560 τ-
2447 469 2534 536 55.
2562 479 2655 560 die
2681 499 2693 532 :
2715 477 2877 560 (Non
2907 478 3122 560 habena
3148 479 3202 532 in
3227 478 3374 560 cod.)

106 560 290 614 videtur
315 559 447 615 tibi:
482 559 570 614 tibi
600 559 815 615 ridetur.
845 591 916 600 -—
945 562 1033 616 41).
1071 574 1250 615 curas:
1281 573 1424 612 cura.

696 676 924 735 CAPUT
961 675 1054 732 Xl.

166 772 302 828 Vers.
338 774 390 828 I.
419 774 471 829 in
504 772 734 843 quodam
767 773 886 827 loco
910 791 922 826 :
956 774 1006 824 in
1033 771 1145 843 loco
1167 768 1411 843 quodam.
1437 797 1506 843 7-
1530 765 1670 843 Ibid.

101 845 219 899 sicut
262 844 446 900 docuit
491 840 545 900 et
569 846 805 900 Joannes
831 862 843 897 :
885 844 1016 897 sicut
1041 841 1268 895 Joannes
1297 840 1491 894 docuit.
1521 869 1591 878 —
1617 841 1670 894 5.

102 917 314 971 Panem:
346 914 470 970 Fiat
502 919 736 971 voluntas
766 928 872 979 tua,
905 916 1036 968 sicut
1064 916 1115 967 in
1148 915 1294 978 crelo,
1337 923 1382 966 et
1425 913 1476 964 in
1513 922 1665 977 terra,

100 1005 280 1056 panem.
309 1017 380 1028 —-
406 983 547 1043 Ibid.
584 999 797 1056 peccata
826 1007 836 1036 τ
867 985 1057 1040 debita.
1089 1015 1158 1024 —
1186 984 1239 1037 5.
1270 983 1529 1056 habebit:
1577 983 1672 1035 Ita-

100 1054 181 1111 bet.
210 1089 277 1099 -—
306 1062 358 1112 7.
392 1054 594 1114 ostium
633 1061 874 1114 clausum
905 1077 916 1110 :
963 1058 1148 1110 ostium
1195 1073 1364 1109 meum
1414 1054 1667 1108 clausum.

98 1161 154 1168 —
179 1129 310 1184 Ibid.
343 1131 503 1185 cubili
535 1149 547 1184 :
577 1129 830 1184 cubiculo.
859 1160 929 1168 —
955 1129 1008 1183 8.
1042 1128 1108 1182 Et
1138 1130 1180 1179 si
1213 1127 1301 1180 ille
1327 1143 1342 1182 :
1374 1121 1441 1178 Et
1489 1123 1576 1178 ille
1603 1127 1667 1179 si.

98 1232 154 1241 —
177 1200 311 1255 Ibid.
337 1218 561 1273 surgens
587 1219 602 1258 :
631 1201 876 1273 (Erasum
906 1211 1011 1273 est;
1032 1200 1120 1252 sed
1141 1200 1336 1252 videtur
1365 1198 1487 1273 olim
1511 1197 1672 1273 fuisse

98 1272 369 1342 scriptum.)
390 1269 460 1313 -ῖ
482 1273 620 1327 Ibid.
639 1269 914 1342 ‘quotquot
937 1271 1097 1325 habet
1143 1269 1476 1342 necessmfios
1498 1286 1508 1319 :
1534 1269 1670 1336 quod

98 1347 225 1398 habet
270 1349 630 1398 necessarium.
670 1341 742 1386 ὲ-
779 1345 833 1399 9.
877 1345 1000 1398 dico
1044 1342 1234 1397 vobis:
1271 1341 1412 1393 vobis
1437 1342 1571 1392 diro.
1601 1361 1662 1379 -ι

98 1417 166 1469 11.
202 1418 368 1485 petit:
404 1427 554 1485 petet.
593 1446 664 1456 -—
704 1417 789 1471 12.
840 1417 1119 1484 porriget:
1171 1413 1407 1482 porrigit.
1455 1437 1526 1485 -τ
1552 1411 1662 1485 id.

96 1482 353 1542 admirata:
378 1482 643 1542 satiram.
676 1519 747 1528 —
779 1482 862 1542 15.
891 1501 1066 1540 autem
1095 1503 1108 1538 :
1139 1485 1315 1554 (Deest
1343 1485 1395 1536 in
1425 1482 1566 1552 cod.)
1597 1514 1667 1522 -—

97 1561 166 1613 16.
195 1569 458 1614 tentantes
488 1562 699 1629 signum
725 1577 738 1613 :
772 1568 1021 1612 tentantes
1050 1572 1171 1611 eum
1197 1558 1433 1629 signum:
1475 1554 1666 1629 (Addi-

95 1641 158 1682 tur
182 1629 348 1699 eum.)
370 1661 440 1672 —-
467 1626 558 1686 17.”
575 1633 930 1686 desolabitur:
959 1631 1244 1682 desolatur.
1267 1627 1451 1699 -18.
1475 1626 1589 1694 ejus
1609 1626 1662 1678 ?:

92 1703 269 1773 ipsius?
291 1697 363 1742 -έ-
390 1702 529 1757 Ibid.
559 1715 644 1756 me
673 1703 873 1773 ejicere
901 1721 914 1756 :
947 1704 1256 1773 ejicereute.
1285 1697 1480 1773 ——_I9.
1520 1712 1621 1766 ego
1647 1713 1660 1748 :

94 1769 247 1840 (Deest
269 1776 321 1826 in
347 1775 488 1832 cod.)
516 1803 586 1814 —
608 1769 717 1828 2-2.:
731 1790 797 1829 eo
822 1792 832 1826 :
861 1769 980 1827 illo:
1004 1802 1076 1813 —
1105 1771 1242 1825 Ibid.
1283 1769 1489 1823 auferet
1515 1787 1527 1820 :
1569 1786 1664 1820 au-

93 1844 780 1936 ίςι·ς.;-.1ὑὶ11.ξ;1111111ρ11111
807 1866 818 1896 :
849 1843 1060 1936 ﬁdebat.
1083 1873 1153 1884 -—
1175 1841 1316 1936 Ibid2
1339 1841 1656 1936 di‘stfjlittlet:
1690 1871 1737 1936 Β

91 1917 348 1970 distribuit.
371 1947 441 1956 -—
463 1917 553 1972 95.
587 1927 769 1971 contra
796 1932 811 1970 :
843 1917 1131 1969 adversum.
1158 1944 1230 1955 —
1254 1916 1342 1967 24.
1374 1914 1651 1977 pet-ambit.

90 1987 179 2040 lat:
213 1989 614 2056 perambulabat.
650 2019 721 2028 —-—
757 1985 850 2042 ΞΒ.
901 2000 954 2041 et
1002 1996 1287 2040 ornatum:
1338 1983 1559 2054 (Desunt
1603 1987 1658 2056 in

87 2053 416 2128 cedi—‘26.
450 2061 638 2114 Tunc:
670 2058 735 2111 Et
767 2070 910 2112 tunc.
953 2087 1024 2099 -—
1068 2059 1207 2111 Ibid.
1259 2053 1539 2128 Etéﬁdnti:
1591 2053 1661 2128 Ει

86 2125 200 2183 sunt.
220 2130 392 2186 —28.
418 2131 725 2199 Quinimmo
751 2149 764 2184 :
788 2130 1214 2200 manifestissime.
1239 2158 1308 2169 —-
1329 2125 1623 2200 Itiid._illud
1646 2143 1656 2176 :

87 2200 211 2268 (Non
241 2214 313 2255 est
342 2204 394 2254 in
423 2197 564 2270 cod.)
591 2233 660 2241 —
683 2202 772 2257 29.
801 2204 848 2260 ei
877 2221 891 2254 :
923 2197 1022 2254 illi.
1052 2231 1122 2241 —
1149 2200 1287 2253 Ibid.
1333 2197 1616 2270 Propheta:
1645 2214 1657 2248 :

88 2271 242 2325 (Deest
284 2275 336 2326 in
373 2274 514 2342 cod.)
546 2269 615 2312 +
642 2272 729 2328 50.
759 2271 858 2326 fuit
886 2271 1089 2326 Jonas:
1122 2271 1285 2324 Jonas
1320 2269 1438 2340 fuit.
1469 2298 1538 2306 —

85 2345 380 2398 abscondito
408 2363 418 2398 :
455 2339 722 2398 absconso.
756 2374 827 2384 —-
856 2343 996 2397 Ibid.
1032 2359 1190 2413 supra
1218 2361 1229 2395 :
1263 2339 1434 2411 super.
1464 2369 1535 2379 —
1567 2339 1656 2392 536.

85 2430 257 2481 corpus
287 2427 434 2469 tuum
463 2434 472 2467 ε
499 2426 644 2468 tuum
671 2429 878 2484 corpus.
904 2445 974 2455 -—
996 2417 1082 2471 59.
1111 2417 1254 2468 intus
1277 2426 1358 2467 est
1376 2420 1614 2464 vestrum
1643 2427 1656 2464 :

85 2486 200 2540 intus
228 2495 470 2541 vestrum.
503 2517 574 2526 —-
603 2489 690 2541 11).
735 2491 895 2542 etiam
936 2487 988 2540 111
1037 2487 1178 2556 quod
1226 2487 1293 2539 de
1336 2485 1654 2556 intusﬂestq:

83 2557 210 2611 etiam
237 2559 376 2627 quod
407 2560 544 2613 intus
572 2569 664 2612 est.
705 2589 761 2598 —
792 2559 882 2614 42.
917 2551 1222 2616 Pharismis,
1256 2555 1378 2626 quia
1406 2570 1419 2606 :
1469 2551 1664 2606 Phari-

83 2632 169 2689 ἀεὶ,
191 2633 297 2699 qui.
319 2659 392 2669 ——
411 2632 502 2684 44.
525 2641 783 2699 apparent
807 2649 818 2682 :
850 2639 1051 2700 parent.
1073 2660 1141 2668 —
1158 2630 1246 2683 15.
1277 2627 1657 2700 contumeliam

83 2697 253 2755 nobis:
290 2703 434 2756 nobis
461 2697 948 2756 contumeliamI—
986 2701 1078 2755 46.
1133 2710 1387 2769 portare:
1436 2697 1657 2765 portari;

81 2800 138 2843 ὴ
160 2775 246 2827 17.
275 2774 366 2842 qui
391 2790 405 2825 :
437 2776 580 2843 quia.
609 2804 679 2813 —
705 2775 793 2829 48.
825 2775 966 2843 quod
993 2791 1006 2826 :
1039 2783 1106 2826 et.
1134 2802 1204 2843 -έ
1231 2770 1370 2824 Ibid.
1401 2769 1618 2843 quidem
1643 2784 1657 2843 _:

81 2841 236 2917 (Deest
262 2839 497 2917 inﬁcod'.)
527 2876 594 2884 -—
622 2845 710 2899 .55.
751 2839 930 2917 autem
959 2863 970 2896 :
1004 2844 1154 2917 (Non
1185 2841 1403 2917 habetur
1430 2841 1485 2894 in
1515 2839 1660 2908 cod.)

83 2942 137 2953 —
167 2916 252 2973 54.
287 2913 488 2987 aliquid
517 2931 712 2988 capere
739 2913 804 2972 de
833 2935 845 2971 :
877 2913 1057 2987 capere
1087 2915 1285 2986 aliquid
1317 2929 1399 2968 ex.

669 3030 896 3086 CAPUT
935 3030 1050 3085 Xll.

144 3120 288 3178 Vera.
314 3126 366 3179 5.
389 3137 572 3178 aurem
599 3141 612 3177 :
642 3140 786 3178 aure.
808 3153 880 3164 —
899 3123 1038 3177 Ibid.
1065 3121 1360 3177 cubiculis:
1385 3118 1658 3174 cubilibus.

81 3223 135 3230 —
180 3193 320 3248 Ibid.
373 3197 562 3250 tec:is:
611 3206 758 3250 tecto.
806 3225 876 3238 -ο
920 3195 974 3249 5.
1018 3198 1248 3250 timere:
1284 3195 1471 3246 timete.
1503 3219 1575 3232 -—
1603 3191 1656 3248 7.

81 3279 253 3321 omnes
277 3268 543 3322 numerati
569 3278 698 3320 sunt
722 3287 733 3320 :
770 3267 1023 3321 numerati
1047 3276 1167 3319 sunt
1199 3282 1391 3318 omnes.
1417 3293 1487 3303 —
1515 3261 1654 3316 Ibid.
1684 3262 1732 3323 Ο

81 3335 266 3399 pluris:
316 3341 511 3407 plures.
555 3369 622 3377 ——
663 3341 716 3394 8.
764 3349 816 3392 et
849 3338 1018 3392 Filius
1049 3337 1319 3391 hominis:
1349 3336 1571 3407 (Desunt
1601 3335 1654 3407 in

80 3410 204 3479 cod.)
231 3404 475 3463 —-—'Ibid.
509 3411 888 3464 confitebitur:
921 3409 1215 3478 conﬁtebor.
1243 3439 1310 3447 ——
1337 3404 1389 3462 9.
1433 3404 1654 3479 negabi-

79 3490 147 3532 Iur
167 3478 192 3554 _:’
216 3483 568 3554 denegabitur.
598 3483 782 3554 -—710.
827 3483 1172 3554 remittetur:
1215 3480 1503 3533 remittetur
1548 3478 1650 3531 illi.

79 3579 132 3587 —
160 3552 240 3606 11.
277 3550 571 3606 inducent:
604 3553 921 3606 induxerint.
956 3582 1022 3590 —
1056 3550 1192 3604 Ibid.
1225 3562 1277 3603 et
1319 3557 1650 3618 potestates:

76 3629 113 3671 et
133 3625 194 3674 ad
218 3633 514 3689 potestates.
544 3654 610 3664 -ο
639 3624 776 3679 Ibid.
808 3634 897 3678 aut
926 3622 1052 3691 quid
1083 3619 1495 3691 respomleatis:
1526 3619 1657 3690 (De-

76 3704 172 3766 sunt
197 3697 246 3748 in
275 3694 419 3764 cod.)
452 3727 518 3734 —
551 3695 634 3747 12.
665 3697 790 3765 quid
815 3712 830 3748 :
863 3711 998 3766 qum.
1022 3725 1091 3734 —-
1118 3693 1258 3766 Ibid.
1290 3701 1535 3762 oporteat
1560 3703 1655 3766 vos

74 3762 272 3820 timere:
305 3759 534 3834 apo'rteat
560 3759 745 3820 dicefe.
779 3797 844 3805 —
875 3759 963 3820 15.
993 3768 1045 3818 in
1073 3783 1087 3820 :
1132 3759 1380 3833 (Additur
1419 3767 1472 3817 in
1513 3763 1655 3834 cod.)

73 3863 130 3874 -—
173 3838 258 3893 16.
311 3833 554 3891 Irtictus:
606 3840 798 3908 fruges.
844 3867 914 3877 —
943 3838 1042 3908 7:17.
1072 3838 1193 3908 quin
1223 3853 1236 3908 :
1270 3838 1428 3908 quod.
1462 3833 1649 3908 —-A9.2.

73 3920 246 3962 vestr-ae
274 3927 288 3962 :
325 3907 472 3980 (Non
505 3905 713 3980 habetur
741 3911 792 3961 in
819 3907 960 3980 cod.)
1006 3938 1074 3946 —
1120 3906 1258 3980 Ibid.
1306 3905 1605 3980 induamini
1636 3922 1646 3954 :

73 3976 362 4034 v'estiamini.
401 4013 459 4020 -‹
490 3979 579 4035 25.
612 3981 730 4047 plus
757 3991 771 4031 ξ
803 3979 982 4049 (Deest
1010 3980 1064 4031 in
1093 3977 1232 4042 cod.)
1265 4006 1334 4017 --
1359 3978 1448 4030 21.
1482 3976 1603 4044 quia
1636 3992 1646 4026 :

69 4053 314 4113 quoniam.
345 4082 416 4092 —-
445 4050 584 4106 Ibid.
616 4052 782 4120 pluris
808 4071 818 4103 :
851 4050 1045 4121 plures.
1071 4079 1138 4090 —
1159 4049 1247 4121 2].
1281 4062 1456 4115 neque
1484 4061 1648 4121 :non.

70 4149 126 4157 ——
167 4121 254 4177 28.
313 4135 395 4180 cst
438 4125 490 4178 in
517 4116 644 4194 agro
671 4142 681 4175 :
709 4126 759 4176 in
793 4116 918 4194 agro
950 4131 1143 4194 est_._—
1167 4119 1254 4174 50.
1283 4121 1429 4194 enim
1455 4137 1465 4170 :
1502 4116 1651 4194 (N_o_n

68 4204 128 4244 est
171 4197 221 4248 in
263 4195 411 4267 cod.)
453 4225 525 4234 —
550 4187 651 4267 '51.
697 4187 976 4267 primum:
1015 4191 1190 4259 (Deest
1215 4196 1275 4267 in
1300 4189 1438 4261 cod.)

67 4270 340 4338 appropiat
366 4263 401 4321 ε’
429 4263 716 4338 appropiet.
763 4295 833 4305 —
873 4265 960 4338 55.
1013 4267 1065 4317 in
1119 4265 1365 4338 mamlius
1407 4263 1648 4338 vestris:

69 4332 273 4391 (Desunt
306 4341 358 4391 in
386 4332 525 4404 cadi)
554 4363 618 4376 -ι-
641 4335 729 4391 58.
763 4347 816 4391 et
843 4339 914 4389 ita
946 4336 1244 4390 invenerit:
1271 4332 1420 4403 (Non
1453 4333 1648 4386 haben;

69 4413 135 4456 tur
158 4411 209 4461 in
241 4408 388 4478 cod.)
411 4435 480 4448 —-
498 4409 566 4464 59
588 4417 642 4464 et
661 4407 752 4463 44.
776 4407 1056 4477 quoniam:
1081 4410 1219 4473 quia.
1237 4433 1308 4446 -—
1330 4406 1416 4478 55.
1443 4418 1646 4458 servos:

69 4493 256 4550 pueros.
284 4477 472 4535 ~17.
506 4496 692 4534 servus
717 4498 732 4533 :
769 4479 1016 4550 (Additur
1040 4479 1094 4530 in
1122 4479 1264 4544 cod.)
1291 4477 1514 4531 —Ibid.
1544 4491 1603 4531 se
1632 4492 1646 4530 ε

69 4547 202 4623 (Non
232 4552 451 4604 habetur
479 4553 528 4605 in
561 4551 706 4623 cod.)
737 4547 809 4592 -'—
831 4551 920 4605 48.
958 4565 1085 4623 non.
1119 4551 1292 4623 (Deest
1324 4551 1376 4601 in
1404 4551 1550 4620 cod.)
1580 4581 1649 4594 σ-

1776 583 1843 592 -
1870 555 1956 624 51,
1992 553 2216 624 pennis:
2243 552 2431 624 pinnis.
2466 581 2533 590 -—
2562 547 2654 607 55.
2703 547 2950 624 deserta;
3007 548 3157 621 (Non
3201 561 3274 604 est
3321 547 3376 604 in

1775 623 1918 695 cod.)
1943 622 2013 664 -ὲ
2039 623 2177 678 Ibid.
2205 623 2455 680 videbitis
2481 638 2566 678 me
2594 642 2604 675 :
2641 641 2718 678 me
2739 622 2994 678 videbitis.

2366 739 2592 794 CAPUT
2633 737 2774 792 XIV.

1850 832 1997 887 Vers.
2031 834 2083 887 1.
2117 832 2272 888 Iesus
2299 852 2311 887 :
2343 832 2602 903 (Deest_in
2633 830 2777 901 cod.)
2804 860 2873 870 ——
2989 826 3329 903 respondens
3355 848 3367 883 :

1772 905 1995 959 intuens.
2025 934 2095 944 —
2124 905 2177 959 5.
2209 903 2273 958 ad
2303 897 2421 959 ilius
2446 921 2468 974 :7
2493 901 2712 974 (Desunt
2742 897 2793 956 in
2831 901 2972 973 cod.)
2996 897 3248 974 7—7=_Ibid.t
3283 917 3374 974 ca-

1772 977 1901 1032 det:
1935 977 2092 1032 cadit.
2118 1007 2185 1016 ——
2211 975 2262 1030 7.
2294 977 2383 1029 et:
2418 971 2564 1047 (Non
2592 971 2881 1047 habeturin
2908 971 3137 1047 cod.)_—-
3158 973 3211 1028 8.
3240 973 3369 1027 illo:

1771 1061 1848 1101 eo.
1881 1078 1951 1086 -—
1981 1049 2069 1102 15.
2102 1057 2191 1101 et:
2227 1047 2375 1116 (Non
2405 1043 2476 1100 est
2505 1047 2555 1099 in
2582 1044 2726 1115 cod.)
2756 1074 2825 1084 ——
2857 1045 2942 1098 14.
2978 1043 3175 1116 habent
3205 1047 3370 1099 retri-

1771 1120 1974 1175 DUere:
2021 1120 2205 1175 habent
2254 1120 2390 1172 unde
2430 1116 2732 1172 retribuere.
2771 1146 2842 1157 ——
2873 1117 2958 1170 Ili.
2993 1117 3078 1171 ei:
3111 1116 3286 1242 (gDcest
3316 1117 3369 1169 in

1771 1191 1914 1242 cod.)
1938 1220 2009 1231 —
2033 1191 2118 1242 18.
2154 1192 2310 1242 simul
2342 1203 2564 1242 omnes:
2594 1197 2768 1242 omnes
2791 1186 2966 1242 simul.
2992 1187 3106 1242 -1
3161 1229 3172 1240 .
3200 1177 3365 1242 alter:

1771 1191 1914 1261 cod.)
1938 1220 2009 1231 —
2033 1191 2118 1244 18.
2154 1192 2310 1245 simul
2342 1203 2564 1245 omnes:
2594 1197 2768 1242 omnes
2791 1186 2966 1242 simul.
2992 1217 3063 1227 -—
3084 1177 3172 1242 I9.
3200 1177 3365 1242 alter:

1769 1263 1928 1314 alius.
1958 1293 2026 1302 —
2055 1261 2144 1316 ‘21.
2177 1271 2431 1317 reversus
2458 1275 2645 1315 servus
2673 1278 2686 1314 :
2719 1267 2949 1313 reversus
2975 1269 3045 1312 est
3074 1275 3265 1313 servas.
3301 1289 3371 1299 —-—

1768 1331 1856 1387 26.
1884 1343 1935 1387 et
1967 1349 2236 1388 uxorem:
2292 1341 2519 1388 uxorem.
2561 1362 2629 1371 —
2672 1330 2814 1384 Ibid.
2869 1345 2987 1384 csse
3038 1325 3368 1395 discipulus:

1769 1405 2055 1474 discipulus
2083 1423 2211 1458 esse.
2242 1435 2310 1444 —
2341 1403 2428 1459 27.
2461 1419 2632 1468 suam,
2671 1415 2761 1457 et:
2812 1415 2957 1456 suam
3003 1399 3247 1472 quotidie,
3271 1467 3274 1470 1
3299 1410 3366 1474 et.

1767 1507 1835 1515 —
1878 1473 1963 1531 51.
2013 1476 2093 1530 sal
2133 1478 2446 1530 evanuerit:
2498 1477 2578 1528 sal
2621 1490 2820 1546 quoque
2861 1475 3140 1527 eranuerit.
3172 1503 3243 1512 ——
3270 1473 3362 1529 53.

1768 1559 1870 1615 est,
1899 1548 1993 1604 sed
2023 1548 2166 1603 foras
2195 1549 2434 1603 mittetur
2460 1567 2471 1600 :
2506 1548 2624 1611 erit,
2657 1547 2744 1601 sed
2773 1550 2917 1616 foras
2949 1547 3203 1598 mittatur.

2367 1629 2596 1696 CAPUT
2637 1627 2750 1695 xv.

1852 1731 1995 1786 Vers.
2018 1734 2072 1787 4.
2099 1745 2217 1787 eam
2240 1733 2263 1786 ?
2287 1749 2300 1785 :
2325 1729 2471 1785 illam
2490 1731 2531 1784 ?.
2550 1759 2617 1770 —
2640 1731 2690 1785 5.
2725 1730 2988 1795 imponit:
3019 1730 3266 1797 imponet.
3294 1760 3366 1770 —

1768 1804 1818 1856 7.
1847 1813 2038 1871 agente
2063 1821 2075 1858 :
2112 1805 2345 1857 habente.
2368 1833 2438 1842 ——
2462 1801 2601 1856 Ibid.
2632 1803 2918 1869 nonaginta
2943 1815 3135 1855 novem
3162 1819 3174 1853 :
3203 1817 3366 1855 nona-

1763 1877 1908 1946 ginta
1937 1885 1981 1928 et
2008 1889 2205 1928 novem.
2236 1905 2307 1916 —
2339 1875 2425 1928 Ili.
2455 1873 2685 1946 implere
2718 1882 2959 1946 ventrem
3006 1885 3162 1946 suum
3189 1888 3368 1946 :__vcn-

1761 1939 1889 1999 irem
1921 1963 2070 1999 suum
2099 1946 2334 2014 implere.
2355 1975 2426 1987 -—
2450 1939 2548 1999 18.’
2572 1955 2625 1998 et
2654 1944 2775 1997 ibo:
2800 1943 2905 1996 ibo.
2929 1939 3156 2014 —-Ibid.
3191 1939 3365 1998 dicant

1761 2018 1812 2073 ei
1841 2035 1851 2068 :
1885 2018 2050 2070 dicam
2081 2012 2182 2071 illi.
2213 2047 2281 2056 -
2329 2016 2414 2070 1?).
2460 2017 2611 2086 jam:
2662 2016 2837 2071 etiam.
2891 2045 2961 2054 ——
3004 2012 3094 2086 20.
3139 2025 3365 2086 autem:

1762 2089 1938 2154 (Deest
1964 2089 2018 2141 in
2049 2088 2192 2158 cod.)
2221 2119 2292 2128 —
2320 2083 2472 2141 Ibid.
2496 2101 2658 2156 super
2692 2104 2702 2138 :
2733 2097 2912 2150 supra.
2940 2109 2999 2127 -ι
3030 2083 3169 2139 Ibid.
3198 2101 3320 2140 cum
3349 2093 3362 2138 ὲ

1759 2159 1931 2212 illum.
1957 2161 2127 2212 —-°21.
2163 2159 2303 2213 Illius
2327 2171 2468 2212 tuus.
2499 2159 2637 2212 Dixit
2662 2176 2673 2209 :
2709 2158 2849 2224 ﬁlius
2872 2165 3005 2222 tuus,
3033 2159 3113 2224 [ac
3137 2175 3215 2210 me
3235 2159 3368 2212 sicut

1762 2246 1921 2282 unum
1947 2231 2011 2284 de
2037 2232 2366 2284 mercenariis
2404 2232 2523 2282 tuis.
2558 2229 2722 2281 Dixit.
2754 2258 2824 2267 ——
2850 2226 2988 2281 Ibid.
3020 2229 3074 2281 in
3106 2243 3321 2281 manum
3350 2245 3363 2282 :

1761 2301 1816 2354 in
1841 2318 2018 2355 manu.
2040 2332 2110 2342 —
2130 2301 2214 2356 211.
2247 2301 2405 2371 quid:
2432 2315 2562 2369 qua}.
2589 2329 2659 2339 ——
2679 2299 2767 2354 52.
2799 2295 3079 2369 oportebat
3104 2318 3114 2350 :
3147 2307 3366 2369 oportet.

2356 2412 2581 2471 CAPUT
2624 2413 2760 2467 XVI.

1844 2505 1989 2560 Vers.
2019 2509 2072 2564 9.
2105 2507 2258 2561 vobis
2289 2502 2450 2564 dico:
2488 2507 2601 2560 dico
2625 2507 2782 2560 vobis.
2811 2505 2988 2560 -11.
3018 2521 3361 2561 manimona:

1763 2594 2071 2633 mammone.
2104 2609 2174 2620 —-—
2224 2577 2364 2632 Ibid.
2417 2579 2638 2633 credat:
2692 2577 2886 2632 credet.
2934 2606 3005 2616 —
3053 2577 3140 2632 15.
3184 2578 3365 2638 odiet:

1766 2651 1892 2705 odit.
1923 2679 1992 2690 —-
2026 2649 2110 2707 18.
2145 2649 2368 2706 alterum
2395 2651 2542 2704 ducit
2570 2669 2580 2701 :
2615 2650 2756 2702 ducit
2782 2649 3015 2702 alterunt.
3050 2677 3118 2689 -—
3145 2649 3236 2705 ‘20.
3265 2649 3366 2704 La—

1765 2737 1922 2775 zarus
1947 2741 1958 2773 :
1990 2719 2292 2776 Eleazarus.
2325 2722 2504 2775 -—‘.’.l.
2538 2720 2738 2784 divitis,
2764 2719 2859 2774 sed
2889 2740 2901 2772 :
2933 2719 3126 2787 divitis,
3148 2730 3196 2773 et
3219 2738 3364 2776 nemo

1763 2793 1842 2846 illi
1889 2793 2065 2857 dabat,
2110 2795 2220 2848 sed.
2251 2824 2319 2834 -—
2346 2790 2437 2846 22.
2472 2792 2751 2846 mendicus
2777 2809 2789 2843 :
2822 2792 3139 2844 mendicans.
3171 2821 3243 2833 —-
3268 2794 3361 2847 2'5.

1763 2875 1942 2937 autem
1965 2884 1976 2917 :
2002 2861 2177 2937 (Deest
2206 2867 2254 2919 in
2279 2863 2421 2930 cod.)
2442 2894 2510 2903 —
2527 2859 2858 2937 Ibidtvidit:
2888 2863 3110 2937 videbat.
3133 2893 3202 2902 ——
3220 2861 3361 2917 Ibid.

1764 2933 2026 2990 Lazarum
2054 2955 2064 2988 :
2094 2935 2426 2991 Eleazarum.
2460 2965 2528 2974 —
2554 2934 2644 2990 ‘24.
2679 2933 2940 2988 Lazarum
2967 2950 2981 2989 :
3028 2933 3361 2989 Eleazarum.

1765 3037 1835 3045 —
1862 3007 1954 3062 9.5.
1985 3001 2217 3063 Lazarus
2244 3028 2256 3060 :
2287 3005 2587 3061 Eleazarus.
2617 3036 2686 3046 ——
2712 3005 2801 3074 26.
2839 3007 3044 3074 possint
3069 3023 3080 3060 :
3125 3017 3359 3072 possunt.

1766 3107 1836 3117 —
1861 3079 1952 3152 ‘27.
1990 3089 2076 3152 te:
2112 3080 2260 3152 (Non
2293 3080 2510 3131 habetur
2542 3081 2594 3131 in
2627 3071 2772 3152 cod.)
2799 3071 2868 3117 -ὲ
2912 3077 3004 3131 29.
3048 3071 3215 3152 illos:
3258 3094 3365 3152 eos.

1767 3180 1837 3190 —
1867 3149 1956 3207 50.
1991 3151 2055 3205 ad
2085 3145 2200 3217 eos,
2233 3152 2602 3221 paenitentiam
2631 3166 2644 3204 :
2678 3145 2881 3216 adeas,
2908 3145 3236 3218 persuadebit
3267 3151 3363 3217 eis,

1767 3233 1816 3276 et
1842 3223 2210 3292 paenitentiam.

2344 3293 2574 3349 CAPUT
2611 3291 2779 3348 XVII.

1838 3385 1985 3442 Vcrs.
2017 3388 2067 3443 1.
2101 3390 2172 3442 ait
2205 3389 2270 3443 ad
2301 3388 2596 3458 discipulos
2626 3403 2790 3440 suos:
2823 3387 2890 3441 ad
2923 3387 3205 3458 discipulos
3238 3404 3360 3441 suos

1757 3462 1853 3514 ait.
1883 3489 1953 3500 --
1980 3458 2036 3512 2.
2071 3461 2291 3515 utilius:
2324 3463 2470 3513 utile.
2505 3483 2577 3500 -κι-
2618 3459 2758 3512 Ibid.
2807 3461 3153 3528 inportatur:
3199 3475 3363 3529 pona-

1759 3542 1864 3585 tur.
1889 3561 1958 3575 —-
1982 3533 2036 3587 5.
2067 3535 2118 3586 in
2147 3543 2238 3587 te:
2277 3532 2498 3600 (Desunt
2526 3532 2582 3584 in
2609 3530 2753 3602 cod.)
2781 3553 2855 3572 -'-
2879 3533 2932 3586 5.
2965 3530 3228 3602 Domino:
3264 3529 3362 3582 Do-

1757 3605 1913 3674 mine.
1945 3629 2017 3644 --
2045 3606 2096 3658 7.
2131 3615 2464 3674 pascentem,
2511 3603 2642 3672 qui:
2697 3612 2987 3671 pascentem
3036 3601 3357 3674 bovequni.

1759 3673 1870 3744 (Ita
1903 3679 2047 3741 prius
2077 3671 2362 3744 legebatur,
2396 3677 2484 3728 sed
2518 3671 2671 3727 tando
2701 3690 2906 3728 erasum
2931 3682 3014 3744 est,
3038 3673 3093 3735 b,
3125 3680 3178 3744 ut
3211 3671 3357 3742 lega-

1759 3743 1843 3799 tur
1873 3747 2046 3808 oves.)
2092 3743 2144 3786 -Ᾰ
2174 3745 2313 3800 Ibid.
2349 3747 2526 3799 dicat:
2558 3745 2699 3797 dicit.
2732 3774 2800 3782 —
2829 3743 2881 3798 8.
2913 3743 3040 3795 dicit
3067 3757 3081 3794 :
3112 3743 3268 3794 dicet.
3289 3770 3359 3781 —-

1758 3817 1810 3870 9.
1845 3818 1935 3871 ei:
1967 3818 2083 3869 sibi.
2116 3816 2296 3868 ~12.
2329 3819 2460 3869 viri:
2494 3814 2672 3884 (Deest
2692 3816 2744 3866 in
2768 3811 3106 3881 θρίω-20.
3135 3828 3356 3882 respon-

1757 3889 1875 3939 dit:
1925 3890 2254 3954 respondens.
2303 3915 2374 3926 -—
2414 3881 2508 3939 ‘21.
2537 3881 2716 3939 Ecce:
2748 3885 3003 3954 (Additur
3034 3888 3086 3936 in
3116 3881 3260 3952 cod.)
3288 3914 3358 3924 -—-

1755 3957 1844 4010 ‘25.
1867 3953 2084 4019 oportet
2105 3959 2254 4010 illum
2274 3976 2286 4009 :
2310 3957 2460 4009 illum
2481 3965 2704 4021 oportet.
2731 3953 2802 3995 +—
2821 3953 2907 4007 5'2.
2933 3956 3120 4008 uxoris
3147 3972 3158 4005 :
3183 3958 3356 4024 uxori.

1754 4057 1826 4068 --
1855 4026 1941 4081 55.
1974 4030 2294 4097 quicumque
2321 4045 2335 4083 :
2369 4031 2478 4098 qui.
2509 4057 2580 4067 —-
2609 4029 2696 4082 54.
2729 4028 2780 4080 in
2807 4027 2896 4080 illa
2925 4045 2937 4080 :
2969 4025 3082 4098 illa.
3115 4057 3183 4065 ——
3212 4026 3353 4081 Ibid.

1756 4113 1893 4172 uno:
1926 4099 2108 4164 (Deest
2125 4101 2178 4154 in
2201 4101 2344 4170 cod.)
2366 4097 2436 4138 4—
2457 4098 2544 4152 57.
2578 4100 2686 4154 illis
2713 4116 2725 4153 :
2760 4099 2851 4154 eis.
2876 4121 2947 4138 -ι-
2967 4097 3108 4153 Ibid.
3131 4107 3186 4154 et
3206 4101 3358 4172 aqui-

1757 4170 1823 4226 ltn
1849 4187 1862 4224 :
1896 4173 2108 4241 aquilae.

2319 4241 2548 4298 CAPUT
2588 4241 2778 4298 XVIII.

1832 4336 1980 4391 Vers.
2031 4338 2086 4391 8.
2135 4337 2257 4405 quia
2288 4357 2298 4392 :
2348 4338 2598 4410 (Additur
2628 4340 2679 4392 in
2709 4337 2852 4408 cod.)
2879 4368 2950 4381 —-
2979 4337 3066 4393 11).
3099 4339 3359 4410 ascende-

1755 4407 1884 4462 bant
1910 4428 1921 4461 :
1957 4411 2316 4464 ascenderunt.
2347 4407 2417 4449 '—
2447 4409 2532 4462 ilt.
2567 4409 2694 4462 Dico
2722 4429 2732 4461 :
2760 4407 2921 4463 Amen
2951 4411 3087 4464 dico.
3120 4439 3190 4448 —
3215 4408 3353 4462 Ibid.

1752 4480 1820 4533 ab
1845 4482 1937 4535 illo
1969 4500 1978 4533 :
2014 4481 2076 4534 ab
2107 4481 2196 4534 illo
2222 4479 2514 4536 Pharisaio.
2540 4511 2610 4520 —
2645 4479 2719 4533 l5.
2755 4481 2944 4546 Quod:
2983 4479 3144 4544 Quos.
3170 4509 3242 4520 —
3267 4484 3349 4534 ili.

1755 4568 1989 4620 pueros:
2025 4556 2289 4620 parvulos.
2325 4584 2392 4591 —
2421 4553 2562 4606 Ibid.
2609 4566 2790 4604 vetare
2838 4565 2970 4604 eos:
3024 4568 3107 4620 eos
3157 4563 3344 4605 vetare.

70 4617 191 4698 Ibid.
223 4635 278 4677 et
309 4623 438 4677 fecit
464 4639 478 4676 :
512 4617 812 4715 (.‘idduntur
843 4623 902 4715 i.n_
925 4620 1069 4702 cod.)
1090 4651 1159 4660 —
1298 4624 1348 4674 in
1382 4617 1645 4715 ma‘tgemi
1677 4655 1730 4715 D
1846 4623 1933 4675 2‘2.
1968 4617 2349 4715 Adbuc'unum
2379 4643 2389 4675 :
2423 4624 2602 4715 Λιξίτας
2628 4621 2763 4674 enim
2787 4639 2968 4715 unum.
2991 4619 3356 4715 -—_24.J.Iesus

68 4689 110 4762 in
135 4705 348 4748 matrem
375 4689 543 4747 suam.
576 4725 636 4734 -—
664 4692 753 4750 57.
785 4691 935 4748 Vobis
961 4693 1090 4762 ipsis
1117 4711 1130 4746 :
1165 4693 1326 4747 vobis.
1355 4723 1423 4732 —
1457 4693 1549 4749 58.
1581 4695 1650 4750 ad

67 4760 295 4821 Iudicem
322 4783 335 4818 :
372 4767 512 4837 apud
535 4763 788 4820 Iudicem.

654 4876 880 4936 CAPUT
919 4879 1054 4936 XIII.

135 4971 276 5030 Vers.
302 4973 357 5029 1.
379 4974 499 5044 ipso
518 4973 574 5029 in
591 4984 858 5045 tempore,
884 4976 1194 5028 nuntiantes
1219 4989 1232 5030 :
1265 4975 1380 5042 ipso
1401 4984 1644 5045 tempore,

66 5043 424 5118 renuntiantes.
471 5076 542 5086 --
578 5043 735 5118 Ibid._
765 5046 842 5118 illi
873 5064 886 5100 :
939 5045 1188 5116 (Additur
1227 5047 1281 5099 in
1323 5048 1464 5118 cod.)
1495 5043 1562 5087 +-
1587 5043 1670 5114 2.~

66 5113 289 5188 iuerint:
340 5119 568 5188 fuerunt.
612 5148 680 5157 ——
709 5116 765 5172 1.
790 5113 972 5172 ὃῑιοθὶ
1009 5118 1225 5173 Siloam.
1255 5149 1326 5157 —
1355 5113 1493 5170 Ibid.
1529 5118 1646 5172 fue-

65 5187 198 5245 rint:
229 5193 462 5259 fuerunt.
508 5218 579 5228 —
626 5189 679 5243 5.
734 5190 1100 5257 pmnitcntinm
1153 5203 1258 5243 non
1309 5189 1642 5259 habueritis:

64 5273 154 5332 ⁷1οη
185 5257 531 5330 paenitentiam
554 5261 777 5332 egeritis.
807 5290 875 5299 -—
906 5259 958 5314 6.
989 5261 1217 5315 habebat
1247 5257 1496 5332 quidyn:
1534 5263 1647 5330 qui-

65 5328 438 5387 dam‘habebat.
471 5362 542 5372 -—-
571 5328 622 5386 7.
652 5333 779 5385 anni
803 5343 912 5385 tres
942 5351 952 5384 :
990 5346 1090 5385 tres
1117 5328 1355 5385 anniI—
1383 5328 1520 5383 Ibid.
1546 5328 1648 5386 ive-

65 5401 183 5455 nio:
230 5407 365 5459 1⁸εηὶ.
408 5434 478 5444 -—
521 5405 608 5458 19..
663 5417 778 5456 eam
808 5401 1043 5474 :(Deest
1094 5405 1146 5456 in
1175 5403 1314 5474 cod.)
1340 5433 1412 5442 —
1445 5403 1528 5474 15.
1559 5419 1646 5457 re-

64 5476 327 5534 spondens
356 5494 366 5528 :
396 5475 680 5545 respondit.
709 5505 779 5514 ——
801 5470 939 5526 Ibid.
993 5475 1250 5528 ltaruiuus
1290 5470 1431 5527 dixit
1479 5473 1646 5544 hypo-

65 5545 224 5598 crita:
263 5546 510 5599 Dominus
540 5557 586 5598 et
613 5547 745 5600 dixit
791 5546 1092 5615 hypocritm.
1135 5577 1204 5586 --
1248 5546 1385 5599 Ibid.
1437 5547 1595 5598 solvit
1627 5565 1640 5602 :

63 5616 305 5671 solvet.—
332 5619 418 5672 16.
445 5618 546 5672 isto
567 5619 688 5672 die:
714 5619 766 5671 in
793 5621 891 5669 die.
917 5617 1094 5670 -18.
1120 5618 1294 5672 simile
1317 5617 1595 5670 aestimabo
1627 5635 1640 5670 :

64 5686 218 5758 simile
259 5705 366 5744 esse
404 5690 684 5743 wstimabo.
725 5718 795 5730 —-
829 5688 917 5741 ‘25.
950 5702 1081 5740 vos:
1120 5689 1294 5757 (Deest
1326 5691 1377 5742 in
1407 5688 1544 5758 cod.)
1575 5719 1644 5730 -—

65 5755 144 5810 27.
180 5776 272 5814 vos
300 5779 311 5812 :
345 5761 492 5832 (Non
521 5772 593 5815 est
623 5765 675 5814 in
701 5761 842 5827 cod.)
869 5790 938 5800 ——
958 5760 1097 5814 Ibid.
1131 5755 1317 5814 Omnes
1344 5780 1353 5813 :
1389 5755 1644 5830 (Nec-lia-

68 5832 198 5911 betur
241 5835 291 5887 in
335 5835 478 5902 cod.)
518 5865 587 5876 -—
621 5834 1125 5911 29LetAqui‘loue:
1160 5834 1520 5911 Aquilon_e._—-

69 5901 153 5956 bis.
184 5915 379 5961 erunt:
409 5901 573 5961 ertmt.
599 5937 670 5948 ——
691 5907 779 5964 51.
811 5901 923 5962 1111’τ
953 5906 1200 5977 (Additur
1215 5901 1273 5960 in
1294 5905 1440 5976 cod.)
1461 5903 1638 5962 —52.

1757 4696 1908 4750 illum
1937 4713 1947 4746 :
1986 4696 2132 4750 illum
2158 4693 2332 4749 Jesus.
2361 4725 2429 4735 —-
2454 4696 2544 4748 ‘28.
2579 4705 2756 4747 autem
2787 4711 2798 4744 :
2833 4693 3009 4763 (Deest
3031 4695 3082 4746 in
3111 4697 3254 4762 cod.)
3281 4725 3350 4734 —

1757 4766 1846 4822 50.
1879 4767 2137 4837 recipiat:
2170 4767 2396 4837 recipiet.
2421 4795 2492 4805 —
2515 4765 2602 4820 55.
2636 4765 2788 4820 tertia
2820 4767 2906 4820 die
2935 4784 2945 4816 :
2981 4767 3062 4818 die
3093 4767 3264 4820 tertia.

2339 4881 2568 4938 CAPUT
2609 4879 2753 4936 XIX.

1833 4976 1980 5031 Vers.
2020 4977 2088 5076 2}
2105 4973 2359 5045 princeps
2387 4983 2537 5076 erat:
2572 4985 2684 5056 erat
2714 4974 2974 5076 princeps.
3099 4969 3151 5024 1.
3185 4979 3308 5028 eum
3337 4991 3348 5026 :

1754 5050 1925 5103 illum.
1957 5078 2028 5087 —
2058 5041 2119 5100 ϐξ
2140 5059 2191 5101 et
2219 5041 2473 5117 excepit:
2505 5047 2725 5113 excepit.
2779 5075 2847 5085 ——
2891 5041 2948 5098 9.
3001 5041 3110 5097 sit:
3161 5059 3232 5117 es.
3283 5076 3352 5084 —

1758 5122 1844 5175 15.
1877 5120 1993 5174 eis:
2024 5117 2154 5172 illis.
2182 5149 2251 5157 —
2278 5116 2366 5172 11.
2395 5127 2516 5171 eum
2547 5137 2558 5170 ε
2587 5118 2758 5170 illum.
2792 5148 2860 5155 —
2894 5117 2978 5170 15.
3010 5125 3067 5168 ut
3105 5116 3302 5170 rediret
3334 5134 3348 5170 :

1755 5193 1878 5244 dum
1924 5191 2130 5243 rediret.
2175 5220 2242 5229 —
2284 5189 2422 5242 Ibid.
2470 5192 2667 5243 sciret:
2697 5189 2955 5242 scriberet.
2992 5216 3062 5226 —
3090 5185 3176 5238 17.
3212 5187 3350 5242 boue

1755 5277 1931 5321 serve.
1961 5261 2079 5328 quia
2108 5279 2119 5311 :
2151 5261 2282 5314 bone
2311 5275 2450 5314 serve
2476 5271 2524 5312 et
2547 5261 2733 5329 ﬁdelis,
2761 5261 2905 5330 quia.
2933 5256 3167 5330 -—7Ibid.
3200 5256 3347 5330 finisti

1758 5333 1928 5386 fidelis
1951 5351 1960 5382 :
1983 5326 2155 5400 ﬁdelis
2180 5333 2344 5401 fuisti.
2371 5363 2442 5372 —-—
2461 5326 2553 5385 ‘22.
2573 5326 2795 5400 judico:
2821 5329 3090 5395 jndicabo.
3115 5359 3189 5401 +_
3208 5326 3346 5382 Ibid.

1754 5406 1914 5458 homo
1939 5399 2188 5456 austerus
2211 5422 2222 5456 :
2248 5414 2483 5457 austerus
2504 5399 2675 5456 homo.
2695 5401 2861 5454 -9-5.
2895 5401 3080 5455 illam?
3107 5415 3120 5452 :
3148 5399 3286 5452 illud
3301 5403 3344 5454 ?.

1754 5505 1824 5516 --
1852 5473 1942 5530 ‘26.
1979 5475 2252 5528 auferetur
2279 5478 2346 5527 ab
2377 5491 2441 5529 eo
2469 5492 2479 5526 :
2513 5474 2748 5543 aufertur
2775 5477 2836 5527 ab
2865 5473 2977 5526 illo.
3002 5501 3071 5512 ——
3097 5469 3187 5525 ‘29.
3234 5471 3298 5524 ad
3330 5489 3342 5523 :

1751 5546 1926 5608 (Deest
1959 5546 2008 5598 in
2037 5545 2180 5617 cod.)
2208 5572 2280 5584 ——
2307 5547 2396 5599 50.
2427 5558 2726 5617 contra_est
2755 5565 2764 5596 :
2799 5557 2974 5598 contra
3016 5558 3102 5596 vos
3143 5550 3235 5595 est.
3277 5573 3346 5581 —

1748 5618 1834 5671 5t.
1866 5618 2108 5671 solvitis?
2131 5615 2168 5670 :'
2189 5617 2411 5671 solnistis
2431 5619 2475 5669 .7.
2509 5646 2576 5656 -—
2605 5615 2744 5668 Ibid.
2775 5631 2992 5687 operam
3022 5633 3032 5668 ε
3066 5629 3345 5687 apera._-—

1747 5692 1832 5745 55.
1868 5689 1974 5742 illis
2000 5707 2010 5741 :
2047 5690 2133 5742 eis.
2167 5720 2238 5729 -—
2265 5689 2352 5743 53$.
2389 5690 2535 5741 illum
2566 5707 2576 5740 :
2619 5688 2772 5755 (Non
2799 5685 2948 5740 estin
2979 5687 3121 5752 cod.)
3150 5715 3221 5724 —
3248 5685 3339 5741 41).

1745 5762 1791 5815 si
1817 5762 1865 5814 hi
1897 5760 2201 5815 tacuerint:
2235 5762 2286 5814 lii
2315 5761 2358 5813 si
2383 5761 2659 5814 tacuerint.
2688 5785 2757 5800 -—
2793 5761 2882 5816 «ii.
2925 5759 3145 5814 videns:
3189 5759 3338 5815 vidit.

1746 5863 1814 5875 —-
1840 5831 1927 5887 49..
1959 5844 2012 5888 et
2043 5833 2255 5902 quidem
2285 5850 2295 5886 :
2330 5832 2580 5903 equidem.
2613 5863 2684 5872 —
2723 5832 2810 5890 15.
2854 5833 3108 5889 venient:
3154 5831 3342 5889 veniet.

1745 5937 1816 5947 —
1841 5905 1929 5962 44.
1966 5914 2123 5962 tuos:
2158 5903 2303 5979 (Non
2338 5914 2410 5960 est
2440 5905 2490 5958 in
2525 5904 2668 5977 cod.)
