3912 6200
527 252 667 311 1065

527 404 598 414 -
622 376 678 428 5.
713 380 1085 428 πιοηςιηγεινο
1117 371 1240 427 libi:
1272 373 1364 424 tibi
1406 383 1770 427 monstravero.
1796 403 1866 413 --
1887 373 1939 427 4.
1972 370 2113 425 Cha-
2137 372 2189 433 Α

527 462 624 499 ran
659 464 670 497 :
702 446 954 498 Charran.
986 445 1128 499 —5.
1159 444 1404 511 promisit
1434 446 1563 497 dare
1597 464 1608 496 :
1651 447 1884 512 promisit
1913 462 1966 497 se
2014 445 2111 496 da-

530 534 611 570 re.
638 546 710 557 —
735 514 872 568 Ibid.
905 516 1075 583 ipsum
1103 533 1114 566 :
1142 517 1310 568 illum.
1339 545 1408 555 —-
1438 517 1491 570 6.
1527 515 1666 570 Deus
1696 535 1709 568 :
1742 517 1880 569 Deus
1931 517 2020 568 ita.
2046 547 2116 555 —

531 587 673 640 Ibid.
701 590 879 641 accola
915 606 925 637 :
970 590 1183 638 adrena.
1217 617 1289 628 -—
1329 585 1470 643 Ibid.
1503 590 1907 656 quadringentis
1940 607 1951 639 :
2005 585 2117 654 (Ita

527 660 680 712 etiam
707 657 859 711 habet
913 660 1062 710 lectio
1092 656 1311 712 Gothica
1343 675 1361 724 ;
1392 661 1478 712 sed
1525 661 1577 712 in
1614 660 1811 714 duobus
1860 660 2117 712 codicibus

531 732 658 782 meis
689 730 1055 797 manuscriptis
1082 745 1152 798 qu
1173 732 1489 799 sdrtugentis
1519 732 1736 796 triginta
1781 732 2005 801 legitur;
2033 741 2114 801 at-

529 817 629 871 que
651 802 722 853 ita
754 802 937 869 legitur
967 803 1020 852 in
1053 802 1146 852 hoc
1169 802 1342 854 codice
1372 801 1588 855 Gothico
1613 804 1752 871 infra
1788 800 1905 868 cap.
1936 800 2112 866 XIII,

530 888 674 926 num.
701 871 819 940 20.)
846 903 916 912 -
944 873 998 926 7.
1029 877 1298 926 servient;
1332 875 1631 926 desert'ient.
1661 905 1731 913 —
1761 875 1846 926 12.
1875 873 2118 928 {rumen-

531 952 648 997 tum
676 961 689 996 :
720 946 998 1010 frumenta.
1027 974 1092 986 --
1126 947 1212 998 15.
1259 955 1315 998 et
1361 948 1413 998 in
1444 945 1683 998 secundo
1715 964 1726 997 :
1771 957 1816 998 et
1871 947 2115 998 secundo.

531 1045 603 1056 ——
632 1014 720 1068 14.
743 1016 1115 1084 cognationem
1151 1033 1166 1069 :
1199 1017 1551 1084 cognationem
1589 1033 1755 1070 suam.
1787 1047 1856 1057 —-
1902 1017 1988 1070 16.
2023 1017 2116 1069 lilii

531 1086 748 1142 Sicltem
785 1104 797 1139 :
831 1089 918 1157 qui
938 1098 1046 1140 erat
1072 1087 1125 1139 in
1154 1088 1383 1141 Sichem.
1413 1117 1483 1127 —
1511 1090 1599 1142 17.
1638 1089 1772 1143 Cum
1796 1097 2113 1157 autemiap-

533 1156 921 1228 propinquaret
950 1177 964 1211 :
1003 1159 1130 1212 Cum
1178 1161 1616 1230 appropinquaret
1647 1173 1840 1212 autem.
1871 1188 1943 1199 ——
1974 1156 2116 1213 Ibid.

535 1230 931 1299 promissionis,
973 1246 1131 1300 quam
1163 1233 1444 1285 confessus
1499 1242 1660 1284 erat:
1707 1231 2117 1301 repromissionis

532 1318 688 1369 quam
714 1304 1040 1372 promiserat.
1072 1331 1144 1341 —
1175 1304 1259 1356 18.
1291 1305 1426 1356 alius
1457 1317 1550 1356 rex
1576 1321 1588 1353 ;
1627 1319 1717 1355 rex
1746 1303 1899 1354 alius.
1928 1331 1999 1342 —
2026 1303 2115 1354 25.

532 1373 730 1428 fratres
757 1390 770 1426 :
803 1373 987 1441 fratres
1014 1391 1156 1428 suos.
1179 1404 1247 1412 —
1276 1374 1369 1427 28.
1422 1374 1660 1439 nunquid
1690 1392 1701 1427 :
1749 1385 1836 1425 aut
1865 1374 2116 1441 nunquid.

536 1475 606 1484 —-
635 1445 722 1500 52.
752 1461 869 1498 sum
900 1464 912 1496 :
948 1443 1119 1514 (Deest
1153 1447 1202 1497 in
1244 1444 1388 1514 cod.)
1414 1474 1485 1485 —
1510 1443 1649 1498 Ibid.
1687 1445 1826 1499 Deus
1854 1445 2040 1498 Isaac:
2071 1453 2121 1498 et

535 1515 677 1570 Deus
700 1515 870 1570 Isaac.
903 1547 974 1557 —-
999 1518 1091 1571 55.
1133 1518 1560 1571 calceamentum
1608 1535 1619 1568 :
1657 1519 2019 1570 calceamenta.
2051 1546 2122 1556 —-

539 1585 679 1641 Ibid.
710 1589 852 1642 enim
881 1607 894 1643 :
949 1599 1139 1642 autem.
1175 1617 1243 1630 -—-
1270 1590 1360 1642 55.
1412 1599 1744 1654 negaverunt
1772 1605 1786 1641 :
1842 1589 2122 1657 abnegat-e-

533 1671 674 1712 runt.
704 1689 772 1698 —
803 1658 940 1712 Ibid.
968 1661 1161 1714 ducem
1187 1662 1249 1713 ‘l:
1282 1659 1518 1732 judicem
1548 1676 1821 1732 supernos
1845 1660 1990 1732 2.-
2029 1660 2116 1713 57.

1225 250 1566 310 ΑΡΡΕΝΒΙΧ
1602 252 1694 310 AD
1735 249 2012 310 DlVlNAll
2051 249 2561 311 BlBLlOTBECAIl
2597 252 2657 312 S.
2697 252 3092 312 HIERONYMI.

3665 251 3779 310 1064

2849 371 3073 428 CAPUT
3109 369 3180 426 Χ.

2302 467 2443 522 Vers.
2471 469 2522 523 1.
2556 468 2733 523 Italica
2768 485 2782 522 :
2817 468 3000 522 Italia.
3041 499 3111 509 —
3138 467 3192 522 2.
3239 481 3301 521 ac
3337 485 3350 518 :
3395 476 3460 520 et.
3495 498 3566 507 —
3607 470 3656 523 5.
3707 470 3782 524 is:

2218 539 2367 607 (Non
2394 552 2464 594 est
2502 542 2553 592 in
2584 541 2725 609 cod.)
2756 570 2826 580 —
2861 539 3000 594 Ibid.
3047 541 3152 594 diei
3189 554 3331 593 nona
3369 556 3382 590 :
3415 556 3550 592 nona
3581 541 3699 594 diei.
3729 572 3786 580 —

2217 613 2271 666 6.
2305 613 2459 680 cujus
2486 632 2496 663 :
2523 613 2627 665 cui.
2660 642 2729 652 —
2763 611 2900 664 Ibid.
2937 613 3022 666 hic
3052 613 3200 666 dicet
3241 609 3338 664 tibi
3377 611 3503 680 quid
3551 623 3602 663 te
3641 627 3789 680 Opor-

2220 695 2326 738 teat
2355 685 2536 738 facere
2561 701 2574 734 :
2609 683 2758 750 (Non
2785 684 3041 736 habentur
3065 685 3121 737 in
3173 683 3323 750 cod.)
3350 710 3421 721 —
3449 684 3503 735 7.
3533 682 3608 736 illi
3642 699 3790 752 pare-

2218 757 2349 810 bant
2377 775 2388 807 :
2423 755 2672 826 parebant
2703 757 2769 808 ei.
2791 785 2862 794 —
2888 757 2942 809 9.
2973 755 3164 809 horam
3190 764 3400 826 sextam
3436 772 3449 805 :
3492 755 3669 808 horam
3696 755 3790 810 diei

2218 825 2433 880 sextam.
2469 856 2539 866 —
2567 828 2654 880 10.
2704 827 2813 880 illis
2845 828 2948 880 :ei.
2979 857 3049 866 --
3071 825 3216 880 Ibid.
3249 839 3510 880 excessus
3554 844 3566 878 :
3596 838 3787 895 stupor.

2218 901 2396 954 -15.
2426 913 2714 954 c0uuuune
2738 914 2806 952 ne
2837 917 2851 951 :
2883 916 2945 952 ne
2990 913 3276 951 commune.
3309 926 3380 938 —
3409 897 3492 951 17.
3541 898 3787 952 fuerant:

2217 981 2385 1026 erant.
2416 1001 2488 1010 -—
2519 971 2601 1024 19.
2633 972 2682 1024 ei
2716 990 2728 1022 :
2763 969 2882 1024 Dei.
2911 972 3091 1024 —22.
3124 982 3178 1024 et
3210 971 3408 1023 timens
3439 985 3453 1020 :
3498 969 3697 1023 timens.
3727 1000 3790 1009 —

2219 1041 2359 1096 Ibid.
2394 1041 2601 1096 habens
2630 1043 2742 1096 ab:
2796 1042 2988 1095 habens
3035 1043 3220 1094 bonum
3261 1041 3346 1094 ab.
3398 1040 3570 1095 -25.
3624 1057 3788 1110 ergo:

2220 1115 2396 1184 igitur.
2430 1143 2500 1153 -—
2528 1112 2669 1166 Ibid.
2718 1114 2828 1184 illis
2861 1132 2874 1166 :
2905 1114 2998 1167 eis.
3048 1145 3116 1153 —
3145 1113 3238 1168 25.
3273 1113 3538 1184 introisset
3574 1111 3788 1177 Petrus,

2220 1181 2410 1240 obvius
2435 1187 2582 1239 venit
2632 1185 2683 1240 ei
2715 1183 3044 1239 Cornelius:
3088 1185 3323 1237 introiret
3371 1181 3548 1236 Petrus
3592 1184 3793 1237 obviam

2221 1258 2351 1309 venit
2380 1256 2669 1310 Cornelius.
2709 1287 2772 1296 ——
2820 1256 2908 1310 27.
2963 1256 3332 1311 abominatum
3387 1275 3402 1307 :
3446 1256 3689 1308 illicitum.
3721 1287 3791 1296 —

2220 1329 2311 1382 29.
2339 1343 2466 1390 ergo
2500 1345 2513 1378 :
2546 1345 2658 1391 eqo.
2685 1357 2756 1366 —
2786 1325 2930 1380 Ibid.
2957 1329 3024 1381 ad
3055 1345 3068 1380 :
3102 1328 3175 1380 in.
3226 1356 3295 1366 —
3320 1326 3408 1382 50.
3461 1328 3583 1380 hora
3611 1341 3746 1381 nona
3774 1347 3789 1381 :

2223 1402 2401 1452 horam
2445 1415 2649 1452 nonam.
2689 1429 2763 1439 —
2811 1399 2949 1452 Ibid.
2989 1400 3254 1453 candida:
3290 1399 3580 1466 splendida.
3611 1428 3683 1437 —
3708 1401 3789 1454 51.

2224 1482 2276 1523 ct
2301 1474 2375 1523 ait
2397 1488 2410 1523 :
2439 1481 2483 1523 et
2502 1472 2575 1523 ait
2599 1473 2745 1528 mihi.
2769 1501 2839 1512 —
2862 1469 2999 1541 Ibid.
3025 1471 3151 1524 Dei:
3175 1469 3404 1524 Domini.
3437 1500 3507 1541 -ή
3530 1471 3616 1524 55.
3639 1485 3787 1541 ergo:

2222 1543 2401 1614 igitur.
2430 1571 2500 1584 -
2531 1541 2619 1595 54.
2649 1559 2807 1614 suum
2838 1563 2849 1595 :
2885 1540 3064 1610 (Deest
3092 1544 3142 1595 in
3184 1543 3430 1614 cod.)r—
3471 1540 3610 1595 Ibid.
3641 1540 3784 1609 quia:

2222 1613 2484 1681 quoniam.
2517 1643 2582 1653 —
2616 1613 2704 1669 56.
2735 1615 2957 1669 verbum
2996 1614 3148 1667 tuisit
3178 1631 3190 1664 :
3245 1613 3451 1667 uerbum
3478 1615 3610 1667 enim
3655 1630 3788 1666 suum

3361 1714 3431 1724 —
3460 1685 3548 1740 58.
3581 1700 3609 1737 a
3638 1683 3792 1739 Nazav

2225 1688 2382 1740 misit.
2411 1716 2481 1727 —
2511 1683 2652 1739 Ibid.
2691 1687 2831 1741 Deus
2863 1705 2875 1737 :
2909 1683 3084 1754 (Deest
3108 1686 3162 1737 in
3188 1685 3331 1755 cod.)

536 1732 819 1826 nscia?"
845 1733 996 1826 vehis
1031 1749 1043 1782 =
1075 1732 1219 1826 ven:
1261 1731 1547 1826 suscitant
1589 1731 1844 1826 —,Ibid-
1894 1731 2066 1826 ίεεηυω
2103 1748 2117 1826 ε
2151 1764 2199 1826 Β
2225 1731 2391 1811 "sit".
2426 1731 3378 1812 ,γαξξιιῖεξιιῒῖίιξᾱῖεῐιίῑςῑιῑ...
3412 1731 3787 1824 minias.

537 1803 715 1868 (Deest
745 1803 796 1855 in
824 1803 969 1871 cod.)
1000 1832 1070 1842 —
1101 1801 1241 1855 Ibid.
1270 1803 1499 1857 audietis
1527 1820 1540 1854 :
1590 1802 1785 1856 audite.
1816 1833 1888 1842 -—
1925 1804 2014 1857 59.
2067 1811 2122 1855 et

539 1875 716 1927 aversi
750 1892 761 1924 :
793 1891 906 1926 eum
928 1885 973 1926 et
1005 1876 1253 1927 cont'ersi.
1284 1903 1356 1913 ——
1378 1875 1461 1928 H.
1487 1874 1679 1927 diebus
1709 1875 1815 1927 illis
1840 1892 1854 1927 :
1877 1873 1985 1926 illis
2012 1874 2121 1925 die-

538 1943 650 1998 bus.
679 1975 743 1986 —-
767 1943 906 1997 Ibid.
942 1944 1170 1997 hostiam
1197 1963 1209 1997 ;
1239 1945 1530 1997 hostias.—
1552 1947 1644 1998 42.
1675 1955 1728 1998 et
1759 1946 1963 1998 hostias
1996 1955 2120 1995 :aut

539 2015 753 2087 hostias.
779 2013 957 2068 -44.
986 2015 1127 2069 Deus
1161 2033 1173 2067 :
1207 2014 1357 2087 (Non
1386 2013 1600 2068 habetur
1635 2017 1688 2067 in
1720 2014 1865 2084 cod.)
1916 2045 2004 2087 ——_
2029 2017 2118 2087 51.

538 2085 1290 2142 etincircumcisiscordibns.
1326 2087 1667 2139 ineircumcisi
1688 2087 1861 2139 corde.
1885 2117 1955 2126 —
1978 2085 2118 2139 Ibid.

539 2161 790 2213 resistitis
821 2177 834 2212 :
866 2159 1145 2212 restitistis.
1176 2187 1246 2200 -—
1276 2158 1624 2211 Ibid.etvos:
1661 2157 1880 2228 (Desunt
1903 2159 1956 2211 in
1977 2158 2119 2227 cod.)

537 2258 608 2269 ——-
636 2229 725 2282 52.
759 2245 956 2296 quem:
999 2246 1148 2298 quem
1177 2230 1334 2282 enim.
1366 2257 1438 2269 —
1469 2228 1607 2281 Ibid.
1646 2229 2119 2299 prmnuntiabant:

541 2301 964 2368 pronuntiabant.
994 2331 1066 2341 —
1096 2302 1184 2355 54.
1221 2301 1635 2356 dissecabantur
1668 2319 1680 2352 :
1719 2301 2020 2367 fremebant.
2053 2329 2123 2340 —

537 2373 627 2426 55.
663 2374 797 2427 Cum
829 2382 1008 2426 autem
1043 2391 1054 2424 :
1091 2370 1212 2443 Ipse
1241 2384 1413 2425 autem
1437 2389 1570 2430 cum.
1597 2403 1666 2416 ν-
1693 2373 1782 2426 ἲὶϐ.
1815 2381 2046 2426 stantem
2093 2388 2123 2425 a

535 2445 740 2498 dextris
764 2463 776 2497 :
805 2462 838 2496 a
863 2445 1064 2498 dextris
1089 2455 1328 2498 stantem.
1351 2444 1522 2497 -5δ.
1545 2445 1708 2509 pedes
1728 2443 2120 2499 adolescentis:

538 2515 691 2587 pedes
719 2517 993 2590 cujusdam
1022 2515 1381 2570 adolescentis.
1413 2545 1483 2556 —
1508 2515 1600 2570 60.
1636 2517 1738 2570 hoc
1766 2534 1777 2569 :
1801 2515 1932 2570 htec.

1127 2629 1354 2688 CAPUT
1392 2631 1528 2686 VIII.

616 2725 764 2781 Vers.
795 2725 852 2780 2.
885 2722 1223 2780 Curaverunt
1267 2742 1280 2778 :
1334 2722 1808 2796 Comportat'erunt.
1867 2756 1935 2766 —
1984 2724 2124 2779 Ibid.

538 2815 658 2854 eum
693 2818 706 2851 ε
739 2798 912 2853 illum.
941 2828 1012 2839 —
1031 2798 1084 2852 5.
1110 2796 1306 2851 Saulus
1331 2807 1510 2852 autem
1543 2816 1556 2852 :
1582 2798 1780 2852 Saulus
1804 2814 1941 2852 vero.
1967 2828 2039 2838 —
2065 2797 2123 2853 4.

537 2871 762 2926 verbum
794 2887 808 2924 :
841 2871 1046 2923 verbum
1076 2867 1194 2923 Dei.
1226 2899 1296 2908 —
1325 2870 1410 2924 10.
1445 2868 1858 2925 auscultahant:
1893 2870 2129 2923 intende-

538 2943 680 2996 bant.
704 2971 775 2984 ——
805 2943 890 2997 15.
921 2941 1084 2996 etiam
1121 2959 1132 2994 :
1163 2953 1354 2994 autem.
1386 2971 1456 2981 —
1487 2941 1574 2995 14.
1606 2950 1783 2994 autem
1807 2942 2083 2996 audissent
2111 2959 2122 2994 :

537 3014 804 3068 audissent
827 3021 1018 3066 autem.
1047 3043 1118 3054 —
1137 3010 1277 3066 Ibid.
1311 3013 1362 3066 in
1392 3031 1403 3065 :
1449 3010 1628 3081 (Deest
1654 3013 1706 3065 in
1727 3012 1871 3081 cod.)
1895 3043 1966 3053 —
1984 3012 2123 3066 Ibid.

540 3086 837 3153 recepisset
867 3103 881 3139 :
914 3085 1122 3156 recepit.
1154 3113 1224 3124 -—
1255 3081 1392 3137 Ibid.
1426 3084 1493 3138 ad
1526 3099 1654 3138 eos:
1689 3084 1758 3136 ad
1784 3085 1922 3138 illos.
1942 3114 2013 3124 —
2037 3084 2102 3139 16

538 3157 754 3211 illorum
788 3167 1007 3211 venerat
1031 3175 1043 3208 :
1074 3172 1249 3210 eorum
1269 3167 1688 3228 superuenerant.
1717 3186 1788 3228 -έ-
1817 3156 1907 3211 20.
1942 3156 2127 3210 existi-
2154 3155 2200 3220 C

539 3230 696 3281 masti
730 3247 742 3280 :
773 3229 1053 3281 existimas.
1087 3258 1157 3267 —
1185 3229 1274 3281 22.
1327 3228 1562 3298 nequitia
1608 3243 1624 3281 :
1656 3227 1878 3282 malitia.
1921 3257 1989 3268 -
2032 3228 2124 3282 24.

541 3301 721 3370 veniat
759 3317 769 3350 :
799 3299 1226 3370 superpeniat.—
1252 3300 1342 3354 27.
1376 3306 1458 3353 vir
1479 3298 1732 3370 Ethiops
1760 3318 1772 3351 :
1803 3301 1878 3352 vir
1915 3299 2128 3369 quidam

541 3368 813 3441 zEthiops.
846 3367 915 3410 ὲ-
941 3367 1079 3441 Ibid.
1112 3370 1389 3425 Candaces
1417 3388 1430 3422 :
1463 3367 1738 3424 Candacis.
1763 3401 1832 3410 —
1854 3367 1944 3427 50.
1969 3388 2123 3424 eum:

539 3440 943 3512 illumevlbid.
966 3440 1102 3494 dixit
1126 3458 1142 3495 :
1171 3442 1299 3495 dixit
1320 3441 1506 3494 illi.—
1525 3444 1616 3498 52.
1647 3444 1765 3496 sine
1787 3458 1924 3497 voce
1955 3461 1967 3495 :
2001 3442 2129 3512 (De-

541 3523 663 3567 sunt
691 3514 745 3566 in
777 3511 1104 3584 ουτω-55.
1128 3515 1534 3584 generationem
1565 3513 1686 3582 ejus
1711 3531 1723 3564 :
1748 3511 2127 3584 generationem

539 3594 711 3639 autem
740 3585 872 3655 ejus.
902 3580 974 3622 '—
1004 3580 1149 3636 Ibid;
1169 3583 1238 3638 de
1261 3591 1402 3637 terra
1431 3580 1665 3638 :aterra.
1689 3580 1765 3624 -ἱ
1809 3585 1897 3638 54.
1931 3583 2127 3652 Philip-

541 3672 611 3726 po
634 3672 648 3708 :
683 3655 932 3739 (Additur
958 3655 1012 3708 in
1030 3656 1174 3739 eqd.)
1200 3687 1278 3739 —_
1300 3657 1390 3710 56.
1419 3657 1540 3739 quis
1555 3655 1804 3739 prohibet
1830 3671 1919 3739 me
1945 3674 1956 3739 ξ
2001 3655 2126 3739 quid

541 3725 620 3782 me
646 3725 900 3800 prohibet.
931 3757 1002 3766 —
1030 3729 1121 3783 57.
1151 3728 1314 3782 corde
1347 3744 1358 3779 :
1390 3728 1547 3780 corde
1573 3736 1684 3780 tuo.
1728 3755 1800 3766 -—
1836 3725 1975 3780 Ibid.
2027 3728 2120 3780 ait:

539 3801 694 3854 dixit.
716 3830 789 3840 -—
809 3798 948 3854 Ibid.
983 3799 1149 3854 ﬁlium
1181 3798 1276 3854 Dei
1300 3815 1315 3852 ζ
1350 3797 1448 3852 Dei
1487 3799 1674 3868 ﬁlium.
1705 3828 1774 3838 —
1803 3797 1944 3852 Ibid.
1970 3797 2128 3854 Chri-

537 3881 681 3928 stum
713 3889 725 3924 :
755 3870 905 3942 (Non
947 3879 1020 3925 est
1052 3871 1107 3925 in
1135 3872 1278 3941 cod.)
1307 3901 1380 3912 —
1406 3871 1495 3926 59.
1524 3883 1702 3925 autem
1733 3889 1747 3924 :
1778 3872 1934 3926 enim.

1138 3982 1364 4041 CAPUT
1412 3983 1504 4040 lX.

623 4077 768 4134 Vers.
801 4078 856 4133 5.
888 4075 956 4131 Et
977 4078 1106 4134 ille:
1138 4079 1338 4135 Atille.
1364 4109 1435 4120 —
1463 4077 1604 4133 Ibid.
1633 4079 1826 4136 durum
1859 4090 1941 4137 est
1979 4081 2075 4136 tibi
2107 4099 2118 4133 :

546 4151 735 4206 durum
755 4152 889 4204 enim
910 4150 1000 4204 tibi
1028 4159 1121 4204 est.
1145 4180 1215 4191 —
1242 4152 1295 4206 6.
1322 4150 1389 4205 Et
1420 4162 1656 4207 tremens
1683 4163 1737 4208 et
1792 4164 2014 4222 stupens
2041 4154 2126 4206 (li-

544 4225 643 4290 xit,
666 4224 914 4286 Domine,
939 4222 1068 4292 quid
1102 4238 1187 4277 me
1213 4224 1294 4277 vis
1331 4223 1554 4277 facere?
1583 4241 1596 4276 :
1636 4222 1860 4292 (Desunt
1887 4227 1939 4277 in
1975 4225 2122 4293 cod.)

543 4325 614 4335 —
636 4297 689 4351 7.
721 4297 790 4351 Et
815 4293 1076 4349 Dominus
1099 4295 1166 4348 ad
1193 4309 1344 4366 eum:
1371 4293 1636 4366 (Desunt.)
1663 4325 1732 4335 —
1763 4294 1900 4349 Ibid.
1928 4311 2116 4365 surge:

543 4369 828 4439 sedsurge.
847 4394 918 4439 -έ
949 4366 1037 4422 10.
1059 4366 1124 4439 in
1152 4366 1271 4439 visu
1298 4365 1559 4439 Dominus
1591 4385 1604 4419 :
1631 4366 1883 4421 Dominus
1911 4369 1963 4421 in
1987 4369 2116 4421 visu.

545 4436 766 4494 ——Ibidl
795 4440 866 4495 At
893 4437 1020 4493 ille:
1051 4436 1116 4490 Et
1138 4438 1242 4492 ille.
1276 4468 1346 4478 —
1375 4439 1458 4493 11.
1492 4438 1559 4493 ad
1585 4455 1733 4505 eum,
1759 4455 1922 4508 surge
1947 4449 2002 4494 et
2030 4455 2122 4494 va-

542 4511 611 4567 de
641 4531 653 4566 :
685 4512 754 4564 ad
781 4511 971 4576 illum;
1019 4526 1232 4580 surgens
1257 4511 1402 4564 vade.
1460 4541 1529 4550 —
1568 4509 1705 4565 Ibid.
1762 4511 1904 4565 enim
1953 4520 2072 4564 orat
2103 4527 2117 4563 :

2226 1829 2328 1882 hic.
2361 1858 2431 1871 ——
2462 1831 2549 1883 '59.
2578 1831 2817 1884 omnium
2860 1845 2979 1899 qua:
3020 1847 3032 1880 :
3083 1828 3312 1882 omnium
3357 1828 3544 1881 horum
3572 1844 3700 1897 qua.
3727 1856 3793 1899 ,—

2226 1900 2362 1954 Ibid.
2399 1917 2560 1969 quem
2595 1898 2911 1955 occiderunt
2946 1919 2958 1951 :
2999 1917 3150 1966 quem
3179 1910 3226 1953 et
3266 1901 3583 1954 occiderunt.
3616 1929 3685 1940 —
3712 1898 3788 1952 41.

2225 1973 2604 2042 pra-ordinatis
2633 1990 2645 2023 :
2675 1973 3073 2044 praedestinatis.
3101 1971 3278 2044 +45.
3303 1975 3790 2038 obstupueruntex:

2224 2046 2591 2115 obstupuerunt
2614 2043 2701 2112 qui
2731 2054 2878 2098 erant
2918 2060 2998 2097 ex.
3039 2073 3110 2084 —-
3143 2043 3236 2115 46.
3270 2045 3416 2098 enim
3464 2063 3490 2115 :7
3520 2052 3706 2096 autem
3733 2070 3795 2082 —-

2222 2115 2318 2170 48.
2353 2114 2610 2180 baptizari
2646 2117 2698 2169 in
2728 2116 2943 2170 nomine
2965 2115 3178 2170 Domini
3206 2114 3338 2171 Jesu
3368 2114 3568 2170 Christi
3602 2116 3694 2170 :in
3715 2130 3795 2167 no-

2226 2187 2363 2240 rnine
2383 2185 2509 2241 Jesu
2539 2186 2733 2241 Christi
2764 2188 3048 2256 baptizare.

2853 2276 3081 2334 CAPUT
3120 2277 3212 2333 XI.

2307 2369 2454 2426 Vers.
2485 2373 2539 2426 2.
2573 2379 2750 2427 autem
2776 2371 3114 2426 ascendisset
3147 2389 3160 2423 :
3195 2373 3509 2427 ascendisset
3531 2381 3794 2424 autem.—

2226 2441 2370 2496 Ibid.
2401 2443 2794 2514 Jcrosolymam
2829 2461 2843 2496 :
2877 2447 2929 2496 in
2950 2442 3440 2514 Ierosolymam.—
3460 2443 3506 2496 5.
3538 2444 3790 2498 introisti:

2226 2516 2452 2568 intrasti.
2490 2545 2561 2554 -——
2591 2515 2645 2567 5.
2674 2515 2872 2569 mentis
2905 2534 2915 2567 :
2949 2517 3131 2568 mentis
3175 2531 3319 2569 mete.
3351 2547 3422 2556 —
3445 2519 3497 2571 6.
3537 2515 3592 2570 ln
3623 2516 3753 2584 quod
3780 2534 3791 2566 :

2227 2585 2294 2640 In
2314 2602 2437 2656 quo.
2465 2617 2535 2626 —
2557 2588 2610 2641 8.
2657 2587 2776 2641 Dixi
2820 2598 2997 2641 autem
3030 2606 3042 2638 :
3075 2585 3141 2640 Et
3180 2587 3293 2640 dixi
3315 2587 3385 2640 ad
3412 2604 3544 2643 eum.
3575 2618 3645 2626 —
3671 2585 3793 2640 Ibid.

2227 2668 2322 2712 aut
2354 2677 2366 2710 :
2397 2668 2463 2712 et.
2504 2689 2574 2699 —
2610 2658 2664 2713 9.
2713 2673 2782 2712 ne
2825 2673 3112 2713 commune
3153 2677 3165 2710 :
3207 2675 3474 2713 commune
3501 2675 3583 2713 ne.
3612 2689 3678 2700 ——
3719 2659 3793 2714 10.

2228 2731 2407 2783 omnia
2441 2746 2654 2784 rursum
2689 2749 2700 2781 :
2732 2746 2940 2782 rursum
2983 2731 3174 2783 omnia.
3197 2760 3268 2770 —
3299 2730 3388 2784 11.
3415 2729 3518 2784 viri
3546 2743 3654 2785 tres
3678 2745 3796 2784 con-

2228 2801 2408 2856 festim
2439 2819 2452 2854 :
2483 2802 2750 2871 confestim
2775 2810 2874 2855 tres
2895 2802 3097 2855 uiri.-—-
3120 2801 3208 2856 l2.
3235 2803 3488 2856 luesitaus
3513 2823 3524 2854 :
3548 2803 3795 2855 dubitans.

2229 2903 2299 2914 —
2327 2871 2465 2926 Ibid.
2496 2886 2549 2925 et
2573 2888 2670 2928 sex
2704 2892 2716 2924 :
2746 2890 2856 2928 sex.
2883 2902 2956 2916 --
2987 2873 3073 2926 15.
3111 2873 3346 2928 cecidit:
3380 2873 3600 2927 decidit.
3630 2904 3696 2914 —
3721 2873 3794 2926 16.

2230 2960 2347 2999 sum
2383 2963 2394 2996 :
2428 2943 2518 3015 (Ν
2525 2961 2589 2997 οη
2619 2943 2835 2999 habetur
2871 2946 2928 2998 in
2956 2945 3102 3014 cod.)
3132 2975 3203 2986 -—
3232 2943 3374 2998 Ibid.
3413 2945 3564 2999 verbi
3596 2965 3607 2997 :
3637 2945 3795 2998 verbo-

2229 3034 2363 3070 rum.
2391 3047 2460 3055 —
2489 3017 2575 3071 17.
2607 3016 2932 3072 credidimus
2963 3035 2974 3068 :
3006 3018 3280 3071 credimus.
3313 3046 3385 3056 —
3424 3016 3507 3072 18.
3550 3017 3796 3086 paeniten-

2230 3091 2357 3142 tiam
2380 3088 2530 3142 dedit
2555 3088 2698 3142 Deus
2730 3087 2796 3141 ad
2825 3089 2988 3142 vitam
3019 3107 3029 3139 :
3065 3088 3202 3141 Deus
3228 3089 3572 3158 paenitentiam
3603 3090 3668 3141 ad
3688 3105 3795 3140 con-

2230 3159 2544 3229 sequendam
2573 3161 2728 3212 vitam
2749 3159 2908 3213 dedit.
2942 3190 3013 3200 —
3036 3160 3129 3214 20.
3163 3162 3259 3214 viri
3291 3178 3302 3211 :
3329 3161 3348 3229 (
3365 3158 3483 3214 Non
3501 3170 3577 3213 est
3598 3161 3650 3212 in
3671 3158 3798 3225 cod.)

2231 3262 2299 3270 —
2334 3230 2471 3284 Ibid.
2525 3229 2841 3299 loquebatur
2891 3231 2959 3286 ad
3004 3247 3019 3284 :
3064 3232 3368 3301 loquebatur
3406 3241 3453 3285 et
3498 3232 3589 3284 ad.
3626 3261 3687 3270 -—
3719 3231 3792 3282 22.

2230 3317 2416 3357 sermo
2453 3302 2517 3356 ad
2554 3321 2564 3354 :
2595 3318 2760 3356 sermo
2790 3301 2874 3355 hic
2921 3303 3008 3356 ad.
3039 3333 3108 3341 —
3146 3301 3287 3356 Ibid.
3332 3302 3398 3357 ad
3426 3303 3753 3357 Antiochiam
3781 3317 3794 3353 :

2231 3374 2576 3427 Antiochiam.
2604 3403 2676 3414 —
2712 3372 2801 3429 25.
2835 3375 3115 3444 proposito
3142 3374 3326 3429 cordis
3355 3393 3368 3428 :
3395 3376 3662 3446 pra'posito
3685 3389 3793 3427 cor-

2231 3446 2310 3499 dis
2338 3446 2440 3500 sui.
2471 3475 2540 3486 —
2563 3445 2654 3500 24.
2687 3447 2854 3500 multa
2879 3448 3034 3500 turba
3059 3462 3072 3498 :
3102 3449 3249 3500 turba
3275 3445 3458 3500 multa.
3477 3474 3545 3486 -—
3565 3445 3652 3499 26.
3683 3460 3796 3514 per-

2229 3517 2384 3571 duxit
2415 3535 2427 3569 :
2461 3517 2698 3571 adduxit.
2730 3547 2801 3557 —
2827 3515 2969 3570 Ibid.
3011 3533 3211 3571 annum
3262 3528 3432 3572 totum
3466 3535 3477 3568 :
3506 3533 3639 3568 anno
3675 3524 3791 3568 toto.

2229 3618 2297 3659 1-
2327 3586 2464 3641 Ibid.
2492 3589 2561 3642 ibi
2599 3607 2613 3643 :
2649 3586 2812 3659 (Non
2840 3590 3054 3643 habetur
3092 3589 3145 3640 in
3172 3587 3316 3659 cod.)
3339 3619 3409 3628 —
3435 3588 3516 3643 28.
3542 3585 3795 3659 Spiritum

2228 3658 2422 3714 {utilem
2458 3678 2469 3712 :
2504 3658 2757 3731 Spiritum
2784 3670 3018 3714 sanctum
3047 3661 3258 3729 famem.
3281 3658 3350 3702 ὲ-
3378 3660 3466 3716 29.
3494 3658 3684 3730 singuli
3709 3659 3793 3711 in:

2229 3731 2424 3803 singuli
2448 3747 2626 3785 eorum
2646 3733 2718 3785 in.

2829 3801 3056 3859 CAPUT
3092 3801 3208 3858 ΧΠ.

2305 3896 2452 3952 Vers.
2481 3897 2528 3952 1.
2564 3895 2769 3952 Eodem
2807 3907 2986 3952 autem
3016 3907 3258 3967 tempore
3291 3915 3304 3949 :
3337 3895 3404 3952 In
3444 3895 3535 3951 illo
3565 3905 3790 3967 tempore.

2227 4001 2298 4011 —
2319 3968 2376 4024 4.
2403 3970 2816 4024 custodiendum
2844 3987 2856 4022 :
2881 3965 3140 4023 custodire
3161 3985 3300 4023 eum.
3327 3995 3399 4012 —-
3426 3969 3478 4022 7.
3510 3965 3753 4024 excitavit
3778 3983 3788 4015 :

2226 4037 2746 4095 suscitavit.—Ibid.
2777 4041 3056 4095 velociter.
3082 4041 3147 4094 Et
3167 4040 3481 4096 ceciderunt
3505 4057 3519 4094 :
3548 4040 3788 4095 uelociter.

2227 4112 2293 4166 Et
2320 4113 2543 4167 surrexit
2570 4129 2588 4177 ;
2613 4123 2660 4165 et
2682 4112 3144 4167 ceciderunt.—9.
3180 4127 3301 4166 eum
3331 4129 3345 4164 :
3377 4110 3566 4184 (Deest
3588 4112 3639 4164 in
3662 4105 3790 4248 codq

2227 4213 2295 4224 —
2325 4182 2464 4238 Ibid.
2497 4194 2677 4238 autem
2709 4202 2722 4238 :
2755 4185 2910 4239 enim.
2943 4183 3123 4238 -14.
3155 4183 3220 4238 Ει
3254 4202 3265 4235 :
3297 4182 3457 4248 (Non
3488 4191 3559 4236 est
3589 4183 3642 4235 in
3663 4181 3764 4233 cod.

2225 4213 2295 4224 —
2325 4182 2464 4238 Ibid.
2497 4194 2677 4238 autem
2709 4202 2722 4238 :
2755 4185 2910 4239 enim.
2943 4183 3123 4238 -14.
3155 4183 3220 4238 Ει
3245 4202 3265 4254 ς
3297 4181 3457 4254 (Non
3488 4191 3559 4236 est
3589 4183 3642 4235 in
3663 4181 3764 4254 cod.

2225 4286 2292 4295 —
2310 4257 2395 4310 17.
2421 4257 2660 4310 narravit
2685 4274 2696 4307 :
2731 4258 3009 4309 enarravit.
3026 4287 3095 4295 —
3119 4256 3208 4311 18.
3233 4251 3432 4309 factum
3454 4263 3598 4309 esset
3617 4254 3679 4306 de
3700 4251 3787 4304 Pe-

2226 4338 2312 4384 tro
2341 4343 2356 4382 :
2389 4329 2453 4382 de
2477 4326 2630 4382 Petro
2655 4327 2850 4398 factum
2872 4337 3020 4383 esset.
3041 4328 3221 4382 ~22.
3251 4334 3306 4382 et
3333 4345 3346 4380 :
3373 4323 3547 4397 (Deest
3572 4327 3626 4379 in
3644 4321 3746 4378 cod.
3769 4319 3786 4390 )

2803 4420 3032 4478 CAPUT
3070 4419 3208 4502 xui.

2308 4513 2452 4569 Vers.
2477 4515 2530 4569 1.
2552 4513 2737 4568 Simon
2769 4530 2782 4566 :
2816 4513 3046 4569 Simeon.
3067 4513 3181 4584 -ςΙ
3190 4513 3294 4567 bid.
3319 4511 3515 4568 Lucius
3541 4511 3788 4584 Cyrenen-

543 4557 971 4656 ξῆίὶνιῖῖηὲὀῖᾶιῖ
993 4557 1470 4656 -ξίδῖῖἷῖἷιῖιῖίιῑε
1499 4600 1525 4656 τί
1561 4557 2117 4636 ἇὲ’ἷτίηιῖίῖζ”ἐ-’Ῑίξὶιζ
2147 4557 2201 4618 1)
2229 4557 3057 4656 εἰςἐῈὶίίιῗὲᾗῖὶὲιὲηέἐὲἱὲῖἶί
3098 4557 3790 4639 ιιὲἇῗὲοῖῑεῖίέιῖιέιῖἑῖἒῖἰι

547 4652 738 4711 fecerit
762 4655 966 4710 sanctis
989 4652 1095 4708 tuis
1121 4670 1135 4706 :
1164 4655 1351 4708 sanctis
1376 4655 1476 4725 tuis
1501 4655 1692 4725 fecerit.
1728 4683 1797 4695 --
1827 4655 2117 4725 titantem

543 4742 666 4782 cum
699 4742 714 4780 :
747 4737 918 4798 autem
937 4727 1090 4779 simul
1119 4743 1255 4798 cum.
1284 4756 1355 4765 —
1375 4723 1516 4781 Ibid.
1551 4743 1644 4796 per
1671 4744 1682 4778 :
1732 4725 1879 4798 (Non
1908 4724 2125 4779 habetur

544 4799 600 4870 in
627 4798 769 4869 cod.)
794 4828 864 4838 —
892 4797 1029 4870 Ibid.
1061 4798 1177 4852 dies
1205 4797 1410 4868 aliquot
1441 4817 1454 4852 :
1509 4799 1707 4870 aliquot
1743 4797 1876 4852 dies.
1916 4827 1987 4838 --
2027 4798 2123 4854 20.

547 4868 858 4942 ingressus:
890 4868 1040 4942 (Non
1070 4879 1143 4942 est
1164 4870 1218 4942 in
1239 4871 1389 4940 cod.)
1414 4899 1484 4909 —-
1513 4868 1654 4926 Ibid.
1696 4870 1748 4925 in
1776 4883 2075 4942 synagogas
2107 4887 2120 4921 :

547 4938 918 5014 in'synagogis'.
955 4971 1025 4981 —
1062 4938 1201 4995 Ibid.
1249 4938 1542 5024 quoniam:
1583 4942 1727 5013 quia.
1754 4938 1936 4996 -—12l.
1963 4942 2120 5023 illos:

547 5031 651 5065 eos.
678 5015 858 5065 -—22-
889 5014 1057 5065 multo
1081 5030 1095 5065 τ
1123 5011 1314 5065 (Deest
1342 5031 1394 5065 in
1425 5013 1659 5065 cod.l—-
1680 5013 1770 5065 25.
1804 5023 1984 5065 autem
2017 5027 2120 5065 Im-

546 5013 858 5070 comi—2'2.
889 5014 1057 5068 multo
1081 5030 1095 5068 τ
1123 5013 1314 5082 (Deest
1342 5013 1394 5067 in
1425 5013 1659 5084 cod.)—-
1680 5013 1770 5070 25.
1804 5023 1984 5068 autem
2017 5013 2122 5067 im-

548 5087 827 5167 plerentur
858 5103 870 5138 ε
902 5086 1238 5167 implerentur
1267 5086 1653 5167 autem-:24.
1689 5085 1854 5142 Saulo
1887 5102 1899 5136 :
1932 5083 2126 5167 Paulo.

549 5155 621 5198 ὲ-
651 5155 788 5212 Ibid.
824 5172 888 5212 ac
910 5155 1065 5212 nocte
1093 5175 1106 5210 :
1136 5167 1182 5212 et
1212 5166 1376 5211 nocte.
1402 5186 1472 5198 -—
1492 5157 1584 5214 25.
1614 5168 1794 5214 autem
1819 5172 1939 5212 cum
1971 5155 2131 5211 disci-

551 5231 689 5314 pulis
719 5237 894 5314 nocte
923 5243 938 5282 :
981 5237 1152 5284 autem
1193 5228 1588 5314 discipuliIejus
1643 5239 1804 5314 nocte.
1825 5258 1906 5311 ⁸-
1930 5226 2132 5314 26.Λξ.θ

547 5297 775 5373 intigere
806 5317 821 5356 :
863 5303 1092 5373 fungere
1134 5317 1303 5373 se.7—
1326 5297 1508 5354 'Ibidf
1528 5301 1678 5373 (quod
1706 5315 1720 5354 :
1747 5301 1893 5373 quia.
1920 5329 1992 5373 g—

550 5369 1050 5447 egei-i_t_:_ageret.'—
1068 5372 1160 5447 29.
1187 5372 1488 5447 Gentibus;
1515 5369 1693 5447 (Deest
1720 5369 1774 5425 in
1800 5369 2129 5447 cod.)—52_.

550 5442 610 5500 ut
643 5461 658 5500 :
685 5442 832 5518 (Nec
853 5445 1068 5499 habetur
1097 5446 1150 5498 in
1180 5445 1324 5513 cod.)
1353 5443 1495 5518 Ibid.
1518 5442 1780 5518 tr_ansiret
1809 5459 1824 5496 :
1856 5442 2138 5518 pertransi-

552 5527 652 5572 ret.
676 5514 746 5557 '—
772 5515 858 5573 54.
891 5527 1048 5572 sanet
1083 5535 1096 5570 :
1128 5527 1297 5572 sanat.
1330 5517 1420 5571 55.
1447 5544 1519 5555 -
1553 5516 1643 5570 55.
1675 5531 1798 5571 eum
1833 5514 2040 5570 :illunt.
2064 5543 2135 5555 —

553 5587 694 5643 Ibid.
719 5588 809 5658 qui
837 5589 1091 5644 conversi
1125 5607 1136 5641 :
1168 5588 1329 5658 quiet
1358 5587 1606 5641 conversi.
1641 5617 1708 5627 —
1735 5589 1824 5642 56.
1853 5585 2088 5641 'l‘abitha
2114 5603 2128 5640 :

557 5657 820 5726 Tabithas.
864 5689 937 5700 —
985 5660 1072 5716 59.
1103 5657 1189 5714 ei:
1224 5657 1409 5730 (Deest
1441 5660 1496 5712 in
1544 5657 1698 5730 cod.)
1731 5688 1802 5698 —
1827 5657 1918 5714 40.
1959 5672 2133 5730 genua

554 5733 729 5787 oravit
756 5751 768 5786 :
801 5747 970 5804 genua
997 5747 1092 5786 sua
1121 5729 1306 5785 oravit.
1349 5729 1440 5786 45.
1473 5729 1749 5786 Simonem
1796 5729 2083 5802 quemdam
2115 5747 2129 5786 :

553 5801 821 5873 quemdam
847 5801 1131 5859 Simonem.

2227 4658 2588 4713 lactaneus.—
2603 4655 2659 4710 2.
2678 4666 2953 4727 segregate
2977 4656 3107 4712 mihi
3135 4655 3366 4712 Saulum
3385 4667 3440 4711 et
3463 4655 3751 4727 Barnabam
3775 4666 3787 4701 ε

2226 4739 2462 4794 separate
2511 4727 2638 4782 mihi
2691 4724 2982 4782 Barnabam
3024 4738 3073 4783 et
3117 4727 3360 4784 Saulum.
3411 4757 3483 4767 --
3521 4725 3659 4780 Ibid.
3688 4724 3786 4794 ad:

2270 4793 2389 4872 Non
2429 4799 2721 4872 οδω-,5.
2747 4800 3126 4872 Salaminam;
3163 4799 3476 4872 Sqlamiam.
3513 4798 3664 4872 -—‘6.
3690 4793 3788 4872 ad:

2265 4871 2413 4927 Deest
2442 4875 2495 4926 in
2522 4866 2665 4942 cod.)
2690 4902 2759 4911 —
2786 4872 2841 4926 7.
2867 4869 3031 4942 Saulo
3056 4889 3067 4922 :
3092 4869 3285 4926 Paulo.
3316 4900 3386 4942 τ-
3418 4871 3503 4925 15.
3534 4885 3563 4924 a
3591 4866 3789 4942 Papho:

2231 4937 2512 5018 Papho.—
2525 4941 2612 5018 14.
2636 4937 2842 5018 Pet-gen
2871 4961 2885 4997 ε
2912 4961 2942 4996 a
2972 4941 3288 5018 PergenS—f
3308 4939 3449 5018 Ibid.
3472 4937 3792 5018 Antiochiam

2234 5011 2448 5071 Pisidiae
2481 5034 2493 5068 :
2526 5011 2853 5068 Antiochiam
2895 5030 3010 5085 qua:
3045 5011 3120 5066 est
3169 5011 3406 5068 Pisidiae.
3440 5043 3508 5053 —
3537 5013 3622 5068 17.
3654 5011 3794 5085 et‘i‘n

2235 5087 2454 5168 brachio
2485 5103 2518 5168 ε.
2551 5094 2599 5140 et
2631 5085 2859 5168 brachio.
3128 5093 3316 5155 gentes
3349 5103 3361 5138 :
3395 5101 3538 5156 reges
3573 5099 3593 5136 :
3618 5077 3791 5168 2—‘20.

2233 5157 2617 5239 quinquaginta
2650 5175 2662 5210 :
2689 5158 2902 5240 triginta
2933 5155 3111 5240 (Vide
3133 5151 3297 5239 supra
3331 5151 3589 5239 .cap.'vu,
3615 5153 3667 5209 6.
3687 5151 3712 5232 )o
3734 5177 3794 5229 τ-

2236 5228 2378 5285 Ibtd.
2410 5229 2557 5284 dedit
2589 5229 2797 5299 iudices
2829 5247 2841 5280 :
2889 5229 3026 5282 dedit
3059 5226 3178 5299 (illis
3218 5226 3444 5297 judices.
3471 5257 3542 5269 —
3568 5226 3660 5280 21.
3702 5221 3794 5299 Illis

2238 5301 2361 5372 Saul
2393 5318 2407 5355 :
2439 5301 2542 5354 illis
2585 5296 2725 5354 Deus
2771 5298 2923 5356 Saut.
2954 5328 3024 5372 -τ
3046 5296 3137 5352 22.
3167 5296 3262 5372 cui
3293 5299 3661 5372 testimonium
3682 5309 3696 5344 ε

2244 5384 2317 5428 est
2348 5367 2712 5427 testimonium.
2740 5401 2810 5410 —
2829 5372 2920 5427 25.
2949 5370 3134 5428 eduxit
3167 5369 3330 5423 Israel
3360 5387 3372 5422 :
3404 5367 3657 5424 suscitavit
3676 5361 3794 5435 plebi

2243 5443 2451 5499 Israeli.
2482 5473 2552 5485 ——
2588 5442 2681 5514 25.
2713 5458 2810 5512 ego
2831 5487 2844 5510 ,
2894 5443 2988 5499 sed
3013 5461 3025 5496 :
3047 5457 3152 5514 ego
3179 5438 3600 5514 Qhristus,_sed.
3625 5433 3792 5514 4.50.

2245 5518 2401 5571 tertia
2423 5514 2512 5571 die
2537 5533 2549 5568 :
2575 5507 2804 5585 (Desunt
2829 5507 2884 5567 in
2923 5511 3065 5585 cod.)
3087 5507 3159 5585 1+
3178 5512 3270 5567 51.
3306 5512 3568 5585 qui__visus
3592 5528 3604 5563 :
3631 5507 3727 5585 qui
3753 5510 3794 5555 et

2237 5589 2394 5642 visus.
2417 5617 2486 5627 —-
2646 5583 2990 5654 adimplevit:
3020 5579 3263 5656 implevit.
3289 5579 3371 5656 4-3
3385 5580 3526 5637 Ibid.
3566 5579 3755 5656 ngstris
3778 5589 3792 5627 :

2235 5660 2435 5714 vestris.
2464 5689 2534 5700 —
2558 5655 2694 5711 Ibid.
2724 5652 2867 5711 et‘in
2902 5652 3106 5726 psalmo
3139 5676 3152 5711 :
3185 5664 3231 5709 et
3255 5653 3477 5725 psalmo.
3506 5684 3574 5695 --
3595 5652 3682 5708 58.
3710 5661 3793 5726 an.-

2238 5732 2547 5798 nuntiatur,
2591 5727 2659 5783 ab
2703 5715 2954 5784 omnibus
3003 5725 3196 5798 quibus
3230 5715 3631 5798 :A'annuntiatur‘
3660 5731 3707 5798 et
3739 5715 3791 5769 ab

2243 5803 2472 5860 omnibus
2497 5790 2552 5858 in
2577 5799 2778 5871 quibus.
2807 5828 2879 5843 --
2899 5798 2990 5858 40.
3011 5790 3200 5856 i'obis:
3232 5796 3254 5870 (
3279 5797 3431 5855 Deest
3457 5798 3512 5853 in
3538 5790 3695 5862 cod.)
3732 5813 3789 5829 --
