3912 6200
521 321 660 378 1079
1193 314 1547 374 APPENDIX
1585 316 1682 374 AI)
1718 313 2006 372 DIYINAM
2046 313 2558 372 BIBLIOTIIECAM
2598 314 2658 372 5.
2702 312 3108 371 HIERONYII.
3634 314 3742 372 1031

1115 434 1343 490 CAPUT
1384 433 1478 490 Ill.
2130 440 2185 498 Α
2820 431 3051 490 CAPUT
3088 431 3175 487 IV.

605 507 747 562 γεγε.
783 510 835 562 1.
868 505 1074 561 Eadem
1110 526 1123 559 :
1173 507 1430 560 Eandem.
1457 537 1528 548 —-
1557 507 1610 559 5.
1644 507 1911 562 servimus
1942 503 2055 558 Deo
2085 521 2099 555 :

523 579 632 633 Deo
677 578 942 633 servimus.
969 609 1040 619 —-
1064 577 1120 632 4.
1147 588 1203 632 et
1229 593 1328 648 ego
1354 597 1367 631 :
1399 595 1510 649 ego.
1548 575 1685 631 Ibid.
1725 578 1778 631 in
1808 590 1971 631 carne
2010 594 2024 626 ε
2057 584 2106 629 et
2247 643 2261 649 _
2297 571 2536 649 Vers._2.
2569 570 2899 649 Euchodiam
2935 591 2947 623 :
2979 569 3254 626 Evodiam.
3286 601 3359 611 —
3391 568 3755 649 Ibid._Sy_nll_iy-

520 654 574 704 in
612 666 782 704 carne.
809 678 880 689 —
909 649 963 722 6Σ
993 649 1047 704 in
1101 650 1219 719 lege
1245 643 1345 704 z'ex
1389 643 1519 722 lege.
1547 679 1618 689 —
1644 650 1698 703 8.
1730 649 1983 704 existimo
2013 665 2037 722 :_
2059 655 2108 722 et
2215 643 2353 701 chen
2385 662 2397 694 :
2443 643 2720 722 Senticem.
2750 674 2822 722 _—-
2858 644 2912 698 3.
2965 653 3037 705 te.
3067 659 3328 722 germane
3360 661 3373 695 :
3407 654 3474 705 te,
3501 643 3760 697 charissime

523 723 780 777 existimo.
805 750 875 760 -—
933 719 1073 774 Ibid.
1105 717 1340 775 arbitror
1387 740 1398 772 :
1439 717 1719 774 arbitratus
1748 737 1884 774 sum.
1912 750 1982 760 —
2017 717 2104 773 16.

523 794 796 859 sapiamus
815 834 831 854 ,
865 792 915 845 in
943 811 954 844 :
982 793 1266 861 sapiamus,
1292 804 1338 846 et
1365 794 1439 846 in.
1461 822 1532 832 ——
1555 793 1642 847 18.
1673 808 1806 860 quos
1836 811 1846 843 :
1874 790 2109 861 quod.—

526 863 612 936 16.
654 875 736 918 est
770 882 782 915 :
817 861 979 936 (Non
1027 861 1245 936 habetur
1299 865 1353 917 in
1407 866 1559 936 cod.)
1589 864 1778 918 —20.
1825 877 2106 936 nostrum:

2248 716 2625 770 ermane.-—7.
2647 716 2809 771 corda
2845 725 3022 771 vestra
3049 734 3062 767 ε
3087 717 3269 775 corda,
3301 724 3349 768 et
3378 731 3598 785 corpora,
3617 725 3762 768 vestra

2244 787 2519 842 Adduntur
2546 799 2598 842 et
2625 788 2900 858 corpora.)
2926 785 3163 858 —]bid.
3183 786 3319 858 (Iesu
3367 805 3383 840 :
3418 785 3537 838 Iesu
3564 786 3762 840 Domino

2220 856 2414 914 nostra.
2438 889 2508 899 -—
2530 862 2580 913 8.
2605 856 2901 928 disciplina:
2929 878 2940 911 :
2973 856 3200 928 (Deest.)
3227 887 3300 899 -——
3325 858 3410 913 12.
3437 859 3724 912 constitutus
3748 877 3761 909 :

520 933 720 1005 (Deest
767 929 836 987 in'
871 935 989 989 cod.
1017 936 1034 1004 )
1062 965 1132 975 -—
1153 935 1243 990 21.
1297 929 1613 990 reformahit
1642 954 1654 987 :
1690 935 2008 1005 reformavit.
2039 963 2109 973 —
2215 932 2573 1005 institutus.-—
2605 930 2686 1005 16.
2713 931 2879 984 semel
2907 950 2919 983 :
2949 940 2996 983 et
3018 929 3589 1005 semel.-ﬁ——1'i.grequiro
3611 946 3622 980 :
3643 945 3765 996 quee-

520 1003 662 1063 Ibid.
692 1005 856 1062 etiam
886 1009 1056 1076 possit
1086 1026 1097 1059 :
1135 1008 1296 1076 possit
1320 1008 1496 1063 etiam.

2208 1021 2287 1058 ro.
2315 1032 2387 1042 —
2412 1001 2552 1056 Ibid.
2606 1001 2661 1056 in
2697 1006 2907 1057 ratione
2945 1010 3121 1057 vestra
3156 1020 3168 1054 :
3201 1004 3254 1054 in
3282 1003 3525 1055 rationem
3551 1011 3759 1054 vestram.

1467 1175 1858 1238 EPISTOLA
1899 1174 2135 1237 PAULI
2176 1173 2283 1235 AD
2311 1152 2888 1238 'comssenses.

602 1281 972 1350 Argumentum
1019 1281 1074 1333 in
1129 1279 1423 1352 Epistolam
1469 1280 1629 1336 Pauli
1665 1281 1737 1334 ad
1764 1278 2113 1348 Colossenses,

525 1349 884 1409 Colossenses
903 1393 920 1420 ,
948 1360 1044 1408 etc.
1077 1349 1374 1424 (Habetur.
1399 1353 1419 1423 )

1162 1447 1394 1505 CAPUT
1434 1450 1475 1504 I.

613 1538 755 1593 γεγε.
796 1538 852 1593 2.
904 1540 996 1596 Eis
1035 1558 1048 1593 :
1083 1539 1185 1596 his.
1208 1571 1279 1581 -η
1307 1542 1362 1595 5.
1408 1541 1637 1596 Domino
1665 1539 1794 1595 Iesu
1849 1539 2066 1595 Christo
2099 1557 2111 1590 :

528 1609 657 1665 Iesu
678 1609 884 1683 Christo
909 1612 1132 1666 Domino
1158 1624 1354 1666 nostra.
1379 1644 1451 1654 —
1468 1614 1521 1667 9.
1543 1612 1822 1683 agnitione
1846 1629 1859 1664 :
1883 1618 1935 1664 in
1968 1611 2117 1683 agni-

531 1683 688 1736 tione.
715 1711 784 1722 —-
805 1682 895 1738 12.
930 1685 1038 1738 Deo
1068 1693 1123 1738 et
1150 1685 1292 1738 Patri
1321 1703 1334 1737 :
1362 1681 1666 1740 DeovPatri.
1698 1714 1769 1724 -—-
1797 1681 1935 1736 Ibid.
1968 1681 2067 1738 nos
2100 1699 2111 1733 :

531 1769 643 1808 vos.
667 1755 848 1809 ~14.
877 1756 1254 1811 remissionem
1287 1773 1301 1811 :
1333 1757 1387 1808 in
1415 1757 1733 1809 remissione.
1762 1786 1833 1795 -—
1861 1756 1950 1810 16.
1980 1771 2118 1824 quo-

537 1826 730 1897 niam:
760 1827 902 1891 quia.
929 1856 996 1897 :-
1023 1827 1108 1880 17.
1133 1839 1182 1882 et
1215 1828 1393 1881 omnia
1422 1827 1475 1880 in
1508 1828 1625 1896 ipso
1645 1837 1915 1881 Constant.
1941 1829 2112 1897 (vers.

535 1897 629 1963 18)
658 1895 724 1950 Et
749 1897 865 1965 ipse
891 1915 902 1948 :
934 1895 1001 1968 Et
1029 1900 1202 1951 omnia
1243 1899 1321 1951 illi
1341 1907 1609 1968 constant.
1656 1898 1718 1950 Et
1751 1899 1804 1950 in
1854 1895 1967 1966 ipso
1994 1914 2116 1951 con-
2148 1908 2196 1968 B

2234 1296 2433 1334 sensus.
2463 1308 2534 1320 —-
2561 1277 2646 1332 19.
2681 1277 3142 1332 subministratum
3176 1286 3228 1330 et
3267 1283 3635 1336 constructum,
3659 1289 3766 1328 cre-

2227 1351 2370 1404 scit:
2400 1351 2747 1403 ministratum
2797 1359 2844 1402 et
2896 1350 3190 1417 conjuctum
3243 1349 3422 1401 crescit
3461 1347 3511 1399 in
3553 1348 3770 1414 templum

2227 1432 2488 1484 sanctum,
2518 1423 2570 1474 in
2595 1419 2841 1484 Domino,
2874 1422 3074 1474 crescit.
3095 1419 3270 1473 —20.
3304 1434 3434 1488 ergo
3464 1436 3475 1469 :
3511 1417 3770 1488 (Deest)—

2226 1490 2366 1546 Ibid.
2400 1493 2556 1560 hujus
2587 1509 2600 1544 :
2627 1492 2776 1562 (Non
2808 1491 3068 1562 habetur.)
3088 1491 3264 1546 --21.
3297 1489 3762 1562 contrectai-eritis:

2226 1559 2684 1617 contractareritis.
2709 1561 2885 1618 —22.
2932 1559 3198 1634 prmeepta
3229 1578 3243 1614 :
3272 1571 3662 1633 prwceptum.—
3681 1559 3759 1616 2'5.

2225 1651 2336 1690 non
2359 1636 2424 1690 ad
2452 1653 2464 1687 :
2495 1636 2563 1688 ad
2587 1652 2711 1690 non.

2838 1703 3064 1762 CAPUT
3102 1705 3191 1761 III.

2303 1801 2451 1856 Vers.
2471 1802 2525 1856 5.
2559 1811 2640 1856 est
2671 1800 2983 1856 abscondita
3012 1818 3024 1852 :
3053 1800 3360 1854 abscondita
3385 1806 3473 1852 est.
3497 1798 3635 1851 -——l.
3657 1794 3774 1851 Cum

2222 1869 2470 1927 Christus
2500 1890 2512 1924 :
2547 1889 2663 1926 cum
2708 1883 2876 1926 autem
2917 1871 3174 1928 Christus.
3204 1898 3276 1910 ——
3305 1869 3445 1924 Ibid.
3475 1870 3770 1938 apparebitis

542 1941 904 2041 ξῖιίηῑοθῖηῖα.
938 1941 1003 2020 εἱ
1030 1941 1609 2041 3.;.';;.;:';17;"s.2;;
1624 1941 1830 2041 eius
1855 1941 2117 2041 sua...

2229 1945 2499 2041 cum'ipso
2530 1960 2544 1999 :
2577 1961 2693 2041 εαξη
2725 1947 2840 2041 Iipso
2885 1945 3311 2041 apparebitis.‘—:
3425 1957 3578 2041 supe:
3603 1941 3724 2041 ﬁlios
3757 1957 3768 1988 :

2229 2017 2275 2041 ζ..
2369 2016 2444 2041 Σ--
2617 2023 2628 2041 ι
2703 2016 2850 2041 21η...
2878 2033 2890 2041 .
2924 2033 3030 2041 -..μ
3313 2016 3452 2041 ιιι.-.
3487 2029 3542 2041 ..Α
3600 2029 3610 2038 ι
3656 2029 3668 2041 .
3700 2026 3768 2041 ιο·

535 2038 762 2092 dictione
789 2037 850 2092 de
881 2041 1032 2092 veteri
1085 2041 1297 2093 lectione
1327 2051 1440 2108 post
1471 2037 1691 2093 verbum'
1720 2039 1899 2093 omnia
1921 2081 1934 2105 ,
1971 2040 2122 2108 cujus

537 2108 652 2162 loco
703 2110 775 2163 illi
812 2111 1340 2180 superscribitur.)-—
1365 2113 1451 2166 19.
1493 2111 1881 2180 plenitudinem
1914 2110 2123 2165 inhabi-

536 2189 698 2252 tare:
733 2181 1110 2252 plenitudinem
1153 2181 1439 2236 divinitatis
1489 2181 1721 2236 habitare
1761 2183 2117 2250 corporaliter.

535 2281 606 2291 —
629 2251 1113 2307 20.7rcconciliare
1146 2271 1159 2309 :
1193 2255 1539 2308 reconciliari.
1587 2283 1658 2294 —
1694 2253 1785 2308 21.
1819 2256 1886 2308 Et
1920 2253 2121 2307 inimici

535 2337 729 2390 sensu,
766 2324 820 2377 in
856 2341 866 2374 :
899 2323 1096 2377 inimici
1125 2341 1298 2389 sensu,
1332 2334 1378 2378 et
1405 2325 1479 2378 in.
1503 2323 1682 2380 —-25.
1715 2325 1867 2379 vobis
1898 2343 1908 2378 :
1941 2341 2124 2380 vos.—

534 2393 628 2450 28.
662 2409 876 2450 onmem
910 2395 1185 2451 hominem
1226 2397 1565 2466 :(Adduntur
1593 2400 1648 2450 in
1677 2398 1819 2467 cod.)

1159 2486 1388 2543 CAPUT
1427 2487 1490 2543 II.

619 2580 766 2652 Yers.
794 2580 850 2635 2.
901 2580 1076 2636 Patris
1117 2579 1316 2636 Christi
1363 2580 1748 2637 IesuzChristi
1793 2579 1920 2637 Iesu
1959 2584 2124 2652 patris

539 2663 588 2707 et
612 2651 842 2707 Domini.
869 2682 939 2693 --
963 2652 1016 2706 5.
1048 2661 1312 2718 vestrum,
1343 2663 1398 2708 et
1423 2655 1818 2709 ﬁrmamentum
1854 2674 1864 2706 ;
1899 2651 2123 2708 vestrum

539 2735 590 2778 et
614 2725 862 2796 suppleas
894 2725 966 2788 id,
998 2724 1136 2796 quod
1163 2735 1235 2778 est
1266 2725 1478 2779 utilitati
1510 2725 1632 2786 ﬁdei
1661 2735 1843 2780 vestra:
1868 2734 1917 2779 et
1944 2726 2125 2794 firma-

539 2807 785 2869 mentum.
812 2825 882 2836 —-
909 2797 963 2851 6.
996 2795 1283 2869 Dominum
1308 2812 1321 2869 ;
1354 2796 1634 2869 Dominum
1661 2806 1904 2869 nostrum
1933 2815 1947 2869 ς
1981 2795 2124 2869 (Ad-

541 2867 682 2921 ditur
726 2867 1020 2936 nnstrum.)
1054 2896 1123 2907 —
1154 2867 1206 2921 7.
1254 2866 1360 2922 Iide
1387 2884 1400 2920 :
1428 2869 1482 2922 in
1517 2867 1640 2936 ﬁde.
1665 2897 1735 2908 —-
1757 2865 1896 2922 Ibid.
1932 2865 2001 2923 in'
2030 2868 2124 2924 illo

539 2940 593 2992 in
621 2957 632 2991 :
660 2939 880 3005 (Desunt
913 2938 966 2990 in
995 2938 1139 3005 cod.)
1162 2969 1231 2978 —
1260 2942 1313 2993 9.
1348 2939 1614 2994 inhabitat
1643 2958 1654 2992 :
1689 2940 1906 2993 habitat.
1935 2969 2008 2982 -—
2033 2939 2120 2995 11.

539 3009 739 3065 Christi
803 3027 816 3063 :
867 3007 1056 3064 Christi
1102 3007 1250 3064 Iesu.
1288 3040 1359 3050 —
1406 3009 1492 3064 12.
1545 3011 2123 3079 Operationiszresur-

535 3083 802 3136 rectionis.
840 3109 911 3119 ——
956 3083 1044 3135 13.
1101 3081 1500 3136 conviviﬁcavit
1549 3097 1670 3137 eum
1705 3100 1718 3136 :
1757 3082 2125 3153 convivi/icavit

540 3170 630 3206 vos
661 3170 796 3206 cum.
837 3181 905 3192 —
941 3153 1029 3206 15.
1079 3161 1132 3206 et
1161 3153 1442 3222 expolians
1483 3172 1494 3204 :
1532 3153 1821 3222 expolians.
1848 3185 1918 3195 -—
1951 3157 2038 3209 16.
2069 3154 2123 3209 in

539 3235 697 3293 parte
723 3241 734 3276 :
767 3224 819 3276 in
853 3231 1000 3291 parte
1025 3239 1041 3276 :
1068 3223 1316 3296 (Additur
1340 3241 1457 3280 vero
1488 3224 1779 3296 ἱη.)--18ἒ
1813 3242 1969 3282 nemo
1992 3243 2119 3282 vos:

540 3311 689 3348 nemo
731 3311 851 3364 ergo
893 3312 1000 3349 vos.
1044 3293 1112 3336 +
1151 3293 1293 3351 Ibid.
1326 3296 1396 3350 Et
1434 3313 1449 3352 :
1491 3293 1600 3354 aut.
1641 3327 1711 3339 —
1751 3295 1890 3352 Ibid.
1921 3312 2124 3354 sensu:

2224 2017 2276 2068 in
2305 2014 2463 2084 ﬁlios.
2489 2046 2557 2054 —
2584 2015 2668 2069 10.
2703 2016 2851 2070 illum
2878 2013 3053 2070 zeum.
3079 2044 3151 2055 -—
3177 2015 3263 2069 11.
3293 2016 3455 2076 liber;
3487 2013 3575 2066 sed
3600 2029 3610 2062 :
3634 2013 3775 2084 liber;

2225 2083 2483 2158 inescatus
2513 2095 2560 2140 et
2591 2089 2802 2158 femina.
2825 2117 2897 2128 ——
2924 2087 3012 2142 15.
3060 2086 3463 2158 vobismetipsis
3494 2101 3505 2134 ε
3541 2083 3665 2158 vobis
3709 2085 3781 2158 ip-

2224 2159 2316 2212 sis.
2336 2188 2406 2198 —
2424 2155 2563 2212 Ibid.
2589 2155 2854 2214 adversus
2881 2158 3112 2227 aliquem
3145 2157 3306 2212 habet
3335 2174 3346 2208 :
3373 2156 3629 2208 adversum
3649 2155 3777 2227 habet

2224 2229 2473 2302 aliquem.
2501 2230 2680 2302 -16.
2716 2229 2931 2302 hymnis
2960 2225 3017 2284 et
3043 2229 3269 2302 canticis
3303 2246 3315 2278 :
3347 2227 3548 2298 hymnis
3570 2225 3774 2302 canticis.

2223 2298 2400 2357 —17.
2432 2300 2560 2356 Iesu
2587 2298 2820 2367 Christi,
2851 2305 3054 2370 gratias
3090 2319 3101 2352 :
3133 2298 3259 2354 Iesu
3291 2301 3469 2370 facite,
3496 2298 3690 2368 gratias.
3712 2321 3776 2334 —-

2227 2374 2314 2428 19.
2349 2387 2585 2429 uxores:
2617 2389 2801 2428 uxores
2826 2383 3038 2428 vestras.
3063 2401 3133 2412 --
3157 2371 3249 2427 24.
3281 2370 3424 2442 quod
3451 2387 3463 2421 :
3495 2371 3627 2439 quia.

2839 2488 3066 2544 CAPUT
3103 2487 3194 2542 IV.

2305 2583 2452 2657 Vers.
2490 2583 2552 2657 1.
2576 2583 2722 2653 quod
2755 2602 2768 2635 ε
2801 2584 3064 2657 quoniam.
3086 2583 3224 2657 -—2.
3259 2584 3458 2657 instate
3482 2577 3780 2657 ;_vigi_lantes

2223 2655 2281 2711 in
2310 2671 2372 2710 ea
2404 2656 2456 2709 in
2493 2673 2505 2706 :
2536 2651 2723 2709 instate
2749 2673 2768 2719 ;
2799 2651 3074 2726 vigilantes
3124 2656 3195 2708 in.
3228 2684 3300 2694 —
3328 2655 3384 2709 6.
3439 2654 3550 2726 sale
3599 2651 3659 2704 sit
3683 2668 3695 2703 :
3717 2651 3777 2701 sit

2226 2727 2352 2782 sale.
2383 2756 2454 2767 —
2485 2727 2538 2781 7.
2587 2724 2902 2797 Τγοιιίουείε
2938 2725 3152 2781 Titicus.
3187 2756 3259 2766 —
3287 2741 3351 2780 ex
3383 2724 3552 2797 vobis
3581 2731 3689 2797 est;
3713 2727 3780 2772 est

2225 2815 2290 2854 ea:
2318 2798 2478 2852 vobis.
2499 2828 2570 2838 —
2597 2791 2684 2855 10.
2720 2799 2916 2852 salutat
2945 2816 2959 2851 :
2989 2798 3312 2851 salutant.—-
3331 2797 3419 2852 11.
3455 2795 3556 2849 mei
3591 2813 3601 2846 :
3629 2791 3779 2864 (Deest

2227 2871 2280 2924 in
2309 2869 2451 2943 cod.)
2475 2869 2653 2943 -—__12.
2683 2871 2832 2943 omni
2863 2889 2876 2922 :
2905 2871 3164 2943 omnibus.
3188 2899 3260 2910 ——
3280 2870 3375 2943 15.
3408 2867 3483 2921 illi
3511 2865 3774 2943 perhibeu:

2227 2936 2466 3010 perhibet)
2507 2940 2858 2994 illi.—Ibid.
2917 2952 2964 2995 et
3009 2941 3096 2996 15.
3149 2939 3462 2995 Laodicize:
3513 2936 3772 3010 Iaudocite.

2230 3006 2318 3070 16.
2366 3015 2418 3066 in
2452 3011 2862 3068 Laodicensium
2901 3030 2912 3064 :
2945 3012 3380 3066 Laudocensium.
3408 3039 3477 3050 -ο
3503 3007 3635 3063 Ibid.
3662 3006 3782 3060 Lao-

2227 3084 2530 3140 dicensium
2562 3102 2573 3136 :
2606 3083 3039 3138 Laudoeensium.
3065 3113 3136 3124 -—
3175 3083 3261 3138 18.
3298 3083 3482 3138 Gratia
3513 3080 3777 3134 vobiscum.

2228 3160 2400 3210 Amen
2430 3175 2442 3207 :
2469 3154 2652 3210 Gratia
2681 3155 2776 3209 Dei
2801 3156 3086 3222 vobiscum,
3117 3172 3288 3210 amen.
3322 3147 3776 3225 Explicit_Epistola

2229 3228 2298 3280 ad
2328 3226 2687 3292 Colossenses,
2716 3228 2907 3295 scripta
2931 3245 2964 3280 a
2986 3219 3170 3282 Roma.
3195 3230 3212 3294 (
3235 3225 3322 3279 Ita
3353 3219 3502 3278 habet
3530 3219 3773 3295 Exemplar

2239 3298 2422 3366 σουλ,
2438 3301 2491 3353 in
2511 3315 2612 3368 quo
2631 3289 2804 3353 statim
2821 3289 3052 3370 sequitur
3069 3289 3309 3369 Epistula
3323 3297 3390 3352 ad
3410 3289 3776 3358 Laodicenses.)

535 3397 3767 3433 _________________________________________.

1197 3483 1586 3545 EPISTOLA
1633 3485 1872 3546 PAULI
1916 3484 2021 3545 AD
2065 3481 2855 3548 THESSALONICENSES
2898 3482 3163 3545 PRIMA.

547 3605 703 3680 (Παῖς
729 3603 970 3679 Epistola
1011 3622 1114 3680 non
1150 3605 1367 3680 habetur
1408 3608 1502 3662 hoc
1551 3609 1662 3662 loco
1701 3610 1756 3680 in
1784 3610 1901 3664 cod.
1939 3608 2122 3678 60th.,
2151 3611 2197 3674 C
2302 3611 2697 3676 Argumentum
2724 3608 2778 3680 in
2811 3608 3036 3677 primam
3063 3605 3359 3680 Epistulam
3383 3602 3525 3680 Pauli
3549 3599 3608 3680 ad
3627 3596 3778 3680 Thes-

953 3679 1043 3733 sed
1068 3677 1284 3733 habetur
1313 3695 1430 3752 quia
1455 3679 1730 3752 sequitur.)

693 3769 941 3828 INCIPIT
974 3769 1315 3828 EPISTOLA
1344 3771 1433 3828 ΔΙ)
1460 3770 1956 3830 LAODICENSES.

615 3862 815 3918 Paulus
837 3880 941 3917 non
968 3863 1032 3933 ab
1059 3862 1353 3919 hominibus
1385 3881 1546 3933 neque
1595 3881 1685 3932 per
1713 3865 1992 3932 hominem,
2036 3868 2128 3920 sed

544 3951 638 4006 per
659 3933 921 4008 Christum
943 3932 1124 4008 Iesum
1147 3935 1392 4008 fratribus
1421 3932 1655 4008 qui_sunt
1683 3936 1986 4008 Laudociw;
2008 3953 2128 4008 gra-

540 4010 613 4059 tia
643 4005 784 4059 vobis
813 4014 859 4058 et
881 4022 984 4073 pax
1014 4023 1046 4059 a
1070 4005 1178 4059 Deo
1207 4005 1388 4072 Patre,
1419 4005 1468 4061 et
1496 4005 1719 4062 Domino
1744 4007 1872 4062 Iesu
1899 4005 2122 4063 Christo.

547 4076 759 4132 Gratias
789 4093 887 4147 ago
919 4075 1120 4158 Christo
1150 4095 1242 4148 per
1265 4095 1468 4132 omnem
1493 4080 1774 4134 orationem
1800 4080 2126 4158 meamquod

540 4159 897 4222 permanentes
925 4149 1046 4222 estis
1063 4149 1246 4222 ideo,
1292 4158 1338 4203 et
1367 4158 1764 4222 perseverantes,
1812 4149 2124 4222 promissum

537 4217 828 4292 spectantes
854 4218 908 4271 in
933 4217 1037 4292 die
1043 4218 1259 4292 judicii,
1292 4217 1454 4292 neque
1481 4221 1711 4275 destituit
1739 4217 1846 4288 vos,
1877 4239 2124 4292 quarunt-

539 4289 661 4344 dam
688 4289 1073 4362 vaniloquentia
1092 4289 1493 4362 insinuantiunt,
1519 4293 1607 4346 sed
1649 4301 1702 4345 ut
1727 4308 1813 4348 vos
1839 4289 2061 4347 evertant
2091 4310 2124 4346 a

540 4365 750 4434 veritate
782 4361 1070 4431 Evangelii,
1098 4361 1237 4431 quod
1263 4379 1295 4416 a
1316 4379 1393 4416 me
1432 4364 1744 4434 prazdicatur
1767 4380 1786 4417 :
1816 4374 1862 4418 et
1883 4381 2019 4419 nunc
2049 4368 2126 4434 [a-

543 4437 641 4490 ciet
671 4433 842 4507 Deus1
862 4444 919 4487 ut
943 4434 1030 4507 qui
1058 4441 1179 4507 sunt
1202 4449 1264 4487 ea:
1288 4451 1386 4507 me,
1422 4433 1720 4501 perveniant
1750 4434 1817 4488 ad
1838 4440 2122 4507 profectum

539 4507 766 4560 veritatis
799 4504 1090 4574 Evangelii,
1117 4504 1474 4571 deservientes,
1504 4513 1551 4558 et
1597 4504 1846 4576 facientes
1893 4506 2121 4576 benigni-

542 4588 720 4639 tatem,
752 4593 1060 4649 Operamque
1083 4576 1266 4631 salutis
1291 4577 1407 4631 vita:
1427 4587 1630 4649 ceterum
1661 4593 1680 4632 :
1706 4588 1753 4631 et
1773 4595 1908 4632 nunc
1947 4580 2119 4649 palam

539 4658 657 4703 sunt
689 4648 894 4702 vincula
923 4664 1055 4714 mea,
1076 4663 1190 4720 qua:
1213 4649 1379 4716 patior
1404 4649 1457 4702 in
1484 4646 1716 4720 Christo,
1748 4651 1803 4703 in
1828 4646 2008 4720 quibus
2030 4649 2121 4704 lte-

538 4728 620 4774 tor
639 4731 690 4793 et
714 4721 911 4792 gaudeo
929 4735 952 4793 γε
999 4730 1047 4772 et
1070 4718 1168 4772 hoc
1188 4721 1320 4793 mihi
1339 4730 1412 4774 est
1440 4723 1509 4774 ad
1537 4719 1754 4774 salutem
1798 4718 2116 4793 perpetuam,

539 4792 679 4862 quod
706 4795 875 4859 ipsum
905 4792 1082 4859 ﬂetum
1102 4792 1416 4846 orationibus
1437 4793 1615 4846 vestris
1635 4801 1712 4846 est
1732 4794 1798 4846 ad
1823 4793 2119 4846 ministran-

539 4870 641 4918 tem
662 4863 917 4933 Spiritum
937 4873 1169 4916 sanctum
1192 4879 1212 4929 ,'
1237 4863 1342 4916 sive
1361 4879 1450 4933 per
1474 4864 1625 4916 vitam
1645 4864 1748 4917 sive
1771 4880 1860 4932 per
1881 4875 2117 4930 mortem;

540 4945 615 4989 est
640 4931 774 4988 enim
813 4931 939 4986 mihi
968 4935 1131 5005 vivere
1151 4937 1254 4988 vita
1281 4935 1333 4988 in
1378 4931 1584 4988 Christo
1615 4942 1663 4989 ct
1688 4931 1818 4989 mori
1845 4936 2114 5005 gaudium,

540 5015 589 5059 et
617 5008 787 5067 ipsum
826 5005 880 5058 in
905 5004 1044 5058 vobis
1089 5007 1242 5075 faciet
1271 5006 1624 5060 misericordia
1649 5023 1766 5072 sua,
1799 5004 1861 5059 ut
1882 5009 2115 5062 eamdem
2143 5005 2194 5066 D

537 5077 863 5149 dilectionem
884 5075 1108 5130 habeatis
1130 5087 1174 5131 et
1189 5077 1302 5130 sitis
1331 5079 1618 5132 unanimes.
1643 5075 1806 5149 Ergo,
1834 5078 2106 5134 dilectissi-

534 5149 630 5216 mi,
659 5158 713 5201 ut
740 5146 958 5201 audistis
1008 5149 1329 5218 praesentiam
1369 5149 1486 5212 mei,
1531 5149 1602 5202 ita
1630 5146 1839 5203 retinete
1865 5159 1911 5202 et
1957 5151 2110 5217 facite

535 5236 651 5274 cum
680 5219 858 5272 timore
887 5218 1006 5284 Dei;
1034 5230 1082 5272 et
1102 5219 1200 5274 erit
1224 5221 1362 5273 vobis
1381 5221 1484 5274 vita
1504 5221 1558 5274 in
1583 5229 1850 5286 teternum,
1882 5232 1956 5275 est
1977 5224 2109 5275 enim

534 5290 677 5345 Deus
702 5291 792 5361 qui
819 5300 1061 5362 aperatur
1078 5291 1132 5344 in
1156 5289 1329 5358 vobis;
1352 5303 1398 5346 et
1423 5292 1578 5361 facite
1599 5293 1711 5346 sine
1737 5304 1904 5346 tractu
1943 5295 2107 5361 quod-

533 5377 747 5435 cumque
775 5362 978 5432 facitis;
1018 5370 1067 5417 et
1102 5362 1239 5431 quod
1271 5373 1368 5422 est.
1413 5364 1751 5432 dilectissimi,
1800 5365 2018 5435 gaudete
2058 5366 2112 5418 in

533 5431 744 5488 Christo
767 5449 786 5487 :
807 5442 854 5486 et
876 5444 1148 5501 praecavete
1167 5435 1403 5488 sordidos
1433 5436 1489 5489 in
1522 5435 1665 5489 lucro
1705 5431 1954 5489 homines.
1993 5436 2112 5490 Sint

533 5505 995 5577 petitionesvestrte
1005 5505 1179 5577 palam
1189 5507 1329 5573 apud
1345 5505 1530 5575 Deum,
1548 5516 1595 5561 et
1607 5517 1762 5561 estote
1781 5507 1917 5576 ﬁrmi
1931 5508 1985 5561 in
1999 5525 2118 5562 sen-

531 5593 597 5631 su
628 5574 819 5651 Christi
841 5593 856 5632 :
879 5585 926 5628 et
947 5574 1068 5651 quas
1081 5577 1302 5651 integra,
1326 5587 1373 5631 et
1396 5574 1532 5644 vera,
1555 5589 1602 5632 et
1626 5574 1834 5648 pudica,
1860 5591 1908 5632 et
1939 5581 2110 5651 justa,

532 5657 584 5703 et
607 5645 857 5720 amabilia
876 5657 1014 5720 sunt,
1041 5645 1232 5716 facile:
1257 5658 1303 5701 et
1333 5665 1446 5720 qua:
1468 5645 1707 5720 audistis,
1749 5659 1797 5703 et
1817 5645 2113 5718 accepistis,

539 5722 595 5773 in
619 5718 773 5786 corde
803 5717 1012 5773 retinete
1029 5715 1047 5782 ξ
1075 5727 1121 5771 et
1152 5719 1245 5772 erit
1269 5715 1409 5774 vobis
1443 5737 1563 5786 pax.
1590 5715 1836 5777 Salutant
1857 5715 1950 5774 vos
1988 5715 2116 5775 sani-

537 5787 607 5842 cti
619 5784 820 5862 ._Cratia
837 5787 1044 5862 Domini
1065 5791 1228 5862 nostri
1247 5787 1374 5846 Iesu
1387 5784 1580 5862 Christi
1595 5809 1710 5846 cum
1727 5794 1914 5862 spiritu
1925 5804 2112 5848 vestro.

545 5866 583 5909 et
622 5856 777 5922 facite
791 5855 891 5924 legi
911 5856 1284 5914 Colossensium
1298 5863 1456 5916 vobis.
1487 5860 1662 5918 Finis.

2231 3669 2600 3738 salonicenses
2636 3697 2649 3732 :
2676 3669 2826 3749 (Non
2845 3680 3054 3733 habetur
3074 3669 3129 3731 in
3166 3679 3412 3749 cod.)_—-
3445 3675 3535 3749 Lin
3560 3671 3607 3725 «1.
3635 3669 3778 3749 falsos

2230 3751 2530 3822 apostolos,
2556 3741 2693 3807 neci
2726 3751 2947 3821 (Desunt
2984 3751 3036 3805 in
3078 3741 3300 3821 cod.)—'
3320 3746 3436 3801 (λη.
3469 3748 3522 3802 6.
3554 3759 3637 3822 per
3663 3741 3773 3822 Titi:

2229 3808 2447 3880 chicum
2469 3808 2757 3879 diaconum
2787 3832 2843 3879 et
2862 3821 3175 3878 Onesimum
3205 3808 3481 3892 'acolytum
3512 3836 3523 3869 :
3549 3808 3775 3888 (Desunt)

2875 3935 3101 3994 CAPUT
3134 3936 3173 3991 I.

2313 4031 2455 4088 Vers.
2490 4035 2540 4089 1.
2572 4033 2684 4089 Pax
2717 4048 2732 4088 :
2764 4048 2867 4101 pan:
2908 4050 2942 4086 a
2970 4030 3080 4086 Deo
3109 4041 3254 4104 patre
3278 4040 3331 4104 et
3367 4028 3585 4104 Domino
3625 4029 3774 4104 nostro

2227 4102 2354 4178 Iesu
2375 4104 2599 4178 Christo.
2633 4135 2702 4146 —-
2722 4095 2939 4178 {spei}
2969 4113 3015 4157 et
3039 4095 3168 4172 spei.
3203 4133 3272 4142 —
3302 4103 3363 4178 5.Δ
3389 4103 3485 4178 sed
3516 4100 3604 4178 in:
3630 4095 3704 4178 sed
3736 4100 3774 4144 εἰ

2226 4177 2302 4230 in.
2334 4205 2408 4216 —
2445 4175 2584 4230 Ibid.
2616 4185 2671 4233 et
2705 4178 2754 4230 in
2789 4169 2993 4241 Spiritu
3025 4169 3216 4230 sancto
3251 4184 3306 4230 et
3351 4173 3403 4228 in
3437 4169 3770 4243 plenitudine:

2226 4255 2273 4302 et
2311 4247 2516 4320 Spiritu
2538 4259 2716 4303 sancto
2733 4257 2786 4303 et
2800 4247 3137 4317 plenitudine.

2851 4359 3080 4416 CAPUT
3117 4357 3187 4414 II.

2304 4452 2454 4509 Vers.
2484 4455 2538 4509 7.
2564 4469 2844 4524 possemus
2873 4453 3026 4510 vobis
3049 4452 3200 4509 oneri
3231 4471 3244 4505 :
3273 4452 3526 4525 possimus
3558 4445 3768 4526 oneri-j-

2225 4526 2280 4590 9.
2318 4527 2520 4581 laboris
2549 4519 2761 4590 nostri,
2815 4525 3050 4581 laborum
3099 4519 3418 4579 nostrorum.
3462 4551 3531 4564 --
3561 4519 3684 4590 Ibid.
3725 4519 3765 4568 in

2223 4597 2378 4652 vobis
2413 4615 2424 4650 :
2456 4596 2605 4668 (Non
2654 4589 2907 4652 habentur
2930 4599 2981 4650 in
3028 4597 3172 4666 cod.)
3197 4625 3263 4638 -—
3297 4595 3384 4652 15.
3417 4594 3547 4651 illud
3577 4611 3589 4649 :
3618 4589 3764 4661 (0865‘

2224 4671 2277 4723 in
2298 4669 2440 4740 cod.)
2462 4700 2532 4711 —
2560 4669 2647 4726 16.
2673 4669 2843 4726 salvi:
2880 4672 3058 4724 salvas.

2837 4782 3065 4841 CAPUT
3104 4783 3188 4838 lll.

2302 4873 2448 4931 Vers.
2487 4876 2543 4931 4.
2580 4876 3048 4949 ριιωάίοοιιαπιιιθίε
3076 4875 3505 4949 ρτωάίοαὸαηιιιε.
3529 4902 3595 4949 5-
3618 4872 3668 4949 ξ.
3693 4879 3766 4949 nl}-

2223 4957 2334 5003 ster
2365 4965 2378 5002 :
2407 4958 2661 5003 vester.—
2682 4949 2736 5004 6.
2764 4950 2950 5018 Iidem:
2976 4944 3154 5017 (Deest
3179 4950 3232 5001 in
3256 4947 3399 5018 cod.)
3424 4977 3494 4987 —-
3514 4948 3592 5002 11.
3618 4944 3766 5018 09ιηί-

2226 5033 2325 5072 nus
2356 5028 2540 5074 noster
2589 5020 2746 5075 Iesus
2773 5012 3020 5075 Christus
3059 5020 3257 5090 dirigat
3298 5039 3313 5072 ;
3352 5012 3615 5090 Dominus
3642 5012 3766 5068 Iesus

2219 5091 2426 5162 dirigat.
2461 5091 2548 5146 12.
2569 5091 2884 5148 charitatem
2916 5095 2967 5147 in
3000 5111 3011 5146 :
3042 5088 3346 5146 charitatem
3370 5100 3585 5146 vestram
3602 5088 3667 5142 in.

2847 5196 3072 5254 CAPUT
3111 5196 3199 5252 IV.

2303 5287 2449 5342 Vers.
2483 5288 2535 5342 1.
2569 5299 2816 5358 oporteat
2873 5305 3002 5361 \jos;
3034 5306 3120 5343 vos
3173 5297 3423 5361 oporteat.
3449 5285 3588 5340 -—2.
3619 5280 3759 5361 dede.

2219 5361 2322 5416 rim
2360 5377 2372 5414 :
2405 5354 2717 5416 dederimus.
2757 5389 2827 5402 —-
2875 5359 3018 5414 Ibid.
3079 5354 3261 5416 Jesu'm
3291 5377 3307 5416 :
3335 5372 3564 5414 nostrum
3612 5354 3762 5410 Iesum

2222 5430 2503 5488 Christum.
2529 5463 2598 5473 —
2623 5432 2676 5485 5.
2704 5432 2830 5487 11ωο
2851 5433 2993 5486 enim
3029 5451 3039 5484 :
3075 5431 3206 5486 Htec
3234 5441 3306 5486 est
3337 5433 3494 5488 enim.
3525 5459 3590 5506 —_—
3618 5429 3669 5481 l.
3690 5435 3760 5506 vis

2218 5520 2374 5559 suum
2410 5525 2421 5556 :
2448 5521 2602 5576 suum
2629 5519 2739 5558 vas.
2766 5532 2838 5544 —
2861 5506 2913 5559 6.
2943 5513 2997 5558 et
3042 5505 3231 5576 nequis
3257 5521 3294 5576 :_
3326 5513 3382 5556 ut
3415 5503 3603 5573 nequis.
3629 5503 3757 5576 —-.7-

2218 5575 2613 5630 immunditiam
2649 5594 2661 5628 :
2713 5575 3058 5629 immunditia.
3091 5602 3160 5616 —-
3185 5575 3239 5630 8.
3273 5574 3457 5645 Itaque
3511 5575 3596 5643 qui
3637 5589 3662 5645 :_
3701 5574 3755 5617 αα

2217 5648 2326 5730 qui.
2352 5677 2423 5686 —
2438 5645 2574 5702 Ibid.
2609 5647 2760 5730 nullis
2787 5648 2983 5729 :vobis.
3172 5648 3296 5730 ipse
3315 5643 3622 5730 enirnvos’a

2219 5715 2319 5785 ipsi
2341 5734 2472 5773 enim
2502 5736 2588 5772 vos
2618 5735 2649 5771 a
2675 5716 2918 5772 Domino.
2949 5748 3018 5758 ——
3047 5722 3130 5772 10.
3172 5717 3298 5772 illud
3331 5717 3509 5770 facitis
3535 5732 3548 5769 :
3579 5715 3756 5781 Ῑασὶαηε

2217 5790 2372 5844 illud.
2395 5820 2466 5829 —
2495 5791 2582 5845 11.
2613 5801 2705 5844 ut:
2739 5793 2757 5854 (_
2784 5787 2936 5844 Deest
2962 5791 3016 5842 in
3046 5788 3265 5857 cod.)——
3290 5790 3375 5843 15.
3411 5792 3460 5842 in
3507 5786 3716 5840 adventu
3743 5791 3752 5826 :

2219 5861 2274 5915 in
2313 5861 2602 5919 adventum.
2634 5891 2702 5903 —
2736 5859 2822 5916 17.
2855 5860 3214 5930 relinquimur
3241 5878 3254 5913 :
3286 5861 3636 5931 relinquemur.
