3912 6200
545 332 682 392 1087

1217 330 1567 392 APPENDIX
1607 332 1704 390 AD
1742 331 2033 391 DIVINAM
2069 333 2134 391 BI

2232 333 2584 394 [OTHECAM
2619 335 2683 395 S.
2722 336 3125 397 HIERONYII.

3677 339 3791 398 1088

550 448 940 527 circumpositio
955 488 972 527 ε
997 458 1106 527 aut
1144 449 1199 502 in
1226 446 1404 527 hobitu
1430 449 1848 527 vestimentorum
1875 459 2124 527 ornatus;
2152 455 2207 514 Α
2233 451 2475 527 tionibus
2482 469 2520 527 _:
2549 452 2778 527 et_sobrii
2805 454 2859 507 in
2888 454 3211 527 orationibus
3225 454 3517 527 vigilantes.
3547 484 3622 496 —
3638 453 3696 527 8.
3716 471 3796 510 au-

548 524 643 577 sed
668 519 776 576 ille.
800 550 869 560 —
888 519 1029 575 Ibid.
1054 520 1400 576 absconditus
1432 532 1513 576 est
1539 522 1719 576 cordis
1743 538 1758 576 :
1789 523 2124 577 absconditus

547 594 738 648 cordis.
762 622 834 633 —
862 589 1002 646 Ibid.
1044 592 1098 651 in
1129 600 1422 661 conspectu
1458 593 1590 647 Dei:
1620 602 1740 647 ante
1759 592 1946 647 Deum.
1969 623 2041 635 —
2067 596 2121 648 5.

547 674 639 719 et:
675 663 852 735 (Deest
897 665 952 716 in
1002 661 1154 734 cod.)
1179 694 1249 703 —
1277 661 1418 717 Ibid.
1441 675 1730 733 sperantes
1760 666 1813 719 in
1838 665 1983 721 Deo:
2012 681 2126 732 qua:

546 737 605 791 in
639 736 801 789 Deum
829 735 1117 807 sperobant.
1150 763 1223 776 —-
1252 735 1307 790 6.
1342 736 1480 807 sict_tt
1507 737 1642 791 Sara
1669 735 1956 791 obediebat
1980 754 1995 790 :
2025 738 2126 790 sic-

547 816 603 861 ut
644 815 692 861 et
738 804 874 863 Sara
915 804 1299 875 obsequebatur.
1325 804 1561 861 —Ibid.
1601 809 1736 862 estis
1780 826 1794 860 :
1849 816 2027 862 estote.
2057 838 2128 848 -—

548 877 689 935 Ibid.
728 879 1117 948 pertimentes:
1150 879 1404 933 timentes.
1426 908 1499 919 —
1536 879 1589 932 7.
1620 878 1904 934 inﬁrmiori
1937 894 2127 934 vascu-

548 952 645 1008 lo:
700 947 946 1024 inferiori
967 966 1123 1024 vaso.
1164 979 1236 991 —
1267 947 1403 1003 Ibid.
1457 951 1833 1019 impertientes
1874 968 1890 1009 :
1937 952 2125 1024 imper-

552 1018 857 1079 tientesf—
892 1018 1034 1076 Ibid.
1068 1020 1327 1076 honorem
1370 1018 1623 1085 tanquam
1650 1032 1706 1078 et
1749 1018 2128 1078 cohazredibus

548 1095 736 1166 gratia:
769 1093 931 1148 vita);
973 1092 1294 1166 (Adduntur
1320 1093 1375 1147 in
1401 1093 1519 1166 cod.
1546 1099 1564 1161 )
1595 1124 1663 1166 5—
1692 1093 1747 1147 8.
1803 1096 1855 1166 in
1892 1093 1999 1149 title
2028 1110 2124 1148 au-

550 1162 657 1221 iem
685 1181 700 1219 :
724 1166 778 1218 in
800 1162 1000 1218 summa
1028 1175 1197 1219 autem
1221 1163 1314 1217 rei.
1346 1194 1419 1205 —-
1437 1162 1577 1218 Ibid.
1603 1164 1959 1221 fraternitatis
1979 1181 2127 1219 ama-

550 1247 698 1293 tores
732 1253 748 1292 :
782 1237 1153 1307 fraternitatem
1186 1246 1434 1290 amantes.
1460 1265 1532 1277 —
1556 1236 1611 1291 9.
1647 1252 1747 1289 nec
1778 1255 1792 1291 :
1821 1237 1917 1290 vel.
1940 1267 2013 1276 —
2036 1238 2123 1291 10.

550 1309 671 1365 dies
689 1307 873 1363 videre
896 1307 1067 1362 bonos
1101 1325 1114 1361 :
1147 1308 1287 1377 cupit
1314 1308 1482 1362 videre
1502 1308 1612 1377 dies
1636 1308 1809 1362 bonos.
1828 1339 1898 1352 σ-
1930 1310 2017 1364 11.
2033 1308 2128 1363 De-

552 1380 715 1436 clinet
739 1395 769 1434 a
792 1378 933 1432 malo
959 1398 972 1432 ;
1001 1376 1235 1433 Declinet
1257 1387 1431 1435 autem
1452 1396 1485 1433 a
1510 1376 1675 1450 malo.
1702 1410 1774 1421 —
1797 1381 1886 1433 12.
1916 1381 1968 1434 in
2004 1395 2132 1450 pre:

552 1467 681 1506 ces:
710 1450 778 1504 ad
805 1465 996 1522 preces.
1022 1480 1096 1522 -τ
1125 1451 1213 1506 15.
1244 1460 1327 1505 est
1352 1452 1442 1520 qui
1466 1467 1481 1507 :
1531 1449 1761 1522 (Desunt
1794 1453 1849 1505 in
1873 1451 2029 1521 cod.)
2056 1480 2128 1492 --

554 1522 698 1578 Ibid.
744 1521 938 1576 noceat
958 1564 973 1588 ,
1004 1524 1049 1576 si
1080 1521 1206 1577 boni
1236 1521 1582 1578 aemulatores
1613 1522 1891 1577 fueritis?:
1926 1522 2125 1578 nocebit

552 1597 597 1649 si
646 1593 883 1648 bonitatis
930 1603 1203 1665 sectatores
1246 1594 1513 1665 fueritis].
1535 1622 1608 1636 —-
1635 1594 1723 1649 14.
1750 1594 1912 1649 beati.
1946 1594 2129 1649 Timo-

553 1681 668 1721 rem
695 1682 709 1718 :
740 1666 871 1719 beati
892 1666 1054 1720 eritis.
1085 1662 1302 1719 Metum.
1333 1695 1405 1706 —
1431 1662 1573 1719 Ibid.
1605 1675 1660 1721 et
1689 1682 1795 1720 non
1826 1684 1838 1718 :
1869 1682 2129 1721 neque.—

556 1739 645 1793 15.
674 1735 1135 1809 satisfactionem;
1191 1739 1592 1809 responsionem.
1633 1766 1705 1778 -
1741 1735 1881 1794 Ibid.
1924 1735 1992 1792 de
2022 1752 2125 1809 ea:

556 1808 621 1880 de
649 1809 751 1876 ﬁde
776 1816 823 1861 et
849 1824 956 1878 spe.
984 1838 1054 1849 -—
1076 1805 1214 1862 Ibid.
1249 1805 1346 1878 spe
1370 1825 1383 1861 :
1409 1809 1557 1880 (Non
1582 1820 1658 1863 est
1681 1811 1735 1862 iu
1766 1810 1906 1880 cod.)
1934 1839 2005 1849 —
2033 1808 2123 1864 16.

559 1853 617 1934 in
641 1853 707 1934 ἑο
738 1853 905 1947 «μιοᾶ
929 1853 1223 1935 dett-annui
1249 1853 1428 1933 Ἠιήὲ
1474 1853 2008 1947 satiassatias
2038 1853 2128 1934 ὲεῖζ
2156 1853 2205 1914 Β

558 1951 925 2004 lumnianlur:
976 1967 1069 2003 nec
1111 1951 1248 2020 quod
1286 1949 1561 2004 detrahunt
1601 1952 1664 2004 de
1690 1952 1847 2015 vobis,
1883 1962 2133 2019 tanquam

562 2023 626 2076 de
657 2020 1071 2091 malefactoribus
1090 2061 1105 2085 ,
1137 2022 1535 2092 _confundantur
1569 2021 1899 2092 infamantes.
1942 2051 2016 2062 —
2042 2021 2130 2079 17.

560 2102 623 2149 ut
649 2089 824 2148 bene:
853 2091 996 2147 bene.
1025 2122 1097 2132 -—
1125 2089 1265 2146 Ibid.
1300 2092 1548 2148 voluntas
1573 2089 1670 2147 Dei
1698 2094 1825 2148 velit
1850 2112 1862 2147 :
1901 2094 2017 2147 velit
2044 2109 2132 2146 vo-

556 2165 727 2219 luntas
758 2161 875 2217 Dei.
905 2193 975 2203 —
1003 2162 1089 2219 18.
1134 2163 1335 2218 nostris
1360 2182 1371 2218 :
1406 2164 1604 2234 (Deest
1628 2165 1683 2218 in
1709 2164 1852 2234 cod.)
1891 2194 1964 2205 —
1991 2162 2129 2218 Ibid.

556 2236 820 2291 oﬂ‘erret:
864 2235 1110 2289 adducat.
1141 2264 1209 2276 —-
1241 2236 1328 2292 19.
1383 2236 1464 2289 bis
1505 2234 1596 2305 qui
1636 2235 1689 2290 in
1726 2250 1947 2292 carcere
1981 2247 2133 2292 erant

556 2308 749 2377 Spiritu
776 2307 1001 2361 veniens
1034 2325 1047 2360 :
1080 2308 1152 2361 eis
1176 2308 1266 2378 qui
1291 2308 1345 2361 in
1372 2323 1573 2361 carcere
1597 2307 1827 2362 conclusi
1851 2318 1995 2363 erant
2027 2308 2134 2374 spi-

556 2378 797 2433 ritalibus
833 2378 1135 2434 adveniens.
1168 2408 1239 2419 —
1264 2378 1357 2435 20.
1391 2378 1610 2449 quando
1643 2380 1999 2448 expectabant
2036 2378 2133 2436 Dei

557 2451 872 2521 patientiam
902 2467 915 2502 :
948 2466 1111 2521 quum
1133 2460 1383 2519 spectaret
1411 2448 1517 2504 Dei
1545 2451 1812 2520 patientia.
1845 2451 2021 2507 —21.
2055 2452 2132 2504 la-

553 2520 629 2577 Cit
655 2538 671 2579 :
697 2523 840 2593 fecit.
870 2553 938 2563 —
967 2520 1107 2576 Ibid.
1133 2523 1188 2577 in
1225 2524 1429 2577 Deum:
1460 2521 1530 2575 ad
1556 2521 1743 2578 Deum.

1159 2614 1385 2671 CAPUT
1427 2614 1517 2671 IV.

637 2709 777 2765 Vers.
805 2709 859 2764 1.
888 2722 1051 2782 passo
1085 2709 1138 2763 in
1179 2722 1393 2782 carne_:
1418 2710 1470 2764 in
1500 2724 1655 2765 carne
1683 2726 1855 2782 passo.
1886 2740 1957 2753 -—
1994 2709 2131 2766 Ibid.

554 2782 928 2852 cogitatione:
961 2779 1215 2853 Socientia.
1252 2779 1406 2853 --_2.
1443 2779 1741 2853 desyderiis
1792 2783 2069 2838 hominum
2119 2803 2131 2836 :

553 2851 817 2924 hominum
849 2852 1152 2924 desyderiis.
1200 2882 1272 2894 —-
1316 2851 1456 2906 Ibid.
1498 2851 1763 2924 voluntati
1796 2872 1810 2908 :
1846 2855 2131 2909 voluntate.

549 2954 620 2965 -—
648 2923 697 2977 5.
732 2923 985 2980 Gentium
1032 2941 1045 2977 :
1091 2925 1373 2978 hominum.
1408 2955 1479 2965 —
1516 2923 1655 2979 Ibid.
1696 2926 1779 2981 his
1808 2945 1822 2981 :
1861 2926 2051 2993 (Deest
2080 2930 2135 2981 in

548 2994 703 3080 cod.)
738 3026 811 3080 :-
839 2994 979 3080 Ibid.
1009 2995 1064 3049 in
1094 2995 1321 3078 luxui-iis
1344 2996 1737 3080 .Jdesyderiis,
1780 2999 2094 3080 vinolentiis
2118 3015 2133 3054 :

547 3066 879 3130 libidinibus,
928 3076 981 3122 et
1020 3068 1479 3138 concupiscentiis,
1501 3066 1574 3122 ἐι
1602 3069 1864 3124 ebrietate.
1896 3098 1968 3111 —-
1993 3071 2045 3126 4.
2080 3070 2135 3125 in

548 3153 658 3206 quo
695 3139 1040 3193 admirantur
1076 3152 1181 3193 non
1218 3140 1672 3196 concurrentibus
1712 3141 1867 3196 vobis
1898 3144 1951 3196 itt
1980 3157 2131 3197 eam-

2232 532 2338 577 tem
2374 540 2389 576 :
2420 522 2569 606 (Non
2589 524 2806 606 habetur
2914 526 3060 606 cod.)
3081 557 3154 568 —
3180 522 3793 606 Ibid._v_obi_sntetinsis_:

2228 594 2582 668 vosmetipsos.
2610 626 2681 636 -—
2720 594 2864 652 Ibid.
2906 599 3216 652 continuam
3270 614 3286 654 :
3331 597 3628 680 (Ita-habet
3668 598 3797 654 lectio

2228 677 2407 731 vetns;
2433 666 2622 720 modo:
2660 670 3031 735 perpetuam.)
3057 698 3130 710 —
3150 668 3287 724 Ibid.
3312 680 3492 735 operit
3520 688 3535 723 :
3568 671 3797 735 cooperit.

2310 682 2407 731 ns;
2433 682 2622 720 moao:
2660 682 2994 735 perpetuam.
3014 682 3031 735 )
3057 698 3130 710 —
3150 682 3287 724 Ibid.
3312 682 3492 737 operit
3520 688 3535 723 :
3568 682 3797 737 cooperit.

2228 687 2407 731 vetus;
2433 687 2622 720 moao:
2660 687 2994 735 perpetuam.
3014 687 3031 735 )
3057 698 3130 710 --
3150 687 3287 724 tota.
3312 687 3492 737 operit
3520 688 3535 723 :
3568 687 3797 740 cooperit.

2225 768 2297 778 —
2322 738 2409 793 11.
2444 739 2722 793 ministrat
2752 757 2764 792 :
2810 740 3160 796 administrat.
3194 772 3266 782 —
3292 740 3438 796 Ibid.
3467 741 3800 799 administrat

2230 811 2370 864 Deus
2400 826 2413 861 :
2442 810 2851 885 administrat
2883 812 3052 885 Deus.
3076 842 3149 854 -—
3178 811 3318 885 Ibid.
3352 813 3639 881 imperium
3672 831 3686 865 :
3715 828 3801 885 po.

2230 890 2387 935 testas
2413 891 2460 955 et
2482 882 2660 955 virtus.
2682 911 2753 922 —-
2773 881 2914 937 Ibid.
2939 899 3098 939 amen
3129 903 3147 955 ζ
3169 883 3348 954 (Deest
3368 885 3428 938 in
3455 885 3603 955 cod.)
3623 914 3691 925 —
3716 881 3798 940 η.

2233 954 2567 1026 peregrinari
2602 971 2615 1005 :
2646 969 2996 1026 expavescere.
3028 984 3100 997 -—
3124 954 3270 1011 Ibid.
3304 956 3387 1025 ﬁt,
3410 954 3608 1026 quasi:
3635 958 3690 1023 fit
3718 971 3801 1009 no-

2230 1023 2319 1097 lite
2359 1039 2540 1097 pavere
2560 1065 2574 1089 ,
2612 1023 2781 1095 quasi.
2811 1055 2884 1067 —-
2905 1025 2993 1081 14.
3027 1028 3179 1083 eritis
3209 1046 3224 1082 :
3255 1023 3396 1085 estis.
3431 1023 3504 1069 l—
3532 1025 3668 1081 Ibid.
3694 1027 3802 1097 glo-

2229 1094 2328 1169 ria:
2361 1095 2557 1169 :(lVon
2584 1094 2741 1169 estin
2769 1097 2913 1168 cod.)
2942 1127 3013 1140 -
3046 1098 3180 1153 Ibid.
3212 1100 3525 1169 requiescet
3554 1118 3566 1151 ε
3592 1094 3802 1168 requies-

2228 1167 2296 1219 cit
2325 1168 2462 1236 quod
2505 1166 2569 1220 ab
2612 1167 2720 1221 illis
2748 1166 2957 1238 quidem
2994 1166 3355 1237 blaslematur,
3395 1187 3429 1223 a
3467 1170 3605 1224 vobis
3640 1166 3801 1223 autem

2230 1238 2622 1308 honoriﬁcatur.
2652 1268 2723 1281 —-
2752 1241 2845 1296 15.
2878 1249 2935 1294 ut
2957 1242 3223 1297 homicida
3261 1261 3274 1295 :
3306 1260 3410 1309 qua
3435 1240 3701 1295 homicida.
3734 1268 3800 1281 —-

2232 1309 2319 1364 16.
2350 1311 2399 1385 si
2422 1324 2607 1385 autem
2631 1321 2689 1365 ut
2715 1327 2731 1365 :
2762 1311 2953 1385 siorero
2983 1314 3151 1385 quasi.
3185 1342 3255 1385 έ-
3290 1314 3381 1368 17.
3422 1324 3508 1367 est
3542 1321 3597 1368 ut
3614 1331 3643 1385 _:
3673 1310 3799 1384 (De-

2228 1394 2347 1455 sunt
2381 1381 2434 1434 in
2449 1381 2616 1455 _cod.)
2654 1412 2728 1455 -+
2775 1380 2916 1436 Ibid.
2967 1380 3189 1455 incipiat
3222 1384 3491 1452 judicium
3526 1400 3555 1437 a
3596 1380 3749 1438 domo
3781 1399 3797 1438 :

2228 1451 2571 1526 inchoationis
2595 1451 2801 1524 'judicii
2826 1455 2891 1508 de
2918 1451 3095 1510 domo:
3124 1487 3193 1496 —-
3215 1455 3355 1512 Ibid.
3399 1456 3631 1526 primum
3665 1473 3680 1509 :
3707 1455 3799 1507 ini-

2230 1525 2379 1576 tium.
2402 1553 2473 1563 —
2503 1522 2644 1578 Ibid.
2677 1526 2908 1581 credunt
2938 1545 2953 1579 :
2987 1528 3336 1583 crediderunt.
3366 1522 3438 1568 ὲ
3470 1528 3559 1582 18.
3590 1526 3802 1581 salvebi-

2231 1603 2348 1661 tur;
2384 1596 2583 1668 impius
2608 1609 2664 1651 et
2692 1607 2955 1666 peccotor
2994 1599 3083 1653 ubi
3116 1599 3423 1668 parebunt?
3453 1601 3633 1668 Itaque
3666 1615 3680 1648 :
3707 1598 3801 1651 sal-

2229 1682 2322 1720 vus
2360 1666 2418 1735 ﬁt
2444 1674 2684 1743 peccator
2704 1677 2753 1722 et
2780 1670 2970 1743 impius
2991 1670 3078 1724 ubi
3100 1666 3298 1743 parebit
3313 1671 3339 1725 2
3362 1666 3614 1741 Ideoque.
3638 1699 3705 1710 —
3722 1668 3799 1726 19.

2231 1738 2614 1795 commendent
2649 1757 2662 1794 :
2693 1741 3073 1796 commendant.

2843 1835 3073 1893 CAPUT
3114 1836 3182 1894 ν.

2318 1926 2543 2003 Vers.1.
2573 1931 2664 2001 qui
2708 1947 2723 1986 :
2757 1928 2913 2003 (Non
2957 1941 3030 1986 est
3068 1932 3127 1986 in
3171 1928 3324 2003 cod.)
3354 1959 3428 1971 —
3454 1927 3596 1984 Ibid.
3628 1928 3803 2003 gloria:

2236 2000 2663 2072 communicator
2691 2021 2702 2056 :
2733 2000 3012 2072 gloria.—
3035 2003 3089 2059 5.
3124 2014 3181 2056 ut
3200 2000 3547 2058 dominantes
3578 2004 3633 2057 in
3652 2002 3804 2058 cleris

2237 2071 2333 2127 sed
2366 2070 2553 2146 forma:
2584 2075 2707 2146 lacti
2735 2070 2914 2143 gregis
2940 2089 3009 2128 ex
3050 2075 3255 2129 animo.
3289 2073 3455 2144 (vers.
3484 2072 3563 2146 4.)
3599 2073 3664 2128 Et
3691 2088 3801 2129 cum

2235 2143 2550 2216 apparuerit
2591 2145 2844 2215 princeps
2883 2158 3162 2213 pastorum
3187 2187 3203 2210 ,
3246 2143 3555 2216 percipietis
3592 2146 3802 2199 immar—

2236 2214 2536 2287 cessibilem
2573 2217 2767 2284 :quasi
2788 2214 3118 2287 dominantes
3154 2218 3209 2270 in
3239 2214 3468 2282 clerum,
3513 2216 3604 2272 sed
3648 2217 3801 2287 forma

2236 2286 2362 2357 facti
2382 2288 2520 2358 gregi
2547 2304 2612 2341 ex
2638 2289 2835 2342 animo.
2868 2286 2935 2342 Ut
2959 2304 3078 2342 cum
3106 2289 3410 2360 apparuerit
3432 2286 3670 2358 princeps
3700 2289 3829 2355 pas!

2237 2367 2405 2432 torum
2448 2360 2750 2432 percipiatis
2792 2359 2941 2413 illam
2975 2361 3215 2432 ﬂoridam
3245 2370 3295 2432 et
3322 2359 3799 2432 immarcessibiletn.

2234 2458 2307 2468 —
2345 2428 2398 2483 5.
2446 2430 2802 2502 humilitatem
2844 2428 3117 2502 insinuate
3145 2448 3159 2483 :
3190 2431 3413 2502 quietem
3456 2441 3504 2485 et
3549 2430 3804 2485 humilita-

2236 2508 2338 2553 tem
2367 2501 2527 2555 animi
2551 2501 2771 2555 induite.
2800 2532 2871 2542 —
2897 2501 3037 2557 Ibid.
3066 2501 3245 2558 autem
3286 2520 3301 2555 :
3350 2501 3536 2569 (Deest
3573 2503 3633 2556 in
3673 2502 3801 2567 cod.)

2234 2572 2385 2645 —76.
2417 2574 2619 2645 potenti
2644 2588 2660 2627 :
2681 2573 2778 2628 illa
2796 2575 3170 2645 potentissima.
3193 2604 3263 2615 —-
3289 2571 3430 2645 Ibid.
3456 2573 3801 2645 visitationis:

2234 2643 2542 2698 uisitationis
2564 2661 2693 2698 suas.
2721 2643 2868 2701 —'8.
2896 2657 2949 2700 et
2982 2662 2996 2698 :
3026 2644 3205 2714 (Deest
3229 2646 3282 2698 iu
3306 2644 3454 2716 cod.)
3475 2644 3618 2716 +9.
3646 2646 3806 2700 scien-

2237 2724 2319 2770 tes
2351 2716 2597 2771 eamdem
2648 2718 2956 2784 passionem
2999 2717 3050 2771 ei
3091 2732 3212 2783 qua:
3242 2717 3296 2770 in
3325 2715 3528 2771 mundo
3552 2724 3672 2781 est,
3698 2729 3806 2769 ves-

2239 2796 2338 2841 tra:
2365 2785 2693 2842 fraternitati
2721 2787 2837 2844 ﬁeri
2868 2805 2885 2844 :
2912 2787 3045 2842 nihil
3075 2796 3301 2841 verentes
3323 2833 3337 2857 ,
3371 2791 3586 2841 scientes
3616 2789 3805 2841 easdem

2238 2859 2502 2926 passiones
2528 2861 2581 2912 in
2612 2861 2771 2923 omni,
2806 2876 2923 2930 quae
2951 2868 3023 2914 est
3050 2862 3103 2913 in
3122 2860 3338 2927 mundo,
3368 2858 3689 2928 fraternitate
3710 2875 3805 2930 ves-

2238 2938 2339 2994 tra,
2369 2930 2504 3000 ﬁeri.
2527 2958 2598 2972 ——
2622 2930 2707 2986 10.
2728 2927 3088 2999 conﬁrmabit,
3114 2930 3499 3000 sntidabitque.
3525 2930 3682 2998 (vers.
3701 2927 3800 2999 11.)

2239 3001 2345 3067 lpsi
2387 3002 2559 3071 gloria
2603 3012 2659 3057 et
2703 3001 3031 3073 imperium:
3062 3012 3109 3055 et
3139 3001 3507 3073 consummabit
3544 3000 3804 3073 fundabit-

2236 3089 2365 3146 que;
2392 3074 2477 3126 cui
2503 3083 2576 3146 est
2600 3074 2760 3129 virtus
2784 3071 2834 3129 et
2861 3083 3103 3146 potestas.
3133 3071 3565 3146 -—-12.Aﬁdele_ut
3597 3072 3801 3127 fratrem

2238 3142 2454 3217 vobis:
2485 3144 2623 3198 vobis
2655 3142 2872 3217 fidelem
2897 3147 3131 3217 fratrem.
3176 3174 3248 3185 -
3284 3143 3447 3217 Ibid._
3468 3142 3758 3217 obsecrans
3788 3160 3799 3193 :

546 3208 668 3311 dein
693 3211 917 3264 luxuria:
946 3210 1320 3293 confusionem
1356 3230 1368 3264 :
1403 3212 1462 3311 in
1487 3212 1667 3311 qu'ibus
1696 3229 1835 3296 nunc
1864 3214 2131 3311 obstupes-
2156 3246 2203 3311 ε
2241 3214 2534 3311 cpnsplans.
2557 3208 3007 3311 —15..Ectcl'esia
3038 3228 3277 3311 quaest
3322 3218 3378 3299 in
3416 3214 3694 3311 Babylone
3719 3228 3801 3269 co-

545 3290 665 3334 cunt
690 3298 791 3336 non
813 3298 1119 3353 consurgere
1142 3299 1229 3336 vos
1250 3284 1307 3336 in
1338 3283 1515 3338 eadem
1542 3284 1763 3339 luxuries
1803 3283 2125 3353 confusione.

543 3381 615 3395 -—
643 3352 695 3409 6.
728 3354 974 3407 homines
1004 3351 1023 3406 Ξ
1065 3351 1346 3411 hominem.
1380 3384 1453 3396 ——
1482 3356 1533 3410 7.
1575 3365 1631 3411 et
1676 3351 1980 3425 vigilate'in
2009 3372 2128 3412 ora-

2234 3287 2409 3359 electa
2441 3303 2455 3341 :
2487 3303 2603 3359 qua:
2630 3297 2707 3344 est
2736 3290 2790 3342 in
2824 3286 3089 3359 Babylone
3134 3286 3369 3344 Ecclesia
3414 3290 3710 3342 cumelecta.
3744 3314 3800 3327 --

2236 3357 2323 3413 14.
2354 3357 2538 3414 Gratia
2572 3374 2587 3412 :
2614 3376 2739 3432 pax.

524 3459 3790 3488 MM

1409 3520 1797 3583 EPISTOLA
1840 3524 2074 3586 PETRI
2116 3525 2506 3590 APOSTOLI
2550 3528 2933 3593 SECUNDA.

537 3626 911 3697 Argumentum
940 3625 994 3679 in
1033 3623 1324 3686 Epistolam
1359 3623 1632 3697 secundum
1656 3622 1736 3697 AB.
1785 3623 1931 3680 Petri
1992 3642 2124 3695 apo-

606 3695 697 3754 toli
715 3740 730 3766 ,
759 3696 945 3755 Simon
974 3697 1165 3753 Petrus
1185 3741 1201 3767 ,
1235 3709 1330 3751 etc.
1378 3711 1396 3750 :
1448 3696 1469 3767 (
1494 3695 1619 3751 Non
1643 3695 1856 3752 habetur
1890 3699 1945 3752 iu
1974 3696 2118 3771 cod.)

1175 3785 1403 3843 CAPUT
1441 3786 1483 3842 l.

615 3883 765 3940 Vers.
799 3886 853 3939 1.
884 3883 1076 3940 Sortiti
1099 3892 1227 3954 sunt
1255 3881 1413 3938 ﬁdem
1436 3883 1490 3937 in
1516 3881 1727 3949 justitia
1760 3901 1772 3936 :
1805 3883 1978 3954 adepti
1998 3893 2118 3939 sunt

543 3956 718 4027 ﬁdem,
751 3956 1022 4027 iustitiam.
1051 3953 1193 4007 —2.
1228 3955 1535 4027 cognitione
1558 3972 1576 4027 λε
1608 3957 2014 4027 regeneratione.
2045 3984 2115 3997 —--

544 4026 597 4079 5.
648 4023 920 4095 quomodo
970 4044 982 4079 :
1029 4027 1179 4079 sicut.
1219 4055 1293 4067 —
1330 4023 1467 4079 Ibid.
1520 4023 1813 4094 pietatem,
1867 4029 2113 4082 donata:

538 4100 779 4168 pietatem
809 4097 1086 4169 pertinent,
1111 4096 1326 4169 donata.
1366 4126 1424 4137 -
1448 4095 1588 4152 Ibid.
1612 4099 1704 4166 qui
1734 4098 1947 4153 vocavit
1967 4114 2070 4154 nos
2100 4116 2113 4153 :

543 4166 879 4243 quia__vocavit
904 4185 996 4221 nos
1025 4169 1101 4221 in.
1141 4196 1207 4206 —
1236 4166 1290 4219 4.
1331 4177 1444 4227 est.
1490 4171 1914 4243 corruptionem.
1947 4169 2113 4243 (vers.

542 4240 633 4310 5.)
661 4240 766 4313 Vos
793 4247 970 4313 autem
1000 4253 1190 4313 curam
1222 4255 1237 4293 :
1270 4246 1344 4313 est
1382 4240 1804 4313 concupiscentia:
1832 4240 2121 4313 corruptio-

542 4309 678 4366 nem.
714 4311 820 4367 Sed
843 4323 890 4365 et
912 4326 999 4365 vos
1036 4309 1435 4364 solicitudinem.
1471 4339 1542 4348 —
1561 4310 1700 4363 Ibid.
1729 4321 1905 4366 autem
1937 4330 1950 4365 :
1978 4309 2116 4367 vero.

543 4413 614 4424 -—
640 4383 694 4439 6.
723 4383 1103 4438 abstinentiam
1142 4381 1197 4436 in
1239 4382 1567 4435 abstinentia
1607 4400 1619 4434 :
1660 4384 2024 4437 continentiam
2067 4385 2121 4439 in

548 4456 877 4510 continentia.
909 4483 979 4494 --
1016 4456 1070 4507 'l.
1113 4463 1291 4508 autem
1326 4471 1338 4505 :
1368 4467 1506 4507 vero.
1534 4482 1607 4493 --
1639 4452 1693 4508 8.
1744 4454 1791 4508 si
1840 4454 2118 4509 vobiscum

549 4528 719 4581 assint
751 4543 765 4577 :
799 4542 917 4580 cum
955 4525 1096 4581 vobis
1142 4535 1316 4594 presto
1355 4526 1480 4578 sint.
1506 4524 1685 4579 —11.
1720 4526 1934 4580 Domini
1961 4543 1973 4577 :
2001 4524 2117 4581 Dei.

546 4626 619 4639 —
649 4599 734 4653 12.
770 4599 1017 4666 incipiam
1060 4612 1156 4651 vos
1192 4612 1406 4667 semper
1438 4611 1785 4652 commonere
1819 4596 1890 4652 de
1919 4597 2035 4661 his;
2065 4605 2121 4653 et

546 4669 762 4741 quidem
790 4640 1024 4725 scibntes
1043 4640 1466 4724 etconﬁrthatos
1490 4684 1586 4722 vos
1618 4669 1672 4722 in
1706 4687 1717 4721 :
1751 4684 1853 4722 non
1880 4640 2118 4736 diﬁciam
2145 4640 2200 4702 Β

547 4759 744 4813 semper
763 4756 1088 4796 commonere
1115 4756 1200 4813 vos
1225 4741 1291 4793 de
1320 4742 1430 4806 Itis;
1459 4749 1507 4793 et
1532 4741 1737 4809 quidem
1782 4744 2030 4809 scientes,
2072 4752 2120 4813 et

548 4811 903 4868 corroboratos
925 4814 999 4867 in.
1027 4811 1205 4866 -15.
1243 4813 1588 4869 tabernaculo
1614 4829 1627 4865 :
1662 4826 1893 4882 corpore.
1925 4840 1997 4852 -—
2025 4812 2113 4868 14.

548 4886 705 4939 velox
739 4896 823 4941 est
850 4885 1118 4951 depositio
1151 4883 1479 4939 tabernaculi
1513 4899 1527 4937 :
1558 4882 1876 4939 velocissima
1904 4883 1999 4937 erit
2020 4884 2116 4938 de-

546 4959 734 5029 positio
762 4958 1008 5027 corporis.
1035 4985 1108 4996 —
1125 4956 1212 5010 15.
1235 4968 1290 5010 et
1312 4959 1622 5024 frequenter
1653 4955 1976 5029 haberevos
1997 4965 2119 5024 post

547 5025 753 5084 obitum
784 5025 963 5083 meum
990 5039 1089 5091 ut,
1124 5029 1313 5093 horum
1345 5044 1358 5080 :
1391 5038 1447 5081 nt
1472 5028 1759 5098 frequenter
1783 5025 1967 5080 habere
1994 5044 2115 5098 pos-

543 5102 675 5167 sitis,
700 5102 857 5155 etiam
876 5108 988 5171 post
1020 5099 1211 5153 obitum
1239 5114 1442 5163 meum,
1472 5099 1526 5171 in
1555 5114 1657 5171 quo
1685 5097 1890 5153 horum.
1923 5128 1994 5139 —
2025 5098 2111 5154 16.

544 5172 791 5247 inductas
840 5168 1300 5247 {commeantium
1340 5198 1407 5212 -
1461 5168 1599 5247 Ibid.
1626 5171 2113 5247 __pt_'mscientiat_n_;

542 5245 893 5319 prtesentiam.
921 5272 991 5319 —_—-
1018 5242 1165 5319 Ibid.
1193 5241 1338 5297 illius
1362 5241 1768 5313 magnitudinis.
1800 5242 2116 5319 (vers._17.)

544 5314 831 5389 Accipiens
873 5316 1022 5389 enim
1064 5329 1093 5368 a
1134 5315 1246 5389 Deo
1285 5323 1437 5389 patre
1468 5321 1725 5389 honorem
1762 5324 1818 5368 et
1842 5314 2114 5389 gloriam,

542 5383 926 5458 voce'delapsa
956 5386 1025 5440 ad
1054 5402 1177 5443 eum
1212 5385 1587 5457 hujuscemodi
1616 5400 1645 5439 a
1676 5383 1959 5454 tnagnitica
1995 5386 2111 5453 glo-

543 5464 646 5529 ria,
684 5460 781 5515 ch
804 5472 886 5514 est
912 5458 1049 5514 ﬁlius
1075 5473 1223 5514 meus
1247 5459 1475 5513 dilectus
1508 5461 1560 5513 in
1585 5475 1692 5529 quo
1719 5460 1848 5513 mihi
1877 5459 2116 5525 compla-

536 5538 621 5589 cui
654 5552 666 5587 :
694 5534 863 5599 ipsius
887 5532 1273 5602 magnitudinis.
1312 5530 1521 5598 Accepit
1562 5531 1697 5585 enim
1735 5547 1769 5585 a
1817 5530 1920 5584 Deo
1968 5540 2110 5599 patre

537 5608 756 5677 gloriam
795 5614 843 5659 et
884 5602 1135 5677 honorent
1156 5620 1275 5658 voce
1316 5605 1489 5658 delata
1516 5604 1585 5659 ad
1611 5621 1760 5672 eum,
1813 5604 2109 5676 hujusmodi

536 5674 1057 5759 inagniﬁcdgloriq',‘
1083 5675 1187 5759 ie
1215 5686 1293 5730 est
1313 5676 1624 5759 ﬁliusnmeus
1649 5674 1889 5759 dilectus:
1916 5678 1970 5731 in
2006 5692 2108 5759 quo

534 5746 653 5801 bene
690 5746 853 5801 sensi.
876 5773 948 5828 τ-
979 5746 1114 5801 Ibid.
1146 5746 1320 5817 ipsmn
1353 5748 1537 5805 audite
1562 5748 1624 5874 τό
1641 5747 1836 5804 Desunt
1870 5750 1924 5803 in
1955 5746 2106 5823 cod.)

534 5816 710 5871 -19,
766 5816 1058 5870 lirtntoretn
1094 5836 1108 5869 :
1139 5830 1355 5872 certum.
1391 5847 1460 5858 -—
1504 5819 1585 5874 Ibi
1634 5861 1645 5873 .
1696 5821 2037 5874 attendentes
2090 5839 2103 5873 :

527 5843 599 5855 -—-
627 5816 710 5871 i9.
766 5816 1058 5870 ﬁrmiorem
1094 5836 1108 5869 :
1139 5816 1355 5872 certum.
1391 5847 1460 5858 -—-
1504 5816 1645 5874 Ibid.
1696 5821 2037 5877 attendentes
2087 5816 2103 5873 Ξ

524 5883 867 5941 intcndentes.
900 5914 969 5923 -—
1000 5883 1137 5940 Ibid.
1188 5888 1481 5958 caliginoso
1517 5908 1529 5943 :
1569 5890 1817 5963 caligoso.
1865 5921 1933 5931 —
1963 5889 2104 5948 Ibid.

2228 3628 2500 3704 elucescat
2532 3648 2545 3683 :
2583 3632 2826 3704 lucescat.
2870 3662 2942 3672 —
2981 3629 3094 3704 20._
3124 3632 3417 3704 prophetia
3466 3634 3741 3704 scriptura:
3783 3649 3796 3688 :

2224 3701 2520 3778 prophetia,
2548 3701 2947 3778 v_el_scripturte.
2973 3733 3043 3778 -ξ
3064 3701 3208 3758 Ibid.
3235 3701 3431 3778 nontit
3461 3723 3475 3759 :
3500 3701 3711 3778 indiget.
3733 3733 3795 3744 —

2221 3772 2312 3826 21.
2341 3774 2610 3845 ittspirati,
2635 3772 2797 3829 locuti
2827 3787 2953 3829 sunt
2986 3777 3315 3849 :inspirante
3340 3775 3499 3830 locuti
3520 3772 3640 3831 sunt
3661 3793 3787 3832 eunt.

2846 3865 3073 3924 CAPUT
3111 3867 3176 3925 ll.

2300 3956 2447 4012 Vers.
2498 3958 2549 4013 1.
2594 3958 2943 4016 introducent
2990 3976 3004 4013 :
3057 3959 3499 4015 subintroducent.
3546 3987 3617 4000 -—
3654 3957 3787 4014 Ibid.

2226 4030 2512 4085 Dominum
2564 4041 2799 4101 negant;
2850 4046 3014 4099 super
3054 4032 3315 4101 ducentes
3358 4050 3373 4087 :
3420 4029 3790 4087 Dominatoreat

2224 4101 2564 4172 abnegantes;
2579 4100 2961 4172 Asuperducent.
2983 4132 3055 4143 —
3075 4100 3132 4155 4.
3157 4102 3481 4160 rudentibus
3504 4120 3517 4156 :
3544 4102 3789 4157 mentibus

2225 4170 2450 4227 Catenis.
2471 4201 2543 4213 —-
2566 4170 2708 4227 Ibid.
2740 4174 3065 4229 cruciandos
3097 4175 3148 4228 in
3183 4173 3451 4240 judicium
3484 4175 3744 4231 reservari
3770 4190 3782 4224 :

2225 4245 2277 4299 in
2316 4243 2578 4314 judicium
2619 4246 2873 4299 reservari
2918 4245 3247 4301 cruciandos.
3276 4275 3348 4286 ——
3370 4247 3426 4302 5.
3459 4246 3741 4315 impiorum
3771 4260 3783 4295 :

2225 4332 2383 4387 super
2423 4318 2631 4387 impios.
2659 4344 2731 4357 —-
2759 4317 2811 4371 7.
2842 4316 3038 4385 injuria
3084 4333 3144 4372 ac
3186 4317 3465 4372 luxuriosa
3514 4330 3785 4387 conversa-

2227 4386 2374 4442 tione
2399 4386 2598 4453 eripuit
2643 4405 2655 4439 :
2705 4387 2969 4454 impudica
3019 4391 3406 4444 conversatione
3434 4390 3586 4445 eruit.
3629 4417 3696 4429 -—
3734 4386 3782 4442 8.

2225 4458 2485 4529 operibus
2512 4474 2527 4512 :
2554 4457 2888 4528 factionibus.
2919 4488 2992 4500 —
3022 4460 3077 4516 9.
3121 4470 3268 4515 tenta
3282 4462 3427 4516 tione
3458 4481 3472 4516 :
3504 4459 3784 4516 tentationi-

2223 4527 2337 4585 bus.
2361 4559 2432 4571 —
2456 4527 2595 4585 Ibid.
2621 4545 2908 4586 reservztre
2929 4530 3253 4587 cruciandos
3278 4534 3615 4587 :cruciandos
3635 4545 3787 4585 reser-

2222 4617 2360 4678 vare.
2394 4630 2467 4642 --
2517 4600 2605 4656 10.
2659 4603 3094 4678 concupiscentia
3151 4604 3784 4678 :_concupiscentiam.—

2224 4672 2362 4727 Ibid.
2413 4682 2588 4728 sectas
2639 4690 2664 4744 :7
2702 4674 3039 4744 maiestatem.
3070 4703 3143 4716 -
3186 4672 3326 4730 Ibid.
3385 4672 3723 4731 introducere
3772 4688 3785 4723 ε

2223 4744 2413 4815 (Deest
2459 4744 2515 4797 in
2568 4743 2717 4814 cod.)
2743 4774 2814 4785 —
2835 4746 2923 4800 11.
2946 4761 3006 4801 se
3034 4747 3343 4804 execrabile
3379 4766 3391 4801 :
3425 4764 3480 4801 se
3509 4764 3542 4800 a
3577 4746 3784 4800 Domino

2221 4816 2524 4870 execrabile.
2553 4844 2626 4855 ——
2654 4816 2740 4872 15.
2770 4817 3100 4885 voluptatem
3139 4818 3521 4875 existimantes
3539 4818 3643 4874 diei
3664 4817 3783 4870 deli-

2222 4889 2337 4943 cias
2376 4887 2836 4957 coinquinationis
2877 4898 2934 4945 et
2981 4890 3242 4947 maculat:
3273 4890 3489 4945 deliciis
3519 4890 3786 4944 allluentes

2223 4958 2276 5012 in
2310 4975 2323 5011 :
2353 4958 2703 5025 existimantes
2743 4959 3031 5028 voluptates
3076 4960 3294 5015 diurnas
3331 4960 3537 5016 delitias
3565 4958 3786 5028 coinqui-

2220 5032 2329 5103 nati
2358 5040 2407 5085 et
2435 5029 2785 5103 conmaculati
2819 5027 3008 5086 delitiis
3051 5032 3329 5103 afﬂuentes
3351 5073 3366 5098 ,
3415 5042 3462 5087 et
3501 5033 3576 5087 in.
3608 5027 3782 5103 -14ο

2220 5101 2471 5155 adulterii
2509 5112 2563 5155 et
2608 5103 2945 5158 incessabilis
2980 5101 3183 5159 delicti.
3221 5104 3563 5160 l‘elticientes
3597 5122 3610 5156 :
3643 5101 3782 5156 adul-

2219 5174 2362 5228 teriis
2396 5182 2445 5227 et
2472 5174 2811 5227 indesineutis
2843 5175 3044 5234 delicti,
3076 5175 3366 5231 illicientes.
3399 5204 3471 5216 —
3495 5174 3635 5230 Ibid.
3665 5185 3783 5229 ava-

2218 5243 2343 5300 ritia
2377 5262 2390 5298 :
2420 5246 2669 5317 avarities.
2700 5274 2773 5286 —
2800 5246 2888 5301 15.
2914 5261 2983 5317 ex
3002 5246 3176 5301 Bosor
3206 5244 3303 5317 qui
3345 5241 3780 5317 mercedetnjnio

2218 5318 2439 5383 quitatis
2465 5316 2698 5389 ainavit,
2730 5318 2748 5384 (
2765 5333 2893 5371 vers.
2924 5315 3024 5389 16)
3053 5313 3455 5389 correptionem
3479 5336 3492 5371 :
3514 5318 3610 5386 ﬁlii
3638 5313 3780 5376 Beor,

2254 5389 2307 5461 ui
2333 5388 2634 5461 mercedem
2683 5388 2953 5461 injustitia:
2998 5388 3212 5454 dilexit,
3251 5390 3669 5461 increpationetn.
3720 5412 3783 5428 σ-

2253 5460 2362 5515 bid.
2388 5470 2591 5514 mutum
2621 5459 3071 5515 animalhuminis
3101 5478 3111 5506 :
3146 5469 3341 5514 mutum
3379 5459 3436 5515 in
3462 5460 3699 5515 hominis.
3718 5485 3779 5498 -—-

2220 5532 2308 5588 18.
2345 5531 2620 5603 pellic'tunt
2650 5548 2661 5560 ·
2695 5531 2945 5586 illiciunt.
2977 5561 3064 5603 --_
3098 5529 3239 5586 Ibid.
3267 5530 3526 5603 eﬂugiunt
3558 5529 3779 5601 :eJnge-

2211 5600 2355 5660 runt.
2386 5634 2456 5644 —-
2478 5602 2564 5659 19.
2592 5603 2695 5657 illis
2729 5621 2742 5656 :
2772 5603 2917 5660 aliis.
2948 5600 3177 5656 -—Ibid.
3202 5605 3346 5660 servi
3378 5600 3487 5659 sint
3514 5621 3529 5659 :
3553 5604 3657 5655 sint
3683 5617 3777 5655 ser-

2210 5678 2281 5731 vi.
2308 5706 2377 5718 —
2404 5676 2544 5732 Ibid.
2564 5676 2930 5742 corruptimtis
2958 5694 2968 5728 ι
2998 5675 3211 5744 peccati,
3248 5674 3427 5730 —20.
3448 5674 3775 5744 cognitione:

2209 5750 2547 5821 agnitionem.
2574 5776 2646 5789 —-
2674 5744 2813 5802 Ibid.
2849 5747 2930 5821 his
2961 5743 3072 5821 :oet.
3097 5746 3281 5821 —-21_.
3312 5749 3382 5821 ab
3408 5743 3653 5821 eo‘quod
3684 5743 3775 5821 illis

2212 5815 2466 5875 traditum
2497 5831 2582 5875 est
2624 5836 2637 5874 :
2681 5836 2713 5873 a
2743 5819 2933 5874 tradito
2958 5818 3074 5875 sibi.
3106 5847 3179 5860 —-
3204 5819 3296 5875 ‘12.
3334 5819 3414 5876 eis
3442 5817 3570 5875 illud
3620 5835 3633 5868 :
3679 5815 3772 5870 illis

2211 5908 2315 5951 res.
2347 5921 2418 5935 —-—
2446 5890 2584 5949 Ibid.
2606 5892 2740 5948 luti:
2772 5891 2902 5946 ceni.
