3912 6200
109 281 258 342 1089

756 399 984 458 CAPUT
1023 400 1106 458 Ill.

192 540 355 596 Vers.
388 544 444 598 1.
479 552 712 600 vestram
743 545 926 599 excito
969 563 980 596 :
1028 543 1192 597 excito
1231 551 1471 596 vestram.
1496 573 1566 582 —
1592 541 1646 596 2.
1690 557 1720 597 a

109 614 329 686 sanetis
376 617 660 685 prophetis
695 635 707 668 :
735 626 1032 670 sanctorum
1060 615 1449 686 praphetarum.
1481 642 1552 655 —-
1580 613 1721 667 Ibid.

103 685 441 744 ,Salvatoris
488 706 500 741 :
554 688 840 743 Salvatoris
889 685 1072 741 nostri.
1119 717 1190 726 —
1238 689 1290 741 5.
1339 687 1728 755 concupiscen-

111 757 220 810 tias
258 776 270 809 :
310 761 682 814 conscientias.
711 789 782 799 —
807 759 858 812 4.
885 759 1130 814 dicentes
1163 777 1174 810 :
1209 768 1257 810 et
1297 759 1544 812 dicentes.
1574 787 1645 798 ——
1667 756 1719 810 5.

108 828 443 885 consistens
476 849 490 884 :
515 832 872 885 constitutam.
897 860 968 870 —
994 830 1046 885 6.
1070 830 1232 898 periit
1258 846 1270 882 :
1297 830 1532 901 deperiit.
1568 860 1639 869 -—
1668 830 1720 882 7.

109 903 397 954 reservati
458 918 470 954 :
518 903 723 956 servati.
757 932 826 941 —
860 901 1000 956 Ibid.
1049 902 1338 971 impiorum
1387 902 1663 955 hominum
1706 921 1718 954 :

109 971 401 1046 hominum
447 974 917 1046 impiorum.—8.
949 973 1051 1027 huc
1085 972 1290 1046 :(Non
1335 984 1407 1026 est
1456 974 1510 1026 in
1555 971 1722 1046 cod.)

107 1072 181 1082 —
204 1043 262 1098 9.
291 1042 724 1112 promissionem
745 1060 931 1100 suam:
953 1042 1266 1115 promissum
1289 1061 1464 1098 suum.
1488 1073 1560 1084 --
1579 1042 1722 1097 Ibid.

107 1115 345 1185 quidam
387 1117 709 1172 existimant
749 1135 761 1169 :
800 1117 1016 1183 quidam
1060 1117 1358 1170 tarditatem
1404 1115 1721 1170 existimant.

660 281 1056 342 VARIANTES
1091 268 1923 343 LECTIONES—EPISTOLA
1958 277 2171 338 PRIMA
2207 277 2487 338 JOANNIS
2525 276 2882 336 APOSTOLI.

3269 276 3408 336 1090

1750 402 1801 465 Α
1829 428 1898 441 ——
1940 396 2080 452 Ibid.
2114 396 2325 465 aliquos
2356 416 2369 451 :
2401 397 2645 469 aliquem.
2679 427 2748 436 -—
2777 395 2866 451 10.
2905 394 3214 469 transient:
3241 403 3411 450 trans-

1829 480 2054 524 current.
2082 499 2152 509 —-
2177 469 2318 523 Ibid.
2352 468 2496 523 terra
2527 479 2705 523 autem
2743 487 2754 519 :
2796 477 2841 522 et
2877 476 3034 520 terra.
3059 497 3132 507 ——
3159 468 3245 521 11.
3277 469 3406 522 Cum

1829 543 1992 614 igitur
2019 541 2134 596 hinc
2156 543 2334 596 omnia
2362 541 2705 614 dissolvenda
2747 540 2858 593 sint
2901 555 2916 590 :
2968 538 3061 592 liis
3093 555 3212 612 ergo
3239 539 3410 614 omni-

1831 609 1923 668 bus
1945 614 2292 681 pereuntibus.
2315 643 2384 652 -—
2415 613 2554 665 Ibid.
2590 627 2687 666 vos
2705 627 2826 665 eSse
2855 628 2871 664 :
2897 627 3004 664 esse
3023 627 3129 664 vos.
3152 609 3222 649 '—
3249 612 3330 664 12.
3357 609 3412 664 in

1829 685 2122 740 adventum
2155 702 2166 738 :
2198 687 2265 738 ad
2305 685 2650 752 praesentiam.
2693 712 2762 722 —
2806 681 2946 736 Ibid.
2996 696 3158 751 quem
3194 699 3207 734 :
3239 699 3412 751 quant.

1831 789 1898 797 —
1934 758 2019 811 15.
2050 756 2277 810 habitat.
2308 757 2476 825 (vers.
2505 753 2632 824 14.)
2663 753 2892 823 Propter
2918 756 3062 822 quod
3097 769 3110 805 :
3143 752 3414 825 inhabitat.

1834 829 2186 900 Quapi'VOpter.
2221 858 2291 900 έ-
2321 825 2458 879 Ibid.
2485 826 2764 900 satagite,
2800 825 3130 900 immaculati
3163 834 3218 900 et
3245 824 3416 900 invio-

1837 894 1929 954 lati
1957 894 2021 953 ei
2055 894 2290 953 inveniri
2339 917 2350 951 :
2395 898 2520 952 satis
2558 894 2693 965 agite
2736 895 3060 950 immaculati
3098 904 3144 948 et
3188 894 3421 948 inviolati

1833 971 1976 1042 apud
2019 988 2138 1024 eum
2175 971 2413 1037 reperiri.
2441 998 2513 1010 -—
2539 969 2625 1024 15.
2658 968 3002 1042 arbitremini
3029 986 3041 1019 ε
3073 967 3415 1042 arbitramini.

1832 1037 1903 1083 —'—
1928 1044 2014 1098 17.
2043 1042 2318 1097 custodite
2344 1059 2356 1095 :
2383 1051 2569 1095 cavete.
2604 1071 2676 1080 —
2702 1038 2843 1094 Ibid.
2889 1039 3125 1095 traducti
3155 1054 3171 1094 :
3197 1037 3420 1092 seducti.

1834 1145 1903 1154 —-
1933 1116 2021 1170 18.
2057 1129 2200 1169 nunc
2232 1115 2283 1167 iu
2313 1131 2326 1167 :
2352 1129 2489 1167 nunc
2511 1113 2656 1167 etin.

1015 1298 1406 1362 EPISTOLA
1447 1297 1776 1360 JOANNIS
1821 1296 2211 1360 APOSTOLI
2256 1297 2530 1358 PRIMA.

111 1419 514 1495 Argumentum
555 1421 612 1475 in
652 1419 940 1495 Epistulam
971 1423 1193 1495 primam
1221 1421 1442 1495 Joannis
1463 1419 1720 1495 apostoli,

350 1493 647 1549 Rationem
675 1490 861 1561 verbi,
885 1490 982 1548 etc;
1010 1509 1028 1547 :
1059 1492 1211 1567 (Non
1242 1490 1504 1563 habetur.)

778 1585 1005 1666 CAPUT
1045 1611 1085 1666 1.

197 1700 357 1757 Vers.
395 1701 452 1756 1.
484 1701 609 1756 Fuit
651 1720 663 1755 :
696 1713 826 1757 erat.
854 1735 927 1748 -ν
961 1704 1016 1757 2.
1055 1712 1143 1759 est
1184 1721 1200 1760 :
1244 1713 1321 1759 est
1362 1705 1528 1760 nobis.
1574 1736 1636 1749 -—
1674 1706 1726 1760 5.

1825 1419 2062 1474 invicem.
2085 1449 2155 1458 —
2180 1416 2320 1472 Ibid.
2356 1417 2663 1473 mandatum
2690 1416 2848 1472 nobis
2873 1435 2886 1471 :
2916 1417 3060 1473 nobis
3089 1417 3410 1472 mandatum.

2494 1511 2722 1566 CAPUT
2771 1509 2858 1566 ιν.

1913 1605 2058 1662 Vers.
2093 1607 2143 1662 1.
2175 1606 2321 1661 omni
2349 1606 2561 1677 spiritui
2601 1606 2826 1661 credere
2858 1623 2872 1660 :
2901 1607 3107 1662 credere
3142 1609 3280 1661 omni
3306 1605 3414 1677 spi-

1836 1679 1981 1733 ritui.
2011 1709 2078 1718 —
2101 1677 2239 1732 Ibid.
2286 1680 2535 1734 exierunt
2585 1679 2635 1732 in
2685 1678 2987 1734 mundum:
3025 1680 3328 1746 prodierunt
3364 1679 3417 1731 in

113 1749 609 1843 quod-vidimus:-
633 1749 934 1844 ιῇιιῖιῖὲνρο
965 1749 1218 1830 usus.
1356 1749 1726 1846 statues};
1753 1780 1800 1841 Β
1837 1749 1974 1846 huic
2000 1752 2280 1846 ’ζιξίῖίίέξξῗζζχ
2296 1751 2558 1846 ή-,ᾒξῖεἶ
2567 1765 2683 1846 11""
2710 1767 2725 1802 ε
2750 1767 2925 1846 ιζξιεζξο,
2947 1752 3109 1846 :14;
3115 1767 3248 1846 f_“{"_
3265 1766 3414 1846 ξιῖίζδς

114 1858 167 1900 et
205 1846 271 1917 εγ(
297 1845 425 1899 Non
460 1854 578 1898 sunt
612 1846 667 1899 in
704 1845 858 1917 cod.)
881 1876 952 1886 —
983 1845 1123 1902 Ibid.
1151 1860 1394 1902 vestrum
1422 1845 1716 1904 (nostrum.

113 1945 190 1961 ι-
220 1916 279 1971 6.
316 1917 582 1987 quoniam
614 1916 926 1972 societatem
970 1919 1232 1974 habemus
1267 1937 1279 1971 :
1309 1937 1402 1973 nos
1429 1922 1723 1976 societatem

117 1987 337 2042 habere.
369 2017 447 2027 —
468 1987 610 2061 Ibid.
645 1989 926 2061 veritatem
952 2007 1056 2043 non
1091 1990 1318 2045 facimus
1342 2007 1356 2047 :
1379 2008 1480 2045 non
1505 1992 1724 2061 facimus

117 2061 420 2114 veritatem.
452 2089 524 2100 ——
545 2059 597 2111 7.
622 2070 706 2114 est
736 2058 788 2111 in
821 2059 941 2112 luce
978 2079 990 2111 :
1029 2061 1081 2112 in
1106 2062 1218 2112 luce
1247 2072 1340 2114 est.
1373 2091 1444 2101 —
1474 2058 1612 2117 Ibid.
1658 2065 1725 2118 ad

117 2131 366 2185 invicem
397 2150 409 2184 :
438 2147 556 2183 cum
589 2146 667 2184 eo.
697 2158 768 2170 —-—
798 2127 939 2182 Ibid.
975 2132 1231 2185 cmundat
1261 2148 1275 2185 :
1312 2133 1544 2186 mundat.
1578 2166 1648 2174 —-
1668 2137 1721 2188 9.

120 2204 164 2256 si
199 2204 573 2256 couiiteamu‘r
605 2219 620 2258 :
657 2202 702 2254 si
727 2211 899 2274 autem
931 2204 1287 2268 conﬁteantur.
1320 2233 1388 2242 —
1416 2202 1557 2257 Ibid.
1602 2221 1728 2274 pec-

125 2283 249 2346 cata
274 2282 495 2346 nostra,
517 2281 573 2328 et
599 2273 856 2346 emundct
885 2291 897 2324 :
926 2283 1155 2342 peccata,
1177 2285 1223 2327 et
1250 2276 1509 2328 emundet.
1543 2273 1613 2315 —4
1636 2277 1724 2332 10.

122 2343 168 2399 Si
204 2364 216 2398 :
257 2345 422 2414 Quod
438 2345 504 2400 si.
532 2373 603 2384 --
629 2343 770 2397 Ibid.
795 2349 1139 2414 peccavimus
1165 2363 1180 2398 :
1213 2363 1503 2416 peccamus.

714 2485 720 2498 σ
769 2461 997 2518 CAPUT
1036 2461 1098 2516 ΙΙ.

204 2556 366 2610 Vers.
400 2555 461 2610 5.
512 2552 866 2625 cognovimus
901 2555 1322 2626 :Mcogiioscimus.
1347 2583 1416 2596 —-
1446 2555 1588 2610 Ibid.
1632 2557 1729 2613 0b-

125 2643 427 2684 servemus
462 2644 475 2680 :
508 2624 785 2681 servemus.
818 2655 889 2666 —
995 2624 1098 2692 Qui
1125 2636 1306 2682 autem
1340 2638 1561 2683 servat:
1588 2627 1729 2682 Nam

126 2701 216 2771 qui
269 2699 526 2754 custodit.
567 2728 638 2738 —
679 2699 732 2753 6.
779 2699 896 2764 ipso
940 2717 952 2750 :
993 2713 1072 2752 eo.
1098 2728 1171 2738 —
1201 2701 1254 2757 7.
1291 2701 1600 2756 mandatum
1630 2715 1727 2753 no-

127 2789 257 2827 vum
311 2791 327 2827 :
377 2787 570 2825 novum
609 2771 934 2823 mandatum.
967 2801 1036 2809 —
1063 2773 1115 2826 8.
1152 2786 1336 2825 verum
1379 2781 1463 2827 est
1495 2788 1508 2825 :
1545 2782 1616 2826 est
1647 2789 1732 2825 ve-

129 2861 271 2898 rum.
299 2873 375 2884 —
402 2842 550 2897 Ibid.
581 2841 768 2907 vobis;
799 2843 922 2910 quia
954 2859 968 2896 :
993 2842 1141 2896 nobis
1160 2860 1178 2908 ;
1200 2844 1464 2910 quoniam.
1493 2873 1565 2885 —
1587 2842 1726 2898 Ibid.

127 2931 330 2971 verum
362 2917 547 2970 lumen
579 2913 792 2986 :lumen
826 2929 1019 2968 verum.
1053 2945 1124 2954 --
1147 2916 1232 2970 10.
1261 2917 1361 2982 Qui
1400 2935 1411 2968 :
1455 2915 1593 2970 Nam
1618 2917 1726 2986 qui.

132 3018 203 3028 —
239 2989 330 3042 11.
362 2987 490 3060 quia
524 3004 536 3036 :
569 2985 838 3048 quoniam.
860 3017 934 3060 ‘—
957 2987 1025 3042 15
1046 2987 1424 3060 adolescentes
1457 2985 1728 3060 :juvcnes.

131 3090 220 3148 π.
246 3061 340 3148 14.
381 3056 625 3140 ξῇιινερθδ
651 3056 961 3148 “quoniam
1031 3058 1417 3140 adolescentes,
1440 3056 1617 3148 “quia.
1662 3090 1732 3142 «'—

135 3129 279 3186 Ibid.
312 3140 502 3186 manet
527 3129 582 3183 in
610 3129 765 3182 vobis
801 3143 816 3182 :
850 3129 906 3183 in
931 3129 1068 3183 vobis
1107 3140 1294 3184 manet.
1335 3160 1406 3170 -—
1435 3129 1520 3186 16.
1551 3135 1730 3186 carnis

1827 1853 1898 1862 —
1923 1822 1975 1876 5.
2010 1837 2105 1876 eos
2137 1822 2285 1875 audit
2321 1842 2331 1875 :
2366 1822 2511 1876 audit
2532 1838 2636 1874 eos.
2669 1851 2740 1861 —
2763 1825 2814 1877 6.
2839 1822 2928 1891 qui
2949 1839 3053 1877 non
3081 1831 3165 1876 est
3188 1821 3412 1886 exDeo;

1825 1908 1930 1946 non
1960 1894 2112 1947 audit
2145 1909 2243 1948 nos
2281 1909 2295 1948 :
2322 1895 2407 1962 qui
2456 1909 2521 1947 ex
2565 1892 2673 1946 Deo
2703 1910 2804 1946 non
2834 1905 2945 1956 est;
2972 1911 3070 1946 non
3105 1894 3252 1945 audit
3277 1910 3370 1946 nos
3395 1907 3414 1945 :

1829 1964 1958 2087 (sed
1990 1964 2257 2046 adduntur
2278 1963 2499 2047 ineod.)
2531 1993 2600 2002 —
2712 1979 2810 2046 nos
2832 1982 2857 2044 ,ε
2884 1963 3063 2045 (Deest
3086 1963 3314 2046 incod.)
3348 1993 3417 2002 —-

1863 2035 1966 2087 bid.
1993 2053 2116 2087 uina
2151 2056 2162 2087 :
2192 2051 2454 2087 quoniam.
2483 2064 2554 2073 —
2575 2032 2718 2087 Ibid.
2751 2034 2947 2087 ddum.
2977 2050 3041 2087 ex
3072 2052 3085 2086 :
3111 2035 3281 2087 diltait
3309 2034 3417 2087 fra-

1863 2035 1966 2088 bid.
1993 2038 2116 2103 quia
2151 2056 2162 2089 :
2192 2037 2454 2103 quoniam.
2483 2032 2554 2073 '—
2575 2032 2718 2091 Ibid.
2751 2034 2947 2104 diligit,
2977 2050 3041 2089 ex
3072 2052 3085 2086 :
3111 2035 3281 2105 diligit
3307 2034 3417 2104 fra-

1828 2116 1958 2160 trem
1989 2123 2163 2171 suum,
2197 2124 2278 2160 ex.
2323 2105 2497 2158 -12.
2543 2107 2598 2160 Si
2633 2124 2643 2157 :
2675 2106 2824 2172 Quod
2853 2106 2918 2159 si.
2958 2136 3029 2146 -
3057 2105 3144 2163 15.
3185 2120 3417 2174 cognos-

1828 2179 1998 2230 cimus
2028 2195 2040 2228 :
2072 2177 2428 2246 intelligimus.
2458 2176 2642 2230 *15.
2677 2180 2929 2238 quoniam
2975 2197 2986 2229 :
3035 2178 3175 2247 quia.
3198 2206 3288 2247 _—
3327 2175 3417 2230 16.

1828 2248 2152 2302 credidimus
2180 2266 2192 2299 :
2225 2245 2499 2301 credimus.
2539 2276 2610 2286 —
2656 2247 2741 2301 17.
2794 2245 3055 2303 Charitas
3085 2245 3364 2302 nobiscum
3393 2265 3406 2297 :

1831 2317 2069 2372 Charitas
2096 2319 2194 2372 Dei
2234 2321 2286 2371 in
2314 2319 2480 2372 nobis.
2505 2349 2578 2359 -—
2612 2315 2752 2373 Ibid.
2794 2320 2916 2390 quia
2942 2320 3084 2374 sicut
3115 2319 3203 2373 ille
3224 2327 3328 2390 est,
3358 2324 3415 2372 et

1832 2404 1933 2443 nos
1959 2404 2143 2444 sumus
2177 2405 2192 2443 :
2245 2400 2300 2444 ut
2346 2391 2479 2444 sicut
2508 2391 2598 2445 ille
2633 2399 2729 2458 est,
2761 2389 2824 2445 et
2849 2407 2940 2445 nos
2969 2391 3147 2445 simus.
3177 2420 3247 2430 -—
3272 2389 3363 2444 21.
3389 2404 3418 2442 a

1833 2460 1946 2516 Deo
1977 2478 1994 2518 :
2021 2460 2083 2514 ab
2115 2479 2200 2519 eo.

2469 2531 2697 2588 CAPUT
2721 2531 2793 2589 γ.

1910 2625 2059 2684 Vers.
2077 2629 2128 2684 1.
2154 2627 2315 2683 Iesus
2328 2637 2411 2684 est
2429 2626 2681 2682 Christus
2707 2625 2893 2682 :Jesus
2915 2625 3171 2682 Christus.
3189 2657 3258 2667 —-
3276 2623 3416 2678 Ibid.

1833 2715 1955 2755 eum
1987 2705 2076 2771 qui
2114 2701 2334 2769 genuit;
2368 2699 2542 2769 diligit
2578 2708 2631 2753 et
2661 2715 2784 2754 eum
2818 2717 2830 2751 :
2881 2700 3206 2770 genitorem;
3248 2697 3420 2771 diligit

1833 2788 1968 2826 eum.
1997 2801 2068 2812 ——
2096 2771 2236 2826 Ibid.
2263 2783 2418 2826 natus
2445 2781 2528 2826 est
2556 2786 2622 2825 ex
2646 2786 2711 2824 eo
2735 2787 2750 2825 :
2783 2786 2846 2825 ea:
2869 2787 2930 2825 eo
2957 2783 3110 2824 natus
3141 2777 3235 2824 est.
3265 2798 3335 2808 —-
3362 2770 3416 2820 2.

1833 2853 1991 2899 natos
2041 2844 2170 2899 Dei:
2215 2859 2334 2899 cum
2380 2844 2544 2898 Deum
2575 2843 2884 2911 diligamus.
2925 2857 2979 2896 et
3025 2841 3274 2896 mandata
3305 2839 3423 2907 ejus

1835 2917 2130 2971 faciamus:
2163 2915 2298 2974 ﬁlios
2332 2914 2448 2982 Dei;
2466 2931 2580 2968 cum
2622 2912 2786 2967 Deum
2812 2911 3428 2984 diligimus,etman_data

1836 2991 1948 3059 ejus
1973 3004 2251 3041 sert'amus.
2276 3015 2348 3028 ———
2376 2981 2434 3059 5.
2465 2996 2548 3041 est
2577 2986 2668 3055 qui
2696 3005 2709 3039 :
2739 2981 3013 3059 estiau'tem
3036 2987 3144 3056 qui.
3178 3015 3247 3059 τ-
3279 2981 3417 3059 Ibid.

1837 3054 2356 3129 quoniam:quia.——-
2374 3055 2512 3114 Ibid.
2541 3054 2624 3112 est
2649 3059 2788 3111 ﬁlius
2821 3056 2956 3129 Dei?
2981 3075 2992 3110 :
3192 3055 3290 3109 Dei
3310 3066 3380 3109 est
3401 3054 3426 3106 Ρ

1836 3127 1908 3173 -ὲ-
1935 3137 1986 3185 6.
2019 3127 2176 3185 Iesus
2213 3131 2461 3185 Christus
2495 3148 2506 3181 :
2539 3141 2582 3182 et
2614 3130 2856 3197 spiritum
2889 3128 3043 3182 Iesus
3076 3127 3332 3182 Christus.
3357 3157 3428 3166 —

136 3215 242 3268 est,
278 3214 334 3258 et
369 3220 384 3255 ε
414 3201 621 3268 carnis,
654 3211 721 3254 et.
748 3229 815 3241 -—-
837 3199 980 3254 Ibid.
1005 3203 1284 3256 oculorum
1311 3219 1324 3254 :
1352 3204 1619 3256 oculorum
1639 3214 1731 3258 est.
1762 3173 1808 3238 Ο
1843 3202 1976 3256 Ibid.
2008 3218 2112 3257 non
2140 3204 2192 3256 in
2215 3218 2350 3272 aqua
2381 3220 2394 3256 :
2421 3210 2470 3256 et
2499 3217 2600 3272 non
2629 3173 2683 3254 {It
2708 3198 3083 3270 aqua.—-Ibid.
3119 3201 3378 3272 sanguine
3410 3217 3423 3252 :

135 3304 209 3315 —
227 3274 374 3328 Ibid.
407 3289 478 3328 cx
503 3272 703 3327 mundo
731 3290 743 3323 :
769 3288 834 3326 ea:
861 3275 955 3324 hoc
985 3273 1200 3326 mundo.
1224 3304 1295 3314 ——
1318 3275 1404 3328 17.
1431 3284 1692 3328 arternum
1723 3293 1734 3326 :

140 3356 398 3400 internum
420 3387 436 3411 ,
483 3343 742 3414 quomodo
789 3342 928 3397 Deus
969 3354 1137 3398 manet
1165 3345 1218 3398 in
1246 3356 1512 3400 (etei-num.
1546 3375 1617 3385 —
1647 3346 1734 3401 18.

140 3417 288 3473 nunc
325 3415 657 3472 Antichristi
693 3431 703 3466 :
737 3432 874 3468 nunc
905 3426 1075 3469 autem
1119 3417 1446 3471 Antichristi.
1487 3448 1558 3458 ——
1595 3416 1734 3471 Ibid.

139 3490 267 3558 quia
304 3508 316 3542 :
350 3489 625 3556 quoniam.
655 3517 726 3526 —-
753 3487 842 3540 2'2.
877 3488 924 3541 is
955 3506 967 3538 :
1004 3486 1161 3557 (Non
1191 3499 1263 3543 est
1293 3490 1345 3542 in
1377 3489 1522 3560 cod.)
1554 3519 1623 3530 --
1647 3488 1735 3544 25.

143 3563 236 3629 qui
271 3563 572 3616 comitetur
601 3576 613 3611 :
647 3560 732 3628 qui
769 3568 938 3612 autem
967 3561 1257 3626 conﬁtetur.
1292 3591 1363 3600 —
1384 3561 1475 3616 24.
1509 3564 1558 3615 in
1585 3563 1739 3617 vobis

144 3641 476 3700 permaneat
507 3649 520 3682 :
550 3638 815 3700 permanet
861 3631 913 3682 in
961 3630 1117 3684 vobis.
1147 3663 1216 3672 ——
1247 3631 1382 3686 Ibid.
1416 3633 1648 3688 audistis
1673 3632 1742 3686 ab

143 3702 303 3757 initio
338 3723 352 3756 :
383 3705 447 3757 ab
478 3703 629 3774 initio
647 3702 889 3774 audistis.
910 3730 982 3744 -—~
1008 3703 1098 3756 27.
1132 3714 1350 3759 maneat
1381 3723 1393 3757 :
1424 3713 1737 3774 permaneat.

143 3774 329 3831 ——-29.
365 3783 426 3830 et
453 3791 466 3826 :
494 3771 684 3843 (Deest
714 3773 768 3826 in
795 3773 891 3826 cod
931 3774 951 3842 ι

775 3887 994 3945 CAPUl
1041 3887 1130 3943 Ill.

225 3983 380 4040 Vers.
431 3984 489 4038 1.
523 3981 732 4038 simus:
765 3999 961 4036 sumus.
995 4011 1066 4022 —
1095 3980 1238 4036 Ibid.
1283 3983 1406 4052 quia
1452 3998 1558 4038 non
1591 3983 1742 4039 novit

146 4069 273 4111 eum
309 4075 321 4109 :
355 4057 485 4121 quia
516 4063 564 4108 et
599 4056 769 4123 ipsum
810 4056 1084 4124 ignoravit.
1117 4083 1188 4094 -—
1217 4054 1272 4107 2.
1316 4056 1446 4110 estis
1492 4074 1504 4108 :
1559 4065 1648 4109 est.
1674 4086 1745 4095 —

148 4127 201 4182 5.
240 4128 383 4183 hanc
412 4141 608 4197 speiu_:
640 4142 780 4197 spem
807 4125 959 4180 hanc.
1003 4155 1073 4166 —-
1101 4127 1154 4182 5.
1182 4126 1332 4182 scitis
1352 4128 1477 4194 quia
1507 4165 1523 4188 ,
1557 4128 1746 4181 scimus

149 4194 528 4269 quoniamf—
562 4194 714 4269 Ibid.'
743 4209 927 4251 nostra
956 4215 976 4269 ε
1004 4197 1183 4267 (Deest
1211 4199 1266 4250 in
1293 4196 1437 4269 cod.)
1469 4228 1540 4239 —
1571 4201 1624 4253 8.
1656 4199 1744 4268 qui

151 4267 284 4324 facit
312 4288 325 4322 :
351 4272 440 4340 qui
482 4277 655 4323 autem
677 4268 820 4334 facit.
852 4298 922 4309 -—
944 4267 1084 4322 Ibid.
1118 4270 1384 4324 dissolvat
1418 4267 1430 4321 ὲ
1467 4270 1651 4340 solvat.
1676 4267 1748 4309 l—

155 4341 246 4413 10.
289 4339 402 4396 non
451 4352 534 4413 es_t
571 4341 920 4413 justustnon
953 4342 1081 4410 facit
1097 4341 1376 4413 justitiam.
1413 4371 1484 4380 -—
1515 4339 1652 4394 Ibid.
1681 4357 1747 4396 ex

154 4411 270 4467 Deo
301 4430 316 4467 ε
372 4413 437 4466 de
489 4410 622 4484 Deo.
654 4440 722 4451 ——
752 4411 839 4464 11.
872 4410 1110 4481 diligatis
1143 4430 1154 4464 :
1198 4413 1493 4484 diligamus.
1544 4442 1614 4453 —
1657 4413 1742 4467 12.

154 4483 282 4551 quid
314 4503 328 4538 :
358 4484 520 4552 quod.
559 4483 645 4538 15.
687 4496 785 4535 vos
815 4497 829 4534 :
864 4485 1164 4538 ποι-14.
1192 4483 1436 4538 translati
1470 4500 1653 4538 sumus
1677 4485 1744 4538 de

1841 3276 2091 3345 sanguine
2121 3283 2167 3328 et
2187 3269 2394 3342 spiritu.
2425 3304 2495 3313 —
2521 3271 2661 3327 Ibid.
2689 3269 2999 3341 Etspiritus
3028 3282 3113 3327 est
3135 3273 3227 3342 qui
3256 3269 3431 3345 :_Spi-

1842 3342 1970 3399 ritus
2006 3355 2078 3400 est
2105 3347 2211 3415 qui.
2239 3375 2306 3386 —-
2338 3346 2391 3398 7.
2425 3345 2688 3412 Quoniam
2733 3352 2845 3415 tres
2883 3353 3010 3397 sunt
3050 3345 3138 3414 qui
3177 3342 3432 3397 testimo-

1845 3419 1989 3471 nium
2043 3416 2172 3470 dant
2229 3418 2280 3470 in
2336 3419 2476 3472 cmlo
2532 3417 2724 3481 Pater,
2757 3414 3031 3480 Verbum,
3081 3424 3136 3470 et
3188 3415 3428 3484 Spiritus

1844 3501 2082 3554 Sanctus,
2111 3499 2164 3543 et
2184 3487 2239 3542 hi
2263 3497 2375 3542 tres
2399 3505 2562 3541 unum
2592 3500 2734 3541 sunt.
2768 3487 2922 3556 (vers.
2953 3486 3034 3556 8.)
3061 3487 3128 3540 Et
3155 3497 3269 3541 tres
3291 3494 3422 3540 sunt

1843 3562 1933 3628 qui
1967 3561 2330 3615 teStimonium
2358 3561 2488 3613 dant
2515 3561 2567 3613 in
2588 3568 2761 3622 terra;
2787 3559 3029 3625 Spiritus,
3055 3574 3193 3626 aqua
3216 3568 3270 3610 ct
3298 3573 3426 3610 san-

1845 3633 1983 3702 guis,
2015 3641 2069 3686 et
2098 3631 2152 3685 lii
2182 3644 2290 3686 tres
2307 3647 2472 3685 unum
2501 3643 2656 3685 sunt:
2689 3631 2824 3696 Quia
2840 3640 2941 3682 tres
2962 3628 3428 3702 suntquitestimo-j

1845 3697 1987 3756 nium
2015 3705 2136 3756 dant
2163 3707 2218 3757 in
2248 3713 2386 3756 terra
2423 3703 2670 3771 spiritus_,
2702 3711 2748 3754 et
2780 3716 2934 3769 aqua,
2961 3709 3006 3752 et
3027 3697 3262 3771 sanguis;
3294 3710 3344 3771 et
3376 3697 3431 3750 hi

1846 3783 1948 3828 tres
1967 3791 2123 3826 unum
2165 3785 2281 3826 sunt
2318 3776 2370 3826 in
2403 3769 2601 3826 Christo
2621 3769 2770 3836 Iesu,
2805 3782 2906 3824 tres
2933 3782 3052 3823 sunt
3079 3770 3167 3839 qui
3199 3769 3430 3839 testimo:

1846 3849 1989 3898 nium
2010 3846 2185 3897 dicunt
2208 3846 2257 3897 in
2281 3845 2426 3912 coelo,
2457 3842 2636 3905 Pater,
2675 3841 2917 3908 Verbum,
2954 3849 3003 3894 et
3029 3838 3280 3912 Spiritus,
3306 3849 3350 3893 et
3374 3838 3428 3912 hi

1848 3925 1950 3969 tres
1996 3932 2155 3969 unum
2195 3923 2330 3969 sunt.
2386 3910 2531 3969 4—9.
2570 3915 2867 3984 quoniam:
2915 3912 3054 3984 quia.
3096 3942 3167 3952 —
3217 3911 3306 3966 10.
3333 3910 3436 3976 Qui

1847 3987 2019 4041 credit
2054 3987 2104 4039 in
2139 3986 2306 4039 ﬁlium
2347 3985 2485 4041 Dei:
2519 3985 2682 4051 Quem
2729 3985 2867 4037 misit
2909 3983 3238 4040 Salvatorent
3272 3997 3428 4051 super

1849 4067 2058 4121 terram,
2083 4069 2127 4111 et
2153 4058 2292 4126 ﬁlius
2315 4058 2659 4111 testimonium
2682 4056 2934 4128 perhibuit
2959 4057 3014 4128 in
3043 4065 3179 4128 terra
3207 4055 3430 4126 scriptu-

1850 4146 1933 4184 ras
1977 4130 2286 4201 perftciens;
2326 4139 2373 4181 et
2404 4145 2494 4182 nos
2522 4127 2870 4201 testimonium
2900 4127 3226 4201 perhibemus
3250 4143 3428 4201 ,_quo-

1850 4197 1990 4253 niani
2019 4200 2240 4253 vidimus
2265 4216 2401 4259 eum.
2435 4212 2481 4253 et
2505 4200 2884 4252 annunciamus
2901 4197 3050 4253 vobis
3081 4209 3134 4252 ut
3171 4197 3433 4259 credatis;

1851 4271 2025 4326 etideo
2051 4273 2139 4341 qui
2160 4271 2383 4326 creditin
2399 4270 2510 4339 [ilio
2539 4269 3024 4339 Dei.——Ibid.quia
3052 4286 3156 4322 non
3187 4270 3360 4341 credit
3384 4268 3439 4341 in

1849 4337 2219 4398 testimonium
2249 4337 2529 4412 :quouiam
2559 4360 2658 4396 non
2681 4341 2842 4395 credit
2865 4337 2928 4394 ini
2949 4337 3430 4412 testimonio.—12.

1854 4417 2020 4468 lilium
2053 4434 2066 4467 z
2118 4407 2444 4483 filium-Dei.
2479 4445 2549 4455 —
2579 4413 2664 4468 15.
2715 4414 2896 4467 scribo
2925 4428 2940 4466 :
2992 4411 3208 4483 scripsi.
3244 4439 3310 4449 ——
3344 4407 3432 4463 15.

1853 4486 1974 4554 quia
2001 4503 2015 4541 :
2058 4480 2320 4556 quoniam.
2353 4515 2422 4526 -—
2452 4485 2538 4544 16.
2573 4485 2674 4551 Qui
2708 4503 2722 4536 :
2759 4482 2967 4556 Siquis.
2991 4509 3065 4521 —
3090 4480 3232 4556 Ibid.
3264 4491 3433 4550 petat,

158 4557 411 4634 mortead
437 4555 648 4634 vitam“:
677 4555 1006 4634 transivimus
1034 4556 1098 4608 de
1120 4565 1284 4634 morte
1305 4555 1356 4608 in
1382 4556 1632 4634 vitam.—-
1773 4573 1826 4634 D
1853 4553 1906 4634 e_t
1958 4553 2171 4612 dabitur
2232 4561 2280 4611 ei
2342 4558 2457 4634 vita
2486 4597 2499 4620 ,
2569 4555 2771 4623 peccati
2847 4569 2953 4607 non
3042 4553 3107 4607 ad
3152 4562 3437 4634 “mortem,

159 4629 464 4698 semetipso
496 4644 508 4678 :
556 4624 731 4698 (Deest
759 4627 812 4698 in
843 4627 1084 4698 cod.)r—
1112 4626 1199 4680 16.
1236 4628 1588 4696 cognovimus
1611 4628 1742 4698 cha-

159 4696 375 4770 ritatem
403 4699 500 4752 Dei
531 4696 926 4770 {cognoscimus
955 4697 1257 4770 charitatem
1286 4698 1472 4765 ipsius.
1498 4729 1568 4739 -—-
1599 4696 1738 4752 Ibid.

161 4767 399 4824 animam
440 4785 594 4824 suam
632 4767 729 4838 pro
775 4769 932 4822 nobis
961 4787 974 4824 :
1015 4785 1108 4838 pro
1138 4769 1285 4824 nobis
1313 4770 1545 4823 animam
1571 4787 1736 4824 suam.

161 4867 232 4878 -—
263 4840 351 4894 17.
385 4840 597 4894 mundi.
631 4851 685 4894 et
717 4859 727 4892 :
755 4839 932 4894 mundi
961 4839 1140 4894 huius.
1165 4851 1318 4894 et.-—
1345 4838 1483 4893 Ibid.
1517 4856 1736 4894 necesse

161 4867 232 4878 ——
263 4856 351 4894 1'1.
385 4856 597 4906 mundi,
631 4856 685 4895 et
717 4859 727 4892 :
755 4856 931 4894 munai
961 4856 1140 4906 hujus,
1165 4856 1318 4895 et.—
1345 4856 1483 4893 una.
1517 4856 1742 4896 necesse

161 4867 232 4878 -—
263 4861 351 4894 ιι.
385 4861 597 4906 munut,
631 4861 685 4895 et.
717 4861 727 4892 :
755 4861 931 4894 munus
961 4861 1140 4912 Hujus,
1165 4861 1318 4895 et.-—
1345 4861 1483 4893 ιυια.
1517 4861 1742 4896 necesse

161 4906 367 4967 habere
398 4930 412 4942 ·
444 4927 608 4983 egere.
647 4943 718 4952 —
749 4912 836 4966 18.
871 4927 1046 4982 neque
1078 4928 1091 4966 ε
1125 4922 1322 4967 tantum
1353 4921 1420 4967 et.
1467 4943 1539 4953 —
1573 4912 1662 4968 20.
1696 4915 1744 4967 si

164 4984 584 5056 reprehenderit
606 5001 619 5036 :
637 4984 682 5036 si
701 5000 803 5056 non
824 4984 1228 5056 reprehenderit.
1248 4985 1397 5038 —21
1410 5025 1422 5037 .
1448 5001 1552 5039 non
1580 5003 1592 5037 :
1615 4986 1745 5056 (Ad-

166 5052 438 5125 ditu_r.)-—
465 5053 605 5108 Ibid.
629 5055 1038 5123 reprehenderit
1062 5070 1160 5110 nos
1185 5074 1197 5108 :
1221 5074 1312 5110 nos
1337 5052 1741 5125 reprehenderit.

166 5123 348 5180 -22.
389 5125 642 5197 quicquid
683 5144 695 5179 :
747 5129 1211 5198 quodcumque.—-
1236 5127 1327 5184 25.
1381 5123 1739 5184 alterutrum:

1852 4629 1946 4683 Est
2009 4639 2284 4697 peccatum
2338 4627 2403 4682 ad
2465 4622 2732 4680 mortem:
2768 4696 2773 4697 γ
2803 4639 2909 4678 non
2944 4696 2948 4697 ν
2983 4640 3081 4691 pro
3151 4624 3244 4697 illo
3317 4622 3440 4697 dico

1850 4711 1908 4753 ut
1935 4694 2086 4769 roget
2114 4703 2260 4770 quis:
2280 4708 2419 4770 petat
2445 4713 2536 4769 pro
2565 4714 2644 4762 eo,
2671 4707 2717 4750 et
2743 4696 2881 4750 dabit
2907 4696 2953 4750 ei
2975 4697 3132 4750 vitam
3155 4694 3318 4770 Deus,
3345 4695 3432 4748 sed

1850 4789 1952 4825 non
1976 4768 2056 4823 his
2077 4768 2163 4840 qui
2194 4768 2349 4840 usque
2376 4771 2443 4822 ad
2476 4779 2689 4822 mortem
2721 4777 2950 4840 peccant,
2985 4777 3058 4822 est
3088 4768 3226 4821 enim
3247 4782 3432 4840 pecca-

1847 4852 1953 4895 tum
1986 4839 2146 4911 usque
2165 4842 2232 4894 ad
2256 4839 2500 4902 mortem;
2530 4857 2632 4894 non
2660 4855 2752 4903 pro
2786 4839 2878 4891 illo
2901 4841 3018 4893 dico
3043 4839 3437 4910 utpostulet.—

1847 4914 1933 4968 18.
1965 4915 2086 4982 quia
2119 4930 2133 4964 :
2162 4914 2430 4981 quoniam.
2454 4941 2523 4952 —
2551 4912 2644 4967 20.
2675 4912 2854 4974 venit;
2886 4921 2939 4964 et
2984 4911 3163 4966 dedit:
3192 4915 3362 4976 venit;
3395 4917 3441 4962 et

1845 5000 2051 5038 carnem
2077 4985 2244 5036 induit
2275 4985 2438 5038 nostri
2466 5000 2641 5046 causa,
2675 4992 2719 5036 et
2746 4998 2925 5050 passus
2953 4991 3048 5048 est,
3074 4993 3120 5035 et
3165 4982 3443 5036 resurrexit

1845 5073 1877 5108 a
1906 5055 2154 5119 mortuis;
2181 5055 2464 5126 assumpsit,
2489 5070 2602 5126 nos,
2627 5053 2866 5126 etdedit.
2884 5083 2969 5126 7——
2992 5052 3130 5107 Ibid.
3163 5055 3273 5126 lilio
3301 5052 3440 5126 ejus.

1849 5127 1978 5181 Hic:
2001 5126 2111 5194 filio
2131 5129 2242 5197 ejus
2262 5121 2389 5180 Iesu
2406 5121 2634 5180 Christo.
2653 5123 2778 5180 Hic.
2793 5125 2967 5180 -21,
2987 5126 3159 5180 Amen
3186 5121 3446 5196 :(Deest.)

1008 5309 1397 5371 EPISTOLA
1438 5309 1767 5372 JOANNIS
1810 5307 2197 5371 APOSTOLI
2246 5306 2630 5369 SECUNDA.

174 5410 548 5483 Argumentum
569 5415 622 5468 in
646 5410 937 5541 E(pistolam
952 5415 1232 5468 secundam
1255 5413 1476 5468 Joannis
1498 5413 1757 5484 Apostoli,

459 5485 670 5541 Usouea
714 5501 803 5541 eo.
849 5493 948 5538 etc.
983 5503 996 5538 :
1037 5486 1185 5541 (Non
1214 5485 1480 5541 habetur.)

459 5485 803 5557 Usqueadeo,
849 5493 948 5538 etc.
983 5503 996 5538 :
1037 5486 1185 5557 (Non
1214 5485 1480 5556 habetur.)

698 5597 925 5655 CAPUT
954 5597 1232 5658 UNICUM.

262 5687 404 5744 Vers.
437 5691 488 5747 1.
521 5690 736 5759 Senior,
771 5690 972 5746 Electae
1016 5691 1257 5750 Dominae
1299 5705 1354 5751 et
1379 5694 1520 5751 natis
1553 5710 1568 5748 ε
1597 5696 1764 5750 Joan-

183 5775 284 5836 nes_
299 5762 464 5816 senior
484 5762 707 5836 iElectw
723 5760 988 5836 _Domin_ae
1015 5771 1062 5836 et
1085 5765 1231 5833 ﬁliis.
1264 5797 1334 5807 —
1369 5768 1425 5822 2.
1455 5783 1577 5836 quae
1609 5784 1624 5823 :
1653 5769 1761 5836 qui.

181 5832 307 5887 --5.
339 5841 394 5890 et
412 5847 442 5890 a
470 5835 690 5894 Christo
715 5833 844 5893 Jesu
882 5834 996 5893 tilio
1020 5832 1198 5894 Patris
1226 5854 1242 5893 :
1265 5848 1314 5895 et
1336 5856 1370 5895 a
1392 5832 1619 5895 Domino
1637 5832 1766 5896 Iesu

1864 5412 2068 5468 Christo
2107 5411 2216 5478 filio
2252 5406 2350 5464 Dei
2396 5409 2686 5465 Patris.--
2729 5412 2781 5466 5.
2819 5413 3134 5472 alterutrum
3177 5416 3454 5473 :invicem.

1845 5489 1936 5525 '—
1963 5484 2015 5536 7.
2069 5485 2359 5538 exierunt:
2410 5482 2730 5552 prodierunt.
2776 5514 2848 5524 —
2876 5484 3013 5540 Ibid.
3068 5488 3325 5542 venisse:
3374 5507 3457 5543 ve-

1865 5556 2236 5630 nientem—9.
2260 5555 2462 5609 recedit
2489 5573 2502 5609 :
2529 5556 2710 5630 credit.
2735 5585 2806 5596 —
2832 5554 2970 5630 Ibid.
2999 5559 3099 5624 Qui
3132 5577 3144 5610 :
3179 5557 3318 5612 Nam
3345 5559 3451 5630 qui.

1865 5657 1936 5668 -—
1960 5627 2099 5700 Ibid.
2137 5634 2193 5681 et
2232 5635 2436 5696 patrem
2469 5627 2718 5700 et_liliutn
2745 5646 2756 5679 :
2785 5636 2832 5680 et
2873 5628 3039 5698 ﬁlium
3074 5641 3121 5683 et
3145 5627 3365 5700 patrem;
3388 5661 3458 5673 --

1867 5700 1958 5755 12.
1991 5699 2138 5770 plura
2167 5715 2179 5751 :
2225 5700 2492 5753 multa.——
2513 5696 2650 5752 Ibid.
2694 5696 2930 5770 futurum
2960 5700 3100 5770 apud
3135 5696 3155 5754 ε’
3191 5711 3459 5758 venturum

1866 5771 1953 5899 (1151‘.
1980 5800 2052 5898 ῖ-
2083 5767 2222 5825 Ibid.
2245 5771 2466 5841 plenum
2493 5770 2562 5827 sit
2588 5788 2602 5827 :
2639 5771 2705 5826 sit
2741 5769 2972 5841 plenum.
2995 5767 3064 5815 ἰ·-
3088 5772 3175 5830 15.
3209 5773 3408 5833 Electa:
3441 5792 3455 5833 :

1939 5859 1992 5898 ec
2015 5859 2066 5897 a.

1939 5859 2066 5898 εοια.
