2024 3142
778 141 872 174 VITA
894 141 926 174 8.

949 141 1101 175 BASILII.
1748 152 1793 179 IX:

86 209 190 240 silium
203 208 260 240 sibi
275 209 393 249 plenius
405 209 532 240 Athenis
549 210 703 249 cognitum
718 208 812 240 fuisse
820 209 903 249 dicit,
915 213 936 239 Α
945 209 1132 241 eherrimam
1142 210 1260 250 ipsique
1280 209 1414 242 maxime
1436 218 1512 250 prop
1518 211 1597 242 riam
1619 213 1782 252 eripuerit.

87 263 158 286 cum
184 258 273 285 antea
303 254 420 293 ignotus
436 262 495 285 non
510 253 624 286 fuisset.
641 253 714 286 Sese
728 257 826 286 autem
839 253 911 285 alibi

86 309 150 330 non
165 299 302 330 videntur
314 298 442 339 novisse,
455 307 542 339 quam
560 298 590 329 in
606 299 803 340 Cappadocia.

130 345 163 375 3°
190 343 302 375 Scribit
316 343 443 374 Basilius
458 343 489 374 in
502 343 590 383 epist.
605 344 640 376 51
653 353 685 375 se
697 352 715 374 a
725 343 912 384 primaaetate

85 389 234 421 nutritum
248 388 342 419 fuisse
356 388 386 418 iu
397 387 600 419 amoreDianii
611 388 912 430 episcopiGaesarien-

85 435 143 474 sis,
161 437 189 465 et
206 432 415 464 considerasse
445 442 532 473 quam
553 437 632 465 esset
647 433 700 464 ille
728 433 773 464 vir
793 437 915 474 aspectu

84 478 315 513 venerabilis,et
333 482 487 518 postquam
504 477 598 509 adfuit
612 478 699 516 ratio,
726 478 811 509 illum
827 478 915 509 etiam

88 533 127 556 ex
142 523 335 555 interioribus
350 523 773 563 boniscognoﬁssejlliusque
783 523 916 554 delecta-

88 573 152 600 tum
177 567 408 600 consuetudine.
439 568 485 597 Ἐκ
500 569 609 608 πρώτης
624 569 731 602 ἡλικίας
754 569 917 608 συνετράφην

88 618 129 651 τῷ
144 615 206 653 περῖ
245 614 324 642 αὒτὸν
340 612 476 652 φίλτρῳ...
489 613 547 642 ἐπεὶ
562 612 589 641 δέ
604 624 649 651 μοι
675 613 768 642 λοιπὸν
782 614 852 642 καὶὸ
866 613 916 642 λο-

89 670 139 698 γος
172 658 271 697 παρῆν,
295 659 354 686 τότε
390 656 422 692 δὴ
438 658 481 686 αἱ
495 658 547 686 ἀπὶ
561 659 612 686 τῶν
627 658 675 692 τῆς
701 657 794 698 ψυχῆς
811 657 916 697 ἀγαθῶν

89 705 170 733 αὐτὸν
204 703 382 741 ἐπεγίνωσκον
398 703 441 730 καὶ
471 701 581 743 ἔχαιρον
614 703 692 733 αὐτοῦ
722 705 756 741 τῇ
784 703 915 739 συνουσίᾳ,

89 748 132 778 Ex
150 747 196 778 his
226 747 331 786 colligo
360 746 502 778 Basilium
529 746 670 778 Caesareae
694 747 915 778 adolescentem

90 792 228 833 pluribus
237 792 322 822 annis
333 796 548 822 commoratum
559 791 663 830 fuisse,
672 792 773 832 ibique
783 792 855 822 satis
868 791 917 822 diu

950 253 1016 282 Nam
1029 262 1089 283 cum
1103 255 1165 283 alim
1174 255 1295 283 civitates
1301 254 1362 283 aliis
1375 255 1593 290 ornamentum“
1604 256 1785 293 «liquimus;

952 299 1028 327 novis
1040 299 1202 335 glorientur,
1215 302 1306 336 prout,
1323 299 1429 336 opinor,
1444 300 1484 328 vel
1494 299 1627 333 historiis,
1643 301 1685 340 vel
1697 301 1776 331 rebus

954 343 1135 384 quibusdam
1149 344 1282 375 visendis
1295 347 1410 376 ornata:
1425 348 1495 376 sunt
1513 355 1520 377 :
1538 346 1616 377 lianc
1630 350 1737 378 contra
1746 351 1782 380 ut

954 397 1042 420 arma
1053 390 1100 420 vel
1110 389 1272 429 tragoedias
1282 392 1361 420 nota
1368 390 1506 428 quaedam
1517 392 1608 430 atque
1630 391 1779 431 insignia,

954 434 998 464 sic
1006 432 1178 465 litterarum
1183 433 1283 472 gloria
1293 433 1433 465 nobilitat
1441 433 1659 474 illustremque
1667 437 1780 469 reddit.

996 477 1076 508 Nihil
1091 481 1137 509 est
1150 477 1195 508 his
1210 478 1242 508 in
1253 477 1353 509 verbis
1363 478 1443 518 quod
1456 479 1781 521 nonCaesareaaGappa-

959 522 1066 553 docum
1083 522 1194 563 optime
1205 526 1358 562 congruat;
1372 523 1516 554 nonnulla
1531 524 1561 553 in
1576 523 1699 555 alteram
1713 527 1781 557 Gai-

958 575 1072 598 saream
1088 567 1189 607 inepte
1204 575 1327 607 prorsus
1347 575 1381 598 ac
1401 567 1548 599 inurbane
1563 568 1642 599 dicta
1667 573 1781 602 essent.

958 610 1036 642 Satis
1051 616 1118 652 apte
1129 611 1288 650 Gregorius
1303 611 1422 650 urbem,
1436 612 1467 642 in
1491 622 1549 653 qua
1559 613 1735 654 loquebatur
1752 619 1783 646 et

957 665 1029 687 voce
1037 660 1065 687 et
1075 666 1162 688 manu
1169 657 1329 696 designans
1335 657 1783 700 dicebat,f1anc,inquam,iliu-

957 704 1046 733 stram
1057 701 1289 734 cioitatem.Non
1299 702 1590 743 putatTillemontius
1597 703 1779 735 hancCaesa-

960 756 1040 778 ream
1058 756 1076 778 a
1086 747 1195 777 studiis
1205 747 1381 785 litterarum,
1394 751 1455 778 uta
1470 748 1621 788 praecipuo
1633 748 1717 780 urbis
1728 758 1781 780 or-

959 796 1110 831 namento,
1122 791 1235 822 laudari
1245 791 1397 823 debuisse.
1415 792 1475 822 Sed
1486 796 1519 823 ut
1534 793 1668 823 omittam
1682 792 1782 825 Euse-

89 837 263 876 educatum,
279 840 309 867 ut
321 842 421 876 posset.
436 845 468 867 se
484 836 515 867 in
531 837 659 868 amando
666 836 771 867 Dianio
784 840 813 867 et
822 837 915 867 consi-
928 840 946 864 Β
958 836 1308 876 bium,quiCappadociaa
1320 837 1463 877 praesules
1472 836 1607 868 doctrina
1619 838 1698 868 inter
1708 838 1783 869 alios

90 881 311 913 derandaillius
321 881 378 911 oris
386 881 538 921 majestate
548 881 695 912 nutritum
706 880 914 912 dicere.Tille-

91 927 234 967 montius,
246 931 278 956 ut
289 926 367 957 hunc
379 925 477 956 locum
487 926 625 966 explicet,
637 925 780 957 Basilium
792 926 916 966 conjicit

90 972 255 1003 admodum
268 971 408 1002 infantem
429 970 593 1002 Caesaream
609 980 626 1001 a
649 970 821 1010 parentibus
836 980 914 1001 non-

90 1025 243 1056 nunquam
260 1020 405 1056 portatum
421 1015 524 1047 fuisse.
539 1015 599 1046 Sed
611 1016 701 1055 hujus
723 1015 913 1055 conjectura,

90 1071 157 1102 quae
172 1070 226 1092 sua
241 1065 346 1100 sponte
363 1069 466 1100 parum
485 1060 620 1100 congruit
640 1059 783 1098 infantiae,
801 1060 914 1091 nullum

90 1106 205 1148 profert
220 1110 426 1143 argumentum
445 1105 639 1136 doctissimus
662 1106 812 1145 scriptor:
829 1109 916 1145 atque

90 1150 209 1182 etiamsi
226 1149 386 1190 proferret,
407 1159 478 1180 num
495 1159 528 1181 se
543 1150 574 1180 in
594 1149 720 1181 amando
736 1153 765 1181 et
789 1150 915 1181 videndo

91 1195 199 1227 Dianio
210 1194 352 1225 nutritum
362 1199 464 1234 posset
478 1194 589 1232 dicere,
599 1203 689 1234 quem
701 1202 915 1235 nonnunquam

92 1240 191 1271 infans
203 1239 325 1270 vidisset
337 1240 349 1270 7
358 1237 419 1270 Nec
428 1239 617 1270 Tillemontio
630 1239 728 1270 favent
740 1239 803 1270 haec
815 1239 913 1277 verba,

89 1295 107 1316 α
117 1286 223 1325 prima
237 1287 323 1315 elate
335 1294 344 1314 :
361 1283 474 1323 optime
485 1284 565 1315 enim
579 1284 755 1315 referuntur
766 1284 805 1315 ad
816 1284 916 1315 adole-

90 1329 249 1362 scentiam.
259 1329 333 1360 Nam
349 1333 378 1360 et
393 1338 458 1367 quae
469 1333 643 1369 sequuntur,
651 1329 918 1369 postquamad/uit

90 1377 180 1410 ratio,
194 1373 367 1405 delectabar
381 1372 464 1404 illius
472 1373 689 1405 consuetudine
698 1383 758 1404 non
773 1373 811 1404 de
820 1374 915 1405 adole-

91 1419 218 1453 scentia,
236 1419 289 1449 sed
304 1419 341 1449 de
356 1419 433 1449 virili
445 1423 532 1450 aetate
555 1419 652 1458 accipi
680 1418 803 1459 debent,
820 1428 918 1459 neque

957 880 1101 912 enituisse
1118 885 1243 912 testatur
1260 881 1317 922 (a),
1333 881 1399 921 ipse
1409 881 1536 912 Basilius
1555 881 1689 921 Gregorii
1697 883 1782 914 testi-

958 926 1056 956 monio
1072 935 1159 956 suum
1171 926 1351 966 adjungit,et
1365 926 1572 966 litteris,inter
1583 927 1686 967 patriae
1693 936 1782 959 orna-

958 975 1069 1008 menta,
1085 970 1209 1010 palmam
1220 971 1280 1001 dat.
1298 971 1347 1002 Sic
1354 971 1434 1001 enim
1449 971 1488 1002 de
1502 970 1553 1002 illo
1565 972 1785 1012 statuloquitur

959 1015 1057 1055 (b),in
1070 1025 1157 1056 quem
1181 1015 1325 1046 divisione
1338 1016 1535 1056 Cappadociae
1559 1016 1754 1055 redigebatur
1771 1026 1779 1049 :

955 1059 1165 1100 Spectaculum
1174 1061 1377 1099 [mitissimum
1388 1062 1468 1099 facta
1475 1060 1783 1102 est,inquit,quzpri-

957 1113 993 1135 us
1005 1108 1068 1135 tum
1079 1105 1114 1136 de
1124 1105 1266 1136 litteratis
1279 1108 1428 1142 oiris,tum
1437 1105 1474 1137 de
1481 1105 1551 1137 aliis
1564 1106 1659 1147 bonis,
1671 1107 1782 1146 quibus

957 1149 1108 1189 opulentae
1122 1149 1210 1181 urbes
1224 1149 1742 1189 abundant,gloriabatur.Similiter
1750 1151 1783 1182 in

957 1194 1044 1233 epist.
1055 1195 1105 1232 74,
1121 1194 1191 1231 n.3,
1204 1195 1372 1225 litterarum
1384 1194 1574 1231 studia,intar
1583 1204 1619 1227 ea
1629 1205 1697 1235 qua
1708 1196 1782 1227 civi-

959 1238 1009 1269 tati
1026 1248 1135 1270 nomen
1151 1243 1181 1270 et
1205 1239 1312 1270 famam
1328 1243 1516 1280 pepererant,
1530 1241 1680 1280 principue
1695 1249 1781 1272 com-

959 1287 1113 1314 memorat.
1132 1285 1196 1321 Qua
1206 1288 1304 1315 autem
1322 1287 1385 1315 erat
1412 1283 1579 1315 urbanitate
1606 1284 1779 1325 Gregorius,

959 1337 1029 1359 num
1046 1329 1148 1368 potuit,
1163 1329 1304 1360 Caesareae
1318 1330 1441 1360 nomine
1451 1329 1780 1369 pronuntiato,audito-

958 1382 1007 1404 res
1021 1373 1194 1412 admonere,
1211 1383 1271 1405 non
1286 1383 1352 1405 eam
1363 1373 1540 1412 Caesaream,
1553 1374 1584 1404 in
1600 1383 1656 1414 qua
1668 1375 1782 1406 oratio-

961 1427 1028 1449 nem
1044 1418 1182 1459 babebat,
1199 1419 1251 1450 sed
1263 1419 1411 1450 illustrem
1422 1419 1503 1450 illam
1515 1419 1546 1450 in
1556 1419 1712 1450 Palaestina
1735 1419 1781 1450 ci-

91 1465 172 1496 enim
190 1465 367 1495 adulescens
396 1464 524 1495 Basilius
547 1464 578 1494 in
599 1463 696 1494 Dianii
725 1463 947 1496 consuetudi-c
959 1462 1078 1493 vitatem
1093 1473 1109 1494 a
1120 1473 1153 1494 se
1164 1464 1339 1503 designari?
1353 1465 1511 1505 Nunquam
1529 1473 1596 1495 eum
1613 1467 1672 1495 tam
1692 1464 1780 1495 inur-

91 1519 158 1542 nem
193 1508 353 1549 admissus,
383 1509 435 1540 sed
465 1511 622 1549 postquam
657 1507 749 1540 rediit
775 1508 913 1540 Athenis.

91 1555 218 1587 Virilem
230 1558 345 1584 aetatem
362 1553 503 1585 similiter
527 1554 662 1593 designat
685 1554 714 1584 in
730 1554 820 1594 epist.
843 1553 913 1593 223,

92 1600 141 1631 ubi
156 1609 192 1630 se
208 1598 294 1630 aliam
312 1608 345 1629 ex
362 1598 419 1629 alia
434 1598 601 1630 doctrinam
611 1601 639 1628 ἓν
654 1602 688 1638 τῇ
703 1602 749 1628 τοῦ
760 1599 842 1637 Λόγου
850 1609 915 1636 συμ-

92 1645 242 1684 πληρώσει,
256 1653 325 1675 cum
347 1644 476 1675 adolevit
490 1644 581 1681 ratio,
610 1653 671 1674 non
697 1646 841 1680 mutasse,
862 1642 915 1673 sed

91 1693 215 1729 accepta
230 1688 266 1720 ab
280 1689 344 1720 avia
355 1693 383 1720 et
405 1694 500 1720 matre
517 1688 662 1730 principia
673 1688 835 1719 retinuisse
858 1687 914 1719 de-

93 1735 194 1766 clarat.

131 1779 259 1811 4⁰1ἀειη
276 1779 402 1810 efﬁcitur
414 1788 447 1809 es
459 1777 532 1818 ipsis
547 1777 682 1816 Gregorii
694 1776 915 1817 verbis,quibus

95 1828 159 1864 post
170 1823 290 1855 Billium
308 1822 874 1855 etBaroniuinTillemontiusCaesaream
884 1822 914 1852 in

94 1869 249 1900 Palaestina
265 1868 388 1899 indicari
403 1867 573 1898 arbitratur.
593 1867 640 1898 Sic
651 1867 742 1907 igitur
754 1867 915 1906 Gregorius

94 1913 123 1944 in
139 1914 273 1944 oratione
284 1922 373 1953 quam
388 1913 425 1944 de
440 1912 541 1943 Basilii
555 1912 692 1944 laudibus
702 1911 804 1944 habuit
816 1913 915 1944 Caesa-

93 1967 151 1989 reas
165 1967 172 1990 ζ
190 1958 251 1987 Ἐπὶ
281 1962 330 1992 τὴν
347 1958 500 1998 Καισαρέων
515 1957 592 1986 πόλιν
617 1957 762 1997 ἐπείγεται,
786 1958 839 1985 τῶν
853 1956 915 1995 τῇδε

93 2002 206 2040 μεθέξων
222 2002 425 2041 πιιδευτηρίων,
441 2003 541 2035 ταὺτην
556 2001 583 2030 δὲ
610 2001 682 2041 λέγω
703 2002 753 2036 τὴν
783 2004 915 2041 περιφανῆ

94 2059 120 2076 τε
153 2049 199 2076 καὶ
231 2047 362 2086 ἡμετέραν
387 2047 457 2086 (ἐπεὶ
483 2047 599 2075 καὶτῶν
628 2047 700 2085 ἐμῶν
731 2047 819 2086 λόγων
848 2046 914 2080 αὕτη

95 2093 254 2131 καθηγεμὼν
285 2093 328 2120 mi
356 2090 536 2131 διδάσκαλος),
564 2091 614 2125 τὴν
635 2093 687 2131 οὐχ
717 2091 796 2125 ἧττον
827 2090 915 2130 λόγων

95 2136 272 2177 μητρόπολιν,
289 2136 306 2170 ἦ
321 2139 373 2164 τῶν
388 2136 492 2165 πόλεων
507 2137 545 2164 ὧν
567 2135 730 2173 ὑπέρκειται,
747 2137 790 2164 καὶ
805 2135 863 2164 καθ’
879 2136 915 2164 ὦν

94 2183 153 2221 ἔχει
167 2181 217 2215 τὴν
233 2180 395 2209 Suvaa'tslzv'
419 2181 451 2215 ἢν
469 2180 496 2209 εἴ
512 2192 551 2212 τις
568 2184 612 2209 τοὺ
627 2181 655 2209 ἐν
683 2180 774 2220 λόγοις
804 2181 916 2221 κράτους

96 2226 313 2266 ἆποςτερήσειεν,
330 2226 474 2266 ἂφῃρηκὼς
491 2225 564 2254 ἔσται
581 2225 644 2254 αὐτὸ
669 2226 700 2253 τὸ
728 2224 871 2254 κάλλιστόν
887 2235 916 2253 τε

96 2271 320 2301 χαὶίδικώτιτον,
349 2270 456 2301 "Allia
471 2271 520 2307 μὲν
535 2270 585 2310 γὰρ
614 2270 666 2298 τῶν
695 2269 799 2298 πόϐεων
824 2269 916 2302 ἄλλοις

97 2315 256 2354 ἂγάλλονται
268 2314 500 2354 καλλωπίσμασιν,
518 2316 535 2349 ἢ
547 2314 685 2350 παλαιοῖς,
702 2314 720 2349 ἢ
743 2314 826 2351 νέοις,
842 2314 915 2346 ὅπως

96 2360 125 2387 ἄν
146 2367 224 2396 οἴμαι
244 2363 293 2388 τῶν
308 2359 482 2398 διηγημάτων
498 2359 598 2400 ἔχωσιν
631 2360 649 2393 ἢ
678 2362 730 2388 τῶν
759 2359 913 2399 ὁρωμένων,

95 2403 154 2442 τῇδε
170 2404 246 2444 λόγοι
259 2404 290 2432 τὸ
304 2404 423 2442 γνώρισμ
430 2415 456 2443 at,
475 2403 563 2443 ὥσπερ
582 2404 609 2431 ἐν
622 2411 679 2437 τοῖς
695 2404 787 2438 ὅπλοις
816 2405 834 2438 ἢ
855 2410 914 2436 τοῖς

96 2447 205 2487 δράμασι
222 2449 257 2477 τὰ
278 2450 409 2486 ὲπίσημα.
427 2447 609 2484 Caesareum,
627 2452 660 2479 ut
673 2447 846 2479 scholarum
856 2457 916 2479 ur-

96 2493 138 2522 bis
149 2493 234 2524 illius
248 2496 399 2532 particeps
415 2496 501 2530 esset,
519 2492 681 2530 contendit,
697 2493 776 2524 hanc
792 2494 919 2533 inquam

96 2536 244 2568 illustrem
260 2538 460 2578 civitatem,et
470 2538 838 2574 nostram(nammeorum
849 2546 921 2577 quo-

97 2590 153 2621 que
162 2582 335 2613 studiorum
345 2581 410 2613 dux
417 2585 445 2613 el
467 2583 618 2622 magistra
628 2581 757 2621 exstitit,
775 2591 844 2622 quae
858 2591 918 2614 non

98 2628 196 2657 minus
204 2627 305 2657 littera
311 2635 378 2657 rum
383 2626 725 2667 atquedoetrime,quam
731 2627 918 2667 urbiumqui-

98 2670 149 2701 bus
157 2670 306 2710 pracellit
320 2675 347 2702 et
360 2671 547 2711 dominatur,
569 2670 740 2711 metropolis
758 2681 765 2702 :
785 2680 875 2710 quam
891 2673 919 2704 si

99 2717 164 2753 quis
173 2715 322 2747 electi-inte
325 2715 432 2756 palma
443 2714 703 2756 spoliaverit,rem
713 2715 847 2747 omnium
851 2718 917 2757 pul-

142 2794 184 2837 (α)
197 2796 233 2828 In
247 2795 316 2829 Vita
332 2795 450 2837 Gonst.,
465 2803 531 2837 cap.
542 2795 592 2830 43.

959 1509 1035 1539 bane
1051 1512 1168 1549 tamque
1193 1509 1296 1549 pingui
1325 1510 1459 1541 Minerva
1487 1509 1618 1541 locutum
1645 1509 1779 1542 credam.

957 1553 1030 1590 Quae
1045 1557 1209 1593 sequuntur
1224 1554 1262 1585 de
1273 1553 1439 1585 litterarum
1461 1553 1579 1594 studiis,
1605 1563 1666 1585 non
1682 1554 1781 1585 minus

956 1597 1093 1629 inornata
1106 1602 1135 1629 et
1149 1598 1271 1638 illepida
1297 1603 1409 1636 essent,
1426 1598 1450 1629 si
1463 1599 1499 1630 ad
1530 1598 1693 1629 Caesaream
1718 1600 1780 1630 Pa-

957 1643 1079 1674 laestinae
1106 1643 1316 1680 referrentur;
1354 1652 1423 1674 cum
1461 1643 1674 1681 Casarienses,
1705 1652 1781 1683 quos

956 1687 1162 1729 alloquebatur
1174 1687 1344 1728 Gregorius,
1362 1687 1437 1718 hanc
1446 1687 1577 1728 laudem,
1590 1691 1621 1718 ut
1629 1688 1692 1727 jam
1705 1687 1779 1727 dixi,

956 1732 1022 1764 aliis
1038 1732 1205 1764 civitatibus
1219 1742 1277 1763 non
1294 1732 1507 1764 concederent.

991 1779 1059 1810 Non
1072 1777 1267 1809 omittendum
1298 1777 1377 1818 quod
1393 1777 1475 1808 addit
1501 1775 1681 1816 Gregorius:
1709 1777 1779 1809 Jam

956 1831 1024 1862 qua:
1038 1827 1217 1862 sequuntur,
1231 1823 1255 1853 ii
1269 1825 1424 1862 exponant
1443 1822 1497 1861 qui
1512 1825 1540 1854 et
1555 1830 1622 1853 eum
1644 1822 1727 1862 apud
1752 1831 1782 1853 se

956 1868 1138 1899 erudierunt
1151 1872 1181 1899 et
1195 1868 1331 1907 fructum
1346 1877 1386 1898 ea-
1397 1868 1491 1907 ipsius
1506 1867 1676 1898 eruditione
1690 1875 1780 1907 cepe-

955 1916 1038 1953 runt,
1055 1917 1188 1953 quantus
1199 1913 1342 1944 videlicet
1352 1913 1517 1952 magistris,
1530 1916 1661 1951 quantus
1675 1921 1780 1952 (equa-

958 1958 1035 1989 libus
1050 1961 1135 1998 esset,
1157 1961 1213 1988 etc.
1242 1958 1309 1989 Non
1335 1961 1473 1997 superest
1498 1956 1670 1996 ambigendi
1696 1956 1780 1988 locus

956 2003 1031 2034 utris
1047 2002 1282 2033 Caesariensibus
1307 2002 1371 2033 haec
1387 2001 1535 2033 narranda
1551 2001 1711 2041 Gregorius
1727 2010 1778 2032 re-

957 2047 1072 2088 linquat
1089 2047 1143 2085 ;iis
1155 2047 1204 2087 qui
1220 2047 1307 2086 longe
1316 2047 1421 2078 remoti
1438 2053 1535 2084 erant,
1553 2056 1653 2087 neque
1669 2055 1703 2077 ex
1725 2046 1781 2077 Ba-

926 2091 1017 2131 Dsilii
1030 2091 1198 2123 eruditione
1214 2091 1360 2131 majorem
1377 2101 1464 2132 qnam
1480 2091 1547 2122 alia;
1570 2091 1705 2122 civitates
1725 2091 1782 2122 uti-

958 2136 1070 2167 litatem
1083 2140 1290 2177 perceperant,
1305 2145 1342 2167 an
1352 2136 1389 2167 iis
1404 2145 1479 2176 quos
1492 2135 1699 2176 alloquebatur
1709 2135 1781 2167 Gre-

951 2181 1071 2223 gorius,
1087 2181 1196 2222 quique
1212 2184 1242 2212 et
1256 2181 1359 2212 Basilii
1374 2180 1537 2212 studiorum
1561 2184 1699 2220 poterant
1714 2189 1780 2211 me-

959 2226 1093 2266 minisse,
1110 2229 1140 2256 et
1152 2225 1231 2256 illius
1249 2225 1386 2257 doctrina
1406 2234 1459 2265 per
1474 2229 1515 2257 tot
1544 2233 1639 2255 annos
1672 2223 1780 2255 imbuti

958 2271 1085 2302 fuerant.
1103 2271 1175 2302 Cum
1189 2270 1279 2310 igitur
1296 2270 1342 2300 his
1354 2269 1451 2300 verbis
1475 2270 1607 2301 Caesarea
1622 2269 1779 2309 Cappado-

957 2325 1024 2347 cum
1040 2315 1245 2355 dignoscatur,
1258 2314 1407 2345 immerito
1428 2313 1534 2354 quaerit
1557 2313 1779 2353 Tillemontius,

957 2369 1010 2392 cur
1024 2359 1197 2400 Gregorius,
1213 2360 1264 2400 qui
1281 2359 1422 2391 Caesareae
1448 2358 1617 2399 perorabat,
1632 2358 1777 2390 Basilium

957 2406 988 2436 in
1001 2405 1077 2436 hanc
1092 2404 1195 2435 urbem
1206 2404 1357 2444 conceptis
1373 2402 1472 2435 verbis
1483 2402 1600 2434 venisse
1613 2412 1672 2434 non
1689 2402 1779 2444 dicat;

959 2459 1012 2481 cur
1023 2459 1081 2480 non
1096 2459 1161 2480 eam
1178 2449 1325 2489 designet,
1347 2448 1408 2480 nisi
1423 2447 1570 2488 ejusmodi
1598 2448 1686 2486 notis,
1714 2457 1781 2488 qua;

961 2495 1065 2526 saltem
1082 2494 1108 2525 ei
1119 2503 1187 2525 cum
1200 2496 1293 2526 altera
1307 2494 1442 2525 Casarea
1457 2501 1632 2524 communes
1648 2493 1718 2524 sint.

1003 2539 1060 2570 Sed
1076 2539 1155 2570 idem
1172 2539 1363 2570 doctissimus
1379 2538 1508 2578 scriptor
1523 2539 1579 2569 hoc
1594 2537 1779 2578 potissimum

963 2589 1136 2625 argumento
1148 2583 1344 2624 nititur.quod
1355 2583 1525 2624 Gregorius,
1539 2586 1694 2623 postquam
1713 2583 1781 2614 Cas-

960 2639 1074 2661 saream
1083 2638 1165 2661 suam
1175 2638 1242 2661 esse
1248 2629 1432 2668 dixit,statim
1442 2628 1529 2660 addat
1537 2627 1604 2659 ideo
1611 2637 1694 2659 suam
1701 2636 1780 2667 esse,

960 2675 1029 2715 quia
1043 2674 1202 2705 ibilitteris
1223 2683 1344 2714 operam
1368 2673 1508 2705 dederat:
1529 2674 1626 2712 Hanc,
1640 2674 1778 2714 inquam,

960 2719 1109 2751 illustrem
1118 2720 1279 2759 ciuitatem,
1292 2724 1320 2752 et
1329 2722 1552 2759 nostram;nam
1563 2727 1699 2750 meorum
1707 2727 1781 2759 quo-

1001 2801 1040 2841 (b)
1058 2799 1114 2841 Ep.
1132 2799 1184 2833 76.
