2024 3142
241 146 317 172 XVIII

240 209 312 241 Cum
328 217 362 240 ex
379 208 425 239 his
440 217 505 249 quae
517 208 689 248 praecedunt
703 212 731 239 et
753 213 928 249 sequuntur,
947 214 1008 240 tum
1024 217 1059 239 ex
1071 212 1089 236 A

240 253 373 294 pluribus
383 253 449 283 aliis
458 253 593 292 Gregorii
604 253 678 283 locis
694 252 957 284 demonstrandum
973 253 1060 284 nobis

239 303 283 329 est
297 299 405 337 ἀζύγους
422 297 500 336 illos,
519 298 547 328 id
564 302 610 328 est
634 297 746 328 solutos
773 303 802 328 et
824 298 885 338 jugi
910 303 1058 339 expertes,

237 343 528 374 anachoretasfuisse
535 342 598 373 sive
609 342 744 373 homines
756 344 998 382 contemplationi
1009 343 1060 374 de-

237 387 326 428 ditos,
345 387 476 426 migades
493 396 573 423 vero,
593 390 707 417 ascetas
723 387 752 417 in
767 387 890 426 agendis
906 387 996 418 rebus
1006 397 1058 418 oc-

237 436 359 472 cupatos
372 442 378 463 :
398 441 451 462 nec
465 431 638 470 Gregorium
651 431 833 462 deliberasse
847 436 944 462 utrum
962 441 1060 463 mona-

237 477 340 508 sticam
355 479 456 515 vitam,
474 485 509 506 an
527 476 685 506 szeculares
696 476 844 507 tumultus
859 477 1058 517 amplectere-

237 527 294 557 tur,
314 521 365 551 sed
379 530 413 551 ex
426 521 543 550 duobus
554 526 721 551 ascelarum
741 521 913 559 generibus,
932 531 1058 560 quorum

237 566 285 596 alii
303 564 560 605 contemplationi,
582 565 632 595 alii
657 565 767 596 actioni
793 569 869 596 totos
890 575 922 596 se
937 566 1056 601 dabant.

236 615 332 641 utrum
349 615 539 649 sequeretur.

277 655 354 685 Luce
369 653 480 684 clarius
498 658 543 684 est
561 655 666 692 ΞιΞύγους
689 659 717 685 et
741 655 872 694 migades
893 655 952 685 duo
967 655 1059 687 fuisse

234 699 367 730 instituta
380 699 533 729 hominum
552 700 612 730 Deo
628 704 882 731 consecratorum.
900 700 972 729 Nam
989 709 1056 730 cum

233 743 392 783 Gregorius
403 742 586 773 deliberaret
601 747 698 774 utrum
715 743 851 783 eligeret,
864 745 926 783 jam
944 748 1056 774 statue—

233 793 276 819 rat
292 797 357 818 sese
373 789 434 819 Deo
445 797 632 824 consecrare,
652 793 683 818 ut
699 797 734 818 ex
751 788 797 819 his
817 788 915 819 verbis
927 788 1056 830 perspici

236 837 331 874 potest
348 842 355 863 :

285 887 408 913 Animum
420 886 553 921 premebat
569 893 634 913 nam
647 886 741 921 gravis
758 886 834 914 turbo
850 895 931 914 meum

284 927 355 954 Dum
370 933 458 961 quaero
470 926 575 962 primas
590 926 618 953 in
632 925 706 954 bonis
724 926 849 962 quidnam
863 927 946 962 ferat.

285 968 306 994 Α
322 974 402 994 carne
413 965 514 993 dudum
530 965 635 1001 longius
654 967 776 994 recedere

283 1007 415 1035 Statutum
435 1006 577 1041 habebam,
591 1010 702 1042 tuncque
713 1006 843 1042 ﬁrmabar
853 1006 938 1043 magis

284 1048 321 1075 At
331 1047 461 1082 cogitanti
475 1047 508 1074 de
528 1047 580 1074 viis
593 1047 679 1082 gratis
698 1046 763 1079 Deo.

286 1087 502 1115 Prwstontiorem
518 1095 571 1115 non
585 1090 642 1115 erat
652 1089 803 1123 promptum
817 1086 886 1115 milii

285 1126 421 1163 Reperire.

271 1175 408 1207 Haerebat
421 1184 491 1215 ergo
516 1175 676 1215 Gregorius
689 1185 749 1206 non
765 1176 843 1206 inter
859 1175 1051 1205 monasticam

233 1226 262 1252 et
275 1221 447 1251 steculnrem
462 1220 562 1260 vitam,
580 1220 632 1250 sed
647 1220 727 1252 inter
738 1219 977 1251 anachoreticam
992 1219 1054 1250 sive

231 1264 490 1304 contemplativam
516 1269 545 1295 et
566 1271 730 1296 actuosam.
753 1264 833 1300 Quos
848 1264 928 1295 enim
942 1264 1052 1303 ἂζύγους

234 1314 328 1349 vocat,
345 1318 449 1340 eorum
468 1309 594 1340 instituzi
606 1311 742 1349 exempla
753 1319 789 1340 ex
805 1309 867 1339 Elia
881 1312 911 1338 et
927 1308 1054 1339 tiliislo-

233 1353 330 1384 nadab
343 1358 373 1384 et
382 1354 495 1384 Joanne
508 1353 636 1393 Baptista
648 1354 753 1394 repetit
762 1352 955 1384 .Retrahebat
967 1352 1048 1383 illum

232 1399 268 1429 ab
285 1399 340 1428 hac
356 1397 414 1428 vita
430 1397 597 1428 litterarum
610 1407 761 1428 sacrarum
777 1397 983 1437 amor,quibus
999 1406 1051 1428 ex-

232 1442 367 1472 colendis
378 1451 437 1472 non
453 1441 537 1472 valde
552 1442 704 1481 appositus
719 1450 854 1473 eremus:
867 1441 999 1482 illudque
1010 1441 1054 1472 in-

232 1486 382 1517 commodi
394 1486 423 1516 in
435 1486 583 1525 ejusmodi
599 1486 773 1517 hominibus
787 1485 1050 1527 reperiebat,quod

233 1531 358 1561 multum
380 1530 577 1570 sibimetipsis
599 1531 788 1571 prodessent,
804 1535 833 1561 at
847 1530 914 1561 aliis
936 1540 1050 1571 nequa-

231 1584 332 1615 quam.
345 1574 413 1605 Haac
425 1575 555 1615 proiecto
567 1576 814 1607 anachoretarum
827 1580 855 1605 et
866 1575 1050 1615 contempla-
1060 1592 1081 1617 ο

230 1620 303 1650 tioni
319 1619 486 1650 deditorum
501 1619 654 1650 hominum
672 1620 792 1660 propria
808 1624 970 1659 sunt,quos
985 1628 1048 1649 me-

228 1665 285 1694 rito
299 1671 384 1695 vocat
398 1665 520 1704 ἀζύγους,
537 1671 568 1694 ιιι
582 1665 632 1704 qui
647 1664 683 1695 ab
695 1664 776 1695 omni
787 1665 860 1704 jugo
875 1664 976 1697 liberi.
995 1673 1050 1695 nec

229 1709 297 1739 ullis
312 1717 434 1749 prorsus
445 1708 572 1739 vinculis
584 1709 697 1740 astricti
713 1714 825 1740 essent.
838 1708 921 1744 Quod
935 1713 1050 1748 spectat

229 1754 263 1784 ad
283 1752 495 1792 migades,sive
512 1762 565 1784 eos
579 1753 707 1791 quicum
721 1753 786 1784 aliis
802 1753 975 1792 miscentur,
989 1761 1048 1782 non

229 1797 357 1828 difficilis
365 1801 411 1828 est
425 1797 647 1836 interpretatio.
661 1797 732 1828 Illos
742 1797 823 1828 enim
839 1796 950 1827 ibidem
965 1801 1050 1827 vocat

227 1842 399 1881 πρακτικούς,
417 1841 447 1871 id
461 1845 506 1872 est
520 1846 670 1882 actuosos,
687 1851 799 1882 eosque
810 1841 972 1882 plurimum
984 1841 1049 1872 aliis

228 1886 382 1927 prodesse,
410 1890 440 1917 at
459 1886 490 1916 in
507 1886 621 1926 magnis
640 1886 816 1917 tumultibus
831 1885 943 1916 versari
965 1885 1048 1916 dicit.

228 1932 326 1967 Quare
334 1930 463 1961 mediam
473 1930 553 1962 inter
564 1935 705 1971 utrosque
717 1930 792 1961 viam
809 1934 928 1961 secutus
945 1930 1049 1966 est,vel

228 1975 324 2015 potius
337 1980 495 2015 utrumque
507 1975 675 2006 institutum
691 1975 779 2006 simul
795 1975 959 2014 conjunxit,
977 1979 1009 2005 ut
1022 1978 1050 2005 et

226 2020 392 2051 litterarum
404 2029 554 2050 sacrarum
571 2019 679 2050 studiis
698 2023 728 2051 et
742 2019 877 2051 fovendae
892 2023 1047 2060 parentum

226 2064 391 2095 senectutis
401 2063 497 2095 oﬂicio
513 2063 710 2096 satisfaceret.

267 2110 352 2148 Saepe
365 2108 438 2139 alias
449 2108 485 2139 de
500 2108 605 2139 iisdem
619 2108 788 2148 migadibus
799 2109 859 2148 agit
874 2108 1045 2148 Gregorius,

226 2163 261 2184 ac
274 2153 386 2192 ubique
400 2152 431 2184 in
447 2162 512 2184 eam
531 2162 619 2193 quam
636 2153 766 2184 diximus
780 2153 975 2185 sententiam.
997 2153 1047 2185 Sic

226 2198 357 2239 loquitur
371 2198 401 2228 in
417 2197 550 2228 oratione
568 2199 579 2229 1
602 2208 608 2230 :
629 2199 684 2227 Κᾶν
712 2199 750 2227 ἔτι
776 2197 891 2238 ἀκριϐῶς
908 2197 1045 2237 ἐξιτᾶσῃς,

225 2243 285 2272 ὅσον
301 2245 331 2272 τὸ
347 2243 429 2282 μέσον
453 2246 506 2271 τῶν
531 2242 559 2271 ἐν
581 2243 713 2282 συζυγίαις
739 2244 803 2283 πρὸς
822 2243 879 2275 τοὺς
898 2244 1017 2282 ἀγάμους
1037 2253 1045 2281 ς

228 2287 281 2317 Κᾶν
296 2288 397 2319 τούτοις
423 2286 515 2324 πάλιν,
546 2289 599 2314 τῶν
628 2290 677 2320 τῆς
698 2287 811 2327 ἐρημίας
833 2288 899 2325 πρῆς
914 2288 976 2319 τοὺς
990 2298 1045 2316 κοι-

226 2332 352 2363 νωνιχοὺς
367 2333 411 2360 καὶ
436 2330 549 2370 μιγάδας
567 2339 574 2347 ‘
607 2334 659 2360 τῶν
681 2332 867 2370 ὲξητασμένων
882 2332 926 2361 καὶ
954 2330 1044 2360 διαϐε-

225 2376 348 2411 ϐηκότων
379 2376 405 2404 ἐν
433 2376 538 2415 θεωρίᾳ,
569 2377 634 2415 πρὸς
663 2377 722 2408 τοὺς
749 2376 842 2408 ἁπλῶς
871 2377 1044 2405 κατευθύνον-

224 2434 282 2455 τας.
301 2422 389 2460 Ουοά
401 2423 430 2453 si
444 2422 621 2453 accuratius
636 2431 699 2453 rem
715 2423 880 2463 ozpmtdas,
897 2426 1045 2462 quantum

222 2468 401 2498 intervallum
411 2468 480 2496 inter
491 2467 644 2504 conjugatos
654 2470 680 2496 el
692 2468 796 2497 ealibes
807 2469 822 2498 ν
836 2467 883 2497 Ea:
895 2468 937 2497 bis
949 2475 1045 2497 rursus

222 2514 349 2548 quantum
366 2511 436 2539 inter
453 2518 496 2539 eos
510 2510 557 2547 qui
584 2510 612 2537 in
627 2517 715 2538 eremo
729 2515 881 2544 vereantur,
898 2515 923 2539 et
939 2518 982 2538 eos
998 2510 1046 2547 qui

222 2561 367 2582 communes
381 2557 446 2582 sunt
471 2560 504 2581 ac
530 2552 672 2588 migades:
693 2552 765 2580 inter
794 2560 836 2581 eos
853 2553 900 2589 qui
923 2555 1046 2581 accurate

223 2596 319 2632 degunt
345 2598 370 2622 et
384 2595 414 2624 in
436 2594 663 2630 contemplatione
692 2594 876 2631 profecerunt,
896 2598 921 2623 et
942 2602 984 2623 eos
1001 2595 1046 2631 qui

222 2637 609 2678 simpliciterrectamviam
615 2636 871 2676 ineunt.Migades
886 2645 958 2676 ergo
968 2637 1047 2668 inter

227 2685 352 2717 caelibes
368 2689 397 2716 et
413 2683 602 2715 continentes
616 2688 825 2724 recensentur,
841 2692 902 2716 non
913 2692 1000 2715 secus
1009 2692 1045 2715 ac

224 2732 282 2773 ipsi
297 2731 484 2764 anachoreta
496 2739 505 2769 ;
517 2729 570 2762 sed
587 2729 676 2771 primi
688 2728 856 2770 simplicius
869 2730 982 2770 vivunt,
994 2728 1044 2760 isti

261 2813 375 2897 (ita:
389 2811 443 2886 a;

1068 889 1086 914 Β

937 139 1230 176 PROLEGOMENA.

1102 210 1278 242 accuratius.
1297 213 1379 244 [dem
1397 213 1559 245 discrimen
1576 214 1752 246 observatur
1766 213 1796 247 in
1811 216 1925 247 oratio-

1103 263 1139 284 ne
1151 255 1190 284 22
1211 267 1217 285 ;
1246 257 1275 285 Οἱ
1300 257 1436 294 μονιδικοὶ
1466 259 1508 287 iui
1532 259 1652 298 μιγάδες,
1672 262 1694 288 οἱ
1711 263 1758 294 τῆς
1774 260 1926 296 ἂπλότητος

1102 300 1144 327 αἱ
1167 303 1214 334 τῆς
1244 300 1389 341 ἀκριϐείας,
1418 302 1474 331 ὅσοι
1507 305 1556 337 τῆς
1583 306 1692 344 θεωρίαις
1723 307 1766 333 vi
1795 306 1851 334 ὅσοι
1878 307 1926 340 τῆς

1102 345 1231 383 πράξεως.
1263 345 1405 377 Solitarii
1435 351 1462 378 ct
1484 348 1629 388 migadcs,
1659 350 1712 388 qui
1740 350 1927 390 simpliciter

1101 390 1201 422 vivitis,
1218 394 1242 419 et
1255 392 1303 427 qui
1314 396 1449 424 accurate;
1465 394 1512 430 qui
1525 395 1756 431 contemplationi.
1772 400 1796 423 et
1810 397 1858 432 qui
1876 405 1925 425 ac-

1100 432 1168 459 tioni
1181 440 1225 461 vos
1239 432 1320 461 datis.

1141 482 1209 512 Haec
1231 487 1329 513 autem
1361 484 1461 522 verba,
1485 486 1508 512 οἱ
1534 484 1673 522 μονχὸιχοι
1689 487 1730 514 καὶ
1747 487 1868 528 μιγάδες,
1882 488 1923 518 sic

1101 529 1199 560 reddit
1213 530 1474 571 Billius,monachi
1489 536 1514 562 et
1527 533 1561 562 in
1572 532 1714 563 sodalitio
1726 534 1871 565 viventes.
1886 536 1924 565 At

1101 574 1231 613 profecto
1245 576 1392 613 migadum
1406 575 1527 606 nomine
1539 585 1597 606 non
1613 576 1922 617 intelligitGregorius

1099 619 1276 651 cwnobitas.
1293 619 1364 651 Nam
1377 621 1533 651 cmnobitte
1549 621 1678 651 mediam
1695 622 1772 652 illam
1784 623 1858 653 viam
1873 623 1921 654 in-

1101 666 1146 693 ter
1155 665 1350 695 anachoretas
1364 669 1394 694 et
1417 665 1548 704 migades
1574 666 1726 703 tenebant,
1752 676 1840 705 quam
1856 667 1921 707 ipse

1099 707 1258 747 Gregorius
1273 709 1454 748 sequendam
1470 709 1528 739 sibi
1544 718 1609 740 esse
1620 710 1804 742 duxit.Unde
1821 711 1851 741 in
1868 721 1920 743 ea-

1099 752 1166 783 dem
1184 753 1317 784 oratione
1329 753 1369 783 ait
1386 754 1548 784 cmnobitas
1561 755 1589 784 ln
1607 756 1728 794 {Egypto
1746 756 1834 787 simul
1856 766 1922 787 esse

1099 797 1239 827 eremilas
1255 802 1281 828 et
1301 797 1443 836 migades.
1462 799 1524 830 Duo
1546 798 1625 829 enim
1647 799 1801 838 distinguit
1818 810 1919 832 mona-

1097 841 1221 872 chorum
1237 851 1348 880 genera
1359 842 1387 872 in
1402 842 1563 874 solitudine
1573 843 1732 874 viventium
1750 855 1756 876 :
1774 847 1803 875 Οἱ
1815 847 1864 883 μὲν
1875 849 1921 876 τὸν

1097 887 1184 920 πάντη
1215 886 1356 924 μοναδικόν
1385 898 1413 915 τε
1442 890 1484 916 καὶ
1523 887 1633 926 ἅμιιιτον
1662 888 1828 922 atumo-ins;
1851 892 1918 929 βίον,

1099 931 1203 964 ἑαυτοῖς
1219 932 1310 968 μόνοις
1333 932 1541 970 προσλιλοῦντες
1568 934 1610 960 xxi
1625 937 1663 970 τῷ
1686 938 1754 971 Θεῷ,
1778 937 1821 964 καὶ
1843 941 1920 966 τοῦτο

1098 975 1178 1011 μόνον
1194 976 1294 1013 κόσμον
1318 976 1425 1016 εἰδότες,
1448 976 1509 1005 ὅσον
1539 977 1565 1005 ἐν
1595 981 1629 1015 τῇ
1650 978 1746 1018 ἐρημίᾳ
1775 982 1919 1019 γνωρίζου-

1098 1031 1149 1050 σιν,
1178 1022 1207 1049 Οἱ
1238 1020 1263 1048 δὲ
1293 1022 1373 1049 νότιον
1401 1022 1508 1060 ἀγάπης
1536 1025 1570 1060 τῇ
1601 1024 1723 1059 κοινωνίᾳ
1750 1023 1917 1064 στέργοντες,

1096 1064 1219 1103 ὲρημικοί
1233 1076 1260 1093 τε
1287 1067 1353 1103 bum":
1378 1067 1422 1094 καὶ
1447 1066 1568 1106 μιγάδες.
1598 1067 1732 1104 Quorum
1756 1068 1814 1100 alii
1829 1069 1919 1100 vitam

1091 1118 1207 1147 prorsus
1231 1112 1394 1145 solitariam,
1424 1112 1495 1141 etab
1519 1112 1655 1141 hominum
1679 1115 1803 1143 societate
1827 1123 1914 1144 remo~

1094 1157 1150 1182 tam
1172 1156 1264 1190 agunt,
1298 1155 1343 1183 sui
1376 1155 1496 1191 ipsorum
1524 1159 1628 1184 tantum
1658 1161 1682 1185 et
1712 1158 1762 1185 Dei
1789 1157 1918 1194 colloquio

1093 1196 1225 1232 fruentes,
1255 1202 1334 1233 atque
1366 1197 1433 1225 lianc
1461 1198 1591 1226 duntaxat
1630 1202 1709 1227 terra
1737 1203 1842 1236 partem
1865 1208 1918 1237 pro

1094 1239 1191 1268 mundo
1215 1240 1348 1269 habentes.
1379 1248 1461 1276 quam
1488 1241 1519 1268 in
1534 1241 1680 1270 solitudine
1703 1243 1836 1276 cognitam
1866 1243 1916 1271 ha-

1094 1281 1168 1310 bent.
1192 1282 1249 1310 Alii
1264 1288 1354 1311 autem
1372 1282 1514 1311 charitatis
1537 1283 1616 1319 legens
1634 1292 1682 1319 per
1710 1285 1917 1313 communionem

1093 1327 1117 1351 et
1148 1325 1302 1353 societatem
1334 1325 1458 1360 colentes,
1490 1325 1609 1354 solitarii
1637 1327 1714 1354 simul
1741 1331 1765 1355 et
1796 1328 1917 1362 migodes

1092 1365 1253 1398 suntJllnd
1267 1367 1356 1397 etiam
1374 1367 1509 1398 laudatur
1523 1377 1540 1398 a
1553 1368 1698 1407 Gregorio
1715 1370 1753 1409 (a,
1771 1370 1801 1400 in
1815 1379 1915 1400 mona-

1095 1413 1161 1444 chis
1177 1412 1369 1445 Nazianzenis
1387 1424 1394 1446 :
1423 1415 1511 1453 Μὲτρι
1539 1418 1587 1448 τῆς
1609 1416 1645 1448 εἷς
1667 1418 1697 1444 τὸ
1713 1420 1801 1445 κοινὸν
1819 1417 1911 1454 ἐπιμι-

1094 1460 1149 1493 Eia:
1171 1462 1214 1489 καὶ
1229 1462 1442 1501 ὑποχωρήσεως⁷
1475 1464 1523 1494 τῆς
1545 1462 1592 1499 μὲν
1614 1463 1675 1493 τοὺς
1703 1462 1797 1495 ἄλλους
1819 1462 1914 1491 πάιδαι-

1093 1508 1244 1546 γωγούσης,
1262 1509 1310 1541 τῆς
1339 1506 1367 1535 δέ
1388 1508 1426 1545 τῷ
1448 1509 1581 1546 Πνεύματι
1604 1509 1845 1547 μυστιγωγάύσης,
1869 1510 1913 1538 sui

1093 1557 1142 1588 τῆς
1157 1555 1206 1592 μὲν
1233 1556 1260 1582 ἐν
1288 1558 1327 1592 τῷ
1353 1557 1434 1592 κοινῴ
1459 1556 1489 1584 τὸ
1515 1555 1618 1584 ἄκωνον
1642 1556 1837 1596 φυὶκττούσης,
1863 1559 1912 1590 τῆς

1093 1601 1120 1630 δὲ
1147 1602 1173 1630 ἐν
1199 1605 1237 1639 τῷ
1263 1601 1366 1639 ἆμίκτῳ
1396 1603 1425 1630 τὸ
1456 1601 1614 1642 φιλάδελφον
1643 1603 1685 1630 καὶ
1715 1603 1910 1642 φιλάνθρωπον.

1091 1647 1184 1676 Modus
1211 1652 1267 1676 tum
1296 1648 1324 1674 in
1351 1656 1485 1677 commune
1508 1647 1665 1684 prodeundi,
1687 1651 1740 1675 tum
1762 1648 1912 1682 secedendi,

1091 1691 1171 1723 illud,
1205 1690 1240 1718 ad
1270 1691 1339 1719 alios
1358 1690 1547 1721 instituendos.
1574 1690 1632 1725 Isoc,
1667 1693 1696 1718 ut
1720 1691 1772 1726 ipsi
1791 1691 1912 1727 Spiritus

1091 1733 1223 1769 mysteriis
1244 1733 1411 1765 imbuuntur,
1428 1737 1508 1768 atque
1527 1732 1567 1760 ita
1583 1736 1737 1768 utrumque,
1763 1736 1786 1759 el
1802 1734 1832 1761 in
1841 1741 1910 1761 com-

1092 1776 1165 1803 muni
1183 1775 1352 1804 solitudinem
1373 1777 1488 1808 servent,
1513 1778 1536 1801 et
1556 1774 1586 1801 in
1601 1774 1741 1802 solitudine
1761 1775 1911 1810 fraternam

1092 1817 1333 1849 benevolentiam
1345 1821 1372 1848 et
1384 1816 1722 1852 charitalem.Quamvis
1734 1826 1803 1855 ergo
1821 1818 1912 1857 miga-

1092 1863 1144 1895 des
1157 1864 1247 1895 iidem
1258 1863 1407 1894 interdum
1421 1862 1566 1902 sintapud
1581 1862 1739 1893 nonnullos
1749 1863 1911 1903 scriptores

1091 1920 1125 1941 ac
1137 1910 1304 1947 canobitae,
1322 1914 1351 1940 at
1362 1913 1443 1941 certe
1452 1908 1594 1947 Gregorio
1605 1918 1664 1939 non
1676 1913 1773 1949 potest
1784 1909 1846 1940 haec
1860 1910 1908 1940 in—

1092 1957 1265 1998 terpretatio
1271 1956 1384 1996 aiﬁngi,
1400 1955 1487 1996 quiin
1494 1955 1650 1986 cauobitis
1665 1955 1812 1995 migadum
1823 1956 1908 1988 vitam

1090 2011 1156 2032 cum
1179 2002 1428 2032 anachoretarum
1461 2000 1595 2030 instituto
1621 2000 1761 2040 conjungi
1778 2000 1907 2033 volebat.

1091 2048 1166 2083 Quin
1183 2048 1271 2077 etiam
1286 2046 1447 2077 Maximum
1472 2044 1694 2085 philosophum,
1709 2045 1760 2085 qui
1777 2047 1909 2085 profecto

1090 2091 1238 2123 cmnobita
1253 2100 1312 2122 non
1325 2089 1454 2129 erat,sed
1466 2089 1564 2130 potius
1574 2098 1641 2120 erro
1651 2089 1770 2130 quidam
1787 2094 1816 2120 et
1828 2091 1907 2130 iugi-

1090 2136 1260 2176 tivus,inter
1270 2135 1401 2175 migades
1414 2138 1550 2165 numerat
1558 2134 1698 2174 (b).Hunc
1707 2133 1786 2165 enim
1797 2134 1906 2173 laudat,

1089 2181 1166 2222 quod
1181 2183 1210 2210 τὸ
1224 2182 1379 2210 κοινωνικὸν
1394 2181 1438 2208 καὶ
1454 2180 1604 2220 ἐπίμικτον,
1630 2180 1813 2216 institutum,
1831 2180 1908 2220 quod

1088 2227 1256 2257 societatem
1265 2224 1338 2256 colit
1351 2228 1379 2256 et
1393 2224 1602 2263 permiscetur,
1619 2223 1780 2255 eremiticae
1791 2228 1821 2255 et
1835 2224 1907 2256 soli-

1059 2290 1079 2314 ο
1090 2271 1172 2302 tariaa
1188 2271 1252 2301 vitae
1269 2269 1444 2311 praatulerit.

1127 2323 1161 2353 V.
1180 2321 1248 2353 Hac
1264 2321 1398 2362 pluribus
1412 2320 1572 2352 referenda
1593 2320 1743 2357 duximus,
1771 2323 1803 2351 ut
1819 2324 1848 2351 et
1870 2321 1907 2352 de

1087 2367 1230 2408 Gregorio
1247 2371 1276 2398 et
1288 2367 1325 2397 de
1341 2366 1450 2398 Basilio
1462 2365 1772 2405 sciremus,quoduam
1785 2369 1851 2398 vita;
1861 2376 1909 2407 ge-

1086 2422 1145 2444 nus
1160 2413 1234 2444 alter
1245 2411 1460 2452 elegerit,alter
1473 2412 1503 2442 in
1518 2410 1706 2441 monasteriis
1721 2411 1782 2452 suis
1794 2412 1906 2442 consti-

1086 2458 1266 2489 tuerit.Nam
1284 2456 1414 2488 medium
1428 2455 1500 2486 illud
1517 2455 1596 2486 inter
1609 2456 1801 2486 anarhoretas
1812 2460 1841 2487 et
1849 2456 1906 2487 mi-

1086 2504 1177 2543 gades
1189 2501 1449 2542 institutum,quod
1459 2499 1618 2539 Gregorius
1626 2499 1907 2541 tantifaciebat,ipse

1087 2548 1175 2578 etiam
1191 2546 1318 2578 Basilius
1342 2546 1373 2576 in
1400 2543 1587 2576 monasteriis
1609 2544 1672 2575 suis
1686 2545 1824 2576 instituit.
1842 2546 1907 2577 Non

1087 2592 1168 2624 enim
1177 2593 1255 2623 hanc
1267 2590 1367 2624 Basilii
1376 2589 1493 2620 laudem
1505 2589 1908 2631 prastermisitGregorius,ut

1085 2646 1120 2669 ex
1139 2637 1184 2668 bis
1201 2635 1300 2668 verbis
1315 2634 1512 2675 perspicimus
1527 2633 1567 2675 (6)
1587 2643 1594 2664 ζ
1611 2639 1663 2664 Τοῦ
1678 2635 1762 2665 τοίνυν
1778 2636 1907 2675 ἐρημικοῦ

1084 2683 1141 2722 βίου
1170 2683 1213 2711 xui
1234 2684 1280 2710 τοῦ
1305 2680 1415 2720 μιγάδος
1441 2679 1605 2720 μαχομένων
1626 2680 1691 2719 πρὸς
1713 2679 1848 2715 ἀλλήλους
1869 2681 1906 2713 ὡς

1084 2729 1117 2756 τὰ
1137 2726 1226 2756 πολλὰ
1251 2727 1296 2755 καὶ
1321 2725 1510 2763 διϊσταμένων,
1542 2724 1586 2753 καὶ
1603 2724 1738 2764 οὐδετέρου
1753 2725 1859 2757 πάντως
1889 2725 1906 2760 ἢ

1126 2808 1166 2849 (ο)
1180 2807 1268 2840 οηι.
1282 2806 1334 2840 so.
