2024 3142
830 138 921 172 VITA
943 139 973 170 S.
998 138 1146 170 BASILII.

1768 145 1823 170 XIX

130 218 161 240 το
175 209 271 251 καλὸν²
290 211 307 245 ἢ
321 211 352 240 τὸ
366 209 466 251 φαῦλον
491 210 665 248 ἀνεπίμικτον
687 209 809 250 ἔχοντος·
827 209 895 237 ἀλλὰ
908 209 955 234 τοῦ

1006 203 1159 235 εηιῐιίιίοω
1168 203 1233 251 vitae
1243 199 1821 251 commodazarcebat‘incommodaBasi-

127 257 178 294 μὲν
206 255 324 295 ἡσυχίου
354 256 404 293 μὲν
432 255 508 287 ὅντις
535 254 648 292 μᾶλλον,
675 255 719 283 καὶ
743 254 951 288 καθεστηκότος,

127 302 171 329 καὶ
197 305 256 337 Θεῷ
282 301 451 339 συνάγοντος·
468 301 516 328 οὒκ
528 300 628 339 ἆτὺφου
642 299 670 327 δὲ
684 299 725 328 ’διὰ
750 300 780 327 τὸ
796 302 844 332 τῆς
857 298 952 337 ἀρετῆς

127 345 306 374 ἀϐασάνιστον
333 346 378 373 καὶ
406 345 574 384 ἀσύγκριτον·
606 348 651 373 τοῦ
677 344 705 372 δὲ
739 342 953 383 πρακτικωτέρου

128 390 178 427 μὲν
194 389 297 427 μᾶλλον
320 390 363 418 καὶ
388 388 606 429 χρησιμωτέρου,
619 389 649 416 τὸ
678 387 823 428 θορυϐῶδες
845 387 874 416 οὗ
889 387 936 427 φεύ
952 405 954 407 -

128 445 234 474 γονης,
262 435 307 463 καὶ
323 434 431 466 τούτους
447 432 540 473 ἄριστα
555 432 721 468 κατήλλαξεν
750 432 882 463 ἆλλτλοις
911 431 955 458 καὶ

129 479 315 518 συνεκέρασεν·
344 479 494 517 ἔισκητήριι
522 479 567 506 καὶ
602 479 769 516 μοναστήρια
796 476 954 514 δειμάμενος

130 524 193 563 μὲν⁷
209 524 240 552 οὒ
254 523 344 562 πόῤῥω
358 522 386 551 δὲ
401 525 455 551 τῶν
469 525 634 551 κοινωνικῶν
668 523 713 550 καὶ
741 520 873 561 μιγάδων,
897 519 954 549 οὒδὲ

131 568 222 607 ὥσπερ
232 569 328 607 τειχίῳ
335 569 386 596 τινὶ
396 567 471 605 μέσῳ
482 567 565 595 ταῦτα
572 565 716 604 διαλαϐὼν,
726 567 770 595 καὶ
776 566 823 594 ἀπ’
830 564 955 600 ἀλλήλων

132 613 265 652 χωρίσας,
277 612 347 640 ἀλλὰ
357 611 470 646 πλησίον
480 613 600 649 συνάίψας
609 611 653 639 καὶ
668 609 813 646 διαζεύξας·
830 609 877 638 ἵνα
887 609 956 647 μήτε

133 658 163 685 τὸ
178 656 323 697 φιλόσοφον
334 656 515 690 ἀκοινώνητον
529 659 557 696 ᾗ,
574 656 644 694 μήτε
659 656 689 683 τὸ
703 655 848 693 πρακτικὸν
862 653 955 694 ἀφιλό-

132 713 226 742 σοφον.
265 702 343 733 Cum
368 702 466 741 igitur
493 700 632 732 solitaria
662 702 737 736 vita,
758 703 788 730 et
824 707 861 730 ea
890 706 958 738 qua

131 745 259 775 societate
274 746 386 782 gaudet,
409 747 442 774 ut
466 745 613 781 plurimum
628 745 701 774 inter
727 752 755 773 se
781 743 956 775 diuiderent,

132 800 164 818 ac
196 794 348 827 pugnarent
370 799 377 819 :
413 794 560 827 neutraque
590 790 704 823 omnino,
737 789 779 817 uel
805 787 955 819 commoda,

132 836 174 863 uel
187 836 350 864 incommoda
364 843 417 864 sua
438 843 512 871 pura
527 837 552 862 et
572 834 693 863 immista
717 833 827 862 haberet
842 841 851 864 ;
866 839 957 861 verum

996 247 1025 278 lii
1043 257 1113 278 cura
1122 247 1151 278 in
1163 247 1208 278 eis
1218 248 1492 287 erudiendis;cujus
1502 247 1548 278 rei
1560 248 1733 288 praeclarum
1745 249 1817 279 indi-

995 292 1074 322 cium
1085 297 1129 323 est
1140 292 1269 332 epistola
1275 297 1386 328 octava,
1401 302 1490 330 quam
1500 292 1650 333 paulisper
1656 293 1761 324 abesse
1771 303 1822 324 co-

994 341 1076 367 actus
1087 337 1216 377 scripsit,
1234 341 1265 368 ut
1280 345 1331 369 eos
1340 337 1375 368 ad
1388 337 1565 368 evertendas
1581 338 1758 369 Arianorum
1767 347 1819 369 ar-

995 382 1091 421 gutias
1105 382 1314 413 communiret.
1333 381 1462 413 Dubium
1481 392 1538 413 non
1557 386 1601 413 est
1617 383 1688 423 quin
1701 383 1776 414 socii
1792 387 1821 413 et

996 426 1160 457 imitatores
1175 426 1276 457 Basilii
1291 426 1403 457 fuerint
1419 436 1487 457 cum
1500 427 1530 458 in
1553 427 1609 459 ﬁde
1621 428 1819 465 defendenda,

997 475 1057 501 tum
1074 471 1103 502 in
1115 471 1181 501 aliis
1196 470 1517 512 rebus,quasEcclesiae
1526 481 1614 503 causa
1625 472 1716 512 gessit
1731 473 1760 503 in
1775 481 1821 502 so-

997 514 1130 547 litudinv.
1148 517 1234 547 Certe
1243 525 1302 546 non
1319 516 1393 546 alios
1400 515 1546 555 designat,
1559 526 1626 547 cum
1642 516 1682 547 ait
1691 517 1721 547 in
1731 518 1818 557 epist.

998 561 1049 600 51,
1064 570 1092 590 n.
1107 561 1136 597 2,
1153 570 1185 591 se
1201 570 1269 591 cum
1283 561 1383 592 multis
1394 562 1423 592 in
1442 560 1636 601 patriaDeum
1648 561 1821 593 timentibus

997 603 1197 635 insolabiliter
1211 604 1353 645 doluisse,
1371 606 1450 646 quod
1466 605 1590 637 Dianius
1604 605 1821 637 formulaeCon-

999 648 1190 690 stantinopoli
1205 649 1300 680 allatae
1315 650 1551 690 subscripsisset.
1567 651 1661 691 Atque
1677 651 1738 683 haec
1751 650 1820 691 qui-

1000 693 1067 724 dem
1080 694 1116 724 de
1133 694 1242 725 Basilio
1259 694 1382 734 ejusque
1392 694 1560 735 discipulis.

1038 740 1077 769 At
1094 739 1169 769 forte
1180 739 1217 770 de
1232 739 1377 778 Gregorio
1391 739 1519 770 dubitari
1531 739 1740 780 possit.utrum
1750 741 1820 770 sein

999 783 1211 815 monasterium
1227 784 1386 824 receperit.
1405 783 1514 815 Verum
1527 784 1642 815 etiamsi
1658 785 1819 820 asceticum

998 828 1161 861 institutum
1177 830 1207 860 in
1219 830 1349 870 paternis
1364 829 1477 861 aedibus
1493 830 1683 868 excoluisset,
1701 831 1775 862 nihil
1792 831 1820 861 id

132 882 184 909 illa
209 881 294 916 magis
320 880 430 916 quidem
445 879 598 916 tranquilla
618 881 643 907 et
672 878 819 914 composita
833 877 911 908 esset.
926 883 959 903 oo
970 872 988 897 Β
999 874 1036 904 de
1052 876 1116 914 ejus
1128 878 1262 905 votorum
1276 875 1472 914 perpetuitate
1483 875 1724 910 detraheretmec
1733 875 1823 907 idcir-

134 927 191 954 Deo
222 926 328 954 animos
358 925 494 961 copulare!
513 932 520 953 :
542 927 672 953 cateruas
700 923 732 952 ob
760 931 821 951 eant
848 929 958 950 causam

133 972 208 1005 fastu
229 978 283 998 non
302 972 418 1003 careret,
432 969 502 1005 quod
518 969 607 998 virtus
626 976 680 997 non
693 969 893 1004 explorantur,
910 973 958 994 nec

133 1015 164 1042 in
178 1015 402 1050 comparationem
421 1013 523 1042 veniret
545 1023 552 1046 ς
574 1013 631 1041 hac
645 1016 737 1041 autem
751 1012 835 1048 magis
853 1011 959 1047 quidem

133 1063 245 1088 actuosa
255 1063 280 1086 et
293 1059 371 1087 utilis
385 1063 461 1091 esset,
479 1066 572 1087 verum
585 1067 600 1086 a
617 1058 773 1087 tumultibus
788 1058 874 1085 minus
890 1056 959 1084 libs-

132 1113 165 1132 ra
181 1115 188 1131 :
207 1105 336 1140 protelare
354 1112 398 1132 eas
416 1105 490 1132 inter
501 1113 528 1131 se
551 1102 738 1132 reconciliauit
751 1111 781 1130 ac
794 1102 959 1138 permiscuit,

131 1151 243 1187 pietatis
257 1150 386 1179 nimirum
399 1150 545 1186 gymnasia
564 1152 589 1178 et
616 1150 779 1178 monasteria
808 1151 959 1180 usti-uene,

133 1204 190 1224 non
206 1198 294 1223 tamen
320 1196 395 1230 longe
416 1194 602 1231 discrepantia
630 1195 664 1223 ab
691 1194 726 1223 iis
740 1201 797 1231 qua
810 1193 962 1222 societatem

133 1241 236 1270 colunt.
267 1244 291 1268 et
319 1240 532 1276 permiscentur;
562 1247 608 1267 nec
630 1239 701 1268 velut
742 1245 819 1267 muro
838 1237 963 1273 quopiam

135 1285 274 1320 interiecto
291 1284 345 1313 hac
371 1285 494 1313 instituta
521 1284 688 1320 distinguens
717 1288 797 1320 atque
821 1291 837 1310 a
865 1290 894 1311 se
917 1282 963 1310 in-

133 1330 222 1358 vicem
246 1337 385 1365 reparans,
416 1337 510 1357 aerum
535 1337 614 1365 prope
641 1328 805 1364 conjungem
833 1336 864 1355 ac
893 1327 961 1355 diri-

135 1382 211 1403 mens
227 1382 235 1403 :
250 1378 278 1401 ut
306 1382 354 1402 nec
383 1374 569 1410 contemplatio
594 1373 844 1402 communicationis
867 1379 962 1408 expers

135 1423 216 1451 esset,
245 1427 291 1447 nec
323 1419 394 1448 actio
422 1419 642 1454 contemplatione
668 1422 782 1447 careret.
811 1417 962 1446 Existimat

135 1463 346 1495 Tillemonlius
361 1464 614 1494 anachoretarum
627 1463 706 1494 aedes
722 1471 813 1503 prope
825 1461 962 1493 coenobia

136 1519 154 1540 a
170 1509 278 1541 Basilio
289 1509 382 1540 fuisse
393 1513 567 1539 exstructas.
586 1508 617 1538 In
632 1518 691 1549 quo
708 1507 828 1548 quidem
842 1506 962 1546 decepit

999 928 1034 950 co
1051 919 1144 950 videri
1160 918 1292 955 deberet.
1306 923 1356 950 aut
1370 919 1563 951 continentia
1573 919 1758 960 professione
1769 921 1822 951 ob.

999 963 1119 996 strictus
1131 972 1190 994 non
1207 963 1310 1001 fuisse,
1328 969 1377 995 aut
1394 974 1452 994 non
1464 973 1497 995 se
1512 965 1651 996 omnibus
1664 965 1755 996 rebus
1769 974 1821 1005 pro

1000 1007 1116 1039 Christo
1129 1008 1270 1040 nudasse.
1285 1008 1362 1044 Quot
1377 1009 1456 1039 enim
1468 1008 1564 1040 tribus
1581 1010 1684 1049 primis
1706 1010 1824 1043 saeculis

1000 1053 1148 1093 ejusmodi
1159 1054 1245 1084 vitam
1256 1057 1324 1084 ante
1334 1058 1482 1084 exstructa
1494 1055 1675 1085 monasteria
1685 1059 1822 1095 egerunt,

1002 1099 1039 1128 de
1054 1098 1163 1138 quibus
1176 1102 1273 1129 tamen
1288 1097 1347 1129 dici
1360 1107 1417 1129 non
1435 1103 1530 1139 potest
1543 1099 1622 1139 quod
1647 1099 1685 1130 de
1700 1099 1821 1134 Basilio.

1002 1142 1157 1182 Gregorio,
1173 1141 1288 1174 Joanne
1304 1143 1514 1183 Chrysostomo
1526 1148 1555 1174 et
1568 1143 1635 1175 aliis
1652 1144 1823 1184 pronuntiat

1001 1187 1226 1227 Thomassinus,
1242 1187 1322 1218 nulla
1333 1196 1384 1218 eos
1409 1188 1466 1218 voti
1494 1188 1671 1220 necessitate
1686 1188 1822 1220 astrictos

1004 1231 1189 1268 fuisse?Quis
1203 1231 1316 1263 dubitet
1327 1232 1399 1272 quin
1410 1231 1607 1273 S.Cyprianus
1618 1237 1762 1274 perpetuo
1774 1242 1824 1264 se-

1005 1285 1037 1306 se
1048 1275 1221 1315 obligaverit
1236 1281 1313 1316 voto,
1325 1285 1393 1307 cum
1413 1276 1491 1307 bona
1501 1285 1554 1307 sua
1567 1277 1747 1318 pauperibus
1758 1277 1822 1308 dis-

1006 1321 1118 1359 tribuit,
1135 1331 1170 1352 ac
1185 1322 1399 1353 continentiam
1409 1321 1506 1352 adhuc
1522 1323 1822 1354 catechumenusam-

1005 1366 1108 1407 plexus
1118 1366 1302 1398 est?Miratur
1311 1367 1434 1398 Pontius
1441 1370 1551 1397 tantum
1564 1367 1594 1397 in
1606 1369 1822 1399 catechumeno

1004 1410 1249 1442 fervoremJnter
1257 1411 1330 1450 ﬁdei
1343 1411 1526 1452 sure,inquit,
1536 1412 1639 1451 prima
1649 1412 1822 1444 rudimenta

1002 1454 1084 1486 mihi!
1094 1455 1180 1486 aliud
1189 1455 1380 1486 crediditDeo
1389 1455 1622 1495 dignum,quam
1633 1457 1660 1487 si
1669 1459 1826 1488 continett-

1004 1500 1084 1530 tiam
1091 1503 1240 1531 tueretur.
1247 1499 1334 1537 .Quis
1340 1508 1475 1540 unquam
1483 1501 1563 1531 tanti
1570 1500 1718 1532 miraculi
1724 1504 1827 1532 memi-

136 1563 205 1585 eum
218 1553 297 1584 Billii
312 1553 587 1594 interpretatio,qui
602 1544 650 1584 hic
665 1544 783 1593 quoque
799 1544 960 1583 coanobitas

1006 1545 1048 1575 nit
1064 1544 1193 1594 llnepta
1209 1553 1331 1594 prorsus
1341 1548 1372 1575 et
1386 1545 1514 1575 absurda
1538 1544 1680 1576 laudandi
1693 1546 1780 1586 ratio,
1797 1546 1824 1577 si

137 1598 288 1637 migadum
304 1598 427 1628 nomine
439 1597 595 1628 intellexit.
623 1597 674 1629 Sic
700 1597 781 1627 enim
805 1595 958 1628 reddidit:

137 1643 249 1671 Pietatis
266 1642 402 1670 nimirum
421 1642 561 1678 gymnasia
587 1645 611 1670 et
626 1641 790 1670 monasteria
810 1643 960 1674 eauti-uene,

137 1695 195 1716 non
213 1690 304 1715 tamen
321 1687 398 1722 longo
415 1686 557 1715 interuallo
571 1686 603 1714 ab
619 1686 652 1713 iis
669 1685 714 1723 qui
728 1686 759 1714 in
775 1685 900 1714 sodalitio
919 1685 960 1714 ui-

138 1737 226 1765 vunt.
244 1733 400 1764 Refellitur
415 1732 477 1763 haec
493 1732 699 1773 interpretatio
722 1741 756 1762 ex
787 1735 847 1762 tota
862 1731 963 1762 Basilii

140 1777 276 1814 historia,
300 1785 390 1816 quem
416 1776 574 1808 ccenobitis
590 1776 744 1816 praefuisse
760 1779 886 1815 constat,
905 1785 964 1807 non

140 1821 329 1853 anachoretis
345 1830 437 1862 prope
463 1820 627 1853 cmnobitas
641 1820 820 1852 constitutis.
850 1820 965 1851 Deinde

138 1875 211 1897 vero
226 1865 374 1905 migadum
390 1866 512 1896 nomine
524 1875 582 1896 non
597 1865 763 1903 coenobitaa,
781 1865 832 1896 sed
858 1868 966 1895 ascetae

142 1911 250 1942 actioni
264 1910 368 1947 dediti,
384 1914 415 1940 ut
439 1910 470 1940 in
486 1910 692 1950 superioribus
706 1910 790 1947 locis,
808 1909 962 1948 designan-

142 1960 211 1986 tur:
239 1963 295 1985 nec
323 1954 517 1985 anaclioretas
559 1955 687 1986 Basilius
717 1963 810 1994 prope
832 1953 964 1993 migades

140 1999 294 2031 constituit
308 2008 314 2028 :
330 1999 382 2030 sed
395 2003 556 2039 utrumque
568 1999 735 2030 institutum
750 1999 829 2029 nullo
843 2008 963 2038 prorsus

142 2053 228 2075 muro
244 2043 425 2083 diremptum
442 2052 508 2074 esse
532 2043 635 2081 voluit,
657 2044 762 2084 sicque
789 2047 961 2083 utrumque,

122 2113 125 2117 λ
141 2088 290 2120 coenobiis
304 2088 508 2126 exstruendis,
526 2088 694 2127 conjunxit,
713 2093 744 2119 ut
756 2097 813 2118 nex
830 2089 962 2118 anacho-

141 2137 273 2164 retarum
287 2133 405 2163 deesset
421 2132 562 2170 solitudo,
580 2142 633 2163 nec
659 2132 807 2172 migaclum
832 2132 964 2163 ofﬁciosa

142 2177 457 2217 charilas,primorum
472 2181 570 2208 autem
596 2177 714 2208 abesset
737 2177 828 2208 fastus
843 2177 963 2217 pericu-

143 2223 221 2261 lum,
236 2226 265 2252 et
276 2221 474 2262 posteriorum
491 2221 647 2253 tumultus.

186 2291 269 2323 Idem
285 2300 356 2331 ergo
369 2292 550 2332 propositum
563 2292 618 2323 fuit
633 2291 776 2331 Gregorio
795 2297 826 2323 et
847 2292 967 2324 Basilio.

144 2335 269 2376 Utrique
281 2336 472 2367 solitudinem
489 2346 556 2367 cum
566 2337 659 2368 sacris
668 2337 777 2368 litteris
788 2337 969 2378 conjungere

144 2379 257 2411 volenti
266 2389 321 2411 nec
326 2381 574 2412 anachoretarum
581 2381 732 2412 arridebat
739 2382 798 2413 vita
810 2391 866 2413 nec
873 2382 968 2421 miga—

145 2425 231 2456 dum.
248 2426 291 2456 Ac
306 2425 343 2456 de
359 2425 466 2457 Basilio
481 2426 602 2466 quidem
619 2431 701 2457 certa
716 2432 744 2458 et
758 2426 908 2467 explorata
921 2436 970 2458 res

146 2472 205 2506 est,
223 2478 290 2500 eum
311 2469 420 2500 vixisse
432 2469 462 2500 in
480 2470 658 2501 monasterio
681 2474 711 2500 et
737 2469 894 2510 discipulis
908 2469 970 2501 suis

147 2513 284 2544 eamdem
300 2514 416 2545 vivendi
443 2513 569 2545 formam
587 2514 816 2555 praescripsisse,
834 2522 921 2556 quam
937 2514 968 2545 in

148 2559 338 2589 monasteriis
352 2561 464 2600 [Ευριί
476 2559 600 2596 viderat,
618 2559 659 2591 ita
670 2565 703 2590 ut
717 2569 773 2590 nec
790 2559 970 2591 necessariis

146 2602 186 2634 ad
200 2611 300 2634 sacras
311 2603 425 2634 litteras
436 2603 595 2644 praesidiis,
611 2607 645 2635 ut
666 2605 865 2645 anachoreta,
882 2613 969 2635 care-

147 2651 229 2685 rent,
244 2657 300 2679 nec
313 2653 345 2678 ut
364 2648 508 2687 migades,
535 2648 660 2679 nimium
694 2649 845 2680 charitatis
864 2649 971 2680 ofﬁciis

150 2693 421 2731 mersarentur,sed
430 2692 644 2724 meditarentur
651 2697 683 2724 ut
692 2693 974 2735 primi,prodessent

149 2741 183 2768 ut
197 2737 335 2770 secundi.
352 2737 419 2778 Ipse
436 2738 607 2769 monasterii
622 2738 697 2770 situs
720 2738 975 2770 aderebatomnia

193 2819 235 2859 (ιι)
255 2817 361 2852 Carm.
385 2818 421 2850 de
439 2817 519 2851 vita.

1001 1588 1379 1629 continentiamCyprianus
1386 1595 1562 1629 perpetuam
1569 1598 1628 1620 non
1635 1592 1823 1629 voverat,sed

1002 1633 1038 1664 ad
1051 1637 1169 1672 tempus
1179 1632 1410 1669 colebat.0uare
1416 1632 1713 1673 etiamsiGregorium
1724 1643 1824 1666 mona-

1004 1676 1094 1707 steria
1109 1686 1168 1707 non
1185 1675 1368 1716 habuissent,
1387 1685 1445 1707 non
1461 1676 1574 1708 idcirco
1585 1686 1723 1716 magnum
1748 1678 1822 1709 illud

1003 1724 1209 1753 ornamentum
1227 1721 1390 1752 monastico
1408 1721 1545 1752 instituto
1561 1721 1638 1762 eripi
1649 1723 1824 1762 posset.Sed

1006 1771 1103 1797 tamen
1119 1765 1240 1806 probari
1256 1770 1430 1806 potesteum
1441 1775 1500 1796 non
1514 1765 1668 1798 minimam
1677 1767 1745 1799 vitae
1755 1777 1824 1808 par-

1005 1815 1065 1843 tem
1081 1810 1110 1841 in
1124 1810 1304 1841 monasterio
1312 1810 1525 1841 traduxisseJn
1537 1812 1717 1842 monasterio
1725 1812 1826 1843 Basilii

1006 1860 1205 1887 commoratus
1234 1859 1278 1886 est
1303 1855 1474 1896 aliquandiu
1490 1860 1647 1896 antequam
1675 1857 1828 1897 presbyter

1004 1902 1169 1937 crearetur,
1186 1905 1215 1930 et
1229 1900 1345 1940 qualem
1363 1901 1405 1931 ibi
1421 1901 1507 1931 vitam
1519 1901 1623 1940 egerit,
1642 1902 1761 1941 egregie
1774 1902 1827 1933 de-

1005 1945 1108 1976 scribit
1118 1945 1148 1975 in
1159 1945 1230 1984 cp.8
1241 1948 1270 1975 et
1281 1945 1311 1976 9.
1330 1944 1413 1976 Unde
1426 1954 1484 1975 non
1505 1944 1654 1976 immerito
1664 1946 1787 1977 Basilius
1797 1947 1828 1977 in

1004 1989 1092 2030 epist.
1110 1989 1180 2026 223,
1195 1998 1223 2020 n.
1237 1990 1268 2024 5,
1282 1993 1404 2020 testatur
1411 1998 1513 2020 secum
1526 1989 1556 2020 in
1567 1990 1828 2022 monasterioGre-

1004 2034 1120 2074 gorium
1133 2033 1210 2064 idem
1223 2033 1290 2064 vita;
1317 2033 1484 2065 institutum
1499 2038 1633 2065 secutum
1650 2043 1726 2065 esse.
1743 2035 1828 2075 Fugit

1005 2078 1170 2118 Gregorius
1182 2078 1212 2108 in
1228 2078 1363 2110 eamdem
1375 2078 1566 2109 solitudinem
1581 2079 1735 2120 presbyter
1745 2089 1827 2111 crea-

1004 2122 1147 2154 tus.Haud
1158 2123 1220 2153 scio
1231 2122 1305 2153 anin
1315 2122 1506 2153 solitudinem
1519 2123 1691 2154 monasterii
1700 2133 1733 2154 se
1743 2133 1829 2155 rece-

1006 2169 1094 2210 perit,
1110 2178 1177 2200 cum
1196 2178 1301 2199 rursus
1316 2168 1346 2199 in
1358 2172 1490 2199 montem
1501 2168 1575 2207 fugit
1585 2173 1651 2209 post
1661 2170 1827 2201 ordinatio-

976 2226 999 2251 ι)
1007 2223 1075 2245 nem
1088 2213 1288 2245 Sasimensem
1302 2214 1411 2254 (a),aut
1420 2222 1487 2244 cum
1498 2222 1576 2244 anno
1587 2213 1647 2245 375
1657 2214 1827 2247 Seleuciam

1010 2259 1145 2299 secessit,
1158 2262 1190 2289 ut
1204 2258 1282 2299 quod
1297 2258 1409 2289 dudum
1421 2258 1594 2289 decreverat
1612 2258 1725 2290 amicos
1735 2264 1765 2291 et
1777 2269 1830 2292 ue-

1009 2303 1087 2343 gotia
1101 2303 1214 2343 fugere,
1231 2302 1261 2333 id
1279 2302 1396 2334 tandem
1412 2302 1578 2343 perﬁceret.
1599 2302 1657 2334 Sed
1671 2309 1754 2336 certe
1769 2305 1829 2337 du-

1010 2347 1095 2379 bitari
1111 2357 1172 2378 non
1185 2352 1282 2388 potest
1292 2347 1376 2388 quin,
1388 2347 1513 2388 abjectis
1528 2348 1831 2390 Constantinopolita-

1011 2402 1056 2424 nae
1078 2393 1222 2424 Ecclesiae
1240 2392 1460 2432 gubernaculis,
1487 2392 1548 2424 ruri
1578 2395 1714 2426 monachi
1741 2396 1828 2427 vitam

1009 2437 1116 2477 egerit,
1132 2441 1164 2468 ut
1180 2441 1303 2469 testatur
1313 2437 1522 2478 Hieronymus,
1549 2442 1579 2469 et
1593 2448 1660 2470 cum
1676 2441 1830 2472 monachis

1009 2481 1124 2521 vixerit,
1137 2487 1169 2514 ut
1186 2482 1329 2514 discimus
1343 2492 1376 2514 ex
1393 2482 1544 2520 Facundo,
1560 2483 1614 2515 lib.
1625 2492 1677 2520 vn,
1694 2494 1721 2517 c.
1735 2486 1766 2517 7.

1329 2528 1451 2562 CAPUT
1469 2531 1502 2562 V.

1011 2577 1217 2610 I.S.Basilius
1222 2587 1287 2609 cum
1293 2577 1617 2610 EustathioSebasteno
1622 2580 1759 2611 amicitia
1766 2589 1833 2612 con-

1051 2619 1200 2665 iungitur.
1217 2620 1252 2666 _ll.
1267 2617 1372 2656 Qualis
1383 2619 1431 2664 vir
1449 2618 1564 2649 amstitit
1578 2618 1767 2651 Eustathius.
1778 2619 1831 2652 III.

1055 2657 1831 2698 DecepttettamSEusebsumSamosatensemEusta-

1053 2699 1215 2739 [Μυελῖἀεί
1221 2699 1396 2739 ειαάἐαφηγει
1402 2698 1593 2729 sanctitatem
1601 2707 1666 2739 pra
1674 2708 1706 2731 se
1715 2700 1831 2739 ferens.

1054 2738 1105 2771 IV.
1121 2738 1293 2771 Damnatus
1315 2738 1437 2770 videtur
1449 2739 1544 2777 fuisse
1558 2739 1592 2770 tn
1602 2738 1734 2772 concilio
1749 2741 1833 2772 Gan-
