2024 3142
229 147 298 174 XXII

909 134 1166 167 PROLEGOMEN
1170 135 1193 165 A
1199 157 1206 164 .

231 207 341 246 διαϐολῇ
368 206 416 240 ei;
440 205 612 245 Ἐκκληςίας,
628 206 668 236 κ,ὶ
697 205 791 234 ἑαυτοῦ
818 202 914 241 βλάϐῃ.
934 203 965 233 Id
995 211 1066 232 au-.

1111 207 1154 229 an
1169 207 1217 229 eos
1232 198 1382 246 abstinere
1411 199 1484 246 elicit
1513 196 1726 246 Epiphanius:
1761 197 1926 230 Philaster

231 257 291 285 tem
306 252 446 293 praeclare
457 250 593 290 congruit
601 259 668 280 cum
682 247 830 280 Eustatbii
840 247 997 278 Sebasteni
1011 246 1058 293 in-

232 290 354 334 stitutis,
374 295 436 336 qui,
456 298 486 325 ut
501 295 578 325 infra
592 294 772 329 videbimus,
787 302 845 323 non
862 290 1059 336 ctenobiarubi

233 351 338 374 omnes
352 335 439 371 unius
457 339 608 379 pra-positi
627 344 715 368 nutus
729 338 895 376 intuentur,
909 336 959 366 sed
971 335 1059 365 aliam

233 387 365 427 speciem
392 384 528 415 asceticae
547 384 619 423 vitae,
637 383 687 413 ubi
705 382 801 421 major
819 381 911 411 multo
929 381 1060 418 libertas,

235 430 376 463 instituit.

274 476 305 507 3°
315 476 345 505 ln
373 473 517 505 Eustatbii
533 471 686 511 discipulis
703 471 766 501 liaac
782 469 976 510 reprehendit
991 478 1061 506 syn-

236 519 323 557 odus,
335 518 412 559 quod
427 516 543 556 nuptias
555 515 851 556 vituperarent,viros
861 514 897 544 ab
910 513 1063 551 uxoribus,

235 573 344 595 uxores
358 572 375 593 a
389 561 458 592 viris
469 560 688 599 abstraherent,
706 559 786 590 unde
797 559 945 590 adulteria
957 567 973 587 a
984 567 1061 587 non-

236 609 325 639 nullis
340 607 518 638 commissa:
535 605 613 645 quod
642 604 696 634 Dei
713 604 818 635 domos
834 607 1064 634 contemnerent

237 657 266 684 et
276 653 403 694 privatos
412 655 574 681 conventus
584 649 915 686 haberent,olilationes
928 648 957 677 in
970 646 1061 677 eccle-

238 690 291 729 siis
301 697 366 728 ﬁeri
382 696 484 726 solitas
500 694 557 725 sibi
575 698 603 725 et
619 694 692 724 suis.
714 698 745 722 ut
764 691 963 723 sanctioribus
972 690 1066 721 vindi-

238 747 350 774 carent:
365 740 442 781 quod
456 739 607 770 insolitum
618 737 788 768 vestimenti
799 746 892 776 genus
903 741 1063 776 gestarent,

239 787 382 818 mulieres
392 784 472 815 virili
486 790 566 814 veste
579 782 882 821 induerent,virgines
895 781 1062 816 tenderent,

239 841 341 863 servos
356 840 373 861 a
388 828 517 860 dominis
532 827 734 858 abducerent:
748 826 827 866 quod
845 826 892 856 diu,
909 825 1063 856 Dominico

234 877 420 917 jejunarent,
438 878 466 904 et
479 873 595 913 jejunia
610 872 639 902 in
652 871 786 902 ecclesiis
803 869 974 911 praescripta
988 879 1062 899 con-
1077 881 1093 904 Β

241 915 411 952 temnerent
427 930 432 948 :
448 919 526 958 quod
543 917 679 947 nonnulli
695 925 797 947 eorum
815 915 947 945 carnium
963 924 1060 946 usum,

243 969 276 996 ut
291 964 492 1004 illegitimum,
511 967 730 997 aversarentur,
748 965 777 990 et
794 961 822 990 in
838 958 975 990 domibus
989 968 1063 988 con-

240 1010 410 1050 jugatorum
424 1018 461 1038 ne
469 1016 574 1048 preces
582 1006 701 1050 quidem
710 1005 774 1036 ﬁeri
783 1004 893 1035 debere
905 1005 1065 1034 contende-

243 1048 311 1086 rent
325 1065 330 1083 τ
347 1054 385 1084 de
394 1052 548 1084 sacriﬁciis
557 1055 653 1081 autem
672 1049 711 1080 ibi
728 1059 806 1090 saepe
821 1048 928 1079 oblatis
945 1052 1067 1087 tangere

242 1099 373 1131 nollent:
393 1096 590 1138 presbyteros,
606 1095 656 1135 qui
673 1103 781 1125 uxores
792 1094 916 1133 duxere,
934 1098 1068 1122 contem-

243 1137 421 1181 nerent,nec
429 1151 531 1173 eorum
545 1140 683 1171 sacriﬁcii
699 1139 860 1179 participes
872 1148 937 1169 esse
946 1137 1066 1168 vellent:

243 1197 407 1229 martyrum
425 1185 560 1217 basilicas
576 1190 606 1215 et
620 1194 686 1225 qua:
704 1184 763 1214 illic
779 1184 862 1220 ﬁunt,
882 1183 1067 1214 condemna-

241 1226 467 1270 rentfdenique
483 1230 624 1260 divitibus
636 1239 694 1260 non
707 1229 807 1258 omnia
822 1237 874 1258 sua
886 1226 1067 1268 projicienti-

242 1278 299 1310 bus
313 1286 396 1318 spem
412 1275 489 1316 apud
506 1275 600 1305 Deum
626 1274 856 1314 praeludt-rent.
875 1273 935 1303 Cur
951 1272 1013 1318 hac
1029 1271 1065 1301 ad

243 1315 387 1354 Eusta'lhii
399 1315 554 1352 Sébasteni
570 1318 733 1358 discipulos
749 1317 990 1354 referamusmon
1003 1315 1066 1346 leve

242 1371 449 1406 argumentum
476 1364 642 1404 suppeditat
667 1363 774 1394 Aerius
791 1362 820 1392 in
848 1362 903 1392 hoc
929 1360 1065 1406 sodalitio

243 1405 332 1450 longe
346 1409 572 1445 celeberrimus,
591 1409 638 1438 cui
662 1407 754 1437 multa
777 1406 947 1436 tribuuntur
969 1405 1063 1435 simil-

245 1448 315 1486 lima
333 1455 366 1485 iis
379 1463 448 1492 quae
467 1453 596 1493 synodus
621 1451 802 1491 Gangrensis
818 1450 1021 1490 reprehendit.
1040 1448 1066 1478 ls

244 1497 787 1538 enim,testeEpiphanio(a),magnam
800 1495 951 1525 hominum
962 1494 1067 1523 utrius-

244 1554 302 1584 que
314 1553 401 1575 sexus
417 1542 635 1573 multitudinem
648 1540 801 1579 abstraxit,
816 1539 992 1579 quibuscum
1007 1538 1066 1577 pri~

242 1583 322 1620 vates
338 1591 501 1619 conventus
517 1586 655 1617 habebat.
675 1585 794 1616 Pascha;
805 1583 1011 1614 celebrilatem
1025 1584 1067 1612 ri-

243 1631 505 1672 debat,jejunabat
517 1631 571 1661 die
586 1630 754 1666 Dominica,
768 1628 878 1669 quibus
891 1632 988 1658 autem
1002 1627 1066 1672 dire-

245 1671 420 1718 busjejunia
434 1677 605 1707 indicuntur
620 1675 656 1705 ab
674 1674 820 1706 Ecclesm,
836 1672 1012 1702 vescebatur
1031 1671 1068 1701 ll-

245 1716 472 1754 liussectatores
487 1719 738 1750 vinuetrarnibus
751 1716 1070 1756 indulgebantdilucu-

245 1767 286 1803 lo,
299 1771 359 1797 tum
371 1774 438 1795 cum
453 1764 684 1803 tidelesjejunia
698 1762 847 1802 paschalia
865 1760 1066 1791 celebrarent.

245 1811 476 1842 lmmoderatum
487 1808 665 1849 paupertatis
674 1805 897 1846 studium,quod
907 1804 1069 1844 reprehen-

246 1855 289 1887 dit
297 1855 436 1895 synodus,
450 1854 520 1884 satis
533 1852 646 1883 redolet
663 1852 813 1890 ingenium
827 1850 920 1887 Aerii,
939 1849 987 1889 qui
1001 1857 1066 1878 cum

247 1893 418 1940 magistrum
429 1907 515 1929 suum
533 1897 716 1928 Eustathium
728 1895 840 1925 videret
849 1893 1067 1925 ecclesiasticos

246 1937 400 1976 reditusin
418 1943 553 1974 manibus
567 1940 922 1977 habentem,indeansam
935 1937 1071 1977 capiebat

246 1990 284 2021 de
298 1998 332 2020 eo
348 1987 536 2024 detrahendi,
551 1996 584 2016 ac
598 1985 736 2016 omnibus
753 1983 908 2014 dictitandi
925 1992 984 2012 non
1003 1991 1069 2012 eum

248 2043 314 2065 esse
329 2035 378 2073 qui
397 2033 544 2063 hactenus
559 2031 664 2067 fuerat,
683 2029 734 2060 sed
748 2029 783 2059 ad
801 2037 865 2058 rem
881 2030 1071 2065 attentum,et

248 2072 437 2110 cutnulantlis
453 2076 559 2116 opibus
570 2080 662 2105 totum
678 2073 860 2104 incumbere.
880 2072 1011 2102 Libertas
1026 2080 1068 2100 vt-

250 2123 376 2154 vendiad
388 2121 543 2152 arbitrium
554 2119 838 2158 elsentiendi,quam
854 2117 882 2147 in
892 2121 972 2147 secta
983 2123 1071 2155 asyn-

248 2169 306 2199 odo
324 2169 463 2198 damnata
479 2165 751 2199 animadvertimus,
765 2172 823 2192 non
837 2162 938 2192 aberat
954 2171 970 2191 a
983 2169 1072 2198 grege

248 2213 476 2244 Aerii.’l‘estatur
482 2211 560 2241 enim
569 2208 748 2249 Epiphanius
756 2206 914 2237 nonnullos
921 2210 1071 2235 austerum
1085 2220 1105 2244 υ

248 2257 365 2288 vivendi
379 2265 473 2296 genus
482 2254 654 2288 retinuisse,
668 2251 801 2293 quamvis
816 2250 949 2290 plerique
962 2250 1030 2279 vino
1042 2253 1069 2278 et

249 2293 392 2333 carnibus
404 2309 469 2330 sese
482 2299 705 2338 ingurgitarent.
722 2295 941 2327 Matrimonium
956 2294 992 2324 ab
1007 2293 1069 2323 Eu-

251 2347 349 2377 statbii
365 2345 521 2385 discipulis
535 2343 696 2383 vituperari
713 2346 837 2371 testatur
851 2338 980 2385 synodus
996 2338 1072 2369 Gau-

251 2383 460 2432 grensiszidem
469 2389 599 2419 deAerio
609 2387 742 2418 nondicit
751 2391 871 2416 sant-tus
878 2383 1070 2424 Epiphanius:

251 2428 303 2467 sed
316 2441 413 2466 tamen
423 2435 459 2464 ab
475 2434 551 2464 illius
560 2436 640 2463 secta
652 2432 738 2471 hujus
750 2432 858 2462 erroris
871 2428 1071 2468 suspicionem

251 2490 310 2511 non
323 2480 453 2512 abfuisse
469 2478 612 2509 discimus
621 2487 654 2507 ex
667 2476 713 2506 bis
725 2475 818 2506 sancti
834 2473 991 2513 Augustini
1005 2481 1071 2502 ver-

249 2524 343 2559 bis(b)
359 2523 474 2557 Quidam
497 2521 637 2558 perhibent
660 2522 733 2553 istos,
758 2520 826 2549 sicut
852 2518 1013 2547 Encratitas
1033 2517 1073 2544 uel

250 2568 429 2604 Apotaclitas,
446 2574 497 2593 non
514 2564 651 2592 admittere
665 2563 699 2590 ad
714 2566 921 2591 communionem
931 2567 1007 2588 suam
1018 2559 1072 2588 nisi

249 2603 427 2643 continenter,
445 2611 470 2635 et
483 2615 525 2635 eos
545 2607 590 2643 qui
611 2607 706 2635 iaculo
740 2606 779 2632 ita
803 2603 1029 2634 renuntiaverint,
1045 2605 1072 2629 ut

248 2653 364 2690 propria
397 2651 476 2679 nulla
502 2650 667 2686 possideant.
689 2649 731 2677 Ab
758 2656 815 2676 esea
843 2650 928 2676 totum
946 2645 1072 2674 carnium

292 2731 342 2768 ta)
350 2727 469 2768 jlwres.
488 2734 573 2768 μηδ’.

292 2766 331 2808 (ω
348 2767 434 2808 Tom.
454 2767 531 2805 Vill,
548 2766 655 2808 haeres.
670 2773 732 2796 LIII.

292 2806 332 2851 (ε)
349 2807 420 2840 Lib.
432 2816 476 2845 ιιι,
493 2817 521 2838 c.
537 2806 584 2838 14.

1102 252 1170 274 vero
1186 247 1214 274 et
1230 243 1309 274 hanc
1325 245 1369 275 eis
1384 243 1491 274 tribuit
1505 242 1730 273 abstinentiam.

1143 304 1216 334 Cum
1229 312 1298 343 ergo
1313 303 1385 334 nihil
1398 302 1648 333 fereinEustathii
1660 302 1815 342 discipulis
1823 312 1927 343 repre-

1104 349 1214 379 hendat
1236 349 1364 388 synodus
1389 347 1580 386 Gangrensis,
1599 347 1676 387 quod
1697 356 1753 378 non
1770 348 1882 386 pariter
1895 348 1927 378 in

1104 393 1194 424 Aerio
1209 392 1355 423 Eustathii
1369 391 1524 422 Sebasteni
1540 391 1688 431 discipulo
1710 392 1927 431 reprehensum

1103 437 1204 477 fuerit,
1216 436 1339 467 ditﬁcile
1359 441 1406 467 est
1421 436 1593 467 existimare
1604 435 1805 470 Eustathium.
1821 437 1858 467 de
1867 446 1929 476 quo

1105 481 1233 521 synodus
1249 481 1391 521 loquitur,
1410 490 1467 511 non
1484 480 1575 511 fuisse
1585 480 1668 511 Aerii
1685 481 1927 519 magistrum.At-

1106 536 1163 566 que
1173 525 1242 556 hinc
1252 526 1339 556 etiam
1358 530 1437 564 patet
1450 525 1598 555 immerito
1623 524 1845 555 Tilleiuontiuin
1863 526 1928 555 exi-

1104 571 1226 601 stimare
1241 571 1317 600 hanc
1328 574 1437 600 sectam
1450 570 1510 600 cito
1520 570 1693 600 exstinctam
1707 569 1870 605 [‘uisse,nec
1883 570 1926 600 ul-

1107 615 1163 645 lam
1175 615 1212 645 de
1228 615 1277 645 illa
1294 619 1358 654 post
1372 615 1519 654 synodum
1533 612 1736 653 Gangrensem
1749 614 1777 644 in
1798 614 1930 644 historiae

1108 659 1309 690 monumentis
1327 658 1509 690 mentionem
1526 667 1696 689 occurrere.
1711 658 1862 688 Etsienim
1873 657 1929 688 sub

1108 703 1252 735 Eustathii
1268 706 1390 734 nomine
1405 703 1523 742 cognita
1536 712 1597 733 non
1610 702 1852 742 fuitEpiplianio,
1870 706 1932 733 Au-

1106 748 1226 786 gustino
1238 753 1268 779 et
1278 748 1445 784 Philastrio,
1459 752 1541 778 certe
1554 747 1592 777 ab
1605 747 1670 786 ejus
1680 747 1827 787 discipulo
1838 748 1930 778 Aerio

1106 794 1213 823 famam
1230 793 1357 832 aliquatn
1376 797 1404 822 et
1420 801 1528 822 nomen
1540 791 1667 830 accepit.

1146 851 1455 882 EustathiiSebasteni
1471 850 1632 890 discipulos
1645 850 1692 880 his
1707 850 1873 881 canon‘bus
1884 851 1930 880 lo-

1106 906 1172 927 cum
1181 897 1301 927 dedisse
1312 897 1381 926 hinc
1392 896 1479 925 etiam
1489 896 1667 926 conﬁrmare
1677 895 1930 935 possumus,quod

1106 942 1170 981 ipsa
1186 942 1317 981 synodus
1333 940 1406 970 nihil
1423 941 1460 970 de
1476 939 1639 973 Eustathio,
1660 943 1691 970 ut
1708 939 1778 970 ntali
1795 943 1930 978 auctore,

1107 988 1242 1026 asperius
1253 990 1372 1016 statuat.
1383 984 1432 1016 Sic
1441 985 1521 1015 enim
1534 984 1639 1023 incipit
1653 989 1781 1024 synoJus
1795 993 1802 1015 :
1819 983 1931 1017 Ἐπειδὴ

1110 1031 1266 1060 συνελθοῦσα
1299 1032 1316 1064 ἡ
1346 1031 1482 1069 ἀγιωτάτη
1516 1028 1621 1062 σύνοδος
1638 1033 1690 1057 τῶν
1722 1029 1874 1057 ἐπισκόπων
1902 1029 1931 1057 ἐν

1109 1080 1142 1114 τῇ
1159 1077 1226 1104 κατὰ
1251 1076 1371 1114 Γάγγραν
1402 1074 1541 1114 ἐκκλησίᾳ,
1574 1073 1615 1102 διά
1642 1084 1715 1106 τινας
1744 1075 1932 1106 inluetant-

1109 1124 1156 1152 ita;
1184 1121 1289 1160 χρείας,
1318 1121 1488 1156 ζητουμένων
1513 1120 1556 1148 καὶ
1595 1120 1649 1146 τῶν
1687 1119 1747 1146 κατ’
1776 1119 1930 1153 Εὑστάθιον,

1110 1166 1212 1204 εὕρισκε
1244 1164 1331 1192 πολλὰ
1358 1165 1477 1201 aetatm:
1505 1164 1631 1202 γινόμενα
1666 1164 1716 1191 ὑπὸ
1750 1163 1851 1191 τούτων
1885 1164 1932 1190 αὖκ

1109 1214 1161 1238 τὼν
1188 1213 1241 1237 τῶν
1278 1210 1335 1247 περὶ
1379 1209 1530 1237 Εὖστάθιοψ
1571 1209 1722 1246 ἀναγκιίως
1749 1207 1858 1245 ὥρισεν,
1888 1209 1934 1235 xxi

1111 1258 1172 1282 nam
1214 1256 1325 1294 φανερὸν
1359 1256 1468 1286 ποιῆσαι
1510 1252 1679 1288 ὲσπούδισεν,
1723 1253 1762 1284 εἰς
1796 1252 1934 1290 ἀναίρεσιν

1108 1303 1160 1327 τῶν
1174 1298 1218 1326 ὑπ’
1244 1300 1321 1327 αὒτού
1346 1302 1435 1330 κακῶς
1459 1298 1604 1337 γινομένων
1638 1296 1793 1334 Quoniam
1821 1305 1932 1328 conve-

1108 1345 1196 1374 niens
1207 1345 1398 1374 sanctissima
1406 1342 1539 1382 synodus
1549 1343 1754 1382 episcoporum
1765 1342 1798 1372 in
1807 1341 1934 1372 ecclesia

1109 1389 1165 1419 (ἱα-
1178 1390 1280 1428 grensi
1297 1393 1425 1428 propter
1430 1388 1643 1419 ecclesiasticus
1649 1387 1762 1426 quasdu
1768 1395 1795 1416 m
1802 1390 1828 1416 et
1837 1394 1935 1416 neces—

1108 1437 1208 1464 saria:
1223 1442 1341 1473 causas,
1356 1441 1423 1464 cum
1445 1433 1522 1463 etde
1539 1432 1576 1462 iis
1592 1440 1657 1470 aute
1675 1431 1713 1461 ad
1732 1430 1934 1461 Eustathium

1108 1476 1555 1518 spactant,quaweretur,multa
1563 1478 1677 1516 reperit
1684 1477 1804 1514 nefarie
1814 1475 1852 1506 ab
1859 1476 1935 1515 ipsis

1110 1523 1164 1550 illi:
1179 1522 1317 1551 Eustathii'
1331 1522 1469 1558 discipulis
1482 1521 1545 1557 ﬁeri
1557 1529 1564 1552 ;
1580 1523 1727 1549 ηεεειεανῑο
1741 1528 1771 1547 ea
1785 1520 1816 1548 de
1831 1527 1860 1547 re
1875 1523 1934 1547 sta-

1078 1584 1098 1609 c
1112 1567 1180 1604 luit,
1193 1575 1229 1597 ac
1237 1570 1310 1596 nota
1321 1565 1462 1596 omnibus
1470 1564 1573 1604 facere
1581 1563 1795 1609 decrevit,qua
1806 1562 1886 1593 male
1895 1562 1934 1592 ab

1110 1620 1144 1642 eu
1161 1611 1247 1650 ﬁunt.
1264 1609 1436 1649 Legendum
1452 1617 1519 1640 esse
1542 1608 1685 1645 ὐπἀὖτὼν,
1700 1611 1728 1637 et
1743 1607 1932 1645 vertendum,

1110 1665 1179 1696 qua'
1192 1655 1268 1686 male
1279 1654 1387 1685 abillis
1397 1654 1485 1694 fiunt,
1505 1653 1682 1693 perspicitur
1690 1661 1724 1682 ex
1742 1652 1788 1682 his
1800 1660 1864 1692 qua:
1880 1659 1931 1682 se-

1110 1705 1251 1739 quuntur,
1273 1701 1317 1728 καὶ
1344 1700 1393 1739 γ-ὰρ
1418 1698 1447 1726 ἐκ
1473 1701 1518 1726 τοῦ
1541 1697 1759 1736 καταμέμφεσθαι
1776 1696 1868 1727 αὐτοὺς
1884 1696 1934 1723 τὸν

1110 1745 1180 1782 γάμο
1188 1752 1206 1769 ι’
1221 1752 1293 1774 nam
1304 1751 1343 1774 ex
1352 1752 1386 1774 eo
1394 1742 1474 1782 quod
1486 1743 1611 1781 nuptias
1621 1743 1804 1781 uttuperent,
1815 1739 1934 1771 etc.Ni-

1110 1789 1150 1819 hil
1164 1797 1235 1818 sane
1245 1788 1277 1818 in
1291 1789 1348 1818 hac
1363 1787 1467 1833 synodi
1484 1786 1656 1833 praefatione
1666 1786 1813 1826 reperias,
1827 1794 1862 1815 ex
1874 1794 1934 1825 quo

1109 1838 1278 1864 accusatum
1291 1833 1383 1863 fuisse
1397 1829 1583 1863 Eus'tathium
1594 1835 1700 1871 pateat.
1713 1830 1831 1869 Ubique
1841 1829 1870 1860 in
1881 1830 1932 1860 di-

1109 1877 1240 1917 scipulos
1251 1877 1376 1908 crimina
1383 1875 1654 1916 rejiciuntur,nulla
1668 1875 1723 1916 ipsi
1733 1875 1832 1906 inusta
1843 1875 1932 1914 igno-

1113 1922 1217 1962 minia,
1234 1922 1368 1962 quamvis
1381 1922 1508 1952 maxima
1520 1920 1600 1951 inuri
1617 1920 1765 1958 debuerit,
1782 1920 1806 1950 si
1818 1919 1934 1950 facino-

1112 1976 1176 1997 rum
1195 1970 1297 1997 auctor
1312 1966 1495 1997 existimatus
1509 1965 1622 1996 fuisset.
1639 1965 1737 2003 Atque
1761 1965 1791 1994 id
1814 1964 1934 2005 quidem

1114 2011 1238 2042 miriﬁce
1253 2012 1392 2042 convenit
1405 2011 1558 2042 Eustatbio
1569 2009 1744 2046 Sebasteno,
1759 2018 1850 2050 quem
1862 2018 1937 2039 non-

1114 2056 1199 2095 nulli,
1213 2061 1286 2087 teste
1299 2055 1463 2088 Sozomeno
1478 2056 1533 2095 (cl,
1544 2055 1587 2085 sic
1602 2054 1814 2094 defendebant,
1828 2058 1860 2084 ut
1870 2053 1936 2084 cul-

1114 2111 1178 2141 pam
1192 2111 1310 2132 omnem
1321 2101 1351 2132 in
1367 2101 1432 2141 ejus
1448 2100 1610 2140 discipulos
1622 2099 1804 2134 conferrent,
1819 2107 1874 2129 nec
1886 2098 1936 2128 ul-

1115 2146 1170 2176 lam
1182 2146 1275 2186 ipsius
1286 2145 1400 2176 nomini
1410 2145 1502 2176 hacin
1511 2154 1545 2175 re
1552 2145 1697 2175 maculam
1709 2143 1842 2174 insidere
1854 2149 1937 2184 pate-

1114 2190 1349 2222 rentur.Pondus
1357 2190 1514 2222 addtthuic
1520 2188 1935 2228 sententiassenctusEpipha-

1115 2236 1181 2266 nius
1195 2236 1250 2276 td),
1262 2236 1312 2276 qui
1323 2235 1444 2267 Aerium
1462 2240 1599 2275 testatur,
1611 2238 1767 2275 postquam
1783 2233 1818 2264 ab
1830 2232 1937 2263 Eusta-

1114 2281 1173 2310 thin
1189 2289 1255 2311 sese
1270 2281 1424 2320 disjunxit,
1439 2280 1475 2311 ad
1492 2280 1622 2311 absurda
1638 2279 1690 2309 illa
1703 2278 1838 2309 instituta
1848 2279 1938 2309 deﬁe-

1114 2325 1203 2356 xisse.
1216 2325 1267 2356 His
1279 2325 1458 2356 novitatibus
1469 2325 1545 2356 alios
1556 2332 1675 2355 errores
1690 2323 1812 2363 adjecit.
1827 2322 1899 2354 Nam
1909 2327 1939 2353 et

1115 2370 1240 2401 Arianus
1252 2374 1325 2411 erat,
1343 2375 1372 2400 et
1402 2379 1506 2410 preces
1536 2379 1588 2410 pro
1623 2368 1747 2399 mortuis
1772 2367 1894 2398 tollebat
1909 2373 1940 2398 et

1116 2415 1302 2455 presbyteros
1311 2414 1484 2455 adequabat
1494 2412 1652 2455 episcopis.
1660 2411 1719 2444 Sed
1726 2412 1791 2444 ﬁeri
1797 2412 1939 2444 facillime

1116 2459 1221 2500 potuit.
1239 2463 1271 2490 ut
1285 2458 1317 2489 hi
1330 2467 1447 2489 errores
1462 2457 1634 2498 aliquandiu
1657 2456 1775 2488 occulte
1791 2457 1886 2497 sparsi
1900 2457 1938 2487 ad

1114 2504 1218 2544 synodi
1232 2512 1321 2534 aures
1337 2512 1396 2533 non
1422 2503 1624 2543 pervenirent.
1651 2503 1734 2538 Quod
1759 2501 1783 2532 si
1808 2510 1940 2532 canones

1114 2549 1301 2588 Gangrenses
1312 2549 1348 2579 ad
1366 2549 1489 2579 Aerium
1514 2547 1686 2587 referimus,
1701 2546 1867 2577 differenda
1882 2547 1941 2577 erit

1114 2594 1178 2625 haec
1195 2593 1334 2634 synodus,
1349 2598 1380 2624 ut
1395 2592 1510 2624 Socrati
1521 2593 1560 2633 (ε)
1573 2596 1603 2623 et
1618 2591 1832 2631 Sozomenotf)
1843 2591 1940 2622 visum

1114 2645 1169 2678 est,
1183 2647 1278 2678 usque
1290 2639 1328 2669 ad
1338 2638 1541 2678 episcopatum
1557 2636 1712 2669 Eustathii.
1723 2636 1845 2668 Aeriam
1857 2637 1941 2668 enim

1157 2718 1205 2759 (ἀ)
1220 2719 1336 2759 lintres.
1353 2726 1440 2749 Lxxv.

1157 2761 1200 2800 (e)
1218 2758 1271 2800 ιιι»
1301 2767 1333 2799 ιι,
1351 2767 1378 2788 c.
1392 2758 1440 2800 46;

1158 2798 1200 2841 (ί)
1218 2798 1284 2830 Lib.
1303 2798 1345 2837 ut,
1361 2807 1389 2830 c.
1407 2799 1455 2830 tt.
