2024 3142
735 138 829 171 VITA
851 139 881 171 S.
907 138 1057 172 BASILII.

1660 145 1770 176 XXXVII

86 206 170 238 bant.
190 206 223 238 2°
239 206 353 238 Citabat
370 206 546 239 Athanasius
561 207 649 247 hujus
673 206 787 237 decreti
812 207 936 237 sociosa
950 207 1077 238 Joliano.
1107 207 1176 239 Erat
1205 206 1285 238 enim
1306 205 1377 237 illud
1403 209 1531 248 tempus,
1548 206 1604 239 etsi
1632 207 1772 242 omnibus

85 251 268 283 Macedonia;
284 257 312 282 et
328 252 448 283 Achaiae
463 251 620 292 episcopos
638 260 755 287 omnes,
767 251 815 292 qui
830 251 909 282 idem

90 298 193 338 procul
220 298 310 328 dubio
336 298 365 327 in
382 297 515 327 conciliis
527 297 587 327 suis
603 301 776 327 statuerant.
791 298 825 326 At
838 296 910 326 nihil

86 351 209 383 prorsus
232 342 349 373 dicebat
378 341 415 372 de
440 341 567 372 aliarum
593 341 737 381 gentium,
759 349 867 381 nempe
881 340 912 370 in

85 386 181 418 Gallia
190 387 368 427 etHispania
381 391 408 416 et
422 385 821 426 ubique,episcopis,quibus
831 385 909 416 idem

87 432 236 472 placuisse
249 436 372 462 testatur
383 431 412 461 in
429 430 551 471 epistola
563 430 597 460 ad
615 429 909 462 Ruiﬁnianumﬁum

86 477 180 516 igitur
196 475 227 506 S.
247 475 436 506 Athanasium
454 475 588 505 dicemus
604 480 643 504 lnl
661 474 838 515 syncdorum
856 473 909 504 de-

87 525 168 551 creta
194 520 419 561 imprudentem
446 519 596 555 omisisse,
613 524 663 550 aut
693 518 844 558 Basiliam,
863 518 912 558 qui

86 566 170 596 illius
182 565 341 605 epistolam
354 565 382 595 in
395 563 532 595 manibus
545 564 717 599 habebat,et
730 563 912 603 exposcenti-

87 610 144 640 bus
159 610 274 641 solebat
299 609 471 648 ostendere,
489 609 557 648 quid
577 608 606 639 in
625 617 660 638 ea
676 608 817 648 scriptum
834 613 913 638 esset

88 655 255 686 nescivisse
267 657 281 686 ’ξ
294 654 324 685 ld
349 654 481 694 profecto
507 652 669 683 Verisimile
685 662 742 682 non
759 652 801 682 iit.
817 652 914 688 Quare

90 700 177 739 longe
195 699 288 730 satius
312 703 357 729 est
380 698 534 738 epistolam
552 696 581 728 S.
603 696 756 728 Athanasii
772 697 912 737 scriptam

90 744 212 784 quidem
233 755 238 780 ι
253 748 298 772 ost
325 743 454 783 synodos
471 743 498 772 in
513 742 640 782 ZEgypto
657 747 686 772 et
701 741 874 772 Macedonia
887 746 915 771 et

90 789 203 819 Achaia
217 787 380 818 celebratas
406 787 586 823 existimare,
605 785 656 816 sed
672 791 826 824 antequam
845 794 917 816 con-

89 833 158 864 ciiia
169 833 275 863 eadem
289 832 326 862 de
338 841 370 862 re
382 832 410 862 in
424 831 564 871 Hispania
580 835 607 862 et
621 829 714 862 Gallia
727 834 756 860 et
768 829 832 860 aliis
845 829 916 859 locis

90 877 287 914 haberentur,
303 881 352 907 aut
364 875 467 906 saltem
487 875 584 906 habita
601 878 810 905 nuntiarentur
821 874 913 905 Atha-

90 922 224 952 nasio.3u
238 921 394 952 Rationem
409 920 507 951 reddit
523 919 717 959 Basilius,cur
728 918 914 950 Enstathium

90 966 126 996 ad
138 975 222 996 suam
235 965 479 996 communionem
492 964 658 994 admisissel
669 964 745 995 .Non
762 963 840 993 enim
854 962 915 993 dif-

91 1012 171 1042 licile
177 1016 221 1042 est
228 1009 412 1042 Eustathium
422 1018 464 1039 re:
475 1009 519 1039 bis
527 1009 574 1040 his
581 1008 732 1048 depictum
740 1015 914 1047 agnoscere:

88 1056 124 1085 Si
131 1051 710 1094 quosuliquando,iuquitBasilius.ubA
718 1054 764 1083 rio
771 1054 917 1090 tuagialro

87 1100 239 1140 profectos
249 1099 528 1129 incommuniouem
537 1096 862 1133 odmisimusgnorbnm
870 1097 916 1127 in-

89 1145 165 1175 timo
180 1144 271 1174 corde
282 1142 468 1174 occultantes
479 1145 504 1172 et
517 1142 571 1181 pia
587 1142 678 1172 verba
693 1141 917 1181 loquentes,aut

87 1192 172 1220 certe
185 1189 223 1218 iis
233 1197 301 1227 quae
311 1196 329 1218 a
340 1187 425 1218 nobis
437 1186 616 1217 dicebantur
625 1195 685 1217 non
696 1189 914 1226 repugnantes,

89 1235 135 1264 ita
147 1235 344 1270 suscepimus:
357 1240 424 1262 cum
435 1240 496 1261 mm
509 1239 596 1261 omne
605 1230 756 1261 (letalibus
760 1231 820 1268 jud
825 1231 914 1261 icium

90 1278 178 1308 nobis
184 1278 256 1316 ipsis
260 1275 561 1316 per‘mitteremus,sed
567 1276 823 1313 sententiamque:
830 1274 916 1313 prius

90 1322 154 1352 tam
167 1322 204 1352 de
215 1321 277 1352 illis
288 1322 388 1360 fuerat
398 1330 415 1349 α
426 1323 492 1360 patr
498 1319 565 1350 ibus
577 1319 698 1359 nostris,
709 1327 914 1358 sequeremur.

92 1366 159 1407 Ego
169 1369 249 1396 enim
257 1374 324 1396 cum
333 1365 513 1405 accepissem
522 1363 637 1394 litteras
646 1364 813 1394 bealiSSimi
820 1366 917 1402 patris

92 1411 265 1442 ΛΙΙιηηαείί.
275 1431 321 1441 ....
330 1413 425 1440 .rutus
438 1417 558 1439 necesse
569 1418 630 1439 ess'c
638 1412 757 1439 tantum
764 1408 865 1438 virum
873 1417 913 1438 se-

91 1457 144 1495 qui
155 1455 191 1485 ob
202 1463 306 1485 eorum
316 1454 370 1493 qui
378 1453 480 1494 legem
497 1446 919 1491 tulerantmudlorilutem,si-

92 1499 216 1538 mulque
230 1499 355 1538 cupiens
365 1497 582 1538 paciﬁcationis
594 1496 758 1528 mercedem
769 1497 919 1535 consequi,

91 1545 182 1584 fidem
194 1543 280 1574 illam
288 1544 460 1583 conﬁtcntes
469 1542 651 1573 ascribebum
661 1541 921 1571 numero‘commu-

91 1576 556 1625 iticuturum.Adduxeruntergo
567 1585 707 1617 Basilium
718 1584 869 1616 Athanasii
877 1585 921 1615 lit-
930 1576 950 1601 c

94 1639 178 1672 teras,
195 1637 228 1662 ut
253 1641 321 1662 cum
350 1631 500 1662 Eustathio
523 1629 774 1665 communicaret;
792 1634 820 1659 et
835 1633 920 1659 ante—

95 1688 184 1718 quam
202 1677 254 1708 has
279 1676 429 1717 acciperet
453 1676 578 1711 litteras,
597 1675 672 1704 incei
684 1679 729 1704 tus
743 1678 806 1704 erat
823 1679 920 1705 utrum

95 1722 241 1753 Eustatbii
258 1722 501 1751 communionem
519 1728 613 1750 necne
630 1719 809 1749 admitteret.
824 1718 853 1748 id
866 1728 919 1748 au-

96 1773 156 1798 tem
173 1767 296 1797 minime
309 1766 445 1805 congruit
462 1774 539 1795 anno
553 1765 623 1795 371.
638 1765 722 1795 Tunc
733 1763 812 1794 enim
826 1763 921 1794 nullas

96 1811 241 1848 habebat,
258 1815 308 1841 aut
325 1811 429 1840 saltem
454 1809 553 1840 nullas
568 1808 626 1839 sibi
642 1807 753 1839 habere
769 1807 922 1839 videbatur

97 1855 272 1895 ambigendi
287 1863 391 1886 causas
404 1865 410 1886 :
424 1858 452 1885 et
462 1863 527 1885 cum
546 1853 633 1891 longe
644 1858 712 1882 ante
726 1862 836 1883 annum
849 1852 919 1888 371,

98 1901 185 1931 ﬁrma
197 1911 262 1931 cum
274 1899 427 1930 Eustathio
437 1898 651 1929 communione
662 1901 690 1927 et
701 1897 829 1927 amicitia
846 1906 920 1927 con-

92 1945 216 1985 junctus
232 1949 329 1982 esset;
346 1952 536 1982 nequaquam
558 1951 626 1973 eum
642 1941 749 1972 litterae
765 1942 822 1976 hoc
844 1950 922 1972 anno

95 1994 230 2030 accepta
244 1989 280 2020 ad
298 1990 375 2019 hanc
391 1987 636 2018 communionem
654 1986 804 2016 adducere
822 1991 923 2025 potue«

97 2039 177 2065 runt.
196 2033 255 2066 Sed
269 2043 335 2064 cum
352 2032 532 2063 Eustathius.
547 2041 624 2062 anno
641 2030 710 2067 360,
724 2031 922 2070 subscripsis-

97 2083 143 2109 set
159 2078 295 2109 formulae
320 2075 666 2116 Constantinopolitanae,
686 2084 720 2106 ac
734 2075 790 2106 sub
807 2075 922 2106 Ju!iano

98 2124 212 2154 rediret
228 2133 262 2153 ex
280 2121 425 2154 Dardania
436 2121 477 2161 (in
494 2122 570 2151 hanc
581 2120 660 2151 enim
675 2120 826 2159 regionem
843 2121 921 2150 rele-

98 2171 186 2207 gatus
211 2167 330 2206 fuerat),
346 2175 452 2205 magna
477 2165 652 2196 dt-liberatio
679 2165 783 2195 incidit
801 2164 922 2201 Basilio,

99 2212 279 2251 quibusnam
298 2211 519 2242 conditionibus
540 2219 605 2240 cum
622 2219 657 2240 eo
677 2209 920 2240 communicaret.

954 251 1126 282 Christianis
1152 251 1321 292 molestum,
1341 249 1512 282 orthodoxis
1526 254 1623 282 tamen
1649 252 1685 282 ad
1701 251 1771 284 fidei

954 297 1117 333 catholicas,
1140 306 1227 337 quam
1252 295 1402 326 haereticis
1429 296 1634 327 defensionem
1660 296 1772 327 erroris

953 341 1150 371 commodius.
1166 340 1225 372 Sed
1246 346 1343 370 tamen
1356 349 1420 370 cum
1434 349 1486 371 sua
1497 346 1603 384 sponte
1616 351 1673 372 non
1685 351 1773 382 repu-

954 389 1034 422 unat,
1053 392 1084 415 ut
1101 385 1260 424 Gregorius
1276 384 1488 425 pacificationis
1510 395 1598 418 causa
1613 388 1701 417 etiam
1717 386 1772 417 sub

951 429 1068 461 .Iuliano
1079 429 1212 460 formulae
1220 430 1307 460 alicui
1318 439 1376 460 non
1389 439 1468 460 sanae
1474 431 1682 472 subscripserit
1693 443 1701 469 ς
1711 435 1771 462 tum

953 483 1021 505 vero
1038 484 1103 504 eum
1119 478 1188 505 tunc
1202 474 1413 514 subscripsisse
1429 475 1491 506 haec
1503 476 1629 506 maxime
1645 476 1773 508 demon-

955 522 1027 548 strat
1043 518 1129 555 ratio,
1140 518 1218 559 quod
1234 519 1371 549 monachi
1386 517 1559 550 Nazianzeni
1574 521 1670 551 statim
1685 526 1774 559 atque

955 563 1129 603 subscripsit
1141 562 1177 593 ab
1189 563 1254 603 eius
1263 563 1475 594 Communione
1491 563 1705 603 discesserunt,
1719 575 1773 602 nec

956 612 1053 639 tamen
1070 613 1137 638 ante
1154 607 1225 638 illud
1242 607 1321 645 quod
1337 608 1396 638 dixi
1413 612 1529 649 tempus
1555 609 1773 643 discesserunt.

996 652 1135 683 Nondum
1152 652 1283 694 profecto
1297 653 1434 683 monachi
1450 652 1648 686 discesserant
1662 664 1679 686 a
1695 665 1775 688 com-

958 696 1098 727 munione
1124 696 1255 737 episcopi
1285 696 1472 735 Nazianzeni,
1490 707 1556 728 cum
1583 698 1775 739 Gregoriuse

959 741 1050 772 Ponto
1062 741 1182 772 rediens
1192 751 1270 772 anno
1282 741 1342 772 362
1350 751 1494 772 summam
1506 741 1646 776 Ecclesiae
1655 744 1775 776 Nazian-

957 794 1038 816 zenae
1052 786 1241 816 concordiam
1269 785 1402 817 laudaret
1429 796 1458 817 in
1484 788 1614 819 secunda
1642 791 1776 821 oratione

957 832 1000 869 (p.
1013 829 1195 870 48).Recens
1207 834 1270 860 erat
1279 830 1425 861 tumultus
1436 841 1503 861 cum
1513 832 1774 865 scriberetoratio-

929 897 946 920 Β
960 883 1025 920 nem
1040 874 1169 920 tertiam,
1180 874 1352 920 quaeqprima
1365 879 1411 904 est
1427 875 1455 905 in
1466 876 1627 907 lulianum.
1639 878 1681 908 lbi
1694 879 1774 910 enim

957 918 1000 949 sic
1018 919 1202 959 loquiturlp.
1220 918 1286 955 53):
1307 919 1368 947 Εἴθε
1398 931 1442 956 μοι
1458 924 1504 948 τοῦ
1533 923 1618 961 χοροῦ
1646 922 1723 962 μέρος
1741 923 1774 958 ἦν

957 971 1067 992 κακεῖνο
1088 965 1119 992 τὶ)
1148 965 1282 1002 σύστημα,
1307 962 1320 991 ὅ
1336 965 1382 991 σόν
1397 965 1465 1002 ἡμῖν
1481 964 1546 998 τέως
1563 969 1601 1004 τῷ
1616 971 1674 1006 Θεῷ
1689 979 1773 1007 προα-

958 1007 1019 1036 ἀδον
1049 1009 1078 1036 oti
1107 1007 1231 1042 κίϐδηλον
1258 1007 1342 1046 ᾠδὴν,
1372 1007 1430 1036 οὖδὲ
1468 1008 1607 1048 ἀδόκιμον,
1636 1012 1702 1041 ἀλλὰ
1731 1016 1775 1042 καὶ

958 1053 1007 1086 τῆς
1021 1052 1104 1085 δεξιᾶς
1131 1063 1196 1082 ποτε
1211 1054 1328 1083 στάσεως
1353 1052 1516 1094 ἀξιούμενον,
1534 1056 1649 1085 πιστεύω
1678 1057 1706 1084 δὲ
1734 1057 1775 1086 ὅτι

957 1098 1000 1124 καὶ
1016 1096 1074 1134 μετ’
1091 1097 1180 1135 ὀλίγον
1202 1097 1426 1134 ἀξιωθησόμενον,
1454 1097 1500 1125 οὒκ
1528 1098 1583 1128 οἶδ’
1610 1099 1650 1128 ὅτι
1680 1102 1775 1141 παθὸν,

958 1141 1079 1182 ἐξαίφνης
1123 1142 1314 1181 μεθαρμόζετκί
1359 1151 1388 1168 τε
1425 1142 1466 1170 καὶ
1503 1144 1705 1180 μετιτέττεται·
1733 1150 1775 1175 καὶ

959 1185 1015 1213 ιιῦδὲ
1043 1187 1094 1214 ὑπὸ
1120 1188 1169 1218 τῆς
1205 1186 1378 1225 εὺφροτιύνης,
1402 1186 1416 1213 ὃ
1439 1188 1482 1214 καὶ
1512 1189 1636 1226 θαυμζω
1663 1190 1775 1228 μᾶλλον,

958 1231 993 1262 εἰς
1008 1231 1102 1258 cautim
1118 1230 1236 1271 ἔρχεται.
1252 1230 1347 1270 Atque
1362 1230 1479 1275 utinam
1491 1231 1546 1264 ille
1557 1241 1675 1275 quoque
1686 1239 1779 1268 coetus

958 1275 997 1305 ad
1006 1275 1131 1306 chorum
1143 1278 1278 1320 nostrum
1291 1283 1322 1305 se
1332 1274 1522 1320 adjuugeret,
1536 1278 1601 1318 qui,
1611 1287 1679 1310 cum
1691 1281 1779 1320 prius

958 1320 1127 1365 cantionem
1138 1319 1376 1365 haudquaquam
1388 1319 1590 1352 adulterinum
1598 1319 1779 1365 atqueiigno-

958 1363 1048 1393 bilem
1059 1363 1214 1408 nobiscum
1227 1363 1285 1394 Deo
1297 1365 1500 1404 accineret,ac
1510 1366 1616 1399 dextro
1626 1363 1779 1408 quondam

960 1408 1065 1456 ordiue
1074 1407 1185 1456 digitus
1199 1408 1374 1456 haberetur,
1387 1412 1476 1448 atque
1489 1411 1594 1450 etiam,
1606 1407 1640 1443 ut
1650 1414 1777 1456 conﬁdo,

962 1451 1437 1498 brerihabebitur,haudscinqua
1443 1462 1476 1484 re
1482 1451 1781 1498 commolus,re}5ente

961 1502 1082 1527 cantum
1089 1498 1123 1527 in
1130 1497 1288 1542 diversum
1297 1498 1527 1539 mutat,alioque
1532 1501 1631 1540 gradu
1639 1506 1781 1542 atqueor—

962 1542 1033 1572 dine
1043 1549 1104 1572 sese
1109 1541 1284 1579 collocatwc
1290 1551 1327 1573 ne
1338 1544 1373 1574 ob
1383 1552 1569 1575 communem
1576 1541 1694 1585 quidem
1700 1547 1778 1579 laeti-

964 1587 1040 1616 tiam
1057 1586 1148 1625 (quod
1163 1588 1253 1618 etiam
1272 1597 1372 1627 magis
1389 1589 1492 1623 miror)
1510 1590 1624 1621 adduci
1635 1595 1734 1631 potest
1747 1596 1781 1623 ut

962 1631 1116 1661 nobiscum
1126 1631 1395 1671 conjungaturjlis
1405 1637 1485 1663 certe
1497 1633 1699 1672 rocibus,cum
1712 1636 1781 1667 hac-

963 1679 1049 1705 tenus
1063 1674 1122 1706 Deo
1129 1676 1299 1706 cantionem
1307 1678 1453 1709 acciuerat
1464 1678 1731 1711 nobiscumsubito
1741 1681 1781 1712 ad

963 1720 1058 1750 aliam
1069 1722 1304 1750 communionem
1314 1723 1611 1761 prorumpimecens
1621 1733 1687 1754 esse
1700 1724 1780 1755 indi-

963 1764 1229 1795 catmonacborum
1243 1765 1718 1806 factum.Hisaddespemillornm
1730 1778 1780 1800 re-

962 1808 1052 1845 ditus,
1066 1817 1212 1839 summam
1230 1808 1393 1845 lenitatem,
1406 1819 1463 1850 qua
1478 1819 1530 1841 eos
1546 1816 1577 1841 ut
1587 1812 1720 1843 membra
1729 1822 1782 1844 sua

964 1853 1194 1897 complectiturl;
1207 1857 1236 1883 et
1246 1853 1322 1894 quod
1337 1854 1378 1883 ait
1389 1853 1419 1883 in
1431 1859 1504 1886 orat.
1522 1856 1601 1895 ιη).
1616 1857 1683 1897 196,
1697 1861 1726 1887 et
1734 1866 1780 1889 or.

968 1897 1013 1934 l9,
1033 1907 1061 1937 p.
1079 1896 1148 1934 297,
1166 1897 1327 1928 monachos
1343 1897 1474 1929 omnium
1487 1905 1652 1939 postremos
1667 1896 1782 1932 disces-

964 1941 1050 1973 sisse.
1069 1941 1107 1972 Ex
1117 1942 1162 1972 bis
1174 1946 1270 1972 autem
1284 1942 1372 1972 simul
1385 1943 1527 1982 probatur
1536 1953 1595 1974 non
1608 1945 1700 1976 multo
1712 1950 1781 1977 ante

964 1986 1078 2017 subseri
1083 1986 1355 2026 psisseGregorium
1361 2011 1367 2017 .
1373 1987 1484 2026 Nam,si
1492 1998 1526 2019 su
1531 1989 1781 2030 bscripsissetsub

964 2031 1135 2062 Constantio
1151 2040 1229 2062 anno
1254 2031 1313 2063 360
1330 2032 1372 2062 vel
1389 2033 1459 2072 361,
1477 2035 1627 2073 quomodo
1644 2037 1781 2066 monachi

966 2075 1198 2115 indignationem
1216 2085 1298 2106 suam
1316 2086 1408 2116 usque
1429 2077 1465 2107 ad
1489 2087 1599 2109 annum
1623 2078 1680 2111 363
1693 2082 1783 2111 corde

966 2122 1142 2159 pressissent
1155 2122 1169 2150 ’ἱ
1183 2123 1234 2151 aut
1248 2121 1273 2151 si
1290 2121 1391 2151 tandiu
1409 2128 1593 2161 presserunt,
1606 2132 1660 2155 cur
1674 2125 1783 2156 disces-

965 2173 1077 2195 sionem
1090 2165 1186 2196 subito
1200 2168 1230 2197 et
1240 2166 1384 2206 praecipiti
1398 2167 1524 2196 consilio
1531 2169 1666 2199 attribuit
1675 2168 1784 2209 Grego-

965 2210 1027 2239 rius
1038 2212 1051 2241 ‘I
1062 2209 1189 2240 Eosdem
1201 2215 1284 2240 vocat
1294 2210 1467 2240 ualidiorem
1479 2210 1619 2242 Ecclesia
1627 2217 1739 2252 partem
1752 2214 1782 2244 in

101 2257 174 2288 Nam
193 2267 259 2288 cum
274 2266 306 2287 se
322 2256 449 2287 Basilius
466 2255 570 2285 eodem
584 2254 621 2285 de
637 2263 724 2284 causa
738 2254 776 2284 ab
792 2254 923 2294 episcopi
936 2254 1100 2284 Doratione
1114 2256 1160 2294 t9,
1175 2264 1239 2294 pag.
1254 2255 1324 2286 997.
1338 2256 1507 2286 Generatim
1519 2257 1556 2287 de
1567 2258 1704 2289 omnibus
1715 2268 1781 2289 mo-

100 2301 294 2333 Casariensis
310 2299 520 2331 communione
536 2299 720 2336 removisset,
734 2303 847 2329 temere
856 2307 922 2330 cum

100 2346 258 2378 Eustatbio
274 2345 496 2376 communicare
511 2353 570 2374 non
593 2343 706 2375 debuit.
723 2343 820 2379 Quare
835 2344 925 2383 digna

102 2399 153 2421 res
169 2394 233 2421 erat
242 2390 279 2421 de
289 2399 348 2431 qua
362 2390 398 2420 ad
415 2389 610 2420 Athanasium
622 2388 746 2419 referret
760 2398 767 2419 :
781 2396 835 2418 nec
845 2388 924 2418 aliud

104 2440 225 2475 tempus
242 2435 337 2474 magis
359 2433 500 2464 idoneum
518 2432 563 2462 his
589 2433 668 2463 inter
690 2432 882 2463 Athanasium
898 2437 927 2463 et

103 2479 247 2511 Basiliam
264 2478 370 2510 litteris
386 2477 532 2517 assignari
550 2480 656 2517 potest.

145 2523 198 2555 1X.
212 2524 269 2554 lter
280 2524 310 2554 in
320 2524 445 2554 Pontum
458 2521 575 2553 videtur
589 2521 757 2561 suscepisse
765 2520 927 2560 Gregorius

103 2568 159 2600 sub
169 2568 262 2598 ﬁnem
273 2566 389 2607 imperii
399 2565 508 2597 «Iuliani
521 2576 529 2606 ;
543 2574 652 2606 nempe
662 2574 728 2596 cum
742 2565 834 2605 ipsius
845 2570 928 2606 pater

103 2620 187 2651 eo,ut
195 2612 271 2644 satis
282 2620 338 2653 per
346 2620 382 2642 se
391 2610 610 2651 patet,absente
621 2609 799 2650 subscripsit
809 2609 927 2641 cuidam

105 2656 254 2697 formula,
264 2664 330 2696 quas
346 2664 467 2695 magnas
483 2655 512 2686 in
529 2654 655 2686 ecclesia
667 2654 849 2686 Nuianaena
864 2659 928 2686 tur-

104 2702 157 2734 bo
164 2700 377 2737 commovit,”
388 2700 544 2732 monachis
555 2700 716 2731 locumded
721 2699 742 2730 it
751 2699 788 2730 ab
795 2700 930 2741 episcopi

105 2744 379 2779 suicommunione
399 2743 586 2777 discedendi.
610 2743 720 2776 Mirum
742 2753 813 2775 sane
827 2754 862 2776 ac
884 2746 929 2776 vix

102 2791 252 2826 credibile
268 2788 418 2830 ejusmodi
433 2788 666 2830 subscriptionis
689 2789 858 2830 exemplum
874 2789 929 2822 sub

276 2870 409 2902 Panos.
430 2870 491 2906 αι.
511 2869 622 2902 XXIX.

967 2299 1071 2329 nachis
1083 2300 1122 2329 ait
1131 2299 1248 2344 inrorat.
1262 2300 1310 2336 21,
1325 2310 1353 2338 p.
1366 2299 1436 2340 388,
1451 2309 1502 2330 eos
1512 2301 1542 2331 in
1553 2302 1619 2333 aliis
1629 2303 1717 2334 rebus
1730 2313 1782 2344 pa-

967 2347 1047 2373 catos
1057 2347 1087 2374 et
1102 2343 1271 2374 moderatos
1285 2353 1362 2381 esse,
1378 2345 1432 2374 hac
1450 2344 1479 2375 in
1491 2354 1524 2376 re
1540 2345 1624 2377 lenes
1639 2351 1667 2378 et
1681 2343 1784 2380 faciles

968 2396 1028 2418 non
1039 2396 1117 2428 esse,
1133 2397 1201 2418 cum
1217 2396 1270 2427 per
1285 2388 1434 2419 silentium
1446 2394 1475 2420 et
1487 2391 1616 2430 quietem
1634 2391 1686 2423 Dei
1696 2403 1786 2425 causa

968 2432 1171 2472 proditur,sed
1182 2432 1312 2464 bellaces
1321 2438 1349 2463 et
1360 2433 1390 2463 in
1401 2434 1589 2474 conﬂigendo
1604 2445 1688 2468 acres
1699 2445 1728 2468 et
1740 2438 1785 2470 fe-

969 2486 1066 2508 roces.
1083 2478 1156 2508 Cum
1172 2477 1219 2508 his
1230 2487 1290 2508 non
1301 2478 1427 2517 quadrat
1443 2478 1644 2512 dissimulatio
1655 2482 1785 2522 plurium

969 2530 1127 2559 annorum,
1143 2531 1231 2562 quam
1262 2522 1416 2553 monachis
1440 2523 1633 2556 Nazianzenis
1656 2527 1789 2559 attribuit

969 2565 1188 2604 Tillemontius,
1198 2575 1266 2598 cum
1278 2566 1454 2606 Gregorium
1465 2568 1521 2599 sub
1532 2568 1704 2603 Constantio
1718 2572 1788 2603 exi—

970 2610 1070 2642 stimat
1083 2610 1310 2651 subscripsisse.

1014 2657 1162 2687 Praeterea
1173 2665 1291 2701 cauum
1307 2656 1518 2689 subseribeadi
1530 2667 1589 2690 non
1600 2660 1707 2701 repetit
1716 2660 1789 2693 Gre-

971 2700 1073 2746 gorius
1084 2709 1119 2731 ex
1126 2700 1218 2740 jussis
1230 2700 1298 2732 aula
1308 2702 1448 2741 profectis
1454 2706 1504 2734 aut
1515 2712 1551 2735 ex
1559 2700 1661 2735 rerum
1673 2711 1790 2746 pertur-

970 2745 1103 2783 batione,
1121 2754 1186 2786 qua:
1202 2749 1271 2776 tunc
1294 2754 1412 2777 summa
1436 2747 1500 2786 fuit,
1516 2748 1571 2779 aed
1586 2758 1622 2781 ex
1639 2745 1789 2784 desiderio

971 2790 1054 2832 pacis
1069 2795 1099 2821 et
1118 2790 1336 2821 communionis
1364 2799 1431 2821 cum
1458 2792 1609 2824 nonnullis
1637 2794 1787 2830 ineundae.

1590 2883 1607 2906 ο
