2024 3142
259 160 382 187 XXXVIII

1007 155 1306 190 PROLEGOMENA.

261 223 347 254 Patet
361 223 390 254 id
407 232 442 254 ex
457 223 504 255 bis
520 223 619 255 verbis
634 228 712 255 orat.
728 224 764 255 19
780 225 821 264 (p.
834 224 905 264 297)
920 234 926 255 :
947 227 1019 266 Παρὰ
1037 230 1111 254 wn
1164 224 1256 260 Quam
1275 234 1333 254 non
1352 225 1439 255 modo
1463 225 1538 256 citra
1563 225 1772 262 ambitionem,
1789 223 1841 255 sed
1858 225 1948 256 etiam

260 269 420 308 Βερμοτέρου
447 270 540 308 μέρους
562 269 611 302 τῆς
631 269 792 302 Ἐκχλησίας
807 271 1080 308 κκτεστασιάσθτψεν,

262 315 398 352 γράμματι
415 313 561 345 κλαπέντες
591 315 634 342 καὶ
658 314 758 353 ῥήμασι
783 322 920 353 τεχνικοῗς
937 317 972 346 εἰς
995 328 1082 349 πονη-

262 359 308 397 perv
324 359 473 389 κοινωνίαν,
487 359 509 388 Α
518 357 711 396 ferventioris
722 357 867 388 Ecclesia
877 365 964 399 parte
975 361 1010 391 ob
1020 370 1083 391 eam

262 411 383 432 causam
394 402 498 433 seditio
505 404 535 432 in
545 411 599 432 nos
611 402 743 433 excitata
751 403 1008 442 est,quodscripto
1014 413 1084 444 quo-

261 446 329 477 dam
342 450 369 478 et
381 447 557 486 artiﬁciosis
563 447 659 477 verbis
671 447 943 488 circumscriptijn
956 459 1082 488 pravam

261 495 430 522 societatem
441 492 586 530 pet-tracti
597 492 774 530 fuissemus.
786 491 861 522 Hinc
872 494 958 523 etiam
976 493 1081 533 Grego-

260 536 324 566 rius
337 537 375 567 ait
393 535 422 565 in
435 535 568 566 oratione
589 535 623 567 12
638 537 681 575 (p.
700 537 766 577 196)
781 537 945 568 Ecclesiatn
961 537 1083 569 Nazian-

261 590 362 611 zenam
383 586 450 611 ante
478 580 552 610 illud
580 580 755 619 dissidiam,
770 591 868 612 arcam
896 581 956 613 Noe
986 583 1082 614 vocari

261 626 376 657 solitam
391 635 468 663 esse,
488 630 518 655 ut
534 635 598 665 quae
615 626 751 656 universi
768 626 849 657 orbis
864 627 1004 658 diluvium
1021 628 1082 659 sola

262 670 424 710 effugisset.
442 670 515 706 Sed,
533 670 557 700 si
573 670 737 710 episcopus
763 670 922 710 Gregorius
935 671 989 702 sub
1005 673 1078 703 Con-

261 715 369 745 stantio
381 715 558 745 Arianorum
576 715 688 745 artibus
703 715 915 753 saccubuerat,
927 727 985 746 non
997 718 1082 748 video

262 769 316 790 cur
330 759 492 790 Ecclesiam
509 758 723 790 Nazianzenam
741 760 818 790 mala
839 761 1007 792 communia
1026 762 1081 792 mi-

261 806 343 834 nime
359 803 488 843 attigisse
505 805 630 834 dicatur.

301 847 336 879 X.
350 847 460 878 Juliani
476 857 556 878 mors
572 848 711 878 divinitus
728 849 837 879 Basilio
850 850 976 881 revelata
993 850 1082 882 fuisse

1127 278 1184 299 non
1199 269 1326 300 libenter
1346 269 1499 300 ordinatus
1514 270 1613 306 fuerit,
1631 279 1664 300 ex
1681 269 1804 308 epistola
1821 271 1850 300 tl
1872 269 1948 300 Gre-

1126 314 1200 352 gorii
1211 314 1417 353 perspicimus.
1426 315 1594 355 Tuquoque
1603 319 1709 354 captus
1719 315 1862 353 es,inquit
1872 315 1951 345 Basi-

1127 358 1175 397 lio,
1190 358 1440 397 quemadmodum
1457 365 1483 390 et
1501 369 1553 390 nos
1569 360 1794 398 circumscripti
1808 370 1814 387 :
1827 361 1951 398 quando

1126 404 1247 442 quidem
1255 403 1295 433 ad
1300 403 1523 443 presbyterium
1533 405 1907 443 perlructisumus.Atque
1919 405 1951 435 ill

1126 448 1244 486 quidem
1256 448 1370 478 anubis
1384 457 1445 478 non
1457 448 1664 488 expetebatur.
1675 448 1751 478 Nam
1762 453 1889 488 uterque
1900 449 1950 479 ul-

1125 490 1223 524 tcri,si
1231 490 1288 521 alii
1295 491 1605 532 cuipiame-upletes
1614 496 1768 522 esse/estis
1777 501 1948 532 possumus,

1123 544 1212 573 quant
1224 534 1308 566 nobis
1319 536 1483 566 cordiesset
1491 536 1636 576 pedestris
1644 536 1836 575 pdilosophia
1848 537 1938 567 humi
1944 551 1948 554 -

1124 588 1181 619 que
1191 580 1342 619 depressa.
1363 581 1404 611 Ex
1418 581 1520 619 primis
1532 580 1558 620 ej
1565 581 1666 611 usdein
1684 581 1817 620 epistolae
1830 582 1946 621 verbis,

1123 624 1268 663 Episton
1275 627 1333 655 tua;
1338 635 1368 664 pi
1376 626 1514 656 omium
1522 626 1814 663 laudo.0uidautem
1824 629 1946 656 tuorum

1124 678 1184 699 non
1194 669 1496 708 luudandum‘tliquet
1506 670 1648 701 Basiliam
1664 671 1794 710 priorem
1806 670 1946 710 scripsis-

1124 722 1205 749 se,ac
1214 712 1355 753 Gregorio
1365 723 1439 744 onus
1449 714 1505 745 sibi
1518 714 1656 754 imposita
1684 740 1688 743 .
1701 715 1946 754 significassc,vel

1125 758 1221 798 potius
1245 758 1437 798 ingemuisse.
1452 759 1537 789 lllmo
1556 759 1634 789 enim
1653 760 1821 789 consolatur
1832 759 1946 798 Grego-

1126 803 1186 832 rius
1200 812 1207 840 ;
1221 808 1250 833 et
1261 803 1399 841 quoniam
1414 803 1440 832 id
1456 804 1564 833 factum
1588 808 1641 839 est,
1653 805 1729 843 quod
1747 803 1871 834 fortasse
1887 814 1945 834 non

1124 847 1188 878 fieri
1200 846 1396 888 praestitisset,
1410 848 1565 878 terendum
1583 857 1648 878 esse
1659 848 1769 885 statuit,
1777 857 1884 888 priesei
1892 851 1944 879 tim

261 892 436 932 dicitur;sed
449 902 514 923 cum
527 897 610 923 tanta
623 894 911 925 circumstantiarum
928 895 1076 932 varietate,

1123 891 1159 923 οὺ
1173 896 1288 932 tempus
1304 892 1428 928 multus,
1440 892 1547 932 inquit,
1566 894 1597 923 in
1610 902 1664 923 nos
1676 896 1814 924 excitans
1829 892 1945 923 hazreti-

261 942 293 968 ut
307 937 419 968 referre
449 947 507 967 non
531 937 632 977 libeat,
648 947 716 975 quae
745 947 779 968 ea
794 938 831 968 de
846 947 880 969 re
897 939 1036 978 leguntur
1052 940 1080 970 in

262 983 413 1013 Chronico
429 982 648 1019 Alexandrino,
661 982 738 1021 apud
760 987 894 1014 sanctum
922 983 1081 1015 Damasce—

261 1037 331 1058 num
350 1029 378 1057 in
395 1026 471 1057 libro
498 1026 538 1057 De
554 1027 751 1065 imaginibus,
769 1028 818 1067 qui
848 1027 946 1059 Vitam
972 1029 1082 1060 Basilii

260 1073 296 1102 ab
313 1071 449 1102 Helladio
476 1071 617 1111 scriptam
649 1071 731 1108 citat,
750 1077 779 1102 et
808 1072 836 1102 in
871 1073 980 1104 Basilii
1013 1073 1082 1104 Vita

260 1116 470 1156 Amphilochio
485 1115 649 1156 supposita.

299 1164 341 1192 Ex
355 1162 400 1192 his
414 1160 512 1192 verbis
522 1161 662 1191 secundae
677 1161 819 1192 orationis
831 1161 965 1201 Gregorii
981 1164 1014 1194 in
1024 1164 1080 1195 Ju-

259 1205 388 1245 lianum,
401 1205 472 1235 Haec
482 1205 538 1236 tibi
553 1206 689 1237 Basilius
705 1209 734 1237 et
746 1207 922 1247 Gregorius,
937 1207 1081 1247 colligunt

258 1250 366 1281 eruditi
382 1249 437 1279 viri
453 1250 629 1288 Gregorium
646 1259 662 1280 a
678 1249 787 1280 Basilio
803 1250 1039 1290 adjutumfuisse
1050 1251 1081 1282 in

258 1295 304 1325 his
318 1294 504 1325 orationibus
513 1295 740 1334 componendis.
754 1294 831 1325 Proh
837 1295 924 1326 abilis
934 1306 1006 1327 sane
1018 1297 1080 1327 haec

258 1339 431 1379 conjectura
444 1350 451 1374 ;
469 1344 574 1369 etcum
588 1339 748 1379 Gregorius
755 1348 821 1370 sese
833 1343 964 1380 paternas
974 1340 1080 1371 domus

259 1383 453 1414 sollicitudini
478 1383 627 1413 interdum
648 1384 764 1424 eripere
781 1385 902 1421 soleret,
919 1385 1034 1415 videtur
1048 1386 1078 1417 in

257 1427 382 1459 Pontum
392 1429 510 1458 venisse
519 1433 583 1468 post
592 1432 717 1459 mortem
725 1428 848 1469 Juliani,
859 1435 887 1460 et
896 1430 998 1461 Basilii
1010 1440 1079 1461 con-

257 1473 323 1516 silio
334 1474 369 1503 ad
387 1473 461 1503 hanc
478 1472 734 1503 elucubrationem
749 1483 819 1504 usus
835 1473 926 1505 fusse.

570 1534 690 1567 CAPUT
711 1535 760 1566 IX.

259 1591 280 1616 Ι.
291 1591 442 1623 ρνειῡῃιεν
453 1593 564 1616 creatur
575 1591 702 1617 Basilius.
718 1592 751 1616 II.
774 1591 927 1617 Ordinatus
937 1600 1011 1617 anno
1022 1595 1077 1619 564.

290 1622 338 1647 III.
351 1622 391 1648 De
401 1624 493 1653 prima
505 1623 579 1647 illius
598 1624 723 1648 oratione
736 1625 762 1648 et
784 1623 872 1655 tribus
892 1625 1019 1655 epistolis.
1031 1625 1077 1650 IV.

293 1656 370 1678 Pacis
395 1660 477 1678 causa
502 1655 599 1679 secedit
624 1656 653 1679 in
677 1656 805 1679 Pontum.
831 1654 861 1679 V.
887 1654 965 1680 Redit
988 1657 1078 1681 Caesa—

290 1691 375 1714 ream,
403 1688 431 1709 ut
454 1685 525 1710 hanc
547 1686 681 1710 ecclesiam
716 1685 822 1710 Valente
845 1685 1006 1712 adveniente
1028 1687 1076 1711 de-

289 1716 397 1744 fendat.
422 1716 465 1740 VI.
489 1718 602 1741 Secesst‘o
633 1717 760 1746 ponenda
780 1718 894 1742 exeunte
919 1724 993 1742 anno
1018 1719 1074 1748 564,

287 1750 336 1771 aut
351 1749 462 1772 ineunte
472 1748 527 1772 565.
542 1749 652 1772 Ret/itus
661 1755 735 1772 anno
747 1748 801 1772 565.

298 1800 320 1829 Ι.
335 1799 474 1838 Deplorat
485 1798 645 1837 Gregorius
661 1798 752 1838 (a),ut
763 1807 900 1837 magnum
910 1799 1003 1829 aetatis
1015 1809 1076 1830 sua;

257 1844 370 1878 vitium,
384 1843 462 1880 quod
480 1851 558 1881 sape
571 1843 598 1872 in
615 1843 812 1873 electiombas
824 1843 905 1873 nulla
914 1843 1076 1874 haberetur

258 1888 399 1918 doctrinae
408 1893 437 1916 et
449 1887 612 1917 sanctitatis
624 1887 709 1922 ratio,
722 1898 755 1917 ac
770 1887 905 1918 homines
918 1893 1023 1919 neutro
1032 1888 1075 1919 iii-

256 1932 358 1963 strucli
368 1933 506 1970 prmsidio
512 1931 546 1962 ad
555 1932 752 1961 sacerdotium
763 1932 859 1962 subito
866 1933 1073 1973 eveherentur,

256 1977 390 2017 etprima
407 1978 471 2006 loco
487 1977 649 2015 constituti,
665 1977 805 2006 meliores
817 1985 849 2006 se
861 1987 894 2006 ac
910 1978 1075 2008 sanctiores

256 2021 540 2062 despicerent,quasi
553 2031 620 2052 cum
634 2021 776 2061 dignitate
788 2021 962 2061 sapientiam
972 2026 1075 2053 eteru-

255 2066 398 2097 ditionem
424 2066 620 2105 accepissent.
637 2065 701 2096 Non
718 2066 761 2097 sic
776 2065 911 2103 Basilius,
929 2067 981 2097 sed
998 2076 1074 2106 pra-.—

254 2112 364 2152 scripto
375 2111 539 2142 canonibus
549 2111 654 2141 ordine
662 2111 697 2140 ad
711 2111 910 2141 sacerdotium
928 2112 1073 2151 pervenit;

254 2162 283 2188 et
297 2167 364 2188 cum
381 2166 481 2187 sacros
493 2157 586 2186 libros
602 2155 710 2195 populo
728 2156 859 2194 legisset,
875 2156 904 2185 in
921 2156 1075 2196 presbyte-

253 2211 355 2232 rorum
369 2211 403 2233 ac
420 2202 528 2232 deinde
543 2201 574 2231 in
600 2201 807 2240 episcoporum
824 2201 968 2230 cathedra
982 2200 1073 2240 sedit,

254 2255 313 2276 non
331 2247 474 2277 honorem
496 2254 643 2286 quaerens,
661 2246 712 2276 sed
730 2244 766 2274 ab
782 2245 895 2275 honore
911 2245 1071 2285 quaesitas;

253 2300 309 2320 nec
331 2291 367 2320 ab
393 2290 573 2330 hominibus,
590 2290 641 2320 sed
658 2299 673 2319 a
691 2291 752 2320 Deo
769 2289 891 2328 gratiam
908 2289 1072 2329 accipiens.

251 2334 392 2365 Basiliam
410 2334 738 2374 Philoslorgiustbnam
751 2343 829 2364 anno
841 2334 899 2366 359
915 2334 1071 2365 diaconum

249 2380 338 2410 fuisse
349 2385 429 2420 putat
442 2389 448 2409 :
463 2379 599 2410 Socrates
608 2379 713 2419 (c),qui
730 2388 797 2409 cum
809 2379 918 2410 Basilio
930 2378 959 2410 S.
976 2378 1067 2420 Chry-

251 2425 370 2454 sostomi
397 2424 492 2454 amico
519 2426 653 2454 nostrum
678 2423 842 2460 coafundit,
859 2424 895 2454 ad
910 2424 986 2454 hanc
1003 2433 1071 2454 eum

249 2469 424 2508 dignitatem
435 2478 452 2499 a
462 2469 494 2500 S.
508 2468 624 2498 Maletio
639 2473 773 2498 evectum
786 2472 895 2498 narrat.
908 2468 968 2500 Sed
977 2467 1071 2498 Tille-

250 2514 380 2545 montias
391 2523 429 2544 ne
440 2514 596 2544 diaconum
610 2512 732 2553 qnidem
744 2512 834 2543 fuisse
847 2512 988 2544 Basiliam
999 2521 1070 2553 pro-

249 2560 298 2590 bat
310 2568 346 2589 ex
363 2558 533 2589 testimonio
544 2556 732 2592 Nazianzeni,
745 2557 797 2596 qui
813 2559 841 2587 in
854 2561 913 2588 tam
934 2561 1070 2590 accurata

247 2604 476 2642 ordinum,quos
483 2602 614 2633 exercuit
626 2600 1068 2641 Basilius.enumeratione,non

247 2648 396 2679 omisisset
408 2648 605 2683 diaconatum,
619 2647 643 2676 si
661 2647 689 2676 in
707 2647 762 2676 hoc
777 2656 894 2687 quoque
904 2647 998 2686 gradu
1009 2646 1068 2677 mi-

246 2693 413 2724 nistrasset.

288 2777 323 2810 (ιι)
338 2772 419 2804 Orat.
434 2773 483 2804 30.

284 2814 325 2854 (b)
340 2812 405 2845 Lib.
422 2821 462 2852 IV,
479 2823 506 2844 ε.
525 2813 572 2845 ιε.

1124 945 1225 967 corum
1237 937 1383 977 linguas;
1399 936 1515 974 μάλιστι
1529 938 1571 965 διὰ
1587 939 1632 965 τὸν
1649 940 1739 976 κπιρὸν
1756 938 1856 969 ποΛλὰς
1876 940 1910 976 ὴμ
1918 947 1944 966 Iv

1124 982 1262 1020 αἱρετικῶν
1277 982 1350 1009 ἔπεια
1356 982 1453 1020 ἄγοντι
1471 982 1578 1021 γλώπσι
1584 996 1593 1013 ς
1601 1007 1606 1012 ,

1163 1025 1197 1056 ll.
1217 1025 1293 1056 Satis
1307 1026 1385 1057 inter
1401 1027 1536 1057 eruditos
1555 1028 1693 1058 convenit
1708 1026 1849 1058 Basiliam
1865 1037 1942 1058 anno

1123 1071 1182 1103 36‘2
1198 1071 1403 1111 presbyterum
1428 1070 1519 1101 fuisse
1544 1072 1723 1102 ordinatum.
1746 1073 1891 1103 Barouius
1915 1078 1943 1103 et

1123 1116 1316 1147 Hermantius
1328 1124 1365 1146 ex
1377 1115 1500 1155 epistola
1511 1117 1598 1146 modo
1611 1116 1729 1147 laudata
1739 1117 1882 1156 colligunt
1893 1126 1940 1146 or-

1122 1160 1254 1190 dinatum
1274 1160 1357 1190 illum
1373 1159 1464 1189 fuisse
1473 1159 1579 1190 eodem
1595 1160 1657 1192 fere
1674 1167 1807 1201 tempore
1819 1170 1852 1191 ac
1868 1163 1937 1192 (ἔνθα

1123 1205 1237 1244 gorium
1252 1214 1260 1242 ;
1278 1205 1398 1244 conjicit
1417 1205 1783 1243 TillemontiusBasilium,
1799 1215 1865 1236 cum
1878 1207 1941 1237 Cae-

1123 1258 1239 1281 sareum
1250 1249 1380 1280 venisset
1392 1255 1548 1289 aegrotante
1561 1249 1719 1287 Dianio,ibi
1732 1260 1824 1290 usque
1835 1251 1872 1280 ad
1885 1251 1943 1281 ele-

1122 1294 1252 1325 ctionem
1265 1293 1388 1324 Eusebii
1398 1300 1662 1331 moratumesse,et
1672 1296 1708 1325 ab
1719 1295 1941 1335 Eusebio,forte

1123 1339 1242 1369 hortatu
1258 1338 1393 1378 Gregorii
1409 1340 1513 1379 patris,
1529 1344 1677 1370 retentum
1703 1345 1733 1369 et
1755 1339 1939 1370 ordinatum.

1161 1382 1362 1414 Timiditatem
1371 1383 1465 1423 injicit
1474 1383 1627 1415 hominum
1638 1384 1878 1414 doctissimorum
1890 1394 1940 1414 au-

1120 1429 1254 1468 ctoritas,
1272 1429 1433 1467 quominus
1448 1428 1485 1459 ab
1501 1429 1544 1459 eis
1561 1429 1732 1459 dissentiam
1748 1440 1754 1458 :
1772 1431 1825 1459 sed
1842 1434 1938 1459 tamen

1121 1473 1376 1512 cogordissentire
1392 1473 1490 1512 Atque
1502 1474 1573 1504 illud
1583 1474 1704 1514 quidem
1718 1479 1800 1504 certo
1812 1479 1940 1504 statuere

1089 1519 1108 1543 C
1121 1519 1270 1558 videntur,
1286 1518 1383 1548 serius
1398 1517 1540 1549 Basiliam
1563 1519 1729 1549 ordinatum
1746 1519 1837 1549 fuisse
1851 1529 1938 1559 quam

1121 1563 1308 1602 Gregorium.
1324 1561 1387 1592 Non
1399 1563 1497 1594 minus
1509 1562 1699 1603 perspicuum
1712 1568 1740 1592 et
1757 1563 1937 1602 exploratum

1121 1613 1165 1638 est
1180 1617 1247 1638 eum
1265 1617 1322 1637 ιιοιι
1339 1617 1355 1636 a
1370 1606 1486 1645 Dianio,
1506 1612 1537 1638 ut
1557 1608 1675 1648 quidam
1703 1608 1869 1643 voluerunt,
1886 1610 1938 1639 sed

1118 1653 1156 1684 ab
1171 1652 1301 1684 Eusebio
1313 1652 1479 1682 ordinatum
1495 1653 1598 1684 fuisse.
1612 1653 1686 1684 Nam
1703 1653 1825 1684 Dianius
1837 1653 1939 1693 paucis

1119 1698 1273 1728 mensibus
1287 1701 1353 1737 post
1363 1697 1497 1736 Gregorii
1510 1698 1727 1728 ordinationem
1739 1702 1936 1737 mortuusest,

1117 1751 1173 1774 nec
1185 1752 1253 1773 cum
1267 1751 1303 1772 eo
1320 1742 1447 1772 Basilius
1459 1742 1497 1772 ab
1513 1751 1592 1773 anno
1606 1741 1678 1778 360,
1690 1742 1747 1772 nisi
1757 1742 1787 1772 in
1804 1747 1936 1773 extremo

1119 1788 1222 1818 morbo
1239 1786 1478 1818 communicavit.
1495 1786 1554 1819 Sed
1570 1787 1649 1827 quod
1666 1786 1883 1818 ordinationem
1899 1788 1934 1818 ad

1116 1842 1226 1863 annum
1237 1831 1297 1863 362
1308 1832 1453 1870 referunt,
1466 1831 1495 1862 id
1511 1831 1618 1862 vellem
1632 1831 1763 1862 vincibili
1773 1831 1873 1872 aliqua
1884 1841 1934 1863 ra-

1118 1878 1198 1908 tione
1209 1878 1388 1908 tirmassent.
1400 1875 1473 1907 Nam
1483 1875 1628 1908 Basiliam
1643 1875 1783 1908 Caesareas
1794 1886 1888 1917 usque
1897 1877 1934 1908 ad

1116 1923 1294 1954 electionem
1309 1920 1430 1952 Eusebii
1456 1925 1600 1952 moratum
1618 1930 1694 1958 esse,
1708 1922 1879 1960 conjectura
1893 1925 1937 1953 est

1117 1967 1199 1998 nulla
1212 1975 1333 2008 prorsus
1342 1966 1413 1996 fulta
1423 1966 1601 2004 ratione,vel
1613 1967 1711 2006 potius
1720 1966 1820 1997 Basilii
1836 1967 1936 1997 solitu-

1117 2013 1196 2043 dinis
1205 2011 1427 2048 atnori,etcuraa
1441 2011 1612 2041 monasterii
1623 2011 1746 2051 regendi
1755 2020 1933 2051 repugnans.

1116 2066 1184 2087 cum
1199 2056 1363 2097 prmsertim
1380 2056 1506 2086 fateatur
1531 2055 1740 2087 Tillemontius
1768 2063 1885 2096 tempus
1905 2057 1934 2086 iu

1116 2102 1171 2132 hac
1187 2102 1335 2132 electione
1360 2101 1596 2132 dissensionibus
1612 2105 1773 2131 extractum
1789 2101 1893 2132 fuisse.

1157 2147 1227 2184 Sed,
1244 2147 1323 2187 quod
1343 2155 1391 2177 me
1408 2145 1536 2177 maxime
1550 2147 1682 2178 deterret
1695 2145 1732 2176 ab
1749 2146 1803 2177 hac
1817 2147 1933 2187 ample-

1087 2200 1106 2225 D
1117 2193 1224 2223 ctenda
1240 2191 1394 2231 opinione,
1407 2190 1542 2231 pluribus
1557 2191 1705 2222 rationum
1718 2191 1876 2222 ammentis
1886 2192 1934 2222 ad-

1115 2239 1220 2275 ducor,
1231 2242 1262 2267 ut
1276 2235 1417 2268 Basiliam
1437 2245 1515 2266 anne
1528 2237 1587 2266 361
1602 2236 1659 2266 sub
1677 2236 1798 2266 Valente
1813 2236 1933 2267 credam

1114 2283 1283 2313 ordinatum
1294 2281 1396 2313 fuisse.
1417 2285 1446 2311 1°
1460 2282 1526 2321 Ipsa
1541 2280 1678 2320 Gregorii
1689 2280 1779 2312 verba
1792 2279 1932 2311 Basiliam

1116 2329 1312 2365 mouentis,at
1323 2326 1380 2357 sibi
1388 2330 1489 2357 caveat
1492 2327 1665 2366 prwsertim
1679 2326 1716 2356 ob
1728 2329 1842 2366 tempus
1852 2327 1932 2356 mul-

1114 2377 1160 2403 tas
1168 2374 1199 2402 tu
1207 2371 1418 2412 nos,inquit(d}
1424 2370 1650 2411 ,hcercticorum
1657 2371 1793 2401 excitans
1798 2369 1931 2410 linguas;

1115 2417 1188 2454 haec,
1201 2416 1427 2457 inquam,vcrba
1437 2415 1569 2448 Valentis
1582 2414 1709 2455 imperio
1721 2415 1847 2446 mirifice
1857 2424 1930 2445 con-

1114 2462 1349 2500 gruunt,.lutiani
1365 2470 1433 2492 vero
1445 2468 1643 2500 nequaquam.
1655 2459 1729 2490 Nam
1745 2460 1800 2490 sub
1814 2458 1930 2491 Juliano

1114 2507 1195 2537 nulla
1203 2507 1240 2537 ab
1256 2506 1406 2538 haereticis
1416 2506 1549 2546 pericula
1559 2504 1688 2535 maxima
1706 2505 1742 2535 ab
1754 2505 1932 2544 imperatore

1111 2556 1243 2592 apostata
1258 2551 1446 2582 exstiterunt.
1460 2549 1521 2580 Sub
1549 2549 1670 2580 Valente
1693 2553 1792 2580 autem
1809 2549 1932 2580 haeresis

1111 2598 1208 2629 statim
1219 2598 1358 2628 verticem
1374 2595 1502 2635 sustulit,
1516 2598 1546 2625 et
1559 2593 1648 2633 ignis,
1663 2595 1715 2635 qui
1725 2594 1864 2626 saeviente
1875 2595 1930 2626 Ju-

1111 2643 1182 2673 liani
1193 2642 1401 2682 persecutione
1408 2639 1580 2681 suppositus
1595 2639 1688 2670 cineri
1701 2639 1868 2676 videbatur,
1881 2640 1930 2672 de-

1111 2696 1170 2718 nuo
1181 2688 1301 2719 exarsit.
1314 2687 1389 2718 Nota
1399 2686 1530 2726 profecto
1542 2693 1591 2716 res
1602 2689 1647 2715 est
1663 2689 1691 2714 et
1706 2685 1743 2716 ab
1755 2686 1819 2725 ipsa
1835 2683 1928 2721 Tille-

1149 2771 1192 2852 E‘i’)
1203 2766 1437 2849 ‘sii’z'.'2;,.°'.?.6'
