2024 3142
205 150 254 174 ινι

871 141 1170 176 PROLEGOMENA.

207 211 370 243 Caesaream
383 208 624 256 advolasse._S‘ed
636 213 732 256 tamen
745 208 817 256 nihil
829 208 966 256 videntur
975 210 1028 256 hac
1040 217 1058 238 Α
1072 211 1166 256 Deum
1181 217 1330 256 precetur,
1355 212 1444 253 eique
1459 213 1579 253 quinam
1596 215 1688 253 magis
1702 215 1804 247 idonei
1824 217 1899 256 sint,

204 256 235 286 in
247 265 281 287 re
295 258 404 295 praeter
420 263 533 285 morem
548 252 741 294 Cappadociae
751 252 869 284 fecisse.
888 252 968 285 Idem
983 254 1029 285 fe-

204 305 311 332 cerunt.
326 309 404 331 anno
421 299 491 340 373,
504 307 571 330 cum
587 298 678 329 falsus
692 299 731 328 de
744 297 844 329 Basilii
857 303 951 329 morte
974 309 1026 330 ru-

205 355 270 377 mor
285 345 391 376 allatus
408 348 500 381 esset,
519 348 552 374 ut
566 342 762 383 perspicimus
773 351 809 374 ex
820 342 944 382 epistola
958 343 1026 384 141,

203 400 233 422 n.
252 391 283 422 2.
300 391 397 422 Nemo
409 398 480 420 sane
493 387 601 419 dixerit
619 391 688 418 tunc
703 396 755 418 eos
772 387 879 418 litteris
894 388 966 419 cleri
979 398 1025 419 vo-

204 440 284 466 catos
297 434 402 466 fuisse.

243 480 389 513 Curidem
402 483 517 510 mortuo
526 477 655 508 Eusebio
667 477 789 508 credam
801 477 1025 517 evenisse,pr.]3-

203 532 248 558 ter
262 524 461 557 testimonium
478 523 611 561 Gregorii
624 521 876 560 Nasianaeni,quo
883 522 944 562 jam
955 532 1025 554 usus

201 581 280 608 sum,
293 570 372 601 aliud
382 569 506 600 rationis
519 571 703 598 momentum
715 567 909 607 suppeditant
921 567 1025 599 littera:

201 615 336 656 Gregorii
366 613 499 653 episcopi
513 612 550 643 ad
569 612 689 643 eosdem
706 613 872 652 episcopos.
895 613 930 643 Hi
943 613 1023 643 enim

202 660 378 700 Gregorium
389 660 551 690 Cmsaream
564 657 744 688 advocarunt
757 657 868 696 (a),sed
881 660 938 687 tam
953 667 1021 697 per-

202 705 362 742 functorie,
381 708 412 734 ut
427 712 484 733 nec
495 702 599 733 adesse
615 701 698 732 illum
716 705 855 741 oportere
870 702 1019 740 signiﬁca-

201 755 280 787 rent,
299 758 355 780 nec
366 757 421 789 qua
435 748 473 778 de
488 756 531 784 re,
546 750 595 777 aut
611 755 669 785 quo
702 750 848 785 tempore.
867 746 1020 777 Perinole—

200 799 278 826 stum
295 794 324 825 id
341 794 393 824 fuit
409 793 521 833 optimo
538 791 624 822 seni:
641 794 670 821 at
699 790 832 830 profecto
864 791 1020 821 molestum

199 848 266 870 esse
277 848 341 871 non
350 837 513 873 debuisset,
531 836 556 866 si
569 836 631 875 jam
657 834 753 871 illum,
780 834 884 865 itidem
901 840 931 866 ut
947 835 1020 866 alios

1067 255 1263 294 judicandum
1279 256 1441 297 relinquat.
1455 257 1520 288 Non
1535 257 1621 288 modo
1635 259 1690 289 sibi
1700 259 1817 291 videtur
1826 260 1900 292 Gre-

1069 300 1170 339 gorius
1186 300 1242 331 hac
1256 300 1322 340 lege
1334 310 1392 332 non
1408 301 1566 339 obstringi,
1584 303 1636 333 sed
1654 304 1745 334 etiam
1758 305 1901 336 Ecclesia:

1070 344 1245 376 Caesariensi
1254 354 1289 376 ac
1298 346 1448 386 episcopis
1461 346 1568 376 minari
1580 356 1639 378 non
1652 348 1780 388 dubitat,
1791 359 1824 380 se
1837 360 1898 381 non

1068 389 1311 427 adfuturum,nec
1318 390 1492 430 participem
1505 400 1607 421 eorum
1620 393 1737 424 consilii
1748 394 1894 432 futurum,

1068 433 1092 463 si
1106 443 1158 464 sua
1175 444 1233 465 non
1250 434 1348 465 vincat
1363 434 1521 472 sententia,
1539 436 1562 465 si
1579 446 1667 476 quem
1680 438 1771 469 alium
1785 439 1895 470 Basilio

1067 478 1235 518 praeferant.
1249 478 1324 509 Huic
1343 484 1441 510 autem
1457 480 1565 519 agendi
1580 480 1690 512 rationi
1712 492 1771 514 non
1801 484 1890 514 modo

1066 523 1154 554 venia
1167 523 1302 568 debetur,
1317 524 1369 554 sed
1384 524 1473 555 etiam
1491 525 1553 554 laus
1570 526 1707 559 maxime.
1722 527 1809 568 eique
1822 528 1888 568 pal-

1066 576 1143 597 mam
1159 568 1210 598 dat
1225 567 1386 607 Gregorius
1408 568 1487 598 illius
1503 569 1544 608 (tl)
1568 569 1646 600 inter
1661 567 1768 602 caetera
1797 567 1890 612 patris

1067 612 1209 651 praeclare
1226 612 1310 643 facta.
1326 613 1398 643 Nam
1411 622 1477 643 cum
1490 613 1624 644 omnium
1641 615 1678 645 de
1687 615 1788 647 Basilii
1800 617 1890 648 virtu—

1065 656 1144 686 tibus
1155 657 1271 696 judicia
1282 657 1617 697 consentirent,acluce
1626 659 1736 690 clarius
1749 666 1828 692 esset
1839 672 1890 693 ne

1066 701 1175 731 minem
1191 701 1281 732 alium
1295 701 1360 732 sine
1373 711 1490 732 summo
1502 701 1600 742 legum
1617 704 1887 737 ecclesiasticarum

1064 750 1236 786 contemptu
1264 746 1334 784 eligi
1352 755 1439 786 posse
1453 755 1460 782 ;
1477 745 1638 786 Gregorius
1654 758 1689 779 eo
1702 753 1762 780 tam
1779 752 1890 782 acriter

1063 789 1252 821 defendendo
1270 800 1325 821 nec
1339 792 1407 830 jura
1422 800 1478 821 nec
1493 791 1661 823 libertatem
1677 794 1885 835 suffragiorum

1061 835 1230 869 attentabat.
1249 835 1300 866 sed
1319 835 1416 874 potius
1432 845 1447 866 a
1463 836 1641 868 factionibus
1652 842 1681 868 et
1696 844 1885 879 prasposteris

198 883 366 923 episcopos,
380 883 419 912 de
435 889 517 911 more
533 879 633 910 clerus
656 878 820 910 invitasset.
842 879 924 910 Tune
939 879 1167 919 enimBstudiis
1196 881 1232 910 ad
1263 880 1474 912 ecclesiasticae
1510 881 1643 913 utilitatis
1671 878 1882 923 cogitationem

199 936 323 959 necesse
338 936 397 957 non
413 926 527 962 fuisset,
543 929 574 955 ut
589 923 779 954 clerilitteris
786 923 896 955 additae
905 924 1018 964 episco-

199 982 301 1014 porum
320 973 426 1003 litterae
449 970 565 1009 singula
588 973 724 1014 accurate
752 973 1015 1008 persequerentur.

238 1018 275 1050 ιΙ.
292 1019 366 1049 Cum
382 1015 561 1057 praavideret
571 1013 757 1044 venerandus
773 1022 876 1051 senex,
893 1014 921 1044 id
938 1015 1014 1054 quoii

198 1073 252 1094 usu
269 1062 377 1099 evenit,
395 1060 475 1092 varia
486 1060 639 1090 hominum
653 1057 752 1088 studia
762 1058 792 1088 in
803 1058 941 1098 eligendo
952 1059 997 1099 epi

196 1116 287 1147 scopo
296 1107 405 1144 futura,
416 1105 548 1137 declarat
555 1104 594 1142 (bl
603 1103 755 1144 episcopis
764 1103 915 1134 neminem
925 1113 957 1134 se
968 1104 1004 1134 ha

202 1153 284 1193 bere,
301 1161 391 1190 quem
408 1149 517 1181 Basilio
534 1148 676 1190 preferre
693 1147 797 1193 possit,
823 1147 886 1178 viro
903 1153 931 1178 et
953 1148 1019 1179 vita:

194 1199 351 1228 sanctitate
367 1200 397 1227 et
411 1195 552 1226 doctrinae
563 1192 731 1233 praestantia
742 1192 830 1232 longe
844 1201 934 1232 super
944 1193 1017 1223 alios

194 1251 299 1273 omnes
315 1239 459 1272 eminenti
473 1250 480 1271 :
511 1247 567 1270 nec
582 1238 662 1269 illius
677 1237 813 1277 corporis
830 1236 1015 1268 debilitatem

194 1286 315 1317 obstare
336 1285 469 1322 debere;
486 1293 553 1315 cum
581 1282 741 1324 episcopus
768 1288 929 1322 queratur,
957 1292 1014 1312 non

194 1332 316 1372 athleta,
336 1340 370 1361 ac
386 1334 530 1370 praeterea
543 1328 597 1359 Dei
611 1327 704 1372 virtus
720 1326 751 1357 in
766 1326 915 1372 ejusmodi
931 1327 999 1357 inﬁr

192 1376 294 1407 mitate
304 1370 626 1406 eluceat.Promittitse
640 1371 823 1408 adfuturum,
841 1370 865 1400 si
879 1371 934 1401 hoc
950 1372 1000 1400 sut‘

190 1419 315 1460 fragium
330 1419 525 1459 recipiant,ac
538 1425 659 1456 operam
671 1415 715 1446 eis
739 1415 876 1445 daturum
893 1415 938 1445 vel
954 1418 999 1455 spi

194 1459 254 1495 ritu
269 1465 315 1495 vel
326 1472 463 1504 corpore:
481 1462 527 1492 sin
543 1465 642 1493 autem
669 1461 759 1491 certis
788 1459 1011 1491 conditionibus

190 1510 237 1541 via
252 1509 435 1550 capessenda
446 1507 496 1548 sit,
515 1516 549 1537 ac
563 1506 828 1550 factionesrcontra
842 1505 1008 1544 aequitatem

1060 924 1191 954 omnium
1208 924 1323 955 animos
1338 925 1508 956 revocabat.

1099 967 1158 999 Has
1170 969 1262 1009 patris
1273 969 1387 999 litteras
1399 970 1679 1010 indicatGregorius
1692 974 1812 1012 (e),cum
1825 975 1880 1006 ait:

1060 1014 1193 1044 Litteras
1203 1013 1361 1053 scribebat,
1375 1016 1524 1048 monebat.
1535 1016 1677 1056 populum
1689 1020 1881 1055 conciliabat,

1058 1058 1239 1098 sacerdotes,
1255 1067 1322 1089 cum
1339 1058 1428 1097 alios,
1445 1064 1508 1090 tum
1522 1069 1570 1090 eos
1585 1062 1639 1100 qui
1663 1063 1770 1093 altaris
1798 1069 1883 1104 sunt,

1059 1102 1275 1142 obtestabatur,
1289 1103 1481 1143 decernebat,
1491 1104 1654 1135 ordinabat
1667 1107 1753 1138 etiam
1766 1102 1883 1145 absens,

1059 1147 1181 1177 canitiei
1188 1155 1250 1177 suae
1261 1146 1314 1177 hoc
1328 1147 1430 1186 dabat,
1448 1152 1480 1178 ut
1496 1149 1578 1188 apud
1588 1151 1718 1191 alienus,
1735 1155 1881 1192 tanquam

1058 1191 1143 1230 apud
1157 1200 1228 1222 suos
1241 1192 1424 1222 auctoritate
1442 1197 1592 1225 uteretur.
1609 1194 1722 1230 Quibus
1735 1205 1769 1227 ex
1784 1191 1882 1228 verbis

1058 1235 1158 1275 colligi
1174 1236 1265 1275 possit
1278 1246 1337 1266 non
1355 1236 1430 1267 duas
1445 1241 1584 1268 tantuma
1610 1245 1712 1270 sancto
1723 1250 1807 1278 sene,
1825 1243 1877 1273 sed

1059 1281 1158 1320 plures
1169 1281 1241 1311 alias
1259 1281 1400 1311 Ecclesiae
1425 1280 1598 1313 Caesariensi
1615 1285 1742 1325 scriptas
1772 1286 1875 1319 fuisse.

1056 1325 1219 1371 Yidebatur
1229 1325 1304 1356 hanc
1313 1326 1351 1371 ab
1361 1335 1395 1357 eo
1411 1326 1644 1359 sollicitudinem
1650 1339 1774 1368 poscere
1785 1332 1876 1371 hujus

1053 1369 1196 1400 Ecclesia;
1209 1375 1314 1401 status.
1331 1370 1400 1401 Erat
1414 1371 1494 1402 enim
1512 1381 1614 1411 magna
1632 1374 1800 1405 animorum
1815 1369 1874 1407 dis-

1053 1416 1165 1446 sensio.
1174 1415 1313 1446 Basilium
1326 1415 1464 1446 omnibus
1475 1417 1874 1456 praeferebantselectissima

1054 1464 1083 1489 et
1099 1459 1256 1499 purissima
1272 1469 1340 1501 pars
1371 1460 1482 1500 populi,
1499 1461 1655 1493 universus
1670 1463 1769 1495 clerus
1783 1470 1812 1496 et
1827 1475 1875 1496 asc

1053 1508 1124 1534 setae
1142 1514 1148 1533 :
1162 1504 1214 1534 sed
1233 1503 1657 1544 invidebantetoppugnabant
1669 1507 1871 1547 magistratus,

188 1548 367 1593 conﬂantur,
381 1553 550 1592 gavisurum
567 1559 599 1581 se
614 1550 691 1590 quod
708 1549 797 1580 fuerit
809 1553 1005 1588 contemptus.
1019 1548 1039 1572 C
1050 1557 1085 1593 ac
1100 1548 1202 1578 intima
1215 1548 1309 1588 plebis
1319 1548 1510 1588 perditissimi
1520 1550 1631 1590 quique
1642 1561 1708 1582 cum
1720 1553 1874 1592 magistra-

227 1599 396 1631 Honoritice
406 1597 542 1629 invitatus
553 1595 589 1626 ab
603 1595 738 1626 Ecclesia
751 1593 924 1625 Caesariensi
936 1593 995 1626 Gre

189 1645 289 1684 gorius
306 1646 342 1683 (ο)
357 1644 541 1674 demonstrat
569 1638 814 1684 Caesariensibus,
845 1638 946 1684 quanti
971 1639 1009 1684 sit

188 1683 331 1720 momenti
342 1688 447 1719 electio
454 1685 668 1726 episcopi,cum
676 1684 706 1714 in
715 1683 1005 1723 omnibusEcclesiis,

188 1739 248 1764 tum
267 1733 393 1764 maxime
409 1734 438 1762 in
459 1730 630 1762 Caesariensi
660 1729 783 1759 aliarum
807 1727 1005 1758 Ecclesiarum

189 1778 454 1810 matre.Snmmum
466 1775 612 1815 signiﬁcat
626 1772 762 1804 veniendi
777 1772 813 1803 ad
824 1781 875 1803 eos
891 1772 1006 1804 deside-

186 1825 276 1861 rium,
289 1823 314 1854 si
331 1831 383 1863 per
400 1820 537 1852 morbum
550 1817 705 1863 etsenium
719 1816 1004 1863 liceat;sed_interim

187 1870 318 1900 declarat
330 1861 365 1898 ex
377 1867 447 1897 viris
463 1864 629 1906 principatu
641 1862 828 1902 dignis,quos
840 1861 1005 1893 inEcclesia

185 1913 359 1945 Caesariensi
375 1912 477 1952 plures
493 1919 559 1940 esse
575 1918 633 1939 non
664 1907 824 1947 inﬁciatur,
851 1908 1003 1952 neminem

183 1958 295 1990 Basilio
312 1950 444 1997 praeferri
455 1954 585 1989 debere;
601 1961 729 1990 eumque
741 1960 840 1982 coram
851 1950 911 1982 Deo
927 1955 1003 1982 teste

185 1996 334 2034 asseverat
345 2006 374 2033 et
384 2001 448 2031 vitae
462 2003 491 2030 et
504 1999 648 2029 doctrinae
658 1997 813 2026 sanctitate
832 1997 876 2027 vel
893 1996 1001 2036 solum,

181 2050 225 2079 vel
242 2048 373 2079 omnium
389 2045 516 2076 maxime
527 2046 626 2084 aptum
639 2041 771 2081 esse,qui
781 2041 945 2072 Ecclesiam
956 2041 1002 2071 his

185 2091 405 2124 molestissimis
432 2088 615 2129 temporibus
630 2086 786 2126 gubernet.
813 2086 914 2126 Atque
941 2086 1003 2116 haec

183 2138 291 2170 scribit
302 2137 383 2168 clero
397 2140 426 2166 et
440 2132 603 2172 monachis,
616 2130 801 2162 ethonoratis
813 2139 847 2161 ac
869 2131 959 2161 curia:
974 2135 1003 2162 et

181 2184 324 2214 universae
340 2180 432 2222 plebi.
451 2178 484 2210 Si
500 2177 557 2209 sibi
585 2176 794 2222 assentiamur.
817 2179 907 2216 atque
922 2175 1001 2222 haec

1050 1592 1302 1638 tibusconjuncli,
1321 1597 1365 1638 et,
1389 1593 1468 1633 quod
1486 1594 1617 1626 inimicis
1643 1595 1798 1636 religionis
1819 1598 1872 1638 jo-

1048 1637 1136 1668 candi
1153 1638 1304 1668 materiam
1321 1637 1419 1672 dabat.
1437 1638 1495 1678 ipsi
1508 1638 1597 1669 etiam
1614 1641 1760 1681 episcopi.

1088 1681 1157 1712 Erat
1172 1691 1243 1712 sane
1255 1681 1460 1717 metuendum.
1475 1691 1513 1713 ne
1523 1684 1641 1724 Ariani,
1657 1685 1709 1723 qui
1720 1695 1799 1717 anno
1811 1687 1869 1717 365

1048 1726 1189 1759 Ecclesiae
1200 1727 1375 1759 Caesariensi
1387 1728 1511 1759 insidias
1522 1731 1871 1771 struxerant,disseusio-

1050 1772 1136 1804 nibus
1149 1773 1333 1805 laborantem
1350 1777 1532 1812 occuparent
1544 1778 1574 1804 et
1584 1777 1872 1813 everterent.Quare

1047 1817 1208 1858 Gregorius
1222 1826 1290 1848 cum
1304 1817 1436 1848 nondum
1448 1818 1555 1849 adesse
1570 1824 1720 1859 posset,ac
1731 1821 1870 1861 praesidio

1047 1872 1104 1893 non
1131 1862 1274 1906 mediocri
1292 1868 1410 1902 tempus
1427 1871 1515 1901 egere
1537 1862 1718 1902 intelligeret
1735 1865 1787 1906 (ί),
1805 1875 1870 1897 ma-

1045 1916 1135 1946 gnum
1151 1916 1188 1937 ex
1199 1905 1322 1939 Oriente
1336 1907 1438 1937 lumen
1448 1908 1582 1948 accersit,
1594 1907 1624 1939 S.
1638 1908 1802 1940 Eusebium
1814 1911 1870 1942 Sa-

1047 1956 1245 1992 mosatenum,
1277 1951 1375 1982 missis
1406 1961 1459 1992 per
1488 1952 1674 1984 Eustathium
1709 1954 1868 1986 diaconum

1044 1996 1163 2031 litteris,
1180 1996 1209 2026 in
1233 1995 1341 2036 quibus
1356 1996 1543 2028 demonstrat
1560 2003 1669 2037 quanto
1685 2005 1823 2030 versetur
1838 2001 1868 2030 in

1047 2040 1179 2080 periculo
1190 2041 1382 2072 Caesariensis
1392 2040 1683 2083 Ecclesia,rogatque
1691 2049 1724 2074 ut
1731 2043 1811 2075 illius
1821 2053 1870 2075 ve-

1047 2085 1106 2116 niat
1116 2085 1238 2123 auxilio,
1254 2094 1288 2116 ac
1304 2086 1460 2116 exantlatis
1481 2095 1535 2126 pro
1553 2087 1687 2118 Ecclesia
1715 2087 1869 2120 laboribus

1045 2130 1123 2161 hunc
1135 2130 1223 2161 etiam
1234 2130 1366 2170 adjiciat.
1378 2131 1525 2161 Caeterum
1537 2131 1649 2163 habere
1661 2141 1694 2164 se
1703 2141 1763 2173 prae
1773 2133 1868 2165 oculis

1043 2175 1149 2212 virum,
1162 2175 1219 2216 ipsi
1232 2174 1360 2206 Eusebio
1371 2184 1430 2206 non
1441 2175 1682 2216 ignotum,quem
1695 2178 1723 2209 si
1731 2177 1868 2210 obtinere

184 2228 288 2259 vicerit
299 2219 457 2262 sententia,
474 2223 634 2264 pollicetur
648 2229 680 2251 se
694 2219 864 2251 adfuturum
883 2220 1000 2260 spiritu.
1017 2226 1213 2260 Upossumus,
1232 2219 1339 2260 inquit,
1352 2221 1414 2251 scio
1436 2221 1638 2260 acquisituras
1653 2231 1704 2253 nos
1720 2233 1861 2261 magnam

173 2273 297 2312 jamque
310 2272 341 2302 in
355 2275 543 2301 antecessum
559 2275 664 2316 manus
673 2265 842 2316 imponere:
858 2265 905 2316 sin
912 2265 993 2316 aliud

176 2310 327 2357 quidpiam
343 2315 402 2346 illis
417 2314 542 2360 placeat,
556 2321 589 2342 ac
599 2310 734 2360 sodalitia
749 2314 779 2341 et
794 2310 995 2360 cognationes

175 2354 301 2402 vigeant,
315 2364 365 2390 aut
380 2357 550 2400 promiscua
563 2355 649 2402 turba
665 2364 772 2402 parum
794 2354 851 2385 loci
878 2354 994 2393 legibus

175 2400 384 2437 ecclesiasticis
398 2403 555 2442 relinquat,
569 2400 743 2441 participem
753 2409 786 2431 se
799 2408 902 2430 eorum
918 2408 992 2430 con-

173 2451 233 2482 silii
244 2460 303 2481 non
316 2450 458 2480 futurum.

215 2496 282 2527 Non
293 2493 405 2536 putavit
419 2491 580 2532 Gregorius
606 2488 826 2536 observandum
855 2497 921 2536 esse
936 2489 993 2536 hoc

174 2533 333 2578 loco,qubd
347 2538 474 2570 Basilius
489 2537 592 2567 utilius
606 2545 639 2567 ac
655 2533 746 2565 satius
762 2542 830 2563 esse
849 2533 936 2564 docet
961 2534 990 2564 in

173 2585 334 2625 epist.290,
352 2587 382 2614 ut
397 2583 475 2614 dicto
488 2580 659 2612 testimonio
668 2578 764 2609 studia
778 2579 915 2625 vitentur,
933 2587 988 2625 nec

171 2623 327 2670 quiSquam
351 2627 521 2663 contendat,
539 2630 572 2656 ut
585 2634 637 2655 sua
653 2625 750 2654 vincat
764 2624 924 2664 sententia,
936 2623 987 2654 sed

207 2715 247 2749 tu)
262 2709 332 2742 Nat.
347 2719 394 2750 ep.
406 2707 458 2739 23.

222 2751 251 2791 b)
268 2751 342 2781 Ibid.

206 2754 247 2832 ie)
262 2790 315 2832 ἓν·
334 2790 342 2832 ξ

204 2789 254 2872 ἕῐό
262 2790 316 2864 ἓεξ
334 2789 385 2862 ῗόἲ

1037 2266 1119 2303 apud
1136 2265 1232 2296 Deum
1249 2265 1412 2305 ﬁduciam,
1429 2268 1519 2304 atque
1529 2267 1563 2297 tu
1573 2266 1729 2307 populum,
1741 2270 1794 2306 qui
1807 2277 1863 2299 nos

1036 2310 1207 2349 advocavit,
1225 2310 1403 2348 bene/icium
1417 2311 1586 2342 maximum
1600 2311 1777 2343 collaturus.
1788 2314 1860 2344 Hor-

1037 2358 1114 2384 tatur
1132 2357 1161 2383 ut
1174 2354 1269 2394 ruptis
1283 2353 1422 2385 omnibus
1433 2355 1525 2386 moris
1542 2356 1731 2387 incommoda
1752 2356 1858 2388 hiemis

1035 2402 1210 2429 autevertat.
1228 2398 1310 2429 Hanc
1325 2398 1493 2438 epistolam,
1511 2409 1576 2439 qum
1600 2400 1680 2431 inter
1693 2400 1857 2433 Basilianas

1035 2443 1197 2483 reperitur,
1212 2452 1300 2473 nemo
1314 2443 1376 2482 jam
1390 2443 1453 2474 fere
1470 2448 1526 2485 est,
1543 2445 1594 2484 qui
1609 2444 1752 2485 Gregorio
1767 2447 1857 2477 resti~

1036 2488 1176 2518 tuendam
1192 2497 1251 2518 non
1268 2487 1404 2519 fateatur.

1075 2533 1213 2563 Accurrit
1225 2537 1345 2563 sanctus
1361 2537 1471 2572 martyr
1482 2533 1512 2564 in
1525 2535 1755 2574 Cappadociam;
1769 2535 1859 2576 idque

1034 2582 1115 2608 certo
1131 2578 1242 2608 scimus
1259 2587 1294 2608 ex
1311 2577 1437 2617 cpistola
1453 2577 1492 2608 48
1506 2578 1621 2619 Basilii,
1635 2584 1665 2609 et
1680 2589 1715 2610 ex
1729 2580 1862 2612 testimo-

1031 2622 1082 2652 nio
1098 2621 1234 2661 Gregorii
1250 2622 1311 2661 (g),
1329 2620 1378 2661 qui
1390 2620 1537 2660 Spiritum
1553 2626 1685 2654 sanctum
1701 2623 1738 2654 ab
1755 2627 1864 2655 exteris

1070 2706 1108 2741 (e)
1120 2701 1197 2734 lhid.

1070 2743 1111 2782 (Γ)
1126 2741 1217 2782 Βεεὶι.
1236 2749 1284 2781 ep.
1301 2741 1350 2773 47.

1073 2781 1115 2824 ω)
1128 2781 1180 2815 Οι·.
1197 2781 1247 2812 20.
