2024 3142
849 141 938 175 VITA
960 143 991 174 S.
1014 143 1169 176 ‘BASILII.

1790 153 1854 178 ινα

160 208 338 249 regionibus
349 209 428 240 viros
437 209 548 250 pietate
556 209 654 241 claros
670 214 699 242 et
709 211 773 242 zelo
784 211 942 251 ﬂagrantes
949 209 985 241 ad
997 213 1015 239 Α
1027 208 1183 243 conflasse,
1201 209 1253 240 sed
1277 210 1339 249 jam
1356 213 1443 241 antea
1466 211 1628 241 conflatum
1645 212 1852 244 conﬁrmasse.

161 254 332 294 ungendum
345 254 488 285 Basilium
497 254 641 285 excitasse
648 255 852 287 testatur.Non
863 254 986 286 dubium

158 301 206 331 est
215 299 289 337 quin
299 299 372 330 tanti
384 299 453 330 ﬁdei
465 299 633 330 defensoris
641 300 797 340 praesentia
811 300 907 331 lucem
921 299 987 330 red-

161 343 271 375 diderit
282 343 424 375 Ecclesiae
440 343 662 385 Caesariensi,et
673 345 782 375 multos
798 354 831 376 ex
844 344 936 382 curia,
954 353 988 375 ac

158 386 235 419 torte
251 389 340 419 etiam
355 398 390 419 ex
405 388 478 428 ipsis
490 389 640 429 episcopis
650 388 686 420 ad
700 389 848 420 saniorem
864 392 987 420 senten-

159 432 229 463 tiam
241 433 409 464 adduxerit.
423 432 496 463 Nam
516 437 641 464 testatur
655 432 817 473 Gregorius
830 433 875 474 (α)
889 433 987 473 Spiri-

160 481 221 508 tum
235 487 286 508 san
293 482 369 509 ctum
381 478 500 509 abunde
511 478 627 509 vicisse.
641 478 700 509 Sed
711 482 809 509 tamen
826 478 905 509 illius
921 487 986 509 mo-

160 522 230 553 nitis
245 526 275 553 et
292 522 459 553 hortatibus
480 522 581 562 plures
608 523 741 563 episcopi
768 532 826 553 non
851 523 988 554 videnlur

160 567 301 599 cessisse.
315 565 389 597 Nam
406 576 474 598 cum
486 575 590 598 eorum
608 568 797 608 numero,qui
813 567 986 608 episcopum

161 613 373 653 proclamaturi
397 617 491 651 erant,
520 621 596 643 unus
621 614 742 644 deesset
757 613 794 644 ad
811 613 985 644 canonicam

158 658 352 698 electionem,
369 657 506 689 Nazianzi
520 657 679 697 episcopus
691 657 732 698 (ὁ)
750 666 808 687 non
822 657 919 688 solum
935 666 986 688 se-

159 707 290 738 nectute,
308 702 360 732 sed
383 702 471 732 etiam
498 701 602 732 morbo
637 702 758 739 fractus,
795 702 986 742 animamque

158 756 262 788 agens,
277 748 334 778 iter
353 747 473 787 aggredi
495 756 556 777 non
573 747 728 784 dubitavit,
746 751 777 778 ut
803 747 915 778 calculo
929 757 984 778 suo

159 793 338 823 electionem
367 793 494 832 juvaret.
522 791 640 831 Colligit
663 791 873 823 Tillemontius
888 802 922 823 ex
939 792 985 823 his

1028 253 1092 285 Non
1101 263 1169 294 ergo
1183 255 1378 286 interfuerant
1389 255 1581 296 ordinationi,
1593 265 1648 286 nec
1659 256 1768 288 Basilio
1786 266 1850 288 ma-

1029 308 1084 329 nus
1099 299 1314 339 imposuerant,
1336 309 1391 331 nec
1407 310 1475 330 cum
1498 310 1534 331 eo
1547 302 1850 332 communicaverunt.

1030 344 1149 375 Pondus
1164 344 1247 375 addit
1260 345 1329 375 huic
1343 345 1499 376 sententiae
1514 354 1616 376 eorum
1632 345 1767 377 Caesarea
1783 350 1852 377 ante

1030 387 1190 420 Eusebium
1207 389 1364 420 discessio.
1381 389 1439 421 Cur
1454 390 1534 420 enim
1546 389 1704 428 Eusebius,
1719 391 1766 421 cui
1783 391 1852 422 lon—

1029 442 1099 472 gum
1115 433 1170 464 iter
1186 435 1387 474 peragendum
1401 435 1577 471 erat,serius
1588 439 1687 466 tamen
1704 444 1789 475 quam
1803 435 1851 466 isti

1029 477 1178 517 discessit,
1203 479 1259 509 nisi
1284 479 1352 517 quia
1375 488 1442 510 sese
1469 484 1679 519 proruperunt,
1695 480 1794 510 statim
1816 489 1851 510 ac

1029 522 1121 553 victos
1130 532 1162 553 se
1172 532 1238 554 esse
1248 523 1409 555 viderunt?
1419 523 1493 555 Illud
1506 524 1594 554 etiam
1605 528 1780 563 argumento
1791 528 1849 561 est,

1030 566 1143 606 insigne
1158 567 1272 608 aliquid
1286 568 1340 598 hos
1362 568 1518 608 episcopos
1533 568 1653 604 fecisse,
1667 569 1745 608 quod
1762 569 1851 609 hujus

1028 611 1224 642 dissensionis
1237 615 1308 644 totae
1318 612 1451 644 civitates
1462 617 1491 643 et
1503 613 1603 653 populi
1616 613 1775 653 participes
1789 614 1851 644 fue-

1027 658 1238 697 runt,ejusque
1251 657 1276 687 fa
1282 667 1328 687 ma
1339 657 1375 687 ad
1384 661 1513 688 remotas
1523 657 1688 697 provincias
1700 658 1848 698 pervenit,

1028 705 1057 731 ut
1071 706 1176 741 postea
1192 701 1436 733 videbimus.Non
1449 711 1523 742 opus
1539 707 1583 732 est
1597 702 1697 733 verbis
1711 703 1850 733 refellere

1027 746 1204 786 Baronii(e)
1237 747 1426 782 sententiam.
1459 747 1510 787 qui
1536 746 1638 778 Basilii
1663 747 1851 778 adversarios

1027 790 1118 821 fuisse
1131 791 1290 828 existimat,
1306 801 1365 822 non
1382 801 1433 822 eos
1448 801 1524 830 quos
1540 791 1668 822 diximus
1679 792 1848 833 episcopos,

158 837 259 869 verbis
287 837 422 877 Gregorii
453 836 621 868 necessaria
646 836 736 867 fuisse
761 836 795 867 ad
811 837 984 868 canonicam
1027 835 1079 866 sed
1091 837 1248 875 praesidem
1266 835 1509 876 Cappadocim,et
1525 836 1599 867 alios
1611 836 1683 867 huic
1695 837 1850 876 proximos

159 882 340 914 electionem
355 881 475 920 majoris
491 881 583 920 partis
609 880 816 921 episcoporum
832 881 972 921 suffragia
998 899 1015 923 Β
1027 879 1172 911 Caesarea:
1181 884 1347 920 agentes,et
1359 882 1511 912 civitatem
1523 881 1671 921 susdeque
1681 882 1850 921 miscentes,

158 926 243 962 Quod
256 926 375 967 quidem
389 935 424 956 eo
436 925 607 963 diligentius
621 925 800 956 servandum
812 929 874 956 erat
884 925 915 956 in
927 926 986 957 ele—
1026 927 1060 955 ut
1072 925 1105 955 in
1118 929 1252 965 gratiam
1269 925 1383 956 Ariani
1398 926 1590 964 imperatoris
1601 925 1681 956 alius
1696 929 1850 957 crearetur

156 971 257 1002 ctione
270 971 385 1011 Basilii,
403 970 482 1010 quod
496 979 555 1000 non
565 970 660 1000 solum
676 970 775 1010 plures
790 970 922 1011 episcopi
938 972 984 1002 in-
1025 970 1192 1009 episcopus.

157 1016 363 1052 tercedebant,
374 1016 425 1046 sed
443 1015 531 1045 etiam
546 1015 702 1055 adjunctos
717 1024 819 1045 secum
836 1015 986 1047 habebant
1066 1013 1115 1044 IV.
1129 1014 1193 1050 Quo
1209 1014 1337 1045 Basilius
1352 1024 1430 1045 anno
1447 1014 1602 1046 ordinatus
1615 1015 1777 1052 fuerit,non
1792 1025 1850 1046 una

157 1062 347 1100 magistratus
363 1064 391 1090 et
408 1059 626 1100 perditissimus
638 1068 772 1099 quosque
783 1059 874 1091 cives.
1026 1063 1070 1089 est
1085 1059 1257 1090 criticorum
1275 1059 1423 1090 sententia
1441 1070 1447 1091 :
1474 1059 1620 1090 Batonius
1644 1065 1674 1091 et
1688 1060 1849 1091 Bollandus

201 1105 414 1138 Proﬁciscente
430 1108 513 1144 patre
528 1104 649 1144 scripsit
662 1103 822 1144 Gregorius
844 1105 887 1143 (c)
901 1105 937 1135 ad
951 1105 981 1136 S.
1025 1111 1104 1134 anno
1120 1104 1179 1135 369
1195 1104 1363 1134 ordinatum
1374 1104 1464 1135 fuisse
1473 1104 1669 1140 contendunt;
1684 1114 1761 1135 anno
1777 1105 1846 1142 370,

157 1149 330 1186 Eusebium,
344 1151 428 1188 cujus
452 1149 547 1179 zelum
564 1152 593 1179 et
608 1148 734 1180 sudores
754 1149 855 1180 laudat
869 1153 899 1180 et
914 1158 981 1189 gra-
1026 1147 1163 1178 Petavius
1175 1152 1204 1178 et
1218 1147 1437 1179 Tillemontius.
1454 1149 1534 1180 Nihil
1548 1158 1650 1179 moror
1661 1149 1782 1189 Pagium
1798 1150 1849 1190 qui

157 1200 217 1226 tam
235 1197 294 1227 Deo
308 1195 496 1230 libertatem;
523 1193 611 1233 eique
628 1197 783 1234 acceptum
800 1194 982 1234 refertquod
1026 1191 1243 1223 ordinationem
1260 1192 1359 1223 diﬂ'ert
1375 1203 1470 1233 usque
1498 1193 1534 1224 ad
1557 1203 1669 1225 annum
1685 1194 1738 1226 371
1762 1204 1769 1232 ;
1785 1194 1848 1225 haec

157 1240 249 1280 patris
264 1243 403 1270 senectus
418 1244 558 1269 renovata
583 1237 673 1269 fuerit
689 1248 696 1267 :
715 1238 794 1268 unde
810 1238 898 1269 etiam
917 1247 980 1269 rem
1026 1237 1106 1268 enim
1124 1238 1223 1277 opinio
1239 1242 1318 1268 stare
1343 1248 1401 1269 non
1427 1242 1533 1278 potest.
1560 1238 1602 1269 Ex
1617 1238 1734 1270 duabus
1747 1243 1846 1270 autem

155 1294 191 1316 ex
206 1283 354 1316 sententia
376 1291 581 1313 successuram
608 1286 708 1322 sperat
725 1291 732 1313 :
764 1282 880 1313 veniam
899 1283 979 1323 petit,
1026 1282 1092 1313 aliis
1106 1282 1263 1313 sententiis
1278 1282 1366 1322 longe
1383 1283 1483 1324 potior
1494 1282 1612 1314 videtur
1628 1292 1662 1314 ea
1687 1293 1775 1323 quam
1791 1283 1847 1314 de-

157 1330 240 1370 quod
254 1339 312 1360 non
329 1327 511 1359 accurratad
529 1327 597 1367 ejus
609 1327 796 1367 complexum
807 1327 915 1366 linguis
926 1327 983 1358 im-
1025 1327 1120 1359 fendit
1134 1327 1352 1358 Tillemontius.

152 1374 313 1414 proborum
325 1373 447 1409 cedens;
458 1372 510 1402 sed
525 1371 611 1412 paulo
625 1377 689 1412 post
698 1376 855 1403 venturum
872 1381 906 1403 se
919 1381 984 1412 pro-
1067 1372 1097 1403 i“
1110 1372 1224 1404 Pendet
1239 1372 1434 1403 ordinationis
1449 1381 1545 1404 annus
1574 1381 1609 1403 ex
1626 1373 1731 1404 mortis
1756 1382 1845 1404 anno.

156 1419 257 1455 tmttit,
275 1417 355 1456 quod
373 1422 471 1448 tamen
489 1415 650 1456 perfecisse
666 1425 724 1447 non
749 1416 876 1448 videtur.
905 1416 984 1448 Vicit
1024 1417 1145 1448 Constat
1161 1417 1240 1448 enim
1270 1417 1410 1448 Basilium
1442 1417 1593 1458 pmfuisse
1609 1417 1649 1458 (f)
1662 1422 1728 1449 octo
1753 1427 1848 1449 annos

154 1463 274 1494 abunde
289 1462 416 1502 Spiritus
432 1465 553 1493 sanctus
570 1469 622 1500 per
637 1460 799 1493 Eusebium
824 1466 853 1492 et
868 1462 979 1501 Grego-
1024 1462 1166 1493 Ecclesiae
1179 1462 1356 1493 Casariensi
1370 1467 1400 1493 et
1420 1463 1460 1502 (ῃ)
1476 1472 1588 1493 nonum
1603 1463 1764 1503 incepisse.
1782 1463 1847 1494 Non

154 1507 301 1546 rium,qui
312 1517 378 1537 cum
393 1506 542 1542 vehiculo,
559 1509 699 1545 tanquam
713 1506 980 1546 mortuusieretro,
1026 1507 1123 1537 minus
1138 1511 1250 1537 certum
1278 1511 1308 1537 et
1336 1507 1520 1547 exploratum
1550 1509 1597 1539 est
1624 1507 1705 1547 quod
1722 1511 1849 1538 testatur

156 1553 315 1592 impositus
338 1552 452 1590 futsset,
470 1560 505 1581 ex
522 1550 623 1581 labore
640 1550 715 1581 vires
738 1550 846 1588 traxit;
864 1557 894 1580 et
914 1560 1012 1592 cum”
1025 1551 1186 1590 Gregorius
1203 1550 1352 1590 Nyssenus
1378 1551 1431 1590 (ἡ),
1460 1561 1565 1583 novem
1581 1556 1631 1582 aut
1654 1551 1759 1582 decem
1785 1555 1849 1591 post

156 1606 221 1627 rem
237 1597 355 1636 egregie
372 1595 621 1635 administrasset,
643 1604 679 1625 ac
699 1594 881 1635 dimicasset,
899 1595 981 1626 Basi-
992 1594 1012 1607 “'
1027 1595 1123 1625 Basilii
1141 1600 1265 1626 mortem
1280 1596 1610 1633 mensibus,concilium
1620 1596 1787 1628 Antiochiae
1798 1598 1849 1627 ha-

156 1642 291 1682 liutnque
315 1643 342 1672 in
366 1641 472 1670 throno
498 1639 686 1679 collocasset,
712 1640 815 1670 firmus
829 1649 864 1671 ac
883 1640 982 1671 valens
1024 1640 1116 1671 bitum
1130 1640 1232 1677 fuisse,
1247 1640 1349 1671 sedata
1364 1643 1585 1681 persecutione.
1596 1641 1692 1677 Quare
1709 1650 1774 1672 cum
1793 1642 1847 1671 Ba-

156 1687 278 1717 domum
295 1686 396 1725 rediit,
414 1686 516 1715 oculos
537 1689 654 1715 erectos
679 1684 791 1715 habens
808 1694 825 1715 a
841 1694 980 1716 manuum
1023 1684 1107 1715 silius
1119 1685 1226 1715 obierit
1239 1685 1377 1716 Calendis
1403 1686 1548 1726 Januarii,
1564 1686 1594 1717 id
1605 1686 1686 1726 quod
1699 1695 1715 1716 a
1727 1686 1848 1717 nemine

154 1731 349 1769 impositione
362 1734 389 1760 et
405 1729 556 1765 unctione,
573 1734 661 1769 atque
682 1729 769 1760 etiam
785 1729 821 1760 ab
838 1729 917 1760 illius
929 1730 980 1770 qui
1022 1734 1194 1769 negatur,ac
1206 1730 1333 1770 proinde
1345 1730 1400 1761 hoc
1408 1730 1662 1770 concilium,quod
1677 1739 1779 1760 novem
1796 1735 1848 1760 aut

152 1775 320 1815 ungebatur
335 1775 432 1815 capite
448 1774 617 1805 roboratus.

197 1820 248 1852 lli.
265 1820 432 1852 lnvidorum
450 1818 552 1850 Basilii
570 1818 678 1848 mirum
705 1822 734 1849 in
762 1820 881 1851 modum
898 1821 982 1851 furor

156 1866 276 1905 exarsit,
295 1865 344 1896 ubi
356 1869 479 1895 conatus
495 1872 566 1894 suos
580 1864 609 1893 in
636 1868 754 1894 ventum
773 1865 883 1896 eﬂ'usos
899 1866 982 1896 vide-

155 1914 226 1941 runt
243 1920 249 1940 :
269 1910 432 1950 plagarum,
445 1917 520 1949 quas
532 1907 589 1938 sibi
605 1908 660 1938 hac
675 1908 822 1941 electione
838 1910 982 1941 videban-

154 1960 203 1985 tur
212 1955 374 1995 accepisse,
381 1953 573 1993 ignominiam
585 1953 665 1983 ferre
672 1963 730 1984 non
741 1958 910 1994 potuerunt.
924 1955 982 1986 [ta-

156 2009 215 2039 que
225 2009 283 2030 non
296 1999 391 2030 solum
408 1998 550 2028 conviciis
564 1997 739 2037 Gregorium
765 1999 939 2040 episcopum
955 2004 983 2031 et

155 2044 321 2075 maledictis
331 2043 579 2079 vcxaverunt,sed
592 2042 680 2073 etiam
693 2042 877 2075 ordinationi
886 2045 981 2075 inter-

152 2099 232 2129 esse,
247 2094 276 2119 et
291 2098 357 2119 cum
379 2087 487 2118 Basilio
503 2087 728 2118 communicare
751 2088 922 2122 noluerunt.
940 2091 981 2121 De

149 2134 236 2164 factis
248 2133 323 2172 patri
339 2132 484 2163 conviciis
497 2141 556 2161 non
572 2131 641 2161 silet
655 2131 817 2171 Gregorius
831 2134 887 2173 (ιι),
903 2134 980 2165 alte-

150 2188 217 2209 rum
230 2183 328 2208 autem
340 2177 454 2207 facinus
466 2176 677 2216 praetermittit.
688 2177 746 2207 Sed
761 2177 834 2208 illud
848 2188 907 2209 non
924 2179 979 2210 ob-

149 2232 238 2254 scure
256 2221 456 2262 perspicimus
471 2230 504 2250 ex
515 2221 605 2261 ep.48
615 2220 650 2250 ad
660 2220 822 2252 Eusebium
838 2222 978 2254 Samosa-

1022 1775 1126 1805 decem
1135 1775 1287 1805 mensibus
1294 1779 1359 1814 post
1367 1775 1431 1815 ejus
1439 1779 1566 1806 mortem
1574 1775 1707 1806 habitum
1724 1780 1847 1811 est,non
1868 1790 1870 1793 τ

1025 1821 1154 1860 potuerit
1167 1820 1224 1850 nisi
1248 1820 1417 1860 Septembri
1442 1824 1492 1850 aut
1506 1819 1625 1852 Octobri
1642 1829 1745 1850 mense
1764 1824 1847 1850 cele-

1024 1863 1121 1898 brari;
1142 1869 1171 1894 nt
1183 1865 1220 1894 de
1236 1864 1377 1901 concilio,
1392 1864 1433 1895 ita
1447 1865 1485 1895 de
1496 1865 1596 1895 Basilii
1612 1864 1801 1895 ordinatione
1819 1872 1846 1894 et

1026 1913 1120 1939 morte
1129 1909 1338 1940 statuemus.Si
1349 1909 1510 1940 concilium
1520 1909 1686 1940 referamus
1694 1909 1729 1940 ad
1736 1918 1847 1939 annum

1026 1953 1188 1993 378,paulu
1203 1958 1268 1994 post
1282 1958 1406 1984 mortem
1425 1953 1555 1985 Valentis
1570 1956 1620 1993 qui
1634 1954 1682 1985 die
1696 1954 1714 1984 9
1726 1954 1849 1993 Augusti

1025 1999 1125 2038 periit;
1138 2008 1217 2029 mo-s
1229 1999 1331 2029 Basilii
1344 1999 1381 2029 ad
1397 1999 1468 2029 anni
1484 1999 1543 2030 378
1558 2000 1688 2038 initium,
1700 1998 1849 2030 ordinatio

1024 2043 1060 2073 ad
1076 2053 1186 2073 annum
1209 2044 1267 2075 369
1283 2044 1450 2075 referenda.
1468 2043 1499 2075 Si
1514 2044 1674 2075 concilium
1696 2044 1850 2074 differatur

1024 2087 1059 2118 ad
1076 2097 1187 2118 annum
1206 2087 1275 2124 379,
1301 2089 1453 2120 ordinatio
1479 2093 1506 2119 et
1523 2098 1604 2119 mors
1620 2088 1721 2119 Basilii
1740 2088 1850 2126 pariter

1023 2142 1082 2163 uno
1092 2142 1171 2163 anno
1183 2133 1565 2170 serinscollocandaaﬂuod
1577 2137 1689 2173 spectat
1699 2133 1735 2163 ad
1745 2132 1848 2164 conci-

1023 2177 1110 2212 lium,
1123 2177 1245 2216 egregie
1262 2177 1366 2217 probat
1386 2177 1594 2208 Tillemontius
1618 2177 1775 2216 episcopos
1792 2177 1849 2208 t46

1022 2223 1158 2263 (totidem
1182 2222 1262 2252 enim
1280 2223 1350 2253 huic
1375 2223 1504 2253 concilio
1519 2222 1690 2253 interfuisse
1719 2226 1797 2261 patet
1813 2230 1847 2252 ex

155 2272 257 2298 lennm
271 2266 322 2297 ubi
334 2266 462 2298 Basilius
472 2266 513 2296 sic
522 2265 655 2304 loquitur
669 2274 676 2296 :
703 2265 806 2298 Nostri
820 2272 919 2299 autem
930 2278 981 2308 spe
992 2262 1012 2287 ι)
1025 2262 1203 2298 collectione
1214 2267 1369 2305 Holstenii)
1381 2276 1440 2298 non
1455 2267 1586 2306 potuisse
1595 2266 1672 2297 intra
1684 2266 1757 2297 duos
1766 2275 1849 2297 men-

154 2317 182 2343 ει
190 2312 414 2352 exspectatione
426 2319 487 2341 non
498 2311 642 2341 ematitere
653 2310 803 2342 meliores.
822 2312 984 2348 Noncum
1025 2320 1075 2342 ses
1090 2321 1124 2342 ex
1137 2311 1225 2342 variis
1241 2311 1357 2342 exsiliis
1387 2311 1574 2343 Antiochiam
1591 2310 1762 2347 convenire,
1780 2320 1847 2341 cum

154 2358 258 2388 statim
267 2360 330 2395 post
343 2363 493 2395 egressum
502 2357 587 2385 tuum
597 2354 904 2394 advenissentmutta
918 2359 984 2398 qui-
1025 2357 1190 2395 praisertim
1208 2365 1325 2387 summa
1339 2360 1417 2387 esset
1432 2364 1533 2387 rerum
1552 2356 1581 2386 in
1594 2356 1727 2389 Oriente,
1741 2356 1847 2386 tristis-

152 2402 223 2432 dem
234 2401 337 2432 m‘stiu
348 2400 466 2436 dicere,
481 2399 577 2429 multa
588 2400 680 2429 etiam
688 2399 799 2438 fecere,
813 2410 848 2432 ac
859 2403 982 2433 tandem
1025 2400 1099 2430 sima
1111 2400 1193 2431 clade
1205 2400 1688 2441 accepta,perturbatio.Praeterea
1700 2400 1731 2432 in
1743 2400 1847 2431 eadem

153 2445 490 2484 disces.vemnt,ﬁrmato
501 2443 584 2474 nobis
594 2443 809 2476 schismate.Ex
824 2449 984 2486 postremis
1025 2444 1203 2476 collectione
1219 2446 1252 2486 (ἰ)
1269 2446 1413 2477 habemus
1438 2446 1596 2477 nonnullas
1612 2445 1849 2484 subscriptiones

156 2490 318 2521 testimonii
335 2489 433 2519 verbis
444 2488 611 2528 colligimus
621 2488 870 2530 episcopos,dum
885 2490 981 2522 Casa-
1025 2490 1247 2531 episcoporum,
1267 2490 1345 2522 inter
1369 2500 1441 2531 quas
1471 2491 1580 2530 legitur
1604 2500 1714 2521 nomen
1731 2488 1849 2528 Eulogii

151 2544 234 2566 ream
252 2539 316 2574 post
329 2543 480 2573 egressum
494 2531 886 2574 Eusebiiveniunt,minime
896 2545 981 2566 com-
1025 2533 1222 2565 Edesscni.At
1233 2535 1258 2565 is
1271 2535 1370 2566 adhuc
1387 2535 1543 2576 presbyter
1556 2535 1720 2567 Antinoum
1736 2534 1850 2573 relega-

152 2579 326 2610 municasse
342 2587 408 2608 cum
426 2578 546 2613 Basilio;
560 2586 615 2608 nec
632 2582 692 2608 tum
711 2579 838 2618 primum
851 2580 982 2612 schisma
1025 2582 1071 2609 tus
1082 2579 1136 2609 sub
1153 2579 1381 2617 Valente,rediit
1393 2580 1535 2612 Edessam
1546 2589 1618 2620 pace
1627 2579 1755 2619 reddita,
1772 2581 1848 2610 teste

191 2659 235 2699 ta)
249 2657 318 2689 Naz.
339 2667 385 2690 or.
398 2657 448 2699 ω.

206 2697 233 2735 b)
250 2699 310 2731 Na:
340 2707 386 2729 or.
407 2698 454 2735 19,
473 2697 523 2729 20.

203 2740 238 2810 id
250 2739 390 2810 3:113“
407 2737 458 2769 ῃ

228 2779 307 2818 )Οι·.
321 2778 373 2810 19.

202 2819 230 2860 e)
248 2818 295 2851 Ad
312 2827 364 2851 an.
382 2818 452 2852 3'10.

1065 2659 1100 2699 lf)
1115 2659 1183 2691 Naz.
1197 2669 1289 2691 carm.
1307 2660 1358 2692 65.

1064 2702 1101 2740 (9‘)
1121 2701 1207 2740 Nyss.
1224 2700 1282 2731 Vit.
1301 2699 1398 2732 Macr.

1062 2739 1106 2778 (In
1122 2739 1198 2770 Ibid.

1064 2780 1096 2820 ti)
1115 2779 1239 2818 Tom.l,
1256 2789 1323 2822 pag.
1342 2780 1411 2814 1'16.
