2024 3142
867 145 1158 180 PROLEGOMENA.

184 212 374 246 Theodoreto
390 215 576 255 (a),etBarse
588 214 876 246 mortuoEcclesiam
886 214 1013 246 Edesse-
1023 218 1042 243 Α
1055 215 1198 256 interfuit;
1215 225 1282 247 nam
1299 215 1459 256 Gregorius
1474 213 1675 245 Nazianzenus
1690 213 1725 252 (f)
1739 211 1876 244 morbum

186 267 256 289 nam
275 260 417 300 suscepit,
431 269 465 291 ac
477 260 632 291 ordinatus
647 270 663 291 a
679 259 710 291 S.
723 259 852 291 Eusebio
867 258 1009 290 Samosa-
1051 269 1138 290 suum
1155 265 1286 298 excusat,
1302 270 1356 292 cur
1371 269 1429 291 una
1453 269 1521 290 cum
1538 269 1574 290 eo
1599 259 1680 298 justa
1705 258 1877 298 persolvere

186 302 263 333 tonsi
273 302 364 334 fuisse
374 303 537 335 ferebatur.
552 303 605 335 His
617 304 694 335 adde
709 304 837 335 reditum
854 304 1009 334 confesso—
1052 305 1160 336 Basilio
1176 315 1234 336 non
1253 305 1357 346 possit.
1374 304 1482 336 Sedata
1510 312 1580 343 ergo
1606 308 1668 334 erat
1692 303 1876 343 persecutio,

185 355 251 376 rum
267 355 284 377 a
301 347 449 388 plerisque
462 348 615 379 historicis
634 348 774 379 Gratiano
790 353 946 388 acceptum
958 356 1009 378 re-
1051 349 1161 389 alioqui
1176 359 1233 380 non
1248 359 1340 380 ausus
1365 354 1444 380 esset
1465 348 1626 388 Gregorius
1640 349 1795 386 Nyssenus
1811 357 1876 378 ma-

186 390 466 424 ferriRevocatosa
476 392 602 424 Valente
613 392 716 424 dicunt
727 392 854 424 Ruﬁnus
867 397 896 424 et
907 392 1010 423 Hiero-
1052 403 1117 431 guae
1131 394 1247 425 civitati
1262 394 1373 424 vultum
1389 403 1476 424 suum
1493 393 1673 430 ostendere;
1700 400 1734 424 ac
1752 391 1878 431 proinde

186 436 376 475 nymus.Sed,
391 437 417 468 si
427 437 456 467 id
469 437 617 468 concessit
636 436 757 474 Valens,
771 437 932 477 perpaucis
943 440 1010 468 ante
1053 437 1170 469 Valenti
1182 439 1329 478 superfuit
1344 438 1482 469 Basilius.

189 487 314 512 mortem
331 481 483 513 mensibus
496 483 715 519 concessit,nec
727 482 852 522 proinde
865 481 937 512 satis
946 490 1011 521 spa-
1092 483 1185 514 Sumit
1195 485 1284 515 etiam
1303 483 1511 514 Tillemontius
1524 483 1692 522 argumenti
1704 482 1783 522 loco,
1798 482 1877 522 quod

190 526 222 556 lii
236 525 302 563 fuit,
315 526 512 558 utconcilium
523 536 557 557 ex
568 531 608 557 tot
618 526 692 557 locis
704 536 763 557 uno
773 531 823 557 aut
835 527 928 557 altero
946 530 1011 566 post
1051 528 1093 558 ait
1106 527 1267 567 Gregorius
1289 529 1333 568 (g)
1350 537 1382 559 se
1405 527 1693 567 ConstantinOpolim
1712 527 1876 567 profectum

187 570 282 610 ipsius
297 575 424 602 mortem
441 580 543 602 mense
555 575 724 611 cogeretur.
1051 581 1129 609 esse,
1146 582 1207 604 non
1217 573 1420 612 praterfortis
1429 572 1514 603 illius
1521 572 1660 603 ver-italis
1668 576 1876 611 propugnato-

228 614 262 646 20
277 615 376 646 Multae
390 624 439 646 res
454 619 543 655 gestae
555 615 795 655 Basilii,quarnm
807 616 915 646 seriem
927 615 1010 645 dein-
1051 617 1226 657 ris,quique
1237 618 1315 648 nihil
1327 626 1459 657 unquam
1471 616 1629 648 uliudm‘si
1639 617 1722 656 piam
1738 621 1767 647 et
1788 616 1877 647 salu-

187 668 258 699 ceps
273 663 420 697 texemus,
451 660 589 700 inprimis
615 660 795 700 persecutio,
823 669 913 699 quam
929 669 1007 690 anno
1051 665 1145 692 tarem
1157 661 1224 692 orbi
1235 663 1379 693 universo
1390 662 1563 692 doctrinam
1572 662 1714 701 spiravit,
1734 660 1875 692 volunta-

187 703 240 735 3'1-l
262 709 293 734 et
305 703 365 735 372
375 705 738 744 sustinuit,necessitatem
749 704 1008 735 aﬂ‘eruntordina-
1050 710 1108 736 lem
1126 707 1281 746 animique
1304 707 1500 738 sententiam.
1519 705 1656 742 Quamvis
1674 706 1731 736 huc
1754 705 1876 736 accedat

186 748 275 779 tionis
290 748 321 779 in
337 758 449 779 annum
465 749 526 780 370
545 749 745 780 conferendae.
774 748 911 780 Nondum
927 749 1006 779 enim
1050 748 1243 790 Theophanis
1258 750 1431 790 auctoritas,
1450 759 1554 780 vereor
1579 754 1675 779 tamen
1688 754 1718 779 ut
1734 749 1806 780 satis
1822 750 1876 780 fir-

186 793 261 824 duos
271 794 459 833 episcopatus
482 803 577 825 annos
605 798 773 825 emeruerat
788 794 925 829 Basilius,
939 803 1006 824 cum
1052 803 1129 824 mum
1143 795 1183 825 sit
1199 794 1504 834 argumentum,quod
1517 803 1552 824 ex
1565 793 1700 833 Gregorii
1714 793 1813 824 verbis
1826 794 1877 825 de-

186 836 294 868 Valens
305 839 467 870 Caesaream
478 839 646 871 venit.Nam
658 839 808 878 insumpta
820 839 1008 878 episcopatus
1050 838 1131 869 ducit
1140 838 1428 870 Tillemontius.Non
1443 839 1520 869 enim
1532 848 1564 868 se
1577 838 1678 869 Basilii
1689 838 1812 869 consilio
1821 839 1876 869 hac

186 882 270 913 inifia
284 883 315 913 in
338 883 548 920 recolligendis
577 884 784 924 episcoporum
811 883 1007 923 Cappadociae
1019 902 1038 926 Β
1050 883 1078 912 in
1093 892 1126 914 re
1142 893 1226 914 usum
1244 893 1312 914 esse
1327 884 1397 914 dicit
1411 884 1584 922 Gregorius,
1603 883 1653 913 sed
1673 884 1875 922 conjecturam

187 927 316 958 animis:
334 928 411 969 quod
435 928 486 959 ubi
512 938 547 959 ex
570 928 718 959 sententia
748 928 889 963 confecit,
908 929 1006 959 statim
1048 927 1119 958 facit
1133 936 1170 959 ex
1186 937 1304 960 summo
1330 928 1410 959 illius
1423 927 1575 958 catholicae
1595 928 1737 958 doctrinas
1760 936 1874 967 amore,

187 981 344 1012 aggressus
373 977 417 1003 est
441 973 477 1003 ad
495 972 733 1013 pacificationem
751 974 962 1009 Ecclesrarum,
980 977 1007 1002 et
1049 981 1102 1002 cur
1118 973 1144 1003 ei
1175 982 1234 1003 non
1261 973 1468 1013 displicuerint
1494 972 1626 1011 suscepti
1641 972 1676 1003 ad
1693 972 1876 1002 liberandam

188 1022 249 1048 tum
280 1026 346 1048 cum
377 1017 510 1050 mitteret
538 1018 721 1049 Dorotheum
747 1019 776 1048 in
801 1017 1006 1054 Occidentem,
1049 1017 1336 1057 Constantinopolim
1355 1017 1484 1048 labores.

187 1062 407 1102 persecutionis
421 1067 518 1093 terror
527 1062 730 1094 denuntiatus.
1089 1060 1234 1101 Opinatus
1243 1067 1287 1093 est
1298 1062 1445 1093 Baronius
1454 1061 1592 1092 Basilium
1604 1061 1652 1092 die
1664 1061 1700 1093 t4
1708 1060 1790 1092 Junii
1799 1061 1878 1092 ordi-

228 1107 290 1139 Nec
316 1108 379 1138 leve
404 1112 610 1147 argumentum
626 1107 815 1138 Tillemontio
839 1107 1009 1148 suppeditat
1051 1110 1151 1136 natum
1168 1107 1270 1143 fuisse,
1284 1113 1315 1138 et
1330 1116 1397 1137 cum
1413 1107 1491 1137 inter
1507 1106 1587 1136 illius
1615 1105 1830 1136 ordinationem
1848 1111 1878 1136 et

189 1151 938 1192 ordinutioDemophiliConstantinopolitani,quam
954 1153 1008 1182 Ba-
1050 1150 1169 1182 Eusebii
1183 1151 1351 1183 decessoris
1365 1156 1492 1183 mortem
1512 1151 1624 1191 aliquid
1636 1150 1786 1182 efﬂuxerit
1798 1156 1875 1182 lem-

187 1197 272 1229 silius
286 1196 316 1227 in
349 1197 474 1237 epistola
490 1197 527 1237 (b)
545 1198 645 1238 paucis
674 1197 828 1228 mensibus
844 1202 910 1237 post
924 1206 1006 1228 suam
1051 1196 1274 1234 poris,mortem
1287 1197 1407 1228 Eusebii
1421 1196 1518 1237 rejicit
1528 1196 1559 1226 in
1574 1205 1686 1226 annum
1703 1195 1876 1236 praeceden-

187 1242 281 1283 ipsius
289 1242 505 1273 ordinationem
517 1243 627 1283 scripta
638 1242 755 1273 nuntiat
766 1242 937 1280 Ensebio,si
949 1242 1007 1272 mi-
1051 1241 1225 1276 tem.Sed.si
1235 1241 1360 1272 obiisset
1374 1240 1521 1272 Eusebius
1535 1249 1614 1271 anno
1625 1240 1815 1280 praecedenti,
1828 1241 1877 1271 vix

189 1296 244 1318 nus
255 1286 850 1327 utrecentissimam,saltem,utnondum
861 1288 1008 1326 cognitam
1051 1285 1145 1316 Serius
1174 1286 1342 1326 Septembri
1371 1285 1515 1321 obiisset;
1546 1285 1693 1323 siquidem
1716 1284 1877 1324 Gregorius

187 1332 218 1362 in
231 1331 429 1372 Cappadocia,
455 1341 522 1362 cum
549 1331 698 1363 Eusebius
724 1332 754 1362 in
774 1331 888 1371 Syriam
908 1331 1007 1363 rediit.
1050 1328 1253 1362 Nazianzenus
1264 1331 1425 1362 Eusebium
1450 1330 1822 1362 Samosatenseminvitans
1839 1329 1876 1360 ad

190 1377 289 1413 Quare
298 1376 776 1416 utriusqueordinationis,Basilii
788 1380 819 1407 et
828 1376 1008 1416 Demophili,
1051 1375 1240 1415 electionem,
1258 1376 1394 1406 hortatur
1413 1380 1443 1406 ut
1460 1375 1569 1406 hiemis
1584 1375 1773 1405 incommoda
1788 1380 1876 1405 ante—

190 1420 272 1452 idem
285 1419 348 1451 fere
364 1425 479 1460 tempus
491 1420 720 1451 videturfuisse.
739 1421 831 1452 Porro
844 1421 1008 1460 Demophili
1051 1425 1154 1450 vertat.
1186 1422 1222 1450 At
1251 1419 1374 1450 nimium
1400 1425 1479 1451 esset
1506 1419 1694 1450 intervallum
1725 1429 1741 1450 a
1773 1429 1875 1450 mense

190 1464 411 1496 ordinationem
428 1467 580 1504 pertinere
590 1465 627 1495 ad
639 1474 750 1496 annum
765 1465 908 1505 370,inde
919 1469 1009 1506 patet,
1053 1464 1223 1504 Septembri
1231 1473 1325 1505 usque
1334 1464 1370 1495 ad
1383 1465 1462 1495 diem
1486 1464 1522 1495 14
1533 1464 1622 1495 Junii.
1639 1464 1749 1494 Eadem
1762 1465 1877 1495 ratione

192 1510 272 1551 quod
287 1509 441 1541 Eudoxins
455 1510 521 1550 ejus
532 1511 674 1542 decessor
689 1514 737 1550 (ε),
754 1510 804 1551 qui
821 1510 896 1541 hanc
906 1510 1009 1541 sedem
1055 1509 1195 1549 probatur
1209 1509 1430 1541 ordinationem
1456 1509 1504 1540 die
1530 1510 1566 1539 14
1590 1508 1671 1540 Junii
1695 1510 1800 1539 factam
1818 1519 1876 1540 nou

191 1555 341 1586 invaserat
363 1563 442 1586 anno
468 1554 538 1592 360,
570 1555 708 1587 undecim
725 1555 812 1587 annis
828 1555 1010 1595 impietatem
1053 1553 1154 1584 fuisse.
1173 1554 1327 1590 Quomodo
1337 1554 1417 1585 enim
1431 1563 1488 1584 uno
1499 1553 1604 1584 saltem
1621 1563 1723 1584 mense
1735 1558 1803 1584 ante
1820 1555 1877 1584 hoc

186 144 268 179 Lvm‘

191 1608 273 1630 suam
285 1599 469 1636 exercuit,ac
484 1599 695 1632 Valentiniano
710 1600 829 1631 tertium
843 1604 872 1630 et
889 1600 1042 1631 Valentec
1055 1603 1171 1638 tempus
1197 1599 1304 1629 hiemis
1319 1599 1509 1629 incommoda
1525 1598 1679 1629 metuisset
1694 1598 1879 1638 Gregorius?

190 1646 310 1676 tertium
326 1643 500 1675 consulibus
517 1643 602 1676 obiit.

231 1687 284 1720 His
294 1688 444 1719 rationum
457 1689 615 1720 momentis
626 1689 773 1720 nonnulla
787 1688 845 1720 alia
854 1688 936 1720 addit
945 1688 1009 1720 Til-

190 1733 362 1765 lemontius.
375 1733 481 1765 Narrat
489 1734 690 1775 Hieronymus
701 1735 731 1765 in
742 1735 818 1766 libro
832 1735 871 1765 De
879 1736 1009 1775 scripto-

191 1777 275 1809 ribus
286 1778 498 1810 ecclesiasticis
505 1778 647 1810 Basiliam
661 1779 771 1810 abiisse
782 1779 837 1810 sub
847 1780 988 1811 Gratiano
1002 1788 1009 1810 :

193 1822 271 1864 quod
287 1821 407 1863 quidem
435 1822 560 1863 intelligi
588 1833 648 1854 non
664 1827 772 1864 potest,
790 1824 846 1854 nisi
863 1824 900 1855 de
917 1824 1011 1855 inter-

192 1868 271 1908 jecto
287 1867 367 1898 inter
381 1867 514 1899 Valentis
531 1872 656 1899 mortem
677 1873 706 1899 et
715 1868 875 1899 Theodosii
886 1869 1011 1900 electio-

191 1921 260 1944 nem
275 1917 421 1953 tempore.

233 1956 331 1997 Objici
345 1961 444 1997 posset
459 1959 538 1996 quod
552 1957 591 1988 ait
605 1957 636 1988 in
651 1957 758 1989 eodem
775 1957 853 1988 libro
865 1958 1011 1999 Hierony-

192 2012 258 2034 mus
270 2007 406 2033 sanctum
419 2001 549 2042 Ephrem
561 2001 616 2032 sub
632 2001 756 2034 Valente
767 2007 917 2034 mortuum
934 2013 1011 2035 esse.

192 2047 277 2085 Nam,
291 2056 358 2078 cum
369 2046 703 2087 exstetsanctiEphrem
719 2056 780 2078 orat
788 2048 816 2078 io
828 2047 866 2078 de
879 2047 1015 2078 laudibus

192 2090 403 2131 Basilii.ipsius
414 2090 501 2122 etiam
517 2091 617 2122 Basilii
633 2100 714 2122 mors
727 2091 783 2122 sub
796 2091 902 2122 eodem
915 2092 1014 2131 impe-

192 2140 291 2168 ratore
305 2145 340 2167 ac
356 2135 482 2176 proinde
492 2135 529 2166 ad
543 2135 664 2167 initium
686 2136 757 2167 anni
774 2136 833 2168 378
845 2141 924 2166 esset
935 2136 1015 2167 refe-

193 2180 361 2213 renda.Sed
377 2181 408 2212 in
422 2181 476 2212 hac
491 2181 624 2212 oratione
633 2184 714 2212 tanta
728 2185 772 2212 est
787 2180 819 2212 S.
832 2180 962 2221 Ephrem
979 2181 1016 2211 de

193 2226 471 2267 Valenteloquendi
482 2226 650 2263 libertas.ut
665 2235 733 2258 eum
746 2226 814 2257 huic
831 2226 1017 2266 superfuisse

193 2271 368 2311 imperatori
378 2272 482 2302 merito
495 2271 644 2302 existimet
655 2269 1019 2302 Tillemontius.Testatur

193 2315 400 2346 Theodoretus
426 2315 470 2356 (d)
488 2315 672 2347 Arinthaeum
699 2315 875 2346 interfuisse
891 2315 937 2346 his
954 2324 1019 2355 quae

193 2359 340 2400 Trajanus
355 2359 510 2391 liberrime
521 2360 594 2392 dixit
609 2360 811 2396 Valenti,cum
828 2360 853 2390 is
868 2360 1017 2390 Constan—

193 2405 320 2445 tinopoli
332 2408 503 2436 versaretur
514 2414 592 2436 anno
608 2405 680 2436 3'18.
699 2404 782 2436 Tunc
797 2413 868 2442 ergo
888 2404 1019 2435 nondum

195 2449 309 2481 obierat
319 2449 448 2480 Basilius
465 2450 516 2490 (e),
535 2450 585 2489 qui
611 2449 719 2480 mortui
735 2448 881 2480 Arinthaai
896 2457 1018 2479 uxorem

194 2494 300 2526 litteris
314 2494 376 2525 suis
387 2494 558 2526 consolatus
574 2498 632 2526 est.

233 2540 267 2572 In
275 2538 452 2580 Gregorium
458 2539 623 2580 Nyssenum
633 2539 784 2580 praecipue
796 2537 907 2570 exarsit
918 2547 1019 2578 perse-

193 2584 336 2626 cutio,qui
347 2593 364 2616 ο
376 2584 514 2616 manibus
524 2583 652 2615 militum
668 2582 936 2624 elapsus,latebras
948 2592 1018 2626 pere

193 2629 279 2670 sequi
290 2625 411 2661 coaetus
434 2633 491 2662 est.
519 2628 601 2660 Idem
629 2632 727 2660 tameu
752 2627 903 2669 exsequiis
921 2625 1018 2660 Basilii

246 2715 280 2754 a)
294 2714 375 2754 Hist.
391 2713 445 2746 lib.
461 2722 500 2753 Iv,
515 2723 543 2746 ο.
561 2714 608 2747 18.

245 2753 464 2866 ἕ
477 2803 519 2836 Iv,
535 2804 562 2828 c.
587 2794 634 2834 id;
657 2793 776 2826 Sozom.
796 2793 848 2825 lib.
866 2802 905 2834 v1,
923 2802 951 2826 c.
964 2793 1014 2825 t5.

269 2835 282 2866 δ
295 2832 363 2866 Lib.
377 2843 417 2866 1v.
433 2844 462 2866 α.
474 2835 526 2866 30.

269 2835 282 2877 )
295 2832 363 2869 Lib.
377 2843 417 2875 Iv,
433 2844 462 2869 ο.
474 2832 526 2869 30.

1054 1643 1195 1679 Quamvis
1202 1647 1299 1674 autem
1314 1643 1344 1674 in
1357 1643 1575 1683 Martyrologiis
1585 1641 1711 1674 Usuardi
1724 1647 1754 1674 et
1765 1643 1879 1675 Adonis

1053 1687 1117 1718 dies
1129 1687 1221 1718 festus
1230 1688 1333 1719 Basilii
1344 1689 1380 1718 ad
1391 1688 1472 1719 Junii
1489 1688 1638 1718 decimum
1650 1693 1786 1728 quartum
1798 1688 1878 1719 diem

1053 1738 1189 1772 ponatur;
1201 1742 1260 1763 non
1274 1737 1371 1764 tamen
1383 1742 1450 1763 eum
1461 1733 1519 1763 duo
1529 1733 1571 1763 illi
1583 1732 1746 1772 scriptores
1761 1733 1816 1764 hac
1828 1733 1878 1765 die

1054 1777 1220 1808 ordinatum
1237 1778 1349 1813 dicunt,
1376 1777 1522 1818 longeque
1547 1778 1729 1817 probabilius
1744 1779 1880 1809 esthunc

1054 1820 1132 1852 diem
1148 1822 1266 1862 festum,
1283 1823 1333 1863 qui
1346 1822 1484 1854 Calendis
1509 1821 1643 1854 Januarii
1657 1823 1804 1853 celebrari
1820 1832 1878 1854 non

1055 1867 1295 1906 poterat,idcirco
1306 1867 1336 1898 in
1347 1868 1467 1898 Junium
1478 1877 1610 1898 mensem
1619 1868 1763 1907 rejectum
1771 1868 1876 1900 fuisse.

1054 1910 1151 1947 Quare
1163 1912 1255 1943 multo
1270 1913 1456 1943 commodius
1472 1912 1635 1944 Eusebium
1650 1912 1729 1943 circa
1746 1922 1879 1944 mensem

1052 1955 1173 1986 Junium
1190 1956 1303 1988 obiisse
1328 1957 1477 1988 existimat
1499 1956 1718 1996 Tillemontius,
1735 1957 1878 1988 Basiliam

1054 2007 1153 2031 autem
1171 2010 1272 2032 mense
1288 2001 1457 2041 Septembri
1473 2002 1643 2032 ordinatum
1660 2001 1762 2032 fuisse.
1780 2006 1879 2041 Atque

1057 2045 1132 2076 haud
1144 2055 1207 2076 scio
1218 2055 1255 2076 an
1266 2046 1353 2077 etiam
1366 2046 1465 2086 aptius
1477 2046 1632 2077 diﬂ‘eratur
1643 2056 1734 2085 usque
1747 2048 1782 2077 ad
1801 2057 1885 2078 men-

1055 2099 1120 2120 sem
1137 2090 1295 2121 Octobrem
1327 2091 1486 2127 ordinatio,
1513 2091 1549 2121 ad
1575 2100 1661 2131 quam
1678 2091 1806 2122 invitans
1823 2093 1884 2124 Eu-

1057 2134 1171 2164 sebium
1197 2136 1360 2173 Gregorius
1382 2135 1546 2172 metuebat,
1565 2146 1601 2166 ne
1628 2136 1671 2166 illi
1698 2136 1885 2169 incommoda

1030 2203 1050 2227 υ
1061 2179 1503 2214 hiemissubeundaessentmisi
1513 2186 1627 2211 mature
1635 2181 1885 2221 proficisceretur.

1060 2224 1146 2254 Aliud
1162 2233 1257 2255 causae
1268 2233 1334 2255 esse
1346 2234 1404 2256 non
1421 2230 1491 2265 puto
1503 2235 1556 2256 cur
1572 2226 1733 2265 Gregorius
1760 2226 1886 2258 Nazian-

1059 2277 1151 2299 zenus
1159 2274 1225 2300 octo
1239 2273 1350 2300 tantum
1362 2278 1457 2300 annos
1469 2270 1568 2301 Basilii
1580 2270 1766 2311 episcopatus
1778 2280 1887 2303 nume-

1060 2318 1116 2353 ret,
1133 2313 1190 2344 nisi
1206 2314 1287 2355 quia,
1299 2323 1367 2345 cum
1384 2324 1450 2346 sero
1460 2314 1613 2346 ordinatus
1623 2315 1711 2345 fuerit
1721 2325 1799 2346 anno
1816 2317 1886 2353 370,

1062 2367 1223 2397 paucorum
1241 2358 1390 2390 mensium
1406 2359 1507 2390 habita
1535 2359 1611 2389 ratio
1641 2370 1698 2389 non
1722 2360 1786 2390 fuit.
1814 2359 1889 2392 Hinc

1063 2403 1148 2433 etiam
1156 2401 1293 2442 Basilius,
1307 2405 1442 2444 quamvis
1455 2405 1554 2436 multa:
1561 2413 1724 2444 gravesque
1731 2407 1888 2436 subessent

1062 2455 1158 2478 causae
1168 2447 1301 2479 Eusebio
1319 2455 1385 2489 post
1400 2449 1618 2480 ordinationem
1635 2449 1800 2489 scribendi,
1820 2459 1886 2480 sero

1062 2496 1160 2522 tamen
1173 2492 1203 2523 id
1216 2493 1297 2533 fecit,
1325 2504 1359 2525 eo
1382 2494 1460 2535 quod
1483 2494 1673 2534 Cappadoces
1686 2493 1722 2524 ad
1739 2494 1885 2534 ejusmodi

1062 2537 1169 2568 itinera
1195 2538 1292 2569 hieme
1317 2538 1473 2570 subeunda
1499 2539 1645 2569 tardiores
1661 2543 1771 2570 essent.
1789 2539 1885 2579 Objici

1062 2587 1163 2622 posset
1175 2583 1342 2615 Eudoxium
1349 2584 1429 2614 circa
1439 2593 1570 2614 mensem
1578 2584 1683 2614 Maium
1691 2584 1800 2614 obiisse
1809 2593 1886 2615 anno

1063 2627 1131 2668 370,
1150 2637 1205 2658 nec
1217 2633 1315 2660 tamen
1326 2629 1363 2659 de
1373 2627 1453 2660 illius
1462 2637 1636 2659 successore
1647 2628 1806 2669 quidquam
1817 2629 1887 2660 alla-

1097 2712 1137 2752 (θ)
1153 2712 1208 2753 sp.
1225 2712 1296 2745 269.

1096 2752 1286 2833 $13336:
1301 2752 1352 2785 37'
