2024 3142
743 146 835 178 VITA
858 147 888 178 S.
912 145 1059 178 BASILII.

1692 152 1766 179 ιιω

70 210 552 252 interprandendum.Postquam
558 215 664 243 autum
670 212 906 245 comedisset.de-
915 215 935 240 A
947 211 972 242 si
988 211 1162 250 Gregorium
1177 221 1263 244 suum
1279 211 1315 244 ad
1326 221 1358 244 se
1370 212 1512 253 potuisset
1519 212 1641 243 allicere
1652 213 1765 252 (e).Ne-

70 256 121 286 dit
126 256 158 287 et
163 257 262 295 frater
267 264 378 296 aquam
384 256 424 287 ad
431 256 609 288 lavandum.
617 256 690 288 Tum
698 258 905 290 dixitsanctus

70 301 225 332 Basilius:
235 300 320 341 Veni,
330 310 383 341 ego
395 310 514 342 quoque
522 302 599 333 dabo
612 303 668 334 tibi
675 312 786 344 aquam
795 304 905 335 obuen-

70 346 121 377 αις
136 349 222 376 mani
226 346 291 377 bus.
305 346 334 376 Is
343 355 413 377 vero
422 355 530 386 passus
541 351 585 378 est
595 347 656 379 sibi
665 349 771 388 abipso
780 348 905 388 infundi

69 399 186 431 aquam
192 392 228 422 .A
234 391 258 422 it
266 390 407 423 illi:Cum
414 393 568 431 ingressus
576 392 666 432 fuero
675 396 708 424 in
713 395 900 431 sacrarium,

68 436 229 473 accede,ut
240 440 269 467 te
273 435 389 475 faciam
397 436 571 468 diaconum.
577 437 643 475 Quo
648 439 822 478 peracto,in
830 448 902 478 pre-

67 481 226 521 sbyterum
237 482 332 512 etiam
339 482 497 513 ordinavit
509 492 517 522 ;
528 485 751 523 assumpsitque
761 493 862 515 secum
870 485 903 515 in

68 527 237 566 episcopio,
248 530 374 566 propter
381 527 572 566 singularem
580 529 677 567 ipsius
683 527 900 560 obedientiam.

112 569 180 601 Non
192 569 351 608 modici,ut
359 569 419 601 illis
430 571 626 610 temporibus,
637 576 722 603 erant
733 572 901 604 Caesarien-

69 614 114 646 sis
138 614 281 646 Ecclesia;
301 614 425 646 reditus.
444 614 503 647 Sed
519 615 646 647 Basilius
659 617 737 648 inter
752 617 805 648 has
829 626 902 658 opes

69 660 296 700 pauperrimus,
311 669 364 691 sua
380 660 480 692 omnia
494 670 660 701 pauperum
676 672 744 693 esse
760 662 899 694 ducebat.

69 704 122 736 Sic
136 705 218 736 illius
235 709 437 746 paupertatem
449 710 482 737 et
494 711 648 737 austeram
665 707 782 738 vivendi
806 717 900 747 genus

71 750 217 790 praedicat
231 750 396 789 Gregorius
406 750 450 791 (α)
457 774 465 788 ,
478 760 586 791 nempe
597 752 727 782 tunicam
735 762 835 790 unam,
842 753 901 793 pal-

68 794 143 825 lium
164 804 269 834 unum,
287 795 586 835 vigilias,obsoniam,
602 805 709 836 panem
718 797 900 835 etsalem,ut

69 840 134 870 haec
144 839 176 869 in
192 839 369 879 episcopatu
385 850 443 870 non
456 840 640 879 intermissa,
658 841 704 872 vel
716 842 821 872 saltem
840 852 899 873 non

947 265 994 287 mo
1010 265 1083 288 sane
1094 257 1332 298 dubitabat,quin
1343 257 1442 289 statim
1464 257 1624 297 Gregorius
1637 257 1674 288 ad
1687 258 1764 288 ami-

945 310 1011 332 cum
1028 301 1111 332 laetus
1125 307 1339 340 accurreret,et
1349 312 1415 334 cum
1430 312 1465 333 eo
1475 303 1618 333 honorem
1631 311 1665 333 ac
1678 307 1764 342 pote-

944 349 1048 377 statem
1061 347 1229 386 partiretur.
1247 348 1306 379 Sed
1322 347 1482 387 Gregorius
1493 347 1628 387 protinus
1642 346 1762 387 quidem

944 390 980 421 ad
993 390 1134 422 Basiliam
1151 392 1282 433 scripsit,
1299 395 1330 423 ut
1345 401 1430 423 suam
1447 401 1482 423 ex
1498 392 1562 431 ejus
1577 391 1766 423 ordinatione

944 435 1084 474 gaudium
1100 436 1281 476 signiﬁcaret
1297 447 1304 478 ;
1322 436 1542 468 atdesideriam
1553 436 1633 467 illius
1645 435 1764 467 ridendi

944 479 1089 520 cohibuit,
1107 486 1169 511 tum
1181 485 1212 511 ut
1226 481 1313 512 amici
1329 481 1413 512 fama
1424 481 1604 518 consuleret,
1618 490 1672 511 nec
1681 480 1764 522 quis-

945 533 1033 563 quam
1044 528 1224 556 obtrectator
1236 535 1303 556 eum
1312 526 1462 557 studiosos
1470 525 1517 556 sui
1528 525 1669 565 colligere
1680 525 1765 556 dicti-

944 571 1022 600 taret
1033 571 1129 608 (erant
1146 569 1226 601 enim
1240 570 1397 601 multorum
1414 570 1505 602 animi
1528 570 1625 601 adhuc
1640 570 1762 601 exulce-

943 614 1024 655 rati),
1042 621 1103 646 tum
1118 614 1206 646 etiam
1220 624 1257 646 ne
1273 624 1305 645 se
1320 615 1423 655 ipsein
1434 615 1575 646 invidiam
1590 619 1764 654 etarrogan-

944 658 991 690 tias
1006 659 1193 700 suspiciones
1205 661 1368 701 conjiceret
1379 660 1426 700 (Γ).
1450 660 1501 691 His
1517 659 1680 691 rationibus
1692 669 1762 699 per-

942 703 1071 735 suadere
1087 704 1199 735 Basilio
1216 709 1341 736 conatur
1366 714 1403 736 ne
1425 714 1457 735 se
1485 705 1582 735 statim
1608 709 1761 736 accersat:

942 758 1039 788 neque
1054 748 1133 780 enim
1151 757 1183 781 se
1196 759 1317 789 prorsus
1332 754 1499 785 venturum,
1524 749 1580 780 nisi
1599 759 1666 781 cum
1684 750 1765 780 Deus

937 793 1072 833 jusserit,
1086 798 1115 824 et
1126 793 1296 834 eorum,qui
1310 794 1417 825 Basilio
1433 793 1653 825 insidiabantur
1665 798 1694 824 et
1716 794 1761 824 in-

941 838 1092 876 videbant,
1109 839 1222 870 umbrae
1237 839 1451 879 praeterierint.

70 884 197 914 multum
209 884 379 923 demitigata
392 885 484 916 fuisse
496 885 664 917 videantur,
677 886 764 917 certe
774 886 899 917 Basilius
911 899 929 923 Β
980 883 1120 914 Nondum
1137 887 1229 914 victus
1238 884 1284 915 his
1293 884 1457 915 rationibus
1469 883 1761 921 Basilius,contemui

68 937 170 959 coram
182 928 319 968 praefecto
331 928 450 960 dicebat
459 929 534 960 nihil
548 931 732 969 prorsussibi
744 940 900 972 esse,prae-

70 977 116 1003 ter
128 973 250 1004 laceros
263 979 290 1004 et
303 974 428 1004 detritos
439 979 599 1014 pannos,et
608 983 719 1015 paucos
730 975 823 1007 libros
843 976 898 1016 (ὁ).

68 1016 118 1048 Sic
130 1018 242 1049 viventi
251 1018 393 1058 perfacile
403 1023 466 1049 erat
479 1019 509 1050 in
518 1028 665 1059 pauperes
675 1020 821 1060 prolixum
834 1030 900 1052 esse

67 1071 105 1093 ac
119 1063 289 1095 liberalem.
305 1063 367 1100 Quo
380 1064 409 1094 in
421 1072 532 1104 genere
556 1065 599 1095 sic
629 1065 848 1103 magniﬁcentia
873 1071 903 1097 et

77 1112 201 1147 sumptu
213 1108 324 1148 prodiit
347 1109 484 1145 Basilius,
498 1113 529 1139 ut
540 1109 797 1150 ptochotrophium
814 1111 851 1141 ab
866 1119 902 1142 eo

76 1152 256 1183 aediﬁcatum
268 1161 378 1184 novam
385 1154 540 1184 civitatem
552 1154 682 1194 appellet
693 1155 900 1196 Gregorius(p.

77 1195 163 1237 360),
179 1198 232 1237 qui
242 1197 383 1229 Basiliam
395 1208 455 1228 non
472 1198 504 1228 in
520 1199 583 1229 sola
594 1199 711 1231 civitate
724 1195 901 1232 charitatein

76 1251 160 1273 suam
172 1242 346 1274 nobilitasse
356 1247 490 1280 testatur,
502 1243 556 1274 sed
568 1245 656 1275 etiam
669 1254 739 1275 rare
746 1249 775 1275 et
785 1245 815 1276 in
823 1246 902 1285 agris

77 1287 293 1319 humanitatem
317 1297 351 1319 ac
378 1288 613 1320 muniﬁcentiam
640 1289 670 1320 in
693 1299 838 1330 pauperes
866 1291 903 1322 iis

76 1331 231 1372 omnibus,
242 1332 293 1373 qui
310 1333 419 1373 populo
429 1337 588 1373 praeerant,
601 1338 633 1364 ut
649 1344 808 1366 commune
833 1344 901 1367 cer-

76 1381 176 1422 tamen
193 1377 394 1418 proposuisse.
421 1379 536 1409 Revera
559 1379 666 1419 singuli
692 1380 900 1422 chorepiscopi

76 1421 216 1453 videntur
228 1432 320 1453 unum
331 1423 452 1463 aliquod
467 1424 725 1464 ptochotrophium
742 1425 798 1456 sibi
814 1421 899 1456 com-

78 1466 203 1498 missum
215 1466 484 1499 habuisse.0mnes
499 1468 579 1500 enim
596 1469 827 1510 chorepiscopos
840 1471 896 1501 Ba-

74 1510 161 1541 silius
180 1511 217 1551 (c)
233 1512 269 1542 ad
286 1513 393 1543 festum
409 1513 439 1544 S.
455 1513 616 1553 Eupsycbii
632 1514 802 1545 convocavit
821 1524 899 1546 anno

72 1555 145 1602 373,
159 1561 310 1602 uteorum
323 1557 552 1597 ptochotrophia
561 1559 731 1589 numerario
740 1568 898 1590 commen—
907 1577 928 1602 ο

73 1600 169 1632 daret.
188 1600 313 1634 Summa
328 1601 378 1633 illa
390 1601 530 1638 charitas,
547 1612 614 1642 quze
629 1603 768 1634 Basiliam
784 1613 896 1645 paupe-

73 1645 160 1677 ribus
176 1650 270 1678 totum
282 1646 452 1687 addicebat,
474 1647 585 1678 aditum
612 1647 749 1679 amnibus
765 1649 801 1679 ad
818 1649 899 1680 illius

73 1690 269 1730 patrocinium
296 1695 327 1723 et
359 1692 648 1724 commendalionem
672 1692 773 1733 dabat,
804 1698 835 1724 ut
863 1703 898 1725 ex

74 1734 211 1774 plurimis
226 1736 362 1776 epistolis
374 1737 563 1777 perspicitur.

114 1779 253 1815 Quamvis
264 1781 414 1822 pleraeque
431 1781 581 1812 orationes
594 1782 779 1822 Basilii,quae
791 1783 826 1814 ad
843 1793 897 1814 nos

71 1830 356 1863 pervenerunt,ante
365 1826 567 1866 episcopatum
577 1828 898 1866 pronuntiataavideau-

70 1874 135 1905 tur,
144 1878 203 1900 nou
211 1873 307 1900 tamen
317 1871 466 1902 credibile
475 1876 520 1902 est
528 1872 670 1902 Basiliam
683 1872 719 1902 de
730 1873 896 1910 pradican-

68 1912 101 1943 di
119 1913 200 1944 verbi
211 1914 310 1945 studio
326 1915 490 1955 quidquam
502 1915 532 1946 in
545 1916 718 1956 episcopatu
729 1917 894 1958 remisisse,

69 1966 139 1988 cum
153 1959 317 1998 praesertim
333 1959 500 1998 graviorem
517 1960 607 1999 hujus
625 1961 670 1991 rei
685 1961 894 1993 necessitatem

73 2002 267 2042 imponerent
281 2008 308 2034 et
319 2004 470 2042 dignitatis
487 2005 620 2035 accessio
633 2010 662 2035 et
687 2005 896 2037 haereticorum

70 2046 248 2086 improbitas
256 2051 287 2080 et
298 2049 517 2088 persecutionis
523 2050 673 2081 violentia.
687 2052 753 2082 Non
765 2051 829 2083 sola
837 2053 897 2083 Cae-

68 2099 155 2122 sarea
172 2093 292 2131 eloquio
308 2093 410 2124 Basilii
442 2094 650 2134 perfruebatur
665 2095 726 2134 td):
758 2096 896 2127 assiduus

68 2137 172 2167 eratin
181 2138 262 2178 pagis
272 2138 436 2179 visitaudis,
452 2149 506 2170 nec
516 2149 584 2169 eum
597 2139 730 2173 morbus,
743 2141 799 2171 nisi
812 2151 896 2181 pror-

66 2190 119 2211 sus
136 2181 212 2213 lecto
227 2182 386 2224 afﬁxisset,
402 2183 438 2214 ab
450 2184 505 2214 hoc
518 2184 617 2214 ofﬁcio
643 2184 825 2216 deterrebat.
843 2186 895 2217 Ni—

941 937 974 958 se
986 937 1003 958 a
1021 928 1162 968 Gregorio
1178 933 1302 969 questus
1319 933 1373 959 est.
1392 928 1528 964 Querelis
1555 933 1695 968 peracute
1710 938 1760 959 re-

941 974 1062 1013 spondit
1073 974 1118 1013 (g)
1133 973 1302 1013 Gregorius.
1317 973 1436 1004 Fatetur
1442 974 1500 1004 sibi
1511 974 1580 1004 vitio
1591 973 1653 1004 dari
1665 983 1762 1013 posse,

942 1018 1021 1057 quod
1037 1018 1179 1050 Basiliam
1201 1028 1260 1049 non
1287 1019 1358 1049 satis
1376 1028 1428 1059 pro
1459 1019 1573 1050 meritis
1588 1018 1763 1058 admiretur,

943 1063 1054 1102 quippe
1066 1073 1133 1094 cum
1148 1063 1249 1094 Basilii
1260 1063 1432 1104 eloquentia
1442 1063 1478 1094 ad
1492 1073 1560 1094 eum
1592 1063 1681 1103 digne
1696 1063 1763 1094 lau-

943 1107 1073 1138 dandam
1090 1117 1163 1148 opus
1177 1108 1214 1138 sit
1229 1118 1236 1146 ;
1253 1112 1283 1138 at
1301 1107 1446 1139 insaniam
1470 1108 1568 1147 potius
1583 1117 1670 1148 quam
1686 1107 1765 1138 illius

943 1156 1146 1192 contemptum
1173 1152 1260 1192 objici
1277 1153 1399 1184 debere.
1418 1151 1578 1188 Caeterum,
1604 1152 1628 1182 si
1651 1152 1765 1183 idcirco

945 1197 1106 1234 incusetur,
1114 1198 1192 1237 quod
1202 1197 1407 1237 philosophari
1417 1197 1614 1237 velit,petitat
1623 1197 1764 1228 sihihanc

944 1251 1032 1272 unam
1043 1250 1106 1272 rem
1124 1242 1223 1274 Basilii
1241 1242 1416 1282 eloquentiae
1434 1241 1572 1282 praeferre
1596 1241 1684 1272 liceat
1708 1241 1761 1282 (Ii).

943 1286 1039 1317 Cessit
1054 1287 1173 1318 tandem
1188 1286 1314 1318 Basilius
1331 1291 1360 1317 et
1373 1286 1462 1318 amici
1478 1285 1666 1326 prudentiam
1679 1286 1763 1326 judi-

943 1331 988 1362 cio
1005 1341 1059 1362 suo
1075 1332 1291 1372 comprobavit.

983 1375 1286 1416 Gregoriiabsentiam
1294 1375 1444 1407 lenierunt
1454 1375 1601 1407 simulatis
1609 1375 1718 1406 amoris
1724 1375 1762 1406 si-

941 1421 1489 1461 gniﬁcationibasEastaihiidiscipuli,
1502 1429 1575 1461 quos
1588 1419 1713 1452 Basilius
1727 1420 1764 1451 ad

942 1465 1142 1506 episcopatum
1159 1471 1289 1503 evectus,
1309 1475 1361 1506 per
1374 1475 1493 1497 causam
1509 1465 1610 1496 auxilii
1622 1465 1764 1496 etamicre

941 1511 1161 1541 communionis
1176 1511 1306 1551 perﬁdos
1322 1511 1522 1551 speculatores
1544 1510 1580 1541 ab
1606 1509 1762 1541 Eustathio

940 1555 1065 1595 accepit,
1083 1560 1113 1586 ut
1124 1556 1268 1587 discimus
1279 1565 1313 1586 ex
1327 1556 1416 1595 epist.
1430 1555 1541 1595 223,11.
1551 1554 1568 1587 3
1579 1554 1762 1588 et5.Horam

941 1599 999 1630 duo
1016 1599 1206 1631 nominantur
1222 1601 1250 1631 in
1271 1600 1397 1640 epistola
1413 1600 1481 1637 109,
1507 1599 1633 1631 Basilius
1655 1604 1684 1630 et
1703 1599 1761 1630 So-

941 1645 1096 1684 phronias.
1114 1645 1209 1676 Primi
1234 1645 1352 1686 opinata
1381 1645 1524 1676 salictitas
1551 1647 1591 1674 ita
1619 1643 1761 1675 Basiliam

940 1694 1072 1729 ceperat,
1090 1694 1122 1721 ut
1137 1699 1204 1721 eum
1217 1693 1283 1720 vita:
1293 1699 1354 1721 suae
1363 1689 1532 1730 praesidium
1543 1698 1609 1720 esse
1624 1688 1758 1729 duceret;

939 1734 1110 1765 alterumin
1141 1735 1265 1774 epistola
1296 1736 1351 1766 1Οὸ
1381 1735 1473 1765 ﬁlium
1503 1743 1588 1765 suum
1619 1733 1760 1774 appellat.

939 1779 1069 1819 Uterque
1081 1779 1111 1810 in
1122 1779 1338 1811 dissimulando
1349 1780 1389 1810 ita
1398 1780 1510 1820 peritus
1519 1778 1635 1817 artifex,
1653 1783 1683 1809 ut
1694 1787 1761 1809 cum

939 1833 991 1854 eos
1002 1824 1082 1855 domi
1098 1834 1160 1856 sua:
1176 1824 1443 1862 haberetBasilius,
1459 1823 1680 1854 neiariaeorum
1694 1833 1762 1854 con-

938 1869 1004 1899 silia
1026 1878 1065 1900 ne
1093 1869 1290 1901 subodoratus
1311 1869 1430 1910 quidem
1461 1869 1508 1906 sit,
1541 1873 1698 1909 antequam
1725 1868 1763 1899 ad

937 1914 1142 1952 gravissimam
1157 1915 1251 1955 ipsius
1265 1914 1478 1946 contumeliam
1504 1917 1696 1953 erumperent
1709 1914 1760 1953 (ἱ).

979 1959 1025 1990 lll.
1038 1959 1089 1989 Vix
1098 1959 1240 1991 Basiliam
1254 1959 1387 1990 Caesarea
1395 1959 1567 1998 episcopum
1579 1958 1686 1999 adepta
1693 1959 1760 1989 iue—

938 2008 1064 2040 rat,cum
1077 2005 1109 2035 S.
1121 2004 1232 2035 Meietii
1245 2004 1365 2035 tertium
1379 2003 1513 2034 exsilium
1523 2002 1680 2034 Antiochia
1693 2002 1760 2044 pio—

937 2048 1021 2085 ravit,
1036 2053 1068 2079 ut
1079 2049 1381 2080 docetTillemontius
1399 2049 1446 2088 (j).
1473 2048 1602 2080 Litteras
1627 2057 1661 2079 ea
1676 2048 1713 2079 de
1729 2057 1763 2080 re

938 2094 1032 2125 lector
1049 2094 1146 2124 attulit
1161 2094 1281 2134 Basilio,
1294 2103 1368 2134 quas
1380 2094 1430 2136 ille
1438 2093 1597 2132 nonmulto
1610 2093 1764 2133 postmisit

937 2138 972 2168 ad
991 2138 1152 2169 Eusebium
1166 2136 1422 2175 Samosatensemf
1430 2138 1565 2179 quamvis
1576 2147 1643 2168 eum
1662 2138 1699 2167 de
1714 2137 1762 2177 iis,

937 2192 1002 2222 quae
1015 2183 1184 2214 Antiochia;
1193 2185 1389 2223 contigerant,
1403 2183 1560 2214 certiorem
1575 2182 1681 2212 factum
1696 2190 1763 2212 esse

66 2226 162 2257 mium
181 2227 274 2258 multa
289 2228 454 2268 colligenda
470 2232 580 2263 essent.
597 2229 621 2259 si
638 2229 827 2270 episcopatus
838 2233 895 2263 Ba—
910 2238 930 2263 n
941 2237 998 2258 non
1015 2227 1177 2259 dubitarct.
1191 2228 1331 2259 Scribere
1345 2227 1472 2258 Eusebio
1499 2225 1637 2265 capiebat
1662 2225 1762 2256 statim

64 2270 127 2302 silii
138 2276 307 2303 accuratam
336 2273 494 2312 imaginem
511 2273 674 2313 depingere
698 2275 890 2314 aggrederer.

63 2314 127 2346 Sed
145 2317 216 2356 quid
233 2317 271 2348 de
283 2316 419 2349 Ecclesia
432 2317 617 2355 Caesariensi,
633 2318 704 2359 quid
717 2319 753 2349 de
764 2320 831 2351 aliis
843 2320 896 2352 Ec-

62 2360 167 2410 clesiis
177 2361 204 2410 ei
215 2366 245 2410 at
257 2362 546 2410 metropolitano,vel
555 2367 586 2410 ut
598 2364 728 2410 citarcho
738 2364 893 2410 subjectis,

62 2404 139 2445 quid
177 2406 308 2446 denique
337 2406 375 2437 de
391 2408 533 2438 universa
557 2407 691 2438 Ecclesia
708 2409 831 2440 meritus
844 2404 893 2449 sit,

62 2449 140 2480 satis
151 2450 278 2481 exstabit
290 2459 324 2481 ex
341 2451 377 2481 iis
392 2461 458 2491 quae
474 2452 616 2492 deinceps
628 2452 830 2485 narrabimus.

104 2495 144 2526 Il.
162 2495 300 2534 Magnum
316 2495 443 2527 Basilius
453 2497 619 2536 adjatorem
634 2496 796 2535 habuisset,
812 2501 843 2530 et
857 2498 894 2529 ad

61 2539 214 2570 secundas
229 2539 259 2570 in
271 2540 351 2571 omni
364 2540 534 2572 ministerio
542 2541 681 2573 ferendas
692 2542 891 2582 aptissimum,

102 2610 143 2643 (α)
157 2606 210 2639 Or.
229 2607 281 2639 20.

101 2647 148 2685 (ω
161 2646 234 2687 ibid
252 2672 261 2687 ,
279 2658 309 2687 p.
323 2649 395 2680 31.9.

102 2658 234 2719 (ιηὲυια
252 2672 261 2687 ,
274 2658 305 2718 ξ.

102 2687 148 2767 ig)
164 2697 221 2767 εἷ’.
235 2688 305 2760 1236'.

137 2728 148 2768 )
164 2727 221 2768 ΕΡ·
237 2727 309 2768 206.

98 2767 142 2806 (θ)
155 2767 207 2800 0r.
226 2767 279 2799 20.

151 2807 249 2850 Epist.
263 2807 316 2841 24.

938 2273 1073 2312 postejas
1085 2272 1228 2310 reditum,
1237 2273 1288 2303 sed
1298 2271 1514 2303 moramattulit
1523 2270 1613 2310 bajuli
1624 2271 1760 2310 penuria,

937 2326 972 2348 eo
986 2318 1262 2357 quodCappadoces
1273 2318 1313 2348 ita
1329 2317 1457 2348 hiemem
1469 2317 1764 2348 exhorrescerentmt

938 2371 974 2392 ne
983 2361 1280 2402 prospicerequiderr
1292 2371 1326 2392 ex
1334 2359 1678 2392 redibusauderentJam
1687 2360 1762 2391 duos

937 2415 1056 2437 menses
1075 2406 1193 2438 nivibus
1204 2407 1336 2447 cooperti
1365 2406 1528 2442 latitabant,
1556 2415 1622 2436 cum
1639 2405 1761 2436 tandem

937 2455 1039 2481 nactus
1055 2457 1099 2483 est
1113 2451 1247 2492 Basilius,
1267 2452 1315 2492 qui
1342 2450 1494 2482 Samosata
1506 2450 1652 2491 proﬁcisci
1672 2449 1763 2480 aude-

936 2500 981 2526 ret
999 2496 1053 2536 (Ic).
1067 2496 1164 2534 Mittit,
1181 2497 1282 2537 atjam
1306 2497 1378 2536 dixi,
1396 2495 1525 2526 Eusebio
1537 2495 1640 2526 allatas
1656 2495 1760 2525 Antio-

935 2540 1002 2571 chia
1015 2541 1140 2582 litteras;
1155 2539 1664 2581 nuntiatDt-mophiiumjamdudum
1672 2547 1762 2572 occu—

976 2609 1016 2688 (gg
1033 2607 1129 2648 Epist.
1149 2610 1197 2639 10.

976 2648 1004 2688 (h
1033 2647 1102 2679 Νη.
1118 2657 1163 2679 or.
1181 2649 1197 2680 Ξ

974 2647 1163 2689 (ιιλΝηποτ.
1181 2649 1231 2680 eo.

973 2688 1036 2726 WE
1061 2688 1150 2721 .109.

973 2729 1011 2760 (il
1028 2698 1118 2760 fam.
1136 2728 1150 2760 ἲ

972 2729 1011 2770 (j)
1028 2728 1118 2770 Iam.
1131 2728 1200 2770 γνιι,
1216 2738 1282 2770 pag.
1295 2729 1365 2763 360.

969 2769 1018 2810 (lc)
1033 2769 1087 2811 Ep.
1105 2769 1156 2802 48.
