2024 3142
292 175 364 200 LXIV

969 169 1262 202 PROLEGOMENA.

294 247 367 278 pare
379 237 482 270 sedem
508 238 881 279 Constantinopolitanam,
906 248 941 270 ac
955 239 1143 270 simulacroA
1156 236 1297 270 invidiam
1310 240 1431 278 Basilio,
1449 244 1480 271 ut
1493 240 1606 272 homini
1632 238 1845 273 immoderato.
1868 247 1975 270 crean-

293 282 421 323 quodam
448 283 566 323 pietatis
582 288 611 315 et
634 288 724 315 rectae
749 283 818 314 ﬁdei
843 284 1016 325 perfecisse,
1033 288 1066 315 ut
1081 287 1110 315 et

292 326 472 359 dissidentes
487 328 614 360 civitatis
630 334 728 369 partes
745 329 774 359 in
790 338 881 359 unum
894 330 1109 369 coalescerent,

292 376 321 402 et
334 381 368 403 ex
383 372 489 403 vicinis
500 373 650 414 episcopis
663 373 800 404 nonnulli
814 373 952 405 eamdem
967 373 1111 414 conjunc-

292 416 402 448 tionem
413 417 676 456 amplecterentur.
694 420 800 450 Narrat
816 418 854 449 de
866 419 1024 449 schismate
1034 418 1111 458 epis-

292 469 434 502 coporum
450 462 656 503 Cappadociae,
679 466 711 493 ut
721 471 812 503 supra
825 462 954 494 vidimus
970 474 977 504 ;
1011 463 1112 493 invitat

292 504 466 545 Eusebium,
484 510 515 536 ut
535 514 604 537 vere
629 506 843 538 Caesariensem
860 506 1022 538 Ecclesiam
1039 507 1112 538 invi-

293 553 335 580 sat
352 561 360 586 ;
377 549 417 580 ait
432 559 464 581 se
477 550 584 581 melius
601 551 687 581 solito
702 561 760 582 non
778 552 887 583 valere.

334 593 449 635 Scripta
465 599 510 625 est
524 595 586 626 haec
599 595 725 636 epistola
739 606 818 627 anno
831 597 890 628 370
912 601 1050 634 exeunte,
1068 596 1112 627 vel

292 640 414 670 ineunte
424 639 493 670 371.
515 639 645 671 Credere
666 641 766 672 malim
782 651 860 672 anno
883 641 941 673 370
971 641 1112 682 scriptam

293 684 394 715 fuisse.
411 683 494 720 Quod
512 684 591 715 enim
615 684 759 725 duosjam
783 695 900 717 menses
916 686 1031 717 nivibus
1046 695 1114 716 coo-

293 729 369 769 perti
385 728 576 768 Cappadoces
597 729 750 769 dicuntur,
769 730 796 760 id
813 730 851 761 de
878 730 1031 762 mensibus
1054 740 1112 761 non

292 773 389 814 plenis
405 778 433 804 et
444 774 555 804 exactis
584 774 679 815 accipi
704 778 810 815 potest.
842 776 989 806 Praeterea
1016 775 1114 807 hiems

291 819 350 849 cito
366 818 525 850 admodum
538 819 568 849 in
582 819 766 859 Cappadocia
791 819 962 860 incipiebat.
980 820 1044 851 Non
1061 821 1114 852 du-

1152 281 1232 314 dam.
1251 283 1293 314 De
1309 284 1355 315 his
1377 284 1560 322 rumoribus,
1577 294 1653 326 quos
1669 283 1808 315 malevoli
1838 283 1978 315 homines

1152 327 1340 366 spargebant,
1367 329 1526 361 certiorem
1552 329 1695 361 Basilium
1721 328 1791 359 fecit
1813 328 1977 369 Bosporius

1153 371 1277 403 coloniae
1293 373 1321 404 in
1337 372 1522 414 Cappadocia
1534 374 1704 415 episcopus.

1193 417 1352 448 Perculsus
1363 419 1420 449 hoc
1431 419 1535 450 nuntio
1547 418 1674 450 Basilius
1684 421 1776 449 totam
1790 422 1910 449 noctem
1923 423 1979 449 trs.

1153 461 1233 492 duxit
1245 462 1420 494 insommem
1432 463 1682 504 quemadmodum
1693 463 1759 503 ipse
1766 467 1865 494 narrat
1874 463 1906 494 in
1917 464 1979 504 epi-

1153 505 1228 537 stola
1243 507 1277 538 51
1287 530 1294 544 ,
1307 507 1337 537 in
1352 517 1409 548 qua
1419 508 1539 548 exponit
1554 507 1626 549 quid
1643 508 1681 538 de
1696 507 1802 539 Dianio
1824 517 1842 538 a
1866 509 1979 539 teneris

1153 551 1292 592 senserit,
1309 562 1344 582 ac
1357 552 1485 592 ingenue
1497 553 1605 583 fatetur
1618 562 1650 583 se
1672 561 1738 583 cum
1753 552 1853 583 multis
1863 552 1932 583 aliis
1949 553 1979 583 in

1155 595 1249 634 patria
1255 595 1347 627 Deum
1363 596 1739 628 timentibusinsolabiliter
1745 596 1888 634 doluisse,
1898 597 1979 635 quod

1155 639 1278 671 Dianius
1291 640 1423 672 formulae
1437 641 1695 682 Constantinopoli
1711 651 1727 672 ει
1742 640 1869 681 Georgio
1883 641 1980 672 allatae

1155 684 1393 726 subscripsisset,
1410 687 1461 717 sed
1477 691 1574 717 tamen
1594 686 1629 717 ad
1644 686 1709 726 ejus
1734 686 1979 717 communionem

1156 730 1330 765 accessisse,
1344 735 1499 771 postquam
1513 730 1635 762 Dianius
1659 731 1688 761 in
1705 730 1854 767 morbum,
1868 740 1904 762 ex
1921 740 1980 771 quo

1157 779 1289 805 mortuus
1298 778 1354 814 est,
1372 775 1484 815 lapsus,
1503 776 1607 806 Basilio
1618 775 1764 806 accersito
1776 775 1887 815 juravit
1904 776 1979 806 nihil

1156 818 1213 849 sibi
1227 824 1329 850 contra
1346 821 1497 852 Nicienam
1515 820 1604 851 fidem
1623 819 1807 860 propositum
1820 820 1979 861 luisse,se-

293 864 373 894 bium
390 869 489 894 autem
502 864 573 904 quin
588 864 766 895 clericorum
782 864 890 903 aliquis
912 865 989 896 hanc
1004 866 1112 905 episto-
1126 881 1144 906 Β
1156 872 1214 903 que
1230 863 1304 894 nihil
1319 864 1398 895 aliud
1411 865 1535 898 sentire,
1553 874 1641 904 quam
1652 864 1731 904 quod
1741 864 1777 895 ab
1791 864 1876 895 initio
1893 874 1980 896 acco-

293 908 350 939 lam
365 907 517 939 detulerit.
529 908 578 939 Sic
593 908 673 939 enim
687 918 711 939 ε(
722 908 805 939 litum
817 909 1111 945 scribereBasilium,
1156 912 1239 948 perat
1253 918 1288 939 ac
1304 909 1431 948 precari,
1449 912 1482 939 ut
1495 918 1512 939 a
1533 913 1734 940 trecentorum
1749 908 1853 939 decem
1869 913 1899 939 et
1915 914 1981 940 octo

293 952 397 983 saltem
406 961 472 982 cum
485 952 613 992 aliquem
625 953 790 993 dataopera
800 953 984 991 mittebat,ex
996 964 1043 995 ep.
1057 955 1113 986 198

292 997 501 1038 perspicimus.
519 998 659 1034 Quamvis
674 1002 772 1029 autem
800 1008 877 1030 unus
898 1003 1009 1030 tantum
1027 999 1113 1031 initio

292 1042 424 1082 epistolze
435 1042 608 1082 designetur
621 1042 751 1083 bajulus,
765 1043 983 1074 sociumtameu
997 1044 1114 1074 eiaddi-

291 1090 352 1117 tum
361 1086 453 1117 fuisse
470 1091 548 1127 patet
563 1096 598 1118 ex
614 1086 661 1118 his
679 1088 790 1128 verbis,
815 1092 848 1118 ut
863 1088 923 1127 ipsi
936 1088 984 1119 illi
998 1097 1110 1119 narra-

291 1131 462 1172 buntSaepe
475 1132 503 1162 in
520 1132 668 1172 ejusmodi
683 1132 800 1169 litteris,
817 1133 873 1164 etsi
884 1133 942 1164 duo
956 1134 1112 1164 mitteban-

291 1180 350 1213 tur,
362 1186 438 1207 unus
446 1177 720 1214 nominabantur,ut
730 1177 883 1208 observavi
894 1178 931 1209 ad
943 1179 1030 1218 epist.
1039 1179 1110 1211 f£243.

329 1220 378 1251 IV.
396 1221 437 1252 Ex
453 1221 489 1252 iis
504 1221 555 1262 qui
571 1222 678 1254 Basilio
690 1222 720 1252 in
738 1223 911 1262 primordiis
921 1224 1111 1264 episcopatus

288 1266 454 1306 gratulandi
465 1271 492 1297 et
503 1267 774 1298 adhortandicausa
783 1267 1110 1308 scripserunt,duorum

287 1310 324 1342 ad
342 1320 395 1341 nos
411 1311 619 1351 episcoporum
637 1312 757 1343 nomina
769 1313 1070 1352 pervenere,Arcadii
1083 1317 1111 1344 et

289 1354 466 1387 lnnocentii.
479 1357 595 1387 Primus
606 1366 689 1395 spem
700 1365 716 1386 a
726 1365 759 1387 se
771 1356 808 1387 de
817 1356 926 1388 Basilio
936 1361 1110 1397 conceptam

289 1400 506 1439 signiﬁcaverat
517 1401 575 1440 (a),
589 1405 619 1431 et
637 1400 781 1440 reliquias
794 1406 952 1442 martyrum
966 1403 1002 1433 ad
1011 1403 1109 1433 eccle-

289 1444 362 1475 siam
372 1453 477 1476 recens
487 1455 503 1476 a
510 1455 542 1476 se
551 1449 755 1476 constructam
765 1446 902 1486 petierat.
911 1446 1096 1478 Perhonorili

289 1498 324 1520 ce
337 1490 498 1529 respondet
509 1490 636 1521 Basilius
650 1490 701 1530 (ὁ),
720 1499 811 1531 seque
829 1491 908 1522 illius
920 1492 1006 1523 studii
1023 1492 1111 1532 adju-

1156 953 1276 984 Patrnm
1291 957 1371 984 sorte
1388 955 1626 993 noniseparelur.

1197 997 1336 1038 lniquide
1344 997 1454 1029 Basilio
1465 1007 1601 1028 rumores
1609 998 1645 1028 ad
1654 998 1810 1029 canonicas
1821 999 1979 1038 quasdam,

1157 1042 1218 1073 sive
1233 1051 1332 1073 sacras
1344 1042 1474 1082 virgines
1491 1042 1597 1082 perlati
1612 1042 1741 1074 fuerant.
1753 1042 1818 1082 Ipse
1829 1043 1980 1075 etiamBa-

1153 1087 1238 1117 silius
1254 1087 1336 1118 falsis
1351 1087 1521 1117 rumoribus
1533 1087 1688 1127 deceptus,
1705 1087 1803 1117 minus
1814 1096 1932 1126 sequam
1946 1088 1981 1119 de

1152 1132 1303 1164 canonicis
1314 1131 1486 1172 opinionem
1503 1136 1668 1172 acceperat.
1686 1131 1832 1163 Dedocuit
1847 1133 1980 1171 virgines

1155 1177 1324 1217 Bosporius,
1341 1181 1371 1208 et
1383 1176 1418 1207 ad
1432 1177 1594 1216 aequiorem
1611 1177 1648 1206 de
1667 1176 1774 1207 Basilio
1797 1177 1979 1208 sententiam

1152 1221 1286 1257 adduxit,
1304 1230 1337 1252 ac
1350 1230 1453 1251 rursus
1469 1221 1608 1252 Basilium
1620 1221 1657 1251 de
1665 1221 1756 1251 rebus
1765 1222 1979 1253 canonicarum

1151 1266 1316 1297 accuratius
1338 1266 1464 1297 erudivit
1489 1266 1654 1306 Utrumque
1674 1266 1782 1296 Basilio
1806 1271 1980 1306 pergratum

1151 1311 1269 1348 accidit,
1283 1320 1317 1341 ac
1333 1310 1483 1351 duplicem
1499 1319 1582 1341 suam
1600 1310 1732 1341 laetitiam
1763 1311 1921 1342 canonicis
1939 1312 1980 1342 si-

1151 1355 1272 1395 gniﬁcat
1288 1357 1317 1386 in
1333 1355 1459 1396 epistola
1474 1356 1523 1391 52,
1548 1359 1577 1385 et
1607 1354 1752 1386 nonnulla
1781 1355 1819 1386 de
1842 1355 1982 1395 dogmate

1152 1399 1285 1437 disserit,
1315 1405 1348 1430 ut
1365 1399 1451 1430 modo
1466 1399 1646 1430 videbimus.

1192 1444 1253 1475 Nec
1269 1444 1360 1476 rebus
1375 1453 1430 1475 nec
1447 1448 1581 1483 tempore
1593 1445 1645 1475 has
1658 1444 1801 1484 epistolas
1815 1444 1982 1486 (e)disjun-

1152 1489 1264 1529 gendas
1277 1489 1433 1520 duximus.
1443 1488 1476 1520 In
1491 1493 1615 1529 utraque
1631 1489 1655 1519 is
1665 1489 1717 1527 qui
1727 1489 1866 1521 Basilium
1881 1496 1983 1522 monet

289 1538 383 1564 torem
413 1534 544 1565 futurum
567 1534 722 1575 promittit,
749 1535 773 1565 si
789 1535 933 1576 reliquias
948 1541 1110 1576 martyrum
1120 1533 1140 1559 C
1153 1534 1221 1575 quid
1232 1534 1269 1565 de
1280 1534 1331 1565 illo
1342 1534 1467 1571 dicatur,
1481 1534 1643 1575 Bosporius
1652 1533 1841 1564 est.Basilius
1851 1534 1881 1564 in
1896 1539 1981 1566 utra-

287 1578 464 1619 investigare
472 1579 875 1620 possit.lnnocentius,quem
886 1581 1070 1622 perabsurde
1079 1582 1113 1612 li-

289 1623 381 1654 brarii
393 1624 495 1656 Romae
506 1626 678 1665 episcopum
693 1624 839 1662 fecerunt,
860 1634 973 1666 magna;
984 1627 1067 1657 urbis
1084 1631 1113 1659 et

289 1668 423 1699 Casei-ea
433 1678 490 1699 non
502 1678 604 1709 parum
621 1669 759 1700 distantis
772 1670 932 1711 episcopus
944 1675 1008 1702 erat
1018 1673 1113 1712 etSpi-

289 1714 362 1743 ritus
371 1715 464 1745 sancti
474 1714 698 1753 glorificator,id
710 1715 933 1751 est,divinitatis
941 1716 1005 1755 ejus
1012 1716 1113 1747 defen-

290 1759 482 1790 sor.Basilius
495 1759 531 1797 (ο)
542 1758 651 1798 gratias
661 1758 687 1789 ei
696 1759 851 1799 agit,quod
862 1769 894 1790 se
905 1760 1068 1800 adhortari,
1079 1770 1114 1791 ac

292 1801 397 1833 litteris
412 1811 550 1833 recreare
562 1803 699 1841 dignatus
707 1808 785 1833 esset
814 1808 844 1834 et
859 1803 943 1835 velut
951 1813 1114 1844 puerorum

290 1847 456 1885 infantium
471 1847 554 1877 ulnis
568 1856 631 1878 suae
647 1848 869 1886 magnitudinis
883 1849 1032 1888 amplecti.

331 1892 502 1931 Pergamius
513 1892 748 1931 quidamBasilio
764 1892 799 1923 ad
810 1893 1015 1934 episcopatum
1030 1903 1116 1925 evec-

294 1942 322 1968 ιο
337 1937 506 1977 gratulatus
515 1937 623 1977 fuerat,
636 1936 687 1967 sed
700 1946 766 1967 cum
777 1945 953 1977 responsum
965 1947 1023 1968 non
1032 1947 1115 1970 acce-

291 1981 394 2022 pisset,
411 1981 519 2012 iteruzn
535 1981 666 2022 scripsit,
683 1991 741 2011 non
753 1981 819 2012 siue
831 1981 970 2020 gravibus
982 1983 1114 2023 querelis

290 2027 368 2067 quod
396 2035 470 2057 nova
495 2026 623 2064 dignitas
641 2026 749 2057 Basilio
777 2026 957 2057 oblivionem
990 2033 1021 2058 et
1037 2037 1112 2058 con-

291 2075 434 2111 temptum
451 2071 616 2102 amicorum
628 2071 753 2102 afﬂaret.
768 2070 878 2102 Scribit
888 2073 987 2112 itaque
999 2072 1041 2102 illi
1053 2072 1111 2104 Ba-

291 2116 375 2147 silius
390 2116 545 2157 epistolam
571 2117 619 2152 56,
651 2117 681 2147 in
697 2125 756 2156 qua
772 2126 804 2147 se
821 2121 924 2147 natura
950 2117 1111 2157 proclivem

292 2170 357 2193 esse
372 2161 407 2192 ad
424 2161 658 2192 obliviscendum
675 2161 794 2200 fatetur,
819 2161 870 2191 sed
895 2171 974 2193 nunc
989 2163 1113 2202 negotiis

1153 1588 1212 1619 que
1221 1583 1348 1610 structas
1359 1579 1415 1610 sibi
1425 1578 1589 1610 calumnias
1599 1577 1746 1618 eiusmodi
1755 1586 1820 1609 esse
1831 1578 1982 1619 declarat,

1154 1628 1185 1654 ut
1201 1633 1302 1654 earum
1319 1628 1455 1655 auctores
1471 1623 1596 1654 credere
1618 1631 1677 1653 non
1700 1623 1857 1654 videantur
1872 1633 1905 1655 se
1937 1626 1982 1655 vel

1153 1668 1241 1699 otiosi
1257 1668 1339 1698 verbi
1351 1668 1499 1699 rationem
1514 1667 1544 1697 in
1560 1667 1608 1697 die
1622 1667 1731 1706 judicii
1746 1667 1931 1700 reddituros.
1949 1671 1982 1701 In

1155 1717 1280 1752 utraque
1291 1712 1437 1743 refellitur
1457 1711 1607 1743 calidioris
1624 1720 1657 1742 ac
1682 1712 1872 1743 immoderati
1887 1714 1983 1745 animi

1155 1757 1333 1788 criminatio.
1350 1756 1422 1787 Nam
1434 1757 1463 1787 in
1479 1755 1603 1796 epistola
1615 1756 1650 1786 ad
1663 1757 1839 1795 Bosporium
1851 1758 1983 1798 legimus

1156 1806 1325 1831 accusatum
1339 1801 1430 1832 fuisse
1445 1800 1599 1840 Basilium,
1615 1800 1695 1840 quod
1713 1800 1849 1832 Dianium
1861 1804 1985 1834 anathe-

1157 1845 1334 1878 matizasset.
1349 1845 1450 1886 synodi
1463 1845 1589 1876 Nicaeum
1602 1845 1808 1876 defensionem
1826 1846 1904 1878 ultra
1914 1857 1984 1878 mo-

1156 1891 1225 1920 dum
1243 1895 1271 1921 et
1284 1891 1378 1930 legem
1396 1893 1575 1930 perducens.
1586 1889 1619 1920 In
1633 1889 1761 1929 epistola
1771 1891 1808 1921 ad
1821 1892 1984 1923 canonicas

1157 1945 1215 1966 non
1231 1935 1339 1967 refellit
1355 1935 1529 1965 nominatim
1545 1935 1601 1965 hoc
1627 1935 1722 1965 Dianii
1738 1936 1981 1969 anathematiuti

1155 1980 1424 2018 commentum;sed
1433 1980 1570 2010 eamdem
1578 1979 1708 2010 hominis
1718 1979 1907 2012 immoderati
1919 1983 1979 2023 opi-

1156 2025 1275 2056 nionem
1292 2034 1309 2055 a
1324 2034 1356 2055 se
1367 2029 1510 2059 removet,
1525 2024 1596 2054 dum
1608 2033 1710 2054 earum
1727 2029 1831 2063 rogatu
1859 2027 1985 2067 exponit

1154 2069 1225 2110 quid
1239 2069 1276 2100 de
1287 2069 1530 2100 consubstantiali
1545 2069 1663 2099 sentiat.
1674 2078 1708 2100 ac
1717 2070 1835 2110 eos,qui
1847 2072 1983 2102 nondum

1157 2115 1232 2145 hanc
1247 2124 1351 2145 vocem
1372 2118 1560 2154 receperant,
1577 2113 1707 2152 benigne
1722 2118 1855 2151 excusat,
1871 2115 1944 2156 quia
1969 2126 1986 2147 a

1156 2159 1291 2191 Patribus
1306 2159 1509 2195 Antiochenis,
1528 2163 1559 2188 ut
1582 2158 1647 2198 ipse
1662 2158 1851 2199 opinabatur,
1869 2161 1986 2200 rejecta

291 2205 459 2236 districtum
486 2205 601 2236 facilius
618 2205 762 2236 oblivisci.
791 2205 821 2236 ld
854 2215 951 2236 causa;
977 2216 1044 2237 esse
1060 2204 1342 2237 cueruerat.lllud
1354 2204 1443 2234 etiam
1454 2203 1769 2243 optabantcanonicze,
1787 2208 1915 2234 utsuam
1930 2206 1987 2237 Ba-

291 2255 423 2291 acceptm
433 2260 450 2281 a
462 2250 616 2289 Pergamio
631 2249 765 2291 epistolae
782 2259 841 2280 non
852 2249 1032 2281 meminerit.
1047 2251 1111 2283 Ca3-

291 2300 386 2327 terum
399 2296 535 2326 hortatur
549 2295 738 2334 Pergamium
756 2300 788 2325 ut
808 2294 911 2335 paucis
932 2295 1031 2326 verbis
1048 2306 1113 2327 ma-

291 2349 350 2380 gna
365 2339 491 2370 crimina
501 2339 610 2370 inferre
633 2340 768 2370 desinat:
786 2339 897 2380 quippe
914 2348 982 2370 cum
1001 2341 1113 2371 amico-

291 2394 356 2416 rum
374 2384 483 2415 oblivio
496 2389 524 2416 et
534 2389 723 2424 contemptus
739 2393 773 2415 ex
786 2387 932 2424 potestate
943 2388 1025 2415 ortus
1041 2385 1115 2417 nihil

292 2430 361 2460 mali
389 2439 447 2460 non
474 2430 701 2469 complectatur.
719 2428 866 2459 Promittit
894 2437 926 2459 se
945 2438 1004 2459 non
1035 2429 1117 2470 prius

293 2474 450 2515 Pergamii,
469 2483 558 2514 quam
574 2474 621 2505 sui
633 2473 728 2514 ipsius
738 2473 913 2504 ohliturum.

333 2521 370 2550 V.
383 2518 453 2555 Quae
465 2528 553 2559 supra
562 2518 690 2549 diximus
702 2517 843 2549 Basilium
855 2517 931 2548 inter
939 2521 968 2549 et
979 2518 1116 2551 Dianium

293 2563 550 2604 intercessisse,ea
562 2564 617 2594 hoc
625 2567 760 2603 tempore
769 2562 883 2593 inimici
892 2562 971 2593 illius
979 2573 1013 2595 ex
1027 2564 1114 2595 silen-

293 2609 332 2640 tio
346 2613 376 2640 et
390 2607 541 2639 oblivione
552 2608 785 2647 exsuscitarunt,
799 2615 834 2637 ac
848 2607 927 2638 malo
938 2609 1035 2639 animo
1051 2619 1117 2640 am-

293 2653 502 2695 pliaverunt(¢l)
510 2652 649 2684 .Dixerun
656 2657 664 2682 t
672 2651 751 2683 enim
758 2651 1037 2684 anathematizatum
1047 2654 1118 2685 fuis-

291 2708 324 2730 se
334 2699 371 2730 ab
383 2708 419 2730 eo
429 2697 579 2730 Dianium:
588 2707 644 2738 qua
654 2695 804 2728 calumnia
816 2695 890 2727 nihil
901 2697 999 2738 aptius
1010 2703 1073 2729 erat
1081 2699 1118 2730 ad

333 2785 376 2860 iii
388 2784 444 2860 illi:
456 2783 512 2855 ξδ’.

331 2827 374 2907 i3
389 2827 450 2906 Ed:
460 2827 514 2897 32’:

1156 2249 1240 2280 silius
1254 2249 1433 2280 sententiam
1450 2248 1580 2287 aperiret
1592 2248 1629 2278 de
1646 2248 1681 2278 iis
1691 2247 1741 2288 qui
1751 2248 1896 2288 Spiritum
1908 2249 1986 2281 Filio

1157 2297 1343 2334 praeponuut,
1360 2297 1411 2324 aut
1427 2294 1514 2324 Patre
1525 2292 1724 2332 antiquiorem
1738 2296 1852 2333 putant.
1871 2294 1985 2326 Morem

1157 2339 1199 2370 eis
1214 2338 1346 2369 libenter
1357 2338 1458 2378 gessit.
1476 2337 1534 2369 Sed
1548 2346 1602 2368 cur
1617 2337 1673 2368 hoc
1688 2336 1725 2368 ab
1746 2346 1783 2368 eo
1804 2339 1986 2378 postulatum

1157 2389 1214 2420 est,
1231 2383 1289 2414 nisi
1304 2383 1376 2423 quia
1385 2383 1449 2423 ipse
1460 2382 1489 2412 in
1502 2382 1589 2421 hujus
1599 2382 1709 2412 erroris
1717 2381 1921 2421 suspicionem
1931 2393 1986 2414 vo-

1158 2428 1291 2459 cabatur.
1311 2428 1436 2468 ejusque
1451 2427 1544 2457 animi
1559 2426 1724 2457 moderatio
1745 2427 1775 2457 in
1791 2426 1986 2459 defendenda

1158 2474 1251 2504 sancti
1264 2473 1391 2514 Spiritus
1404 2471 1560 2502 divinitate
1568 2471 1604 2502 ab
1613 2471 1745 2502 inimicis
1758 2471 1988 2512 requirebatur?

1159 2519 1245 2549 Hunc
1254 2519 1332 2549 enim
1341 2526 1472 2549 errorem
1481 2516 1647 2547 acrioribus
1656 2516 1832 2548 adversariis
1842 2526 1987 2557 pneuma-

1159 2564 1288 2594 tomachi
1305 2573 1338 2594 ac
1355 2561 1529 2593 nominatim
1546 2562 1605 2602 ipsi
1622 2561 1732 2593 Basilio
1743 2562 1934 2599 aiIiuxerunt,
1952 2568 1990 2594 ut

1162 2609 1360 2650 perspicimus
1369 2618 1404 2639 ex
1416 2607 1546 2648 epistola
1557 2608 1612 2639 951
1620 2607 1759 2639 .Videtur
1766 2617 1836 2647 ergo
1849 2608 1912 2640 haec
1924 2610 1974 2650 epi
1983 2628 1990 2632 -

1159 2655 1236 2686 stola
1248 2663 1315 2686 cum
1334 2652 1515 2694 precedenti
1531 2658 1561 2684 et
1574 2653 1664 2684 rebus
1673 2657 1702 2684 et
1715 2657 1850 2693 tempore
1860 2654 1989 2694 conjun-

1160 2699 1268 2740 genda.
1280 2699 1383 2739 Neque
1398 2697 1527 2729 obscura
1541 2702 1586 2729 est
1596 2698 1682 2736 ratio,
1700 2707 1754 2729 cur
1769 2697 1844 2728 nihil
1855 2697 1988 2730 Basilius

1257 2782 1354 2856 apii“.
1372 2782 1422 2821 5i,
1438 2782 1489 2815 52.
