2024 3142
729 170 822 206 νΙΤΑ
845 173 875 203 S.
900 169 1051 204 BASILII.

1678 177 1758 205 ιινιι

61 241 102 271 tio
118 249 185 271 cum
197 238 421 280 episcopis,qui
435 239 472 270 ab
489 240 553 279 ejus
568 239 756 270 ordinatione
766 244 883 271 etcom-
903 250 921 267 Α
934 237 1129 278 perspicimus
1145 247 1179 270 ex
1208 238 1255 270 bis
1279 238 1382 270 Basilii
1398 238 1435 270 ad
1460 243 1597 278 patruum
1613 238 1714 269 verbis
1728 239 1757 270 in

63 283 205 314 munione
222 283 453 320 refugerunt.At
469 282 574 314 referri
591 293 649 314 non
663 287 783 322 possunt
800 284 834 314 ad
848 283 887 314 li-

61 328 368 367 tesdejurisdictione
379 333 531 368 susceptas
540 337 608 359 cum
617 328 766 368 episcopis
777 337 887 359 secun-

61 372 107 403 da
132 372 337 412 Cappadociae.
357 372 515 402 Anthimus
532 371 624 408 enim,
643 372 692 413 qui
711 373 886 412 posterioris

61 418 150 457 hujus
163 417 360 447 dissensionis
366 417 575 457 auctorl‘uit,in
589 418 688 456 priore
699 418 813 448 amicus
824 421 887 448 erat

61 462 276 503 Basilio,eique
291 471 412 502 operam
430 461 566 499 navabat,
583 467 614 492 ut
630 466 709 501 patet
724 471 758 493 ex
776 472 823 501 ep.
838 462 888 493 58.

62 506 196 546 Tempus
212 506 300 537 etiam
322 507 434 546 optime
448 507 582 546 quadrat.
611 505 684 537 Nam
710 506 889 537 simultatem

62 561 131 582 cum
149 551 299 591 episcopis
314 551 508 592 Cappadociae
525 552 717 591 compositam
734 551 826 582 fuisse
845 557 890 582 te—

65 601 161 626 statur
174 596 337 635 Gregorius
352 596 552 627 Nariauzenus
569 597 785 637 (a),antequam
803 597 889 628 Basi-

65 640 123 671 lius
138 641 176 672 de
196 641 388 681 paciﬁcandis
402 641 547 672 Ecclesiis
559 646 659 681 ageret
676 651 742 672 cum
757 641 890 673 Athana-

64 686 121 723 sio;
133 685 210 725 quod
227 686 384 716 consilium
401 687 530 726 suscepit
545 696 622 716 anno
636 687 687 717 37!
699 685 790 718 .ldem
803 694 890 726 pror-

63 739 116 761 sus
133 735 250 770 tempus
264 730 476 770 assignandum
489 731 525 761 iis
536 740 602 771 quae
617 730 759 761 Basilium
772 731 848 761 inter
858 739 892 760 ac

62 774 240 813 Gregorium
254 781 390 815 patruum
405 775 540 815 aliosque
556 775 894 815 episcopos,interprete

63 824 93 851 et
108 825 268 859 sequestro
281 819 442 860 Nyssseno,
459 824 540 860 gesta
555 820 803 859 sunt.Gregorius
814 823 893 851 enim

929 283 1052 322 epistola
1068 283 1214 323 sequenti:
1231 284 1396 315 Continere
1407 292 1456 315 me
1470 283 1602 324 amplius
1613 292 1681 314 cum
1698 292 1760 315 non

928 336 1056 366 passem,
1070 331 1155 367 prior
1168 331 1242 368 rupi
1257 337 1370 359 vocem.
1393 329 1469 360 Nam
1482 338 1549 359 cum
1561 337 1630 359 eum
1648 328 1760 359 intimis

929 372 1068 403 sensibus
1081 375 1205 411 angeret
1220 373 1283 403 haec
1290 372 1537 411 dissensio,nihil
1546 372 1608 413 jam
1620 377 1761 404 cunctan-

931 416 1003 446 dum
1014 426 1080 447 esse
1093 421 1175 448 ratus
1191 417 1242 457 (ὁ),
1260 417 1364 449 scribit
1378 417 1413 448 ad
1440 422 1590 458 patruum,
1618 418 1706 458 eique
1730 417 1759 447 in

935 460 1110 491 memoriam
1122 466 1241 493 revocat
1252 467 1407 503 paternum
1418 462 1502 492 illum
1515 462 1660 496 animum.
1671 471 1759 502 quem

934 505 990 536 sibi
1008 514 1060 545 per
1077 509 1166 536 totam
1183 508 1271 537 vitam
1299 506 1484 538 exhibuerat.
1511 506 1694 544 Obtestatur,
1727 511 1759 537 ut

934 559 1001 579 cum
1017 559 1072 589 pax
1089 554 1118 580 et
1133 551 1328 582 mansuetudo
1340 551 1469 591 propriae
1488 551 1547 581 sint
1558 551 1640 582 illius
1665 551 1759 581 animi

933 594 1033 630 dotes,
1053 595 1173 625 modum
1191 595 1323 634 imponat
1334 594 1470 626 tristibus
1486 595 1588 632 rebus,
1605 596 1712 626 ducem
1725 605 1758 626 se

933 638 999 669 aliis
1012 638 1148 678 praebens
1158 640 1194 670 ad
1208 640 1331 680 optima,
1343 641 1466 671 minime
1481 649 1550 671 vero
1566 640 1655 671 alium
1669 640 1704 670 ad
1721 640 1759 670 il-

935 683 1014 714 licita
1024 683 1241 724 sequens,Nam
1254 694 1307 715 nec
1317 685 1390 716 alios
1399 685 1558 725 episcopos
1568 686 1676 715 decere
1685 685 1760 715 hanc

935 728 1167 766 dissensionem,
1185 729 1237 759 sed
1256 729 1352 769 ipsum
1372 729 1498 760 maxime
1512 729 1677 770 dedecere;
1694 739 1760 761 cum

937 774 1100 812 praesertim
1115 773 1224 804 malum
1236 783 1294 804 non
1304 784 1362 805 uno
1373 775 1472 814 aliquo
1485 774 1760 814 circumscribatur,

936 817 988 847 sed
1006 822 1080 848 totas
1093 818 1225 849 civitates
1236 825 1266 850 et
1283 819 1408 859 populos
1428 819 1525 851 ltedat.
1540 820 1633 859 Rogat
1649 819 1762 860 itaque,

65 866 227 906 Nyssenus,
240 865 290 905 qui
306 865 466 906 episcopus
478 865 571 896 factus
585 869 630 896 est
639 874 717 896 anno
734 866 787 896 371
800 874 894 902 ,non-
938 867 971 892 ut
986 862 1049 892 sive
1066 863 1229 894 Caesaream
1247 863 1405 904 veniendo,
1419 864 1481 894 sive
1493 864 1666 904 scribendo,
1700 864 1762 895 sive

67 911 138 941 dum
156 910 233 940 hanc
249 909 422 948 dignitatem
438 910 564 950 adeptus
579 914 653 949 erat,
667 914 697 940 et
717 918 783 941 cum
801 919 847 945 eo,
866 915 897 941 ut
909 907 926 932 Β
940 906 975 937 ad
988 916 1020 937 se
1034 907 1228 944 accersendo.
1246 907 1309 939 siVe
1324 917 1505 948 quocunque
1520 908 1578 939 alio
1595 910 1694 949 modo,
1711 918 1762 940 re-

63 955 196 994 negotiis
215 955 360 995 curisque
378 964 479 992 vacuo,
497 955 663 995 expostulat
677 954 802 986 Basilius
817 955 896 995 quod

63 1000 101 1030 ad
119 1009 151 1030 se
165 999 317 1030 difficilem
331 1003 358 1029 et
376 1000 530 1030 molestam
545 1001 634 1030 vitam
660 999 823 1037 ingressum
840 1008 896 1030 au-

69 1045 140 1074 xilio
155 1054 214 1074 non
230 1043 457 1079 veniat.Qutbus
471 1044 559 1074 etiam
577 1043 674 1073 verbis
687 1043 804 1074 initium
816 1042 896 1082 epis-

65 1094 193 1129 copatus
216 1090 288 1119 satis
316 1088 439 1119 indicat.
467 1087 632 1128 Nyssenum
668 1087 788 1128 quidem
816 1092 898 1118 vocat

72 1134 296 1174 «ἶεςσιμώτπον,
309 1132 704 1164 reuererendissimum.Sed
720 1132 798 1163 hunc
807 1132 899 1162 hono-

70 1187 136 1210 rem
154 1178 347 1218 presbyteris,
361 1184 392 1208 ut
411 1177 551 1208 observat
566 1176 787 1217 Tillemontius,
804 1179 898 1208 inter-

71 1221 143 1252 dum
159 1222 331 1257 defert,imo
343 1222 415 1262 ipsis
426 1231 640 1261 nonnunquam
659 1221 752 1260 laicis,
765 1227 797 1251 ut
815 1220 899 1251 initio

71 1267 208 1304 epistolas
223 1267 272 1297 71.
291 1266 443 1297 Immerito
456 1275 527 1305 ergo
545 1266 607 1296 haec
618 1265 825 1296 Tillemontius
847 1274 898 1296 re-

71 1311 130 1341 fert
145 1311 182 1341 ad
199 1320 309 1341 annum
325 1311 379 1342 371
402 1315 431 1342 et
447 1310 515 1342 372.

114 1355 188 1386 Rem
205 1359 304 1386 autem
320 1358 362 1386 sic
386 1359 563 1386 transactam
593 1355 674 1386 fusse
698 1355 842 1386 discimus
863 1363 899 1385 ex

72 1400 202 1440 epistola
211 1401 251 1432 58
261 1399 360 1430 Basilii
371 1405 400 1431 et
411 1399 527 1431 duabus
543 1399 900 1440 sequentibusNyssenus

73 1445 230 1485 epistolam
247 1453 335 1476 unam
351 1444 449 1475 attulit
475 1444 592 1483 Basilio,
608 1449 638 1474 ut
652 1454 668 1475 a
684 1447 834 1475 communi
853 1454 899 1484 pa-

73 1494 141 1520 truo
154 1489 298 1529 Gregorio
324 1489 476 1529 scriptam:
494 1488 700 1520 Gratissimum
724 1489 753 1519 id
770 1489 878 1520 Basilio
890 1513 898 1527 ,

941 951 1073 981 medium
1088 952 1209 992 allqnod
1226 953 1342 983 alferat.

978 995 1041 1027 Non
1057 996 1154 1027 caruit
1168 1001 1270 1037 optato
1287 998 1366 1028 exitu
1391 1002 1447 1028 tam
1476 998 1604 1038 insignis
1624 998 1763 1030 omnibus

940 1041 1094 1072 cbaritatis
1104 1042 1239 1072 numeris
1256 1041 1392 1082 epistola.
1411 1041 1565 1073 Venerunt
1576 1052 1592 1074 a
1604 1048 1708 1083 patruo
1720 1044 1758 1074 lit-

941 1085 1255 1126 teras,perGregorium
1266 1087 1386 1117 fratrem
1394 1086 1501 1123 allatae,
1515 1096 1581 1127 qua;
1591 1092 1620 1118 et
1630 1088 1762 1119 animum

941 1129 978 1160 ad
993 1131 1231 1170 componendam
1245 1131 1464 1162 dissensionem
1479 1132 1697 1172 paratissimum
1719 1134 1763 1163 si-

940 1174 1131 1215 gniﬁcabant,
1144 1179 1234 1215 atque
1247 1176 1335 1206 etiam
1348 1176 1489 1207 Basilium
1509 1176 1713 1215 hortabantur,
1733 1182 1765 1207 ut

941 1220 1035 1257 fratri,
1053 1220 1100 1250 cui
1112 1219 1263 1252 subiratus
1279 1230 1345 1251 esse
1355 1220 1512 1252 videbatur
1524 1221 1561 1252 ob
1585 1223 1763 1253 commenti-

941 1265 995 1295 tias
1005 1264 1158 1302 epistolas,
1176 1264 1251 1295 iram
1265 1265 1431 1296 redonaret.
1458 1265 1543 1296 Unde
1568 1265 1696 1297 Basilius
1727 1267 1763 1307 (ε)

941 1309 1078 1350 protinus
1093 1309 1129 1340 ad
1142 1313 1276 1349 patruum
1293 1309 1613 1350 rescribens,declarat
1623 1320 1656 1341 se
1669 1310 1766 1342 fratris

940 1358 1101 1394 conspectu
1118 1358 1148 1385 et
1160 1358 1248 1384 antea
1263 1353 1441 1386 delectatum
1460 1355 1563 1388 fuisse,
1579 1361 1607 1385 et
1631 1355 1766 1396 proxime

941 1399 1021 1429 illius
1032 1398 1159 1429 adventu
1171 1408 1205 1429 ex
1217 1398 1352 1439 corporis
1361 1399 1533 1430 inﬁrmitate
1545 1400 1673 1430 etanimi
1684 1400 1766 1431 dolo-

940 1443 1024 1474 ribus
1034 1448 1273 1484 recreatum,nec
1285 1443 1448 1484 quidquam
1460 1453 1477 1475 a
1491 1454 1524 1475 se
1533 1445 1626 1485 magis
1634 1445 1764 1475 alienum

942 1497 1019 1525 esse,
1032 1497 1119 1528 quam
1127 1487 1296 1519 inimicitias
1304 1497 1410 1528 gerere
1421 1498 1491 1519 cum
1503 1488 1765 1530 propinquis.Cum

72 1534 231 1574 epistolam
242 1533 375 1565 ostendit
392 1533 528 1574 plurtbus
540 1537 694 1569 amicis,ac
717 1533 778 1564 Deo
794 1535 902 1573 gratias
911 1565 930 1574 η
942 1536 1041 1563 autem
1053 1532 1091 1563 de
1106 1532 1305 1564 dissensionis
1317 1543 1404 1564 causa
1419 1534 1546 1565 obscure
1559 1534 1678 1565 locutus
1689 1540 1768 1566 esset

72 1565 147 1618 egit.
166 1581 201 1609 At
216 1582 274 1609 cito
288 1565 507 1618 deprehensum
522 1582 566 1610 est
579 1565 931 1618 cominentum,vsequec
945 1582 1078 1617 patruus,
1090 1577 1253 1617 respondet
1268 1578 1394 1609 Basilius
1411 1587 1444 1609 se
1460 1587 1520 1618 prae
1535 1578 1653 1609 inscitia
1668 1579 1767 1610 minus

75 1626 154 1656 hanc
169 1624 323 1664 epistolam
337 1624 492 1664 scripsisse
506 1623 667 1663 Gregorius
680 1626 837 1664 episcopus
849 1632 902 1654 ne-
945 1622 1114 1661 intelligere
1125 1622 1194 1662 quid
1208 1622 1264 1653 sibi
1281 1622 1372 1653 velint
1383 1632 1448 1663 quas
1459 1628 1525 1653 acta
1541 1627 1766 1655 suntzcteterum

77 1668 296 1707 gavit.'l‘erram
312 1668 365 1699 sibi
382 1668 540 1699 dehiscere
552 1667 669 1708 optabat
683 1667 819 1699 Basilius:
829 1668 903 1699 adeo
944 1667 1065 1698 fratrem
1081 1676 1098 1697 a
1110 1675 1142 1697 se
1153 1671 1287 1698 coactum
1300 1677 1358 1697 non
1369 1667 1460 1699 fuisse
1474 1667 1634 1708 quidquam
1648 1668 1709 1700 viva
1720 1678 1766 1699 vo-

81 1714 126 1745 illi
142 1715 198 1745 hoc
214 1714 326 1744 fraudis
342 1718 371 1744 ot
383 1713 529 1744 mendacii
553 1713 696 1753 probrum
712 1713 901 1754 displicebat.
944 1719 979 1741 ce
994 1710 1106 1751 dicere,
1117 1714 1274 1750 propterea
1286 1711 1364 1752 quod
1383 1721 1439 1743 nec
1455 1716 1544 1742 antea
1558 1712 1652 1752 ipsius
1668 1722 1768 1744 sermo

77 1759 146 1790 Alia
157 1768 260 1789 rursus
275 1758 364 1790 allata
372 1758 509 1798 epistola,
526 1761 560 1788 ut
574 1758 601 1788 al
617 1758 757 1798 episcopo
785 1762 900 1798 patruo,
945 1755 1073 1787 veritatis
1091 1755 1259 1787 testimonio
1275 1757 1468 1787 conﬁrmatus
1480 1756 1589 1788 fuerat.
1601 1757 1707 1788 Nescio
1716 1767 1770 1789 cur

78 1813 135 1845 per
154 1804 282 1835 Asterim
309 1803 434 1844 Nysseni
455 1803 611 1834 famulum.
630 1803 674 1834 Ne
690 1803 766 1833 hanc
781 1803 902 1843 quidem
945 1800 1155 1845 Tillemontius
1171 1800 1216 1831 bis
1231 1799 1406 1840 Gregorium
1424 1810 1441 1832 a
1457 1805 1573 1842 patruo,
1590 1806 1656 1843 post
1679 1812 1768 1835 acce—

81 1844 154 1880 vere
179 1848 296 1879 miserat
318 1849 489 1889 episcopus,
514 1848 604 1887 idque
619 1847 729 1878 Basilio
744 1847 905 1878 Anthimus
945 1849 1024 1885 ptam
1041 1844 1138 1876 Basilii
1154 1845 1325 1885 epistolam,
1350 1846 1473 1877 missum
1490 1846 1583 1878 fuisse
1609 1847 1768 1879 existimet.

79 1893 246 1933 Tyanensis
260 1893 418 1934 episcopus
432 1893 628 1924 renuntiavit.
643 1891 777 1924 Tertium
808 1892 906 1923 attulit
945 1889 998 1921 His
1009 1890 1089 1920 enim
1106 1889 1216 1930 verbis,
1226 1891 1264 1921 Et
1280 1894 1373 1922 antea
1389 1891 1516 1923 libenter
1537 1891 1677 1923 videbam
1701 1892 1768 1931 fra-

78 1938 204 1979 Nysseui
219 1938 345 1969 famulus
371 1938 580 1969 Adamantius.
598 1939 673 1969 Tum
691 1946 759 1968 vero
776 1938 901 1968 Basilius
943 1940 1018 1967 trem
1029 1943 1169 1966 meum...
1180 1935 1408 1966 etnunceodem
1420 1935 1526 1976 απεειιι
1548 1937 1663 1976 suscepi
1681 1936 1768 1968 adve-

77 1984 158 2015 inter
171 1983 243 2014 duas
253 1983 446 2022 cogitationes
461 1981 714 2020 haesit;videbatur
729 1982 756 2012 ei
770 1982 859 2013 ﬁdem
873 1986 903 2012 et
943 1979 1150 2018 nientem,hoc
1158 1984 1270 2010 tantum
1283 1979 1394 2011 indicat
1402 1979 1530 2012 Basilius
1540 1990 1572 2012 se
1583 1981 1772 2012 fratriscons-

79 2030 226 2060 honorem
243 2029 353 2059 mereri
379 2028 501 2068 epistola
518 2036 572 2067 per
585 2027 762 2066 Gregorium
779 2027 902 2059 fratrem
945 2029 1032 2065 pcctu
1048 2032 1116 2055 cum
1134 2033 1254 2064 semper
1268 2023 1446 2055 delectatum
1468 2025 1569 2067 fuisse,
1589 2029 1651 2057 tum
1682 2029 1771 2057 etiam

79 2074 185 2111 missa;
196 2073 249 2104 sed
262 2072 308 2103 bis
320 2073 381 2112 jam
394 2072 537 2112 deceptus
552 2081 611 2102 non
626 2075 738 2111 poterat
754 2081 813 2102 non
827 2070 904 2103 difﬁ-
947 2069 1093 2111 proxime,
1105 2077 1172 2100 cum
1189 2078 1207 2100 a
1218 2074 1323 2109 patruo
1334 2069 1488 2110 epistolam
1504 2070 1634 2102 afferret.

79 2119 165 2149 dere.
189 2117 299 2149 Scribit
309 2126 379 2157 ergo
393 2116 430 2148 ad
445 2116 580 2157 fratrem,
593 2116 720 2156 ejusque
729 2115 905 2156 simplicita-
986 2113 1066 2145 Nihil
1078 2118 1201 2154 patruus
1210 2115 1353 2145 statuerat
1363 2115 1401 2145 de
1412 2124 1589 2154 congressus
1601 2119 1734 2156 tempore
1744 2120 1774 2146 et

79 2168 140 2194 tem
158 2172 226 2193 cum
238 2171 292 2193 sua
315 2166 421 2202 sponte
437 2161 611 2192 Christianis
640 2170 700 2192 non
726 2170 904 2200 congruere,
947 2159 1023 2190 loco.
1040 2158 1228 2199 Quapropter
1243 2159 1349 2190 iterum
1365 2163 1447 2199 rogat
1457 2159 1595 2200 Basilius,
1608 2164 1639 2190 ut
1651 2160 1712 2190 haec
1722 2169 1771 2191 ar-

82 2214 144 2238 tum
161 2208 249 2238 etiam
268 2207 395 2246 tempori
405 2207 528 2238 minime
538 2209 697 2237 convenire
712 2206 845 2237 declarat
862 2205 907 2237 Li-
948 2204 1037 2234 bitrio
1045 2213 1098 2234 suo
1114 2203 1254 2239 deﬁniat;
1272 2203 1328 2234 sibi
1344 2203 1424 2235 enim
1436 2208 1575 2235 statutum
1584 2213 1650 2235 esse
1661 2204 1774 2236 servire

82 2253 156 2284 bere
173 2256 274 2283 monet
284 2261 352 2283 eum
364 2251 472 2282 talibus
481 2251 606 2290 negotiis
616 2259 735 2282 manum
747 2251 907 2282 admovere
921 2248 995 2296 l)illi
1010 2248 1041 2279 in
1049 2249 1210 2296 eharitate,
1222 2249 1577 2296 siveGassareamvenire
1596 2249 1686 2286 velit;
1712 2249 1774 2280 sive

84 2307 146 2329 non
163 2297 371 2333 debuisse,aut
381 2297 486 2326 saltem
502 2295 541 2326 ad
555 2304 589 2326 se
603 2295 705 2326 venire
716 2295 908 2332 debuisse,si.
921 2292 938 2296 ”
953 2293 1100 2334 privatim,
1116 2292 1178 2323 sive
1186 2302 1252 2323 cum
1265 2293 1331 2323 aliis
1345 2293 1497 2333 congredi.
1510 2293 1586 2329 Quid
1599 2294 1709 2325 deinde
1719 2303 1775 2334 ge-

83 2345 175 2383 bique
190 2351 278 2383 opem
294 2342 373 2372 ferre
390 2351 494 2372 novam
513 2341 597 2372 vitam
628 2343 774 2380 ingresso,
791 2351 858 2379 quae
879 2347 910 2373 et
951 2342 1028 2383 stum
1040 2339 1088 2378 sit,
1101 2339 1274 2369 nescimus:
1291 2337 1344 2383 sed
1363 2337 1706 2383 minimedubium,quin
1716 2339 1774 2370 Ba-

84 2382 195 2428 corpus
210 2388 339 2418 conterit
354 2391 383 2417 et
397 2387 526 2417 animam
542 2385 671 2417 conﬁcit.
684 2385 819 2417 Tandem
829 2385 908 2417 idem
951 2382 1035 2414 silius
1046 2386 1255 2428 optatumioum
1263 2382 1413 2428 episcopis
1421 2391 1717 2424 congressum,quem
1729 2393 1776 2415 aa-

83 2433 112 2463 ei
129 2441 304 2472 responsam
321 2431 380 2470 dat,
393 2430 473 2470 quod
486 2431 547 2470 jam
565 2430 703 2471 presenti
716 2430 852 2467 dederat,
869 2430 908 2461 li-

83 2478 192 2508 benter
203 2486 236 2508 se
248 2485 314 2507 cum
341 2480 445 2515 patruo
459 2480 487 2507 et
499 2475 646 2516 episcopis
664 2483 907 2514 congressurum,

82 2522 108 2552 si
127 2526 246 2562 tempus
260 2526 290 2552 et
305 2521 401 2552 locum
414 2521 570 2560 deﬁniant,
585 2528 678 2560 seque
690 2524 722 2550 ut
739 2528 791 2560 par
806 2523 849 2550 est
857 2519 908 2550 ad-

82 2571 192 2597 vocent
209 2577 216 2596 :
230 2566 282 2597 sed
298 2565 402 2596 adesse
417 2574 450 2595 se
466 2574 523 2596 non
536 2573 634 2605 posse,
649 2564 705 2595 nisi
733 2563 820 2595 modo
833 2572 908 2595 con-

81 2612 203 2651 gruenti
219 2611 391 2642 advocatur.

126 2655 179 2688 IV.
195 2656 326 2687 Tertiam
342 2654 423 2686 illam
439 2655 592 2694 epistolam
609 2653 715 2685 merito
740 2659 909 2694 suspectam

83 2700 196 2733 Basilio
211 2700 375 2738 fuisse,nec
388 2698 533 2730 veriorem
545 2707 633 2739 quam
640 2697 715 2730 duas
726 2698 910 2739 superiores,

124 2787 169 2866 it),
180 2786 238 2870 2;:
245 2784 304 2858 1%.

952 2428 1057 2458 nandi:
1073 2426 1246 2457 vulneribus
1266 2427 1307 2467 id)
1326 2427 1526 2460 necessarium
1540 2428 1776 2469 judicabat,tan-

949 2472 1018 2503 dem
1033 2474 1214 2502 consecutus
1228 2471 1277 2508 sit,
1295 2475 1325 2503 et
1342 2477 1410 2503 ante
1422 2473 1554 2504 medium
1571 2482 1681 2504 annum
1706 2473 1776 2512 371,

949 2526 1009 2555 quo
1022 2520 1155 2556 tempore
1162 2517 1198 2547 ad
1206 2516 1646 2557 paciﬁcationemEcclesiarum
1654 2527 1778 2558 aggres-

950 2571 1001 2593 sus
1015 2565 1071 2601 est,
1082 2561 1173 2592 ﬁnem
1184 2561 1344 2593 tristissimi
1356 2561 1474 2593 dissidii
1484 2563 1653 2603 viderit,cuj
1659 2571 1694 2594 us
1706 2571 1777 2603 par—

952 2606 1056 2647 ticipes
1067 2611 1152 2638 erant
1167 2610 1234 2638 totas
1250 2606 1386 2638 civitates
1394 2611 1424 2638 et
1440 2608 1552 2648 populi,
1570 2617 1630 2639 non
1643 2608 1721 2647 quod
1732 2607 1778 2638 al-

952 2651 1060 2683 terutri
1075 2651 1153 2692 parti
1168 2651 1446 2692 studerent(neque
1458 2653 1536 2684 enim
1559 2652 1588 2682 id
1611 2652 1686 2683 dicit
1701 2651 1780 2683 Basi-

954 2696 1036 2736 lius),
1053 2696 1107 2727 sed
1118 2696 1189 2735 quia
1199 2695 1332 2737 episcopi
1355 2696 1434 2728 inter
1448 2706 1480 2729 se
1509 2697 1579 2730 sine
1603 2696 1782 2738 populorum

993 2782 1036 2862 id;
1191 2831 1224 2854 n.
1240 2821 1270 2854 2.
