2024 3142
770 120 862 154 ἯΤΛ
869 123 926 154 “6';
939 123 1090 155 BABILII.
1685 133 1785 161 1.th

87 189 189 222 fuisse
204 190 407 222 incommodis
423 189 551 226 mederi.
567 198 656 230 quam
668 189 826 221 consilium
838 188 921 220 danti
932 193 949 217 Α
962 198 1020 229 quo
1041 193 1122 227 patet
1137 190 1301 222 Palladium
1311 191 1435 223 minime
1451 195 1481 223 et
1497 201 1623 224 numero
1634 194 1788 226 obtrecta-

86 244 287 266 succensere.
314 237 467 268 Caeterum
494 239 652 266 venturum
668 244 702 265 se
725 234 871 274 promittit
893 238 924 265 et
966 238 1061 264 torum
1072 234 1175 265 Basilii
1188 235 1376 267 fuisse.ldem
1388 236 1547 268 dicendum
1561 237 1598 268 de
1611 237 1726 277 Dianio,
1738 249 1793 270 cu-

87 280 207 313 Basilio
224 280 300 312 duce
317 280 448 311 libenter
463 279 686 312 dimicaturum.
703 280 784 316 Quos
795 279 923 311 Basilius
962 278 1011 318 jus
1029 288 1063 309 rx
1075 288 1214 310 sermone
1227 285 1406 320 cognoverat
1418 281 1597 313 Athanasius
1609 282 1720 314 frustra
1732 293 1794 315 mo-

87 325 341 364 germanissimos
357 325 463 356 fratres
477 325 624 356 etamiros
638 323 926 361 vocat.hividentur
969 324 1077 354 nachos
1105 323 1303 356 Ctesarienses
1331 325 1461 358 turbari.
1487 326 1623 358 Notanda
1655 328 1791 367 ejusdem

90 368 237 414 monachi
248 369 427 401 Nazianzeni
437 369 542 410 fuisse;
554 369 647 408 idque
657 373 735 408 patet
747 368 850 414 exiliis
862 377 916 398 ver:

968 368 1103 407 epistolae
1117 368 1180 400 haec
1194 369 1284 400 verba
1299 379 1306 401 :
1326 372 1408 403 Αὐτὸς
1425 373 1472 409 μὲν
1489 373 1551 412 γὰρ,
1577 375 1613 405 ὼς
1631 373 1792 414 τεθάῤῥηκα,

90 413 138 444 bis
160 424 166 444 :
186 414 251 452 Ego
262 415 370 453 igitur.
387 416 415 446 si
434 414 562 445 necdum
588 415 678 445 istius
692 413 841 452 fratribus
854 420 926 443 mea

89 458 128 489 de
154 458 217 489 Deo
232 460 387 490 sententiis
404 459 650 499 experimentum
673 457 756 495 dedi,
782 466 822 488 ne
843 464 925 488 nunc

89 503 218 542 quidem
234 503 329 534 habeo
344 503 425 543 quod
441 503 650 543 respondeam.

133 547 273 586 Gregorii
291 547 380 578 verba
391 547 419 578 in
437 547 572 578 convivio
585 547 674 578 citata
688 546 881 587 reperiuntur
892 547 921 577 in

89 594 230 622 oratione
243 596 355 632 octava,
367 602 455 633 quam
474 591 672 632 pronuntiavit
689 600 768 622 anno
785 591 843 623 372
855 600 921 622 cum

91 635 224 675 abjectis
235 636 360 668 Sasitnis
369 636 582 668 Nazianzenam
600 636 761 668 Ecclesiam
773 635 828 667 sub
841 641 922 675 patre

89 680 257 718 regendam
274 681 482 720 suscepit.Sed
501 686 598 712 tamen
615 690 650 712 ex
664 680 762 720 aliqua
777 680 837 710 alia
852 689 922 710 ora-

91 725 175 755 tione
190 725 350 765 desumpta
368 736 446 766 esse,
462 726 568 757 merito
581 725 682 756 statuit
696 724 919 756 Tillemontius.

91 771 159 801 Non
177 771 256 800 enim
270 770 377 801 mirum
388 775 437 802 aut
448 770 672 802 incommodum
684 770 777 801 videri
790 769 922 806 debet,si

91 814 232 845 eamdem
246 816 424 846 sententiam
438 826 497 846 non
509 815 603 846 semel
617 814 804 854 usurpaverit
814 813 922 853 Grego~

967 419 1024 444 tot:
1055 413 1206 442 ὰσθενοῦπιν
1229 414 1341 448 ἀσθενὴς
1368 416 1480 456 γίνεται,
1507 416 1553 444 ἵνα
1586 417 1646 448 τοὺς
1671 413 1792 450 ἆσθενεῖξ

966 457 1093 496 κερδήσῃο
1117 459 1140 486 οἱ
1171 457 1198 486 δὲ
1223 459 1358 497 ἀγαπητοὶ
1385 462 1463 498 ἡμῶν
1480 460 1679 495 ἀποϐλέποντες
1694 463 1731 494 εἰς
1746 464 1792 491 τὸν

966 504 1065 530 σκοπὸν
1081 505 1130 536 τῆς
1145 503 1270 536 ἀληθείας
1286 505 1376 544 αὑτοῦ,
1401 507 1444 533 καὶ
1460 505 1509 539 τὴν
1535 506 1698 543 οἰκονομίαν,
1714 506 1790 540 δοξα-

965 547 1080 581 ζέτωταν
1096 548 1141 576 τόν
1156 548 1251 587 Κύριον
1266 549 1312 576 τόν
1323 548 1455 579 δεδωκότα
1471 553 1503 588 τῇ
1520 549 1691 587 Καππαδοκίᾳ
1702 555 1790 581 τοιοῦ-

965 601 1010 618 τον
1026 591 1182 631 ἐπίσκοπον,
1200 593 1261 620 οἷον
1290 594 1334 621 καὶ
1362 594 1462 628 Eidem
1488 595 1565 634 χώρα
1580 593 1653 634 ἔχειν
1668 594 1789 635 εὔχεται.

965 634 1029 674 Ipse
1045 636 1128 666 enim
1146 636 1311 677 (Basilius),
1328 641 1364 667 ut
1379 638 1578 677 conﬁdo,cum
1593 634 1726 677 inﬁrmis
1739 641 1790 670 in-

965 681 1154 717 ﬁrmatur,ut
1166 681 1303 719 inﬁrmos
1317 681 1618 721 luerifaciatﬂilecti
1627 687 1728 714 autem
1738 692 1790 716 no-

963 725 1024 754 stri
1034 725 1215 764 recipientes
1227 726 1267 756 ad
1277 728 1462 766 propositum
1474 728 1609 758 veritatis
1623 727 1790 760 illiusetm-

964 770 1144 806 couomiam,
1160 769 1329 809 gloriﬁcent
1347 772 1522 809 Dominum,
1535 772 1589 811 qui
1603 771 1695 803 talem
1709 773 1790 805 dedit

963 814 1162 853 Cappadocia
1178 817 1484 856 episcopum,qualem
1499 825 1691 857 unaquaque
1705 818 1789 858 regio

91 861 166 895 rius.
185 869 252 890 cum
266 860 430 899 praesertim
447 865 536 892 totam
559 861 634 890 hanc
649 859 815 896 historiam,
831 868 918 899 quam
963 859 1046 898 cupit
1067 858 1185 891 habere.
1201 860 1233 891 In
1245 860 1384 891 eamdem
1411 861 1586 892 sententiam
1604 862 1635 893 S.
1653 862 1788 894 Athana-

92 904 182 934 modo
196 904 466 942 narravimus,huic
479 915 556 936 anno
566 905 618 935 371
636 904 814 935 necessariae
826 904 919 934 ratio-
933 899 950 924 Β
962 903 1022 933 sius
1034 903 1199 943 loquiturin
1212 904 1338 944 epistola
1348 904 1385 935 ad
1395 905 1538 935 Joannem
1548 909 1578 936 et
1589 905 1787 939 Antiochum:

92 957 147 978 nes
160 948 303 980 addicant
319 950 435 980 Nullam
453 950 533 981 enim
550 949 630 980 aliud
643 954 760 989 tempus
776 949 918 988 occurrit,

90 993 121 1023 in
133 1003 194 1033 quo
209 993 368 1024 instantem
387 995 503 1026 hostem
515 995 731 1034 exspectaverit
745 993 920 1030 Basilius,et

91 1037 232 1068 exsilium
246 1043 296 1068 aut
310 1039 423 1080 aliquid
440 1039 556 1079 gravius
569 1049 604 1070 ex
621 1039 723 1079 praelio
740 1037 917 1077 speraverit.

91 1082 694 1123 AppropinquantemValentisadventum
702 1082 836 1122 designat
847 1083 919 1114 Gre-

92 1126 196 1166 gorius
208 1129 259 1164 (α).
277 1137 343 1158 cum
360 1128 401 1158 ait
411 1128 441 1159 iu
459 1129 602 1165 convivio,
616 1128 722 1167 ingens
734 1128 817 1158 circa
830 1127 919 1158 Basi-

92 1171 200 1202 sitium
209 1180 270 1203 esse
279 1171 515 1214 bellum,vioinis
526 1172 768 1212 omnibuscaptis
774 1176 804 1202 et
813 1172 919 1211 subju—

89 1219 184 1253 gatt‘s.
191 1217 378 1254 l'raeterea,si
381 1218 442 1257 jam
452 1217 580 1249 Basilius
588 1226 654 1248 cum
662 1216 788 1247 Valente
795 1215 821 1256 ej
828 1225 920 1256 usque

93 1260 241 1291 ministris
266 1267 438 1301 pugnasset,
457 1273 527 1293 num
545 1262 667 1302 ignavias
689 1261 804 1292 crimen
829 1260 918 1291 futuri

93 1305 189 1344 ltrzelii
206 1306 405 1345 promissione
421 1308 597 1347 repelleret?
614 1306 727 1342 Quibus
743 1306 822 1336 enim
838 1305 918 1336 illius

93 1350 183 1380 iidem
202 1351 353 1390 praeterita
367 1352 533 1384 certamina
544 1361 604 1383 non
613 1350 919 1392 approbassent,mul-

95 1399 122 1425 to
140 1395 238 1425 minus
260 1396 392 1426 nondum
420 1397 581 1428 commissa
595 1395 808 1436 approbarent.
825 1395 917 1425 Aliam

92 1439 174 1470 addit
207 1441 356 1472 rationein
387 1442 592 1473 Tillemontius
610 1451 617 1472 :
636 1440 752 1472 scilicet
777 1440 917 1471 Basilium

94 1489 159 1524 post
170 1484 359 1516 Sasimenses
374 1486 523 1516 molestias
536 1487 636 1517 dicere
649 1495 708 1515 non
726 1486 870 1524 potuisse,
889 1492 920 1514 se

91 1529 207 1560 nullius
220 1530 321 1560 sibiin
338 1530 516 1571 Gregorium
532 1539 629 1571 neque
640 1530 730 1570 parvi
741 1537 839 1569 neque
851 1537 917 1559 ma-

963 948 1030 976 Πύνυ
1056 947 1083 976 δὲ
1113 950 1267 986 τεθαύμακα
1297 950 1347 983 τὴν
1376 951 1524 989 θρασύτητα
1544 954 1598 978 τῶν
1625 950 1788 988 τολμώντων

961 991 1055 1020 λαλεῖν
1077 994 1146 1021 κατὰ
1176 999 1223 1023 τοῦ
1251 995 1394 1033 ἀγαπητοῦ
1411 995 1501 1032 ἡμῶν,
1518 998 1564 1023 τοῦ
1593 994 1697 1028 ἀληθῶς
1723 998 1788 1025 Θεοῦ

961 1036 1064 1074 δούλου,
1083 1038 1232 1067 Βασίλειίου
1250 1043 1295 1068 τοῦ
1311 1040 1468 1068 intexti-now
1485 1041 1515 1067 ὲκ
1530 1040 1579 1079 γὰρ
1601 1040 1649 1074 τῆς
1662 1041 1786 1076 τοίαύτης

962 1081 1088 1121 ιρλυαρίας
1116 1082 1274 1123 ἐλέγχεσθαι
1299 1083 1467 1120 δυνήσονται,
1492 1085 1528 1117 ὡς
1554 1083 1612 1112 οὒδὲ
1629 1086 1682 1112 τῶν
1705 1087 1788 1115 Πατέ-

962 1137 1014 1166 ρων
1026 1127 1182 1166 ἀγαπῶντες
1198 1129 1246 1161 τὴν
1256 1128 1544 1168 ὁμολογίπνοοηιηέηο
1554 1129 1649 1159 miror
1660 1131 1785 1162 temeri-

964 1175 1054 1202 [atem
1072 1180 1189 1209 eorum,
1206 1173 1259 1212 qui
1282 1173 1390 1204 dilecto
1413 1177 1530 1210 nostro,
1541 1182 1611 1204 vero
1623 1173 1680 1205 Dei
1688 1173 1786 1214 famu-

962 1215 1004 1256 to,
1022 1217 1137 1247 Basilio
1153 1219 1288 1257 episcopo
1300 1217 1481 1249 obstrectare
1496 1218 1611 1249 audent
1625 1228 1631 1249 :
1645 1227 1686 1248 ex
1709 1220 1785 1250 tali-

961 1260 1014 1291 bus
1030 1263 1111 1292 enim
1126 1263 1217 1301 nugis
1234 1264 1327 1302 argui
1340 1266 1494 1302 poterunt,
1507 1262 1588 1302 quod
1599 1271 1639 1293 ne
1659 1263 1785 1295 Patrum

959 1305 1075 1344 quidem
1092 1306 1224 1346 diligant
1239 1308 1470 1347 confessionem.

1001 1350 1168 1381 Palladium
1186 1351 1336 1382 existimat
1350 1351 1559 1382 Tillemontius
1572 1361 1640 1382 eum
1654 1361 1720 1383 esse
1735 1354 1784 1393 qui

960 1394 1080 1434 scripsit
1098 1395 1190 1426 Vitam
1208 1396 1301 1426 sancti
1314 1395 1420 1427 Jonnis
1436 1396 1647 1436 Chrysostomi.
1672 1398 1700 1428 ls
1716 1406 1782 1428 cum

961 1439 1221 1471 lnnocentio.ltalo
1227 1440 1389 1471 solitariam
1396 1441 1482 1471 vitam
1491 1440 1654 1479 agebat.Ad
1666 1445 1783 1473 utrum-

960 1493 1019 1523 que
1030 1488 1124 1515 exstat
1136 1485 1237 1516 Basilii
1253 1485 1380 1525 epistola
1395 1485 1465 1517 6259.
1481 1486 1659 1517 Antiochum
1682 1490 1782 1518 autem

961 1529 1121 1559 verisimile
1143 1534 1188 1560 est
1200 1529 1294 1560 sancti
1316 1529 1437 1561 Eusebii
1452 1530 1668 1561 Samosatensis
1684 1531 1783 1562 fratris

87 1575 164 1614 juris
179 1575 283 1605 delicti
298 1584 360 1605 esse
372 1577 538 1607 conscium.
555 1575 613 1607 Sed
628 1584 686 1605 non
702 1574 769 1604 vide
792 1583 844 1604 cur
856 1574 916 1604 Ba-
927 1577 947 1601 C
961 1572 1052 1603 tilium
1071 1583 1148 1610 esse.
1165 1574 1203 1604 de
1219 1584 1277 1614 quo
1294 1574 1370 1606 alius
1386 1579 1525 1605 occurret
1535 1574 1654 1605 dicendi
1666 1575 1760 1607 locus.

93 1619 176 1650 silius
188 1619 277 1650 etiam
295 1625 361 1659 post
379 1620 479 1652 turbas
490 1620 675 1652 Sasimenses
686 1619 762 1650 hanc
776 1618 916 1649 amicitias

93 1672 242 1704 nunquam
255 1664 373 1695 violata:
385 1665 502 1696 laudem
515 1664 572 1696 sibi
581 1663 732 1695 vindicare
744 1672 802 1693 non
815 1666 915 1702 potue-

93 1710 211 1743 rit,cum
226 1709 391 1747 praesertim
404 1710 467 1749 ipse
482 1708 645 1748 Gregorius
658 1707 792 1748 pluribus
804 1707 914 1744 locistb)

92 1753 168 1783 dicat
181 1753 343 1784 amicitiam
361 1755 417 1785 hac
431 1757 461 1785 in
477 1764 509 1785 rc
532 1753 675 1785 Basilium
705 1752 826 1793 Spiritui
844 1762 914 1792 pos-

91 1798 257 1828 thabuisse.

133 1841 170 1872 V.
184 1842 398 1874 Monachorutn
421 1843 458 1874 de
481 1842 589 1874 Basilio
613 1842 744 1883 querelae
760 1841 795 1872 ad
819 1840 915 1872 sancti

91 1886 651 1928 Athanasiiaurespervenerunt,eique
668 1886 855 1917 occasionem
867 1887 917 1917 de-

90 1929 198 1960 derunt
213 1930 311 1962 Basilii
322 1931 591 1963 defendendi.Nam
602 1941 668 1962 cum
681 1930 911 1970 eiDianiusqui-

90 1973 156 2004 dam
168 1974 292 2004 dixisset
308 1976 470 2006 monachos
479 1977 676 2007 Caesarienses
693 1983 875 2006 suecensere
885 1979 913 2005 et

90 2018 234 2049 obluctari
253 2019 374 2060 Basilio,
392 2021 510 2060 scripsit
522 2021 565 2051 eis
581 2020 773 2056 Athanasius,
792 2025 823 2050 ut
839 2021 910 2059 patri

90 2063 246 2093 obedirent
262 2068 399 2104 tanquam
418 2065 481 2102 filii,
499 2075 553 2096 nec
567 2066 594 2096 ei
610 2065 835 2096 obluctarentur
854 2064 910 2094 do-

89 2107 222 2140 ccnti.Si
241 2109 320 2139 enim
337 2116 494 2149 suspectus
514 2116 593 2142 esset
610 2110 738 2142 Basilius
754 2110 783 2140 in
795 2109 832 2140 iis
849 2119 912 2150 quae

89 2153 125 2183 ad
142 2153 294 2184 veritatem
307 2155 634 2194 spectant,laudahilem
647 2155 710 2186 fore
725 2164 828 2185 eorum
837 2163 912 2185 con-

90 2198 361 2229 teutionem.S'2dsi
372 2199 526 2230 conlidunt
536 2200 680 2239 (eamdem
697 2199 755 2231 sibi
772 2199 910 2230 ﬁduciam

996 1617 1075 1653 Quos
1087 1617 1267 1650 Athanasius
1277 1622 1362 1650 vocat
1378 1618 1579 1649 Ctesarienses
1593 1620 1754 1650 monachos
1771 1644 1779 1661 ,

957 1662 1040 1693 valde
1055 1662 1156 1693 dubito
1168 1667 1266 1694 utrum
1282 1672 1317 1694 ex
1331 1662 1506 1694 Caesariensi
1522 1664 1702 1694 monasterio
1713 1664 1781 1695 fue-

956 1706 1066 1746 rint,an
1084 1716 1118 1737 ex
1132 1707 1198 1738 aliis
1214 1707 1409 1748 Cappadociae
1422 1707 1701 1739 mouasteriis.Nam
1716 1708 1780 1740 Ca3-

958 1751 1105 1782 sarienses
1121 1757 1227 1783 ascetae
1241 1752 1362 1783 videntu
1377 1752 1485 1784 Basilio
1495 1762 1616 1793 semper
1629 1753 1780 1784 amicissi-

959 1797 998 1827 mi
1011 1796 1123 1835 fuisse;
1140 1802 1247 1828 etcum
1269 1796 1375 1828 factam
1400 1797 1427 1828 ei
1442 1797 1479 1828 ab
1494 1797 1622 1828 Eusebio
1639 1798 1780 1838 episcopo

960 1841 1097 1880 injuriam
1110 1841 1186 1872 ultra
1201 1842 1297 1881 legem
1315 1846 1344 1872 et
1369 1842 1491 1873 modum
1506 1842 1707 1879 defenderint,
1725 1852 1779 1874 eo-

962 1896 1087 1926 rumque
1102 1886 1232 1916 studium
1257 1886 1397 1918 enituerit
1422 1887 1451 1917 in
1476 1886 1677 1926 promovenda
1701 1887 1781 1918 illius

957 1930 1283 1966 electione;verisimile
1291 1940 1350 1961 non
1358 1935 1402 1961 est
1411 1934 1467 1961 tam
1477 1931 1535 1962 cito
1545 1940 1596 1962 eos
1603 1931 1639 1961 ab
1648 1931 1699 1962 illo
1706 1931 1780 1962 aba-

955 1975 1079 2005 lienalos
1088 1975 1223 2015 fuisse,et
1231 1975 1356 2015 ignaviae
1362 1976 1477 2006 crimen
1486 1975 1704 2015 intulisse,tum
1712 1985 1780 2007 cum

953 2029 985 2049 se
999 2020 1034 2049 ad
1052 2020 1258 2058 gravissimum
1271 2024 1422 2051 curtamen
1435 2020 1555 2050 fortiter
1567 2025 1696 2059 pararet.

994 2066 1105 2095 Praeter
1121 2065 1174 2094 hos
1185 2065 1437 2104 reprehensores,
1454 2065 1505 2095 alii
1521 2064 1609 2095 etiam
1626 2065 1704 2096 inter
1721 2066 1779 2096 Ca-

955 2109 1079 2139 tholicos
1091 2109 1296 2149 exstitere,qui
1309 2112 1337 2139 et
1349 2109 1485 2139 Basilium
1496 2114 1523 2139 et
1534 2108 1707 2148 Gregorium
1720 2119 1780 2140 non

955 2152 1130 2187 timiditatis,
1146 2153 1199 2183 sed
1226 2153 1386 2193 impietatis
1408 2158 1595 2190 accusarent,
1612 2163 1646 2184 ac
1670 2162 1708 2183 ne
1730 2154 1779 2193 pie

954 2198 1073 2237 quidem
1087 2197 1167 2237 l0qui
1179 2197 1403 2234 existimarent;
1426 2208 1484 2228 non
1498 2197 1577 2237 quod
1593 2197 1778 2228 divinitatem

90 2251 157 2273 esse
171 2242 296 2280 ait/eum
308 2252 374 2274 esse
390 2243 481 2274 dectis
502 2251 530 2275 et
547 2248 755 2275 ornamentum
771 2244 913 2274 Ecclesia:
925 2243 1050 2280 Dsancti
1063 2242 1192 2281 Spiritus
1208 2242 1244 2272 ab
1258 2243 1301 2272 eis
1323 2246 1435 2281 negari,
1454 2242 1506 2272 sed
1524 2241 1620 2281 Ροιίυε
1636 2241 1713 2280 (ἰυοά
1726 2250 1778 2273 θοε

88 2296 124 2316 ac
136 2287 226 2325 magis
253 2296 305 2326 pro
329 2288 449 2318 veritate
464 2293 590 2326 certare,
609 2294 637 2319 et
649 2298 700 2320 eos
711 2288 760 2329 qui
777 2288 913 2319 doctrina

89 2331 224 2370 indigent
239 2331 367 2362 edocere
382 2342 389 2369 ;
416 2342 599 2373 nequaquam
625 2343 692 2364 cum
709 2333 761 2364 tali
779 2332 837 2362 viro
854 2342 910 2372 pu-

88 2375 239 2415 gnandum
257 2385 334 2412 esse,
352 2377 403 2407 sed
421 2379 517 2417 potius
533 2379 639 2409 bonam
655 2377 735 2408 illius
750 2378 910 2408 conscien-

89 2418 158 2451 tiam
175 2420 479 2460 approbamlam.l\'on
497 2427 590 2454 exstat
604 2424 667 2454 tunc
681 2422 836 2454 Athanasii
850 2423 911 2462 epi-

85 2465 163 2495 stola
175 2466 210 2494 avt
229 2466 391 2497 monachos
402 2466 612 2505 Caesarienses,
627 2468 679 2498 sed
694 2468 757 2498 haec
772 2467 910 2497 eruimus

85 2520 122 2541 ex
138 2509 203 2540 aliis
218 2510 254 2539 ad
279 2509 444 2541 Palladium
462 2511 666 2552 presbyterum
683 2512 802 2546 litteris.
822 2520 911 2551 quem

83 2554 275 2589 Athanasius,
296 2556 426 2595 acceptis
452 2557 488 2586 ab
504 2556 553 2587 illo
570 2557 674 2588 eadem
689 2557 727 2588 de
742 2566 774 2587 re
793 2556 911 2593 litteris,

84 2603 180 2639 rogat,
198 2603 230 2628 ut
249 2597 312 2638 ipse
328 2598 416 2629 etiam
442 2599 555 2631 scribat
577 2601 612 2631 ad
631 2601 791 2631 monachos
814 2599 912 2630 Caesa-

86 2643 214 2681 rienses,
231 2651 266 2673 ac
283 2643 339 2673 sibi
351 2646 381 2673 in
394 2643 437 2675 eis
451 2645 608 2676 ﬂectendis
624 2654 745 2686 operam
763 2644 913 2676 navet.Ex

126 2727 169 2799 [(1%)
179 2725 265 2799 gas.
275 2736 323 2768 ep.
342 2728 389 2758 26.

167 2767 389 2799 ιηᾱαπ

154 2765 235 2808 λον.
252 2767 283 2805 5,
294 2765 334 2798 'et
347 2776 392 2799 or.
408 2767 456 2799 20.

954 2286 983 2316 in
1009 2286 1065 2316 hoc
1080 2286 1217 2326 dogmate
1234 2286 1425 2326 pmdicando
1448 2287 1566 2325 longius
1581 2285 1652 2316 ferri
1667 2285 1777 2317 crede-

953 2334 1029 2360 rent.
1043 2330 1128 2362 Unde
1145 2332 1305 2370 Gregorius
1319 2331 1356 2371 (ο)
1373 2336 1458 2371 rogat
1472 2330 1612 2362 Basiliam
1630 2334 1663 2361 ut
1674 2339 1706 2361 se
1722 2330 1779 2361 do—

953 2381 1029 2415 ceat,
1042 2384 1193 2414 quousque
1208 2379 1238 2405 in
1253 2376 1455 2416 praedicanda
1470 2375 1603 2415 Spiritus
1613 2375 1713 2406 sancti
1729 2375 1781 2406 di-

951 2420 1381 2461 oinitateprogredi,quasque
1392 2429 1477 2451 voces
1486 2423 1672 2460 usurpare,et
1681 2428 1780 2459 quou—

952 2473 1024 2503 sque
1038 2465 1203 2496 wconomia
1224 2465 1270 2496 uti
1295 2465 1467 2502 conveniat,
1485 2466 1624 2494 nimirum
1641 2467 1673 2493 ut
1696 2468 1727 2494 et
1741 2466 1780 2496 iis

955 2507 1123 2546 satisfieret,
1141 2511 1191 2549 qui
1216 2510 1343 2540 nimium
1361 2510 1466 2549 jejune
1481 2508 1663 2539 divinitatem
1685 2511 1781 2539 sancti

956 2553 1081 2592 Spiritus
1101 2553 1273 2594 prredicari,
1290 2558 1320 2585 et
1334 2553 1370 2584 iis
1382 2555 1433 2592 qui
1451 2553 1517 2594 plus
1528 2561 1614 2592 aequo
1632 2551 1715 2582 illum
1732 2561 1781 2582 ex-

957 2597 1019 2628 tolli
1031 2597 1243 2637 querebantur.
1264 2597 1408 2630 Nonnulli
1423 2598 1472 2629 his
1488 2595 1674 2637 temporibus
1699 2596 1779 2627 fere-

957 2641 1064 2673 bantur
1090 2640 1231 2682 Spiritum
1255 2647 1390 2674 sanctum
1414 2642 1494 2673 Patri
1520 2645 1554 2673 et
1573 2639 1647 2671 Filio
1661 2649 1779 2681 praepo-

997 2727 1039 2765 (c)
1053 2723 1124 2757 Naz.
1141 2735 1190 2767 ep.
1206 2726 1255 2759 26.
