2024 3142
746 150 835 185 VITA
857 153 888 183 S.
910 151 1061 184 BASILII.

1692 160 1774 186 LXXV

77 217 394 258 transferretur.quem
410 219 508 250 locum
524 223 675 258 comparat
692 218 818 250 Basilius
833 229 900 250 cum
912 225 931 249 A
942 218 996 249 Tot
1007 219 1086 250 enim
1101 219 1208 250 littera
1219 219 1248 250 in
1263 219 1359 250 aulam
1378 219 1487 256 missas,
1504 220 1642 251 nondum
1655 222 1772 253 venisse

77 262 176 294 Ceade
191 262 352 300 Laconico,
364 268 412 294 aut
426 263 573 294 baratltris
589 263 649 294 illis
670 273 736 304 quae
756 264 906 295 Cltaronia

77 306 343 344 dicebantur,tum
359 317 429 339 vero
446 317 515 348 pars
529 313 651 339 senatus
666 317 725 338 non
747 308 907 348 ignobilior

78 352 176 391 fugam
188 351 345 390 cepitcum
359 353 501 383 uxoribus
513 358 542 384 et
553 353 820 393 focis,perpetuum
831 353 906 384 exsi-

78 396 150 426 lium
165 396 235 426 huic
250 396 316 427 loco
327 397 490 437 praeferens
505 400 549 435 (α)
563 408 569 428 :
588 398 636 428 alii
648 398 768 429 abducti
779 407 814 428 eo
824 398 907 428 fuere

77 445 109 471 ut
124 441 246 479 captivi,
263 441 466 472 miserandum
479 441 618 473 omnibus
627 442 907 482 spectaculutn:ter-

78 486 117 516 tia
128 494 199 524 pars
210 486 240 515 in
260 485 334 517 urbe
350 487 454 518 relicta
470 491 527 525 est,
552 487 762 517 miserabiliter
783 496 907 526 gemens

78 529 264 568 collegarum
296 530 442 571 discessu,
474 541 508 562 ac
532 532 904 570 sustinendonegotiorum

79 575 166 605 oneri
183 583 307 614 prorsus
320 576 428 615 impar.
441 575 541 608 Civilis
557 581 650 607 cretus
664 576 701 606 ob
714 586 748 606 ea
763 585 831 615 qua:
845 585 905 606 ma-

78 619 251 657 gistratibus
269 621 450 656 acciderant,
468 622 571 652 animo
587 621 762 657 concidens,
793 621 906 651 relictis

79 663 202 694 urbanis
213 664 339 702 aedibus,
352 674 405 705 per
413 675 503 705 agros
514 671 543 696 et
553 675 622 696 rura
633 665 905 705 vagabatur.ltaque

77 709 212 739 Caesarea
224 709 253 738 in
266 709 382 740 tristem
398 710 590 742 solitudinem
602 710 722 741 redacta
736 710 907 750 erat,nullae

74 752 137 791 jam
152 758 307 784 nocturnze
318 754 543 795 lueernze,nulla
551 755 738 786 eruditorum
752 755 906 785 hominum

78 798 108 827 in
124 797 189 828 foro
205 798 366 836 colloquia,
391 802 510 830 occlusa
521 800 684 840 gymnasia,
702 799 782 830 nulla
800 808 906 830 neces—

79 843 226 873 sariarum
244 853 343 874 rerum
373 844 502 884 provisio
518 855 551 875 ac
577 845 745 885 dispositio,
772 844 824 875 sed
851 852 909 874 una

78 896 132 918 vox
147 888 339 924 audiebatur,
371 894 543 920 exactorum
573 893 604 921 et
627 898 730 921 eorum
761 898 777 920 a
802 888 928 950 quibus|

78 932 254 950 adnota“..-
285 934 395 950 η..;....,.
411 935 536 950 nanum-
548 935 739 950 -....t..|..........
929 928 938 947 ’-

78 932 266 971 exigebatur,
284 934 395 974 quique
411 935 536 974 ﬂagellis
546 935 750 965 caadebanlur.

117 977 267 1013 Quantum
284 979 398 1010 Basdio
414 979 556 1010 inusserit
571 979 693 1016 doloris,
712 979 814 1019 patriae
826 979 908 1009 cala-

78 1022 177 1058 mitas,
191 1024 319 1063 perspici
334 1028 431 1064 potest
441 1033 476 1055 ex
494 1024 589 1055 tribus
606 1025 712 1055 litteris
723 1024 766 1062 (ὁ)
781 1033 817 1054 ea
827 1023 864 1053 de
875 1032 909 1053 re

75 1066 207 1107 scriptis.
222 1069 391 1108 Antequam
401 1069 513 1100 rediret
522 1068 820 1108 Cazsaream,scripsit
834 1069 908 1098 Mar-

77 1112 205 1142 tiniano.
218 1113 280 1143 Hac
291 1114 370 1143 enim
383 1114 573 1144 excusatione
580 1114 739 1153 utitur,cur
752 1122 810 1143 non
821 1112 906 1142 illum

77 1155 177 1196 adeat,
194 1157 273 1197 quod
291 1160 393 1198 patria
408 1167 479 1188 voce
491 1162 671 1189 accersatur.
683 1157 768 1194 Quod
786 1157 906 1197 quidem

75 1206 251 1240 argumeeto
268 1207 313 1232 est
326 1202 532 1233 Martinianum
542 1211 601 1232 non
614 1203 700 1242 longe
711 1202 858 1232 habitasse
870 1200 906 1230 ab

77 1255 112 1276 eo
130 1246 263 1281 loco,ubi
280 1251 350 1277 tunc
367 1247 537 1278 versabatur
550 1247 691 1279 Basilius.
708 1247 781 1277 Erat
801 1246 853 1276 ille
863 1245 908 1274 vir

76 1290 347 1322 omnieruditionis
357 1292 444 1322 laude
453 1292 735 1332 eumulalus,etcum
744 1291 904 1331 plurimunt

82 1340 182 1372 posset
197 1336 276 1375 apud
287 1336 508 1377 imperatorem.
523 1337 615 1368 ﬂebili
633 1336 776 1367 malorum
788 1335 904 1366 descri-

79 1379 182 1418 ptione
194 1384 320 1411 conatur
333 1381 360 1411 ei
374 1381 694 1420 persuadereBasilius,
705 1386 734 1411 ut
744 1380 788 1411 vel
806 1380 897 1420 impe-

76 1430 206 1456 ratorem
215 1426 395 1465 atleat,quod
402 1426 523 1466 quidem
531 1426 806 1457 commodissimum
813 1425 841 1455 [ο
848 1428 902 1460 ret,

75 1480 109 1500 ac
127 1470 297 1500 Martiuiani
317 1471 459 1509 prteclaro
477 1472 543 1501 vitae
559 1471 691 1501 instituto
705 1470 832 1501 maxime
847 1469 903 1498 de-

76 1524 195 1555 corum,
213 1515 256 1545 vel
271 1516 388 1556 saltem,
403 1515 468 1546 siid
486 1516 512 1546 ei
528 1525 617 1555 grave
639 1516 676 1546 sit
704 1521 764 1546 tum
783 1517 905 1554 propter

75 1560 146 1590 anni
159 1565 381 1599 tempestatem,
395 1564 455 1590 tum
468 1565 590 1601 propter
600 1559 835 1600 aetatem,patriae
843 1566 905 1588 suae

77 1606 246 1634 litterrum
281 1605 450 1643 pi-n-sidium
478 1606 639 1646 impertiat,
669 1614 703 1636 ac
719 1614 790 1634 voce
805 1613 858 1634 sua
874 1606 926 1633 ett

73 1650 158 1689 justa
170 1650 221 1680 illa
236 1650 357 1681 dicendi
375 1650 623 1690 libertate,quam
641 1659 693 1680 sua
714 1650 757 1680 illi
769 1649 827 1679 vita
846 1649 900 1679 da—

77 1695 138 1731 bat,
153 1694 294 1726 omnibus
306 1694 536 1735 declaret,quot
551 1700 698 1736 etquanta
714 1695 791 1725 mala
802 1703 837 1725 ex
847 1696 903 1724 hoc

75 1739 244 1770 dividenda:
255 1740 450 1780 Cappadociae
464 1740 589 1771 consilio
606 1740 750 1770 oriantur.

118 1785 216 1815 Probe
229 1784 347 1815 videbat
366 1785 492 1816 Basilius
503 1786 550 1815 his
571 1787 673 1826 patria;
688 1785 904 1816 calamitatibus

74 1829 286 1860 necessitatem
298 1830 354 1860 sibi
369 1830 480 1870 imponi
492 1831 520 1860 in
533 1831 630 1860 aulam
644 1830 904 1870 proﬁciscendi,ac

74 1873 251 1913 potentibus
264 1874 489 1914 atnicissingula
499 1875 652 1905 narrandi.
666 1875 724 1906 Sed
737 1884 804 1905 cum
818 1874 902 1905 illum

76 1919 215 1959 corporis
231 1919 351 1950 intirma
368 1920 517 1958 valetudo,
545 1929 579 1951 ac
603 1919 802 1951 Ecclesiarum
834 1929 904 1950 cura

76 1963 239 1999 detineret.
254 1964 357 1994 scribit
372 1965 408 1994 ad
425 1965 500 1995 duos
523 1968 551 1995 in
565 1965 631 1996 aula
651 1969 787 2005 potentes
812 1964 904 2004 viros,

79 2009 249 2049 Aburgium
267 2014 296 2039 et
313 2009 513 2050 Sophronium
531 2010 700 2049 Magistrum
717 2009 881 2040 ofﬁciorum
895 2018 903 2046 ;

77 2063 191 2094 eosque
203 2054 379 2090 obtestatur,
398 2059 430 2084 ut
457 2055 606 2085 communi
640 2055 741 2094 patriae
767 2054 905 2094 (uterque

77 2099 159 2129 enim
177 2097 336 2138 Cappadox
363 2099 438 2130 erat)
458 2099 628 2130 tristissimo
651 2100 742 2129 exitio
766 2098 905 2138 collapsas

73 2153 164 2183 opem
182 2143 289 2175 terant.

114 2190 183 2220 Non
198 2192 311 2219 tantum
325 2189 418 2228 gratia
434 2194 463 2220 et
475 2189 652 2219 auctoritate
665 2188 753 2219 valuit
768 2188 902 2225 Basilius,

75 2238 109 2262 ut
124 2233 325 2263 calamitatem
341 2234 417 2264 Itane
428 2243 442 2263 a
462 2234 555 2272 patria
566 2238 712 2264 averteret
724 2242 730 2264 :
741 2232 793 2263 sed
807 2237 903 2263 tamen

949 263 1101 295 Valentem
1119 263 1257 304 probant.
1275 265 1337 295 .lam
1355 263 1452 295 hiems
1473 264 1627 305 inceperat
1639 270 1689 296 aut
1705 266 1767 297 sal-

950 314 1008 339 tem
1018 308 1199 343 imminebat,
1213 318 1280 339 cum
1295 308 1390 340 tristis
1403 309 1525 340 nuntius
1536 309 1644 340 Basilio
1654 309 1772 342 allatus.

948 354 1032 390 Quod
1050 354 1129 384 enim
1147 353 1252 384 metuit
1263 353 1389 384 Basilius
1401 354 1443 394 id)
1454 363 1491 384 ne
1504 354 1711 385 Martinianum
1723 355 1772 386 do-

950 403 1057 429 terreat
1070 402 1230 438 tempestas
1247 398 1316 428 anni
1332 403 1383 429 attt
1399 403 1480 436 aetas,
1497 399 1659 439 quominus
1674 400 1703 430 in
1717 410 1771 430 au-

950 443 1006 473 lam
1020 442 1225 482 proﬁciscatur
1239 451 1246 479 ;
1265 443 1292 472 id
1306 442 1343 473 de
1358 446 1459 473 aestate
1471 443 1587 475 homini
1602 449 1686 475 aetate
1701 454 1772 484 pro-

949 493 1031 517 vecto
1046 488 1158 517 dictum
1175 496 1234 517 non
1248 487 1376 517 videtur.
1391 487 1449 518 Sed
1463 492 1561 518 tamen
1574 498 1633 518 non
1647 490 1771 520 multum

949 537 1131 571 processerat
1144 532 1249 563 hiems.
1263 530 1411 571 siquidem
1429 532 1553 563 Basilius
1565 538 1635 565 tunc
1646 543 1773 574 peregre

947 581 1020 606 erat.
1035 576 1144 606 Eadem
1161 576 1190 607 in
1205 575 1352 606 Eeclesias
1365 577 1557 617 Cappadocire
1573 577 1692 608 inducta
1707 578 1764 608 im-

949 621 1072 652 mutatio
1088 631 1167 652 anno
1184 620 1241 652 37:!
1257 623 1389 657 ineunte,
1407 625 1437 651 ut
1453 621 1528 652 infra
1543 622 1719 653 videbimus.
1736 625 1774 654 At

948 665 1043 696 civilis
1059 665 1163 695 divisio
1181 665 1414 696 ecclesiasticam
1431 666 1603 705 antecessit,
1615 671 1690 698 teste
1702 668 1774 699 Gre-

949 711 1030 749 gorio
1045 710 1228 741 Nazianzeno
1245 714 1293 748 (ε).

992 754 1038 786 lV.
1052 753 1115 786 Hoc
1129 764 1207 785 anno
1219 755 1289 791 371,
1308 758 1455 786 rectorem
1472 755 1666 795 Cappadocim
1678 757 1771 789 luisse

950 798 1125 830 Tlterasium
1144 800 1352 834 cognoscimus
1373 809 1408 830 ex
1432 800 1558 840 epistola
1584 801 1634 837 77.
1662 803 1691 832 in
1715 813 1772 842 qua

952 844 1016 883 ejus
1031 853 1211 874 assessoretn
1228 848 1310 883 rogat
1327 844 1460 878 Basilius.
1474 849 1507 875 ut
1523 854 1580 875 non
1590 845 1725 877 discedat
1734 848 1770 878 ab

951 888 1125 920 admirando
1141 888 1296 924 Therasio.
1309 888 1427 929 sibique
1438 889 1580 920 decorum
1594 900 1660 921 esse
1671 892 1771 922 existi-

951 938 1011 964 met
1026 943 1092 964 cu:u
1116 943 1151 964 eo
1167 937 1269 964 tantas
1285 942 1376 964 curas
1395 935 1522 974 partiri.
1540 934 1653 970 Quibus
1672 936 1771 966 verbis

950 977 1097 1008 indicatur
1111 977 1300 1016 gravissimas
1311 979 1452 1017 quasdam
1464 988 1498 1009 ac
1515 979 1637 1010 minime
1645 981 1772 1020 quotidi-

950 1033 1022 1053 anas
1038 1022 1227 1053 dillicultates
1239 1022 1357 1062 praesidi
1373 1023 1523 1054 incidisse.
1544 1024 1689 1055 Praeterea
1703 1033 1770 1055 cum

950 1066 1145 1108 Cappadocia;
1160 1067 1305 1097 divisione
1320 1067 1431 1108 optime
1446 1072 1613 1107 congruunt
1634 1073 1664 1099 et
1694 1074 1771 1100 tem-

950 1122 1005 1152 pus
1017 1113 1187 1148 ltibernum,
1201 1122 1260 1151 quo
1272 1112 1334 1142 hth
1349 1111 1459 1152 scripta
1468 1117 1512 1142 est
1523 1113 1697 1153 epistola,et
1707 1123 1772 1155 qum

949 1157 1128 1196 leguntorin
1145 1157 1216 1187 ﬁne.
1232 1158 1305 1187 Nam
1320 1165 1388 1187 cum
1401 1157 1494 1188 multa
1506 1157 1631 1189 Basilius
1648 1159 1772 1189 haberet

950 1203 1075 1233 dicenda
1100 1209 1130 1232 et
1147 1201 1185 1231 de
1200 1201 1312 1238 multis,
1329 1210 1365 1232 ea
1379 1200 1411 1231 in
1436 1211 1627 1241 congressum
1643 1202 1769 1239 distulit,

950 1257 1006 1277 non
1022 1251 1116 1277 tutum
1133 1255 1199 1278 esse
1214 1246 1388 1277 existimans
1404 1246 1539 1286 epistolis
1556 1255 1604 1277 res
1624 1247 1772 1285 ejusmodi

947 1292 1146 1322 committere.

987 1336 1056 1372 Quae
1068 1336 1098 1366 in
1114 1336 1300 1376 liacepistole
1309 1336 1346 1366 de
1354 1336 1565 1367 communibus
1575 1338 1771 1378 Cappadocia:

949 1380 1274 1416 molestiisindicantur,
1283 1390 1317 1411 ea
1330 1382 1429 1411 minus
1439 1382 1596 1412 commode
1608 1381 1770 1414 Tillemon-

949 1426 1005 1456 tius
1017 1426 1053 1456 de
1076 1425 1205 1466 propriis
1217 1425 1353 1456 Therasii
1380 1425 1506 1466 negotiis
1543 1425 1767 1466 interpretatur,

946 1480 1034 1511 quem
1050 1475 1079 1500 et
1095 1470 1270 1510 prtefectura
1292 1470 1454 1510 deiectum,
1467 1480 1534 1501 cum
1548 1472 1610 1503 haec
1621 1473 1768 1503 scribere-

946 1521 993 1545 tur
1008 1516 1141 1555 epistola,
1158 1515 1382 1555 etinjudicium
1399 1520 1531 1546 vocatum
1561 1516 1653 1546 fuisse
1670 1520 1767 1556 putat.

948 1558 1029 1591 Unde
1045 1560 1133 1590 etiam
1147 1559 1225 1590 illius
1239 1559 1435 1599 patrocinium
1450 1570 1467 1590 a
1479 1559 1585 1590 Basilio
1601 1561 1632 1592 in
1646 1561 1770 1600 epistola

945 1604 984 1635 {)6
995 1604 1103 1644 suscipi
1121 1603 1342 1635 existimat.Sed
1354 1604 1461 1642 Etiam,
1478 1614 1537 1635 non
1548 1605 1725 1635 Tlterasium
1739 1606 1767 1636 in

947 1649 996 1679 illa
1012 1649 1135 1689 epistula
1146 1648 1184 1680 96
1196 1649 1399 1680 commendari
1412 1649 1487 1680 infra
1498 1649 1769 1681 videbimus.Nunc

944 1699 1042 1724 autem
1056 1694 1176 1724 satisest
1184 1694 1342 1724 observare
1354 1702 1540 1735 nequaquam
1556 1695 1673 1734 praesidi
1682 1695 1767 1726 abro-

945 1744 1039 1777 gatam
1053 1739 1144 1768 fuisse
1169 1737 1384 1778 praefecturam,
1397 1749 1464 1770 cum
1479 1739 1604 1770 Basilius
1614 1740 1692 1770 hanc
1702 1741 1767 1780 epi-

946 1784 1049 1814 stolam
1068 1783 1102 1813 ’Π
1120 1782 1421 1814 scriberet.Hortatur
1437 1784 1517 1814 enim
1529 1793 1723 1824 assessorem,
1738 1788 1768 1814 ut

947 1838 1014 1858 cum
1024 1828 1168 1859 'l‘lterasio
1185 1832 1279 1858 tantas
1292 1837 1378 1860 curas
1392 1828 1543 1868 partiatur,
1569 1838 1604 1859 ac
1635 1828 1768 1860 libenter

946 1873 1092 1912 ejusmodi
1109 1873 1295 1903 occasionem
1313 1873 1465 1913 suscipiat,
1483 1883 1517 1904 ex
1542 1883 1600 1913 qua
1615 1877 1644 1904 et
1659 1874 1770 1904 amicos

945 1917 1045 1948 videre
1062 1917 1139 1948 etab
1151 1917 1194 1947 eis
1207 1917 1300 1957 videri
1317 1918 1416 1949 liceat.
1434 1918 1521 1949 Initio
1538 1918 1653 1948 dixerat
1681 1927 1713 1948 se
1734 1928 1768 1948 ex

949 1962 1045 2001 magni
1057 1961 1191 1993 Therasii
1212 1962 1388 2001 praefectura
1404 1962 1477 1993 illud
1494 1963 1642 1993 commodi
1661 1971 1768 2002 perce—

948 2008 1037 2047 pisse,
1057 2012 1086 2037 ut
1107 2016 1186 2046 saepe
1214 2007 1293 2037 hunc
1308 2016 1492 2037 assessorem
1507 2007 1640 2038 videret:
1662 2007 1769 2038 Verum

946 2052 1001 2082 hoc
1026 2055 1121 2091 ipsum
1147 2052 1320 2088 amisimus,
1358 2051 1464 2092 inquit,
1485 2052 1614 2091 pra’side
1639 2052 1766 2091 privati.

947 2097 1055 2127 Aberat
1076 2106 1144 2135 urge
1159 2096 1194 2127 ad
1208 2101 1324 2135 tempus
1341 2105 1460 2137 praases,
1483 2106 1538 2127 nec
1566 2096 1689 2127 dubiutn
1706 2102 1768 2127 erat

949 2142 1067 2171 Basilio.
1096 2141 1166 2181 quin
1192 2141 1343 2171 rediturus
1368 2146 1447 2171 esset
1473 2141 1659 2180 Caesaream;
1692 2141 1768 2172 unde

947 2195 1128 2216 assessorem
1146 2187 1290 2225 hortatur,
1307 2189 1337 2216 nt
1353 2185 1390 2216 ab
1407 2195 1441 2216 eo
1474 2195 1531 2216 non
1562 2186 1705 2223 discedat,
1735 2196 1769 2217 ac

949 2230 1079 2260 liben'er
1096 2231 1124 2260 in
1149 2239 1183 2260 eo
1198 2235 1309 2269 perstet
1326 2239 1459 2266 munere,
1475 2239 1509 2260 ex
1535 2240 1592 2270 quo
1619 2230 1764 2260 videndo-

74 2278 208 2318 aliquam
224 2278 293 2308 mali
310 2278 484 2309 levationem
498 2279 612 2309 videtur
627 2282 815 2308 consecutus.
831 2277 903 2308 Nam
917 2287 937 2312 ι)
949 2284 1012 2305 rum
1028 2275 1192 2305 amicorum
1208 2275 1324 2305 occasio
1341 2279 1491 2311 nascatur,

79 2331 161 2353 unus
177 2331 211 2353 ex
224 2323 420 2363 petentibusa
435 2324 508 2354 uicis
522 2323 556 2353 ad
576 2332 649 2363 quos
659 2322 905 2362 scripsil(c),forte

77 2365 243 2405 Aburgius,
256 2367 395 2406 praefecto
413 2367 606 2399 humanitatis
618 2367 810 2397 ostendendae
821 2376 902 2397 ecca-

75 2411 196 2441 sionem
213 2411 457 2443 subministravit.
471 2412 557 2443 Forte
572 2413 632 2443 hanc
646 2411 852 2442 httmattitasin
868 2421 903 2442 eo

76 2458 173 2495 posita
190 2455 258 2491 fuit,
272 2457 350 2495 quod
367 2457 499 2487 secunda
517 2457 690 2496 metropolis
706 2465 764 2486 non
789 2456 899 2486 l’odatr

76 2501 120 2537 di,
135 2504 168 2531 ut
180 2501 275 2540 prilno
292 2502 438 2532 sancitum
455 2502 560 2537 fuerat,
572 2501 623 2532 sed
643 2501 758 2532 meliori
777 2501 806 2531 in
824 2501 899 2536 loco,

75 2545 188 2586 Tyanis
205 2548 373 2578 constituta.

115 2590 187 2621 Haec
200 2596 297 2622 autem
313 2601 392 2622 anno
409 2593 462 2624 3'11
481 2597 564 2632 gesta
580 2602 657 2628 esse,
672 2595 830 2632 antequam
847 2591 899 2621 Va-

74 2635 144 2666 lens
155 2636 321 2667 Czesarcam
335 2637 535 2670 veniret.satis
550 2647 584 2668 ex
601 2637 689 2668 dictis
710 2635 900 2677 perspicitur.

119 2722 162 2762 (α)
176 2720 235 2762 ΕΡ·
258 2723 295 2753 75

119 2762 158 2796 rb;
174 2761 268 2802 Epist.
283 2763 334 2796 74.
353 2763 402 2797 75,
414 2762 464 2793 76.

117 2803 151 2829 ’ἓν
170 2803 226 2834 En.
241 2803 283 2831 1's

989 2321 1022 2350 V.
1041 2318 1125 2350 llunc
1137 2323 1237 2349 autem
1248 2327 1429 2349 assessorem
1440 2319 1589 2359 Elpidium
1602 2320 1766 2355 fuisse,uon

946 2364 1080 2394 obscuris
1097 2363 1169 2394 mihi
1185 2362 1287 2394 videor
1298 2363 1447 2403 conjicere
1455 2364 1632 2396 rationibus.
1644 2364 1716 2395 Nam
1728 2367 1766 2406 (ί)

947 2409 1080 2448 Elpidius
1088 2409 1115 2438 iu
1121 2408 1302 2448 Cappadocia
1310 2417 1447 2447 magnum
1454 2409 1574 2447 aliquod
1584 2410 1767 2450 munusabji-

945 2463 1012 2484 uere
1029 2460 1056 2483 et
1067 2453 1254 2493 Cappadocia
1261 2452 1426 2484 abscedere
1435 2454 1624 2493 volebat,quo
1634 2459 1767 2494 tempore

945 2499 1079 2529 infaustae
1091 2507 1140 2528 res
1155 2503 1239 2528 erant
1255 2497 1473 2537 Cappadocum,
1486 2508 1519 2529 ac
1532 2499 1617 2539 paulo
1631 2504 1694 2539 post
1710 2500 1765 2530 hu-

946 2543 1115 2573 manitatem
1130 2542 1259 2582 aliquam
1272 2542 1301 2573 in
1310 2543 1500 2583 Cappadoces
1508 2553 1524 2574 a
1535 2545 1673 2584 prwl'ecto
1686 2545 1767 2576 exhi-

946 2587 1080 2618 bitamid
1091 2591 1179 2628 est,ul
1192 2587 1538 2628 conjicimus,postquam
1555 2589 1712 2628 praefectus
1721 2599 1767 2620 se-

945 2632 1071 2663 tundam
1085 2632 1282 2672 metropolim,
1301 2641 1365 2672 quas
1385 2632 1517 2664 Podandi
1535 2633 1630 2664 locata
1659 2634 1766 2666 fuerat.

987 2716 1104 2757 {tl/lip.
1117 2717 1168 2756 74,
1184 2727 1216 2747 n.
1231 2719 1262 2747 3.

992 2756 1169 2796 'c)Naz.or.
1187 2757 1236 2786 Ἧι.

989 2800 1027 2837 (ί)
1040 2797 1093 2838 np.
1106 2796 1156 2827 7s.
