2024 3142
259 173 374 200 LXXIV!

944 165 1238 199 PBOLEGOMENA.

259 232 1250 274 sincerusaequicustos,an‘abilisinjuriampatientibus.Ajurans;
1282 234 1367 265 facile
1399 244 1549 265 summum
1579 236 1661 266 illum
1692 237 1801 275 virum,
1832 238 1939 276 Ellam,

261 279 405 310 terribilis
415 277 837 319 delinquentibus,requabilis
846 278 958 308 etidmn
973 288 1080 318 paupe-

261 323 347 355 ribus
362 328 391 356 et
406 324 548 355 divitibus
578 323 661 360 Quod
675 327 773 354 autem
790 332 807 353 a
822 323 998 354 muneribus
1013 333 1060 353 om

261 368 343 400 nium
360 368 490 400 maxime
503 367 694 406 abhorrebat,
712 367 743 398 id
758 371 790 398 ut
805 368 895 398 levius
912 368 1026 398 ueteris
1041 367 1079 398 il-

262 413 321 444 lius
337 413 494 444 virtutibus
516 412 801 453 pratermittendum
830 412 991 443 videbatur.
1007 412 1078 443 Cum

261 458 399 489 eximiam
418 458 490 489 Elia;
499 457 626 497 efﬁgiem
643 457 688 487 his
699 457 849 488 coloribus
864 457 1010 497 depictam
1026 457 1078 487 ha-

262 501 515 543 heamus,facilius
523 502 666 534 nonnulla
679 502 717 533 ad
729 511 796 533 eum
810 503 987 542 pertinentia
999 502 1075 532 dein-

259 556 329 588 ceps
343 548 563 588 dignoscemus.

301 592 350 625 IV.
359 592 414 624 Tot
424 602 458 623 ac
470 595 551 624 tanta
562 593 702 623 virtutum
715 597 889 624 ornamenta
901 592 1017 623 animos
1029 591 1078 622 ad-

262 637 401 668 diderunt
417 636 539 675 Basilio,
552 642 594 673 ut,
611 647 678 668 cum
690 637 727 669 ab
741 639 804 679 ipso
821 637 959 678 praeside,
971 642 1030 667 tum
1043 637 1079 666 ab

261 682 308 722 iis,
325 683 375 723 qui
390 682 445 713 sub
462 683 526 722 ipso
537 682 667 721 aliquam
681 681 950 714 administrationis
964 686 1077 721 partem

260 727 415 767 gerebant,
431 727 523 758 multa
540 731 665 768 peteret,
681 737 715 757 ac
728 726 826 758 libere
850 727 1036 763 admoneret,
1054 725 1078 755 si

260 771 331 811 quid
342 772 406 803 ﬁeri
417 772 531 804 videret
544 781 602 802 non
615 772 738 803 decore.
750 771 828 803 Hinc
843 771 1021 802 censitorem
1035 770 1077 809 tu)

261 817 407 855 hortatur,
425 827 513 857 quem
543 818 622 848 fama
644 817 736 857 magis
761 825 847 856 quam
864 816 1081 847 consuetudine

262 866 511 902 noverat,ut,cum
522 861 670 902 ejusmodi
680 871 788 892 munus
799 861 1010 902 susceperit,in
1022 869 1080 901 quo

1122 287 1277 319 agnosces,
1294 279 1344 319 qui
1360 289 1452 320 supra
1469 280 1571 311 Basilii
1583 280 1721 320 penicillo
1738 282 1874 322 depictus
1886 288 1939 314 est.

1163 322 1256 354 Tanta
1270 329 1334 354 erat
1349 323 1395 354 his
1419 324 1604 364 temporibus
1620 325 1771 356 calamitas
1787 328 1940 368 Cappado-

1123 367 1188 404 ciae,
1202 372 1232 398 ut
1257 377 1315 398 una
1339 377 1392 399 vox
1409 368 1520 408 ubique
1536 369 1702 406 audiretur,
1714 367 1897 409 exacturum,
1914 378 1942 403 et

1123 421 1227 443 eorum
1242 422 1260 443 a
1270 413 1380 452 quibus
1392 412 1578 454 exigebatur,
1589 414 1700 454 quique
1715 415 1839 455 ﬂagellis
1851 417 1942 448 caade-

1122 455 1240 495 bantur,
1253 462 1285 488 ut
1299 461 1424 488 testatur
1438 458 1566 488 Basilius
1581 460 1611 489 in
1630 460 1715 498 epist.
1736 461 1787 498 74,
1802 470 1831 491 n.
1848 461 1876 492 3.
1893 463 1942 492 Vi-

1121 501 1209 532 detur
1237 502 1397 533 molestum
1422 502 1492 533 illud
1509 507 1626 543 tempus
1645 513 1762 544 pravam
1779 505 1856 537 hanc
1872 516 1941 537 con-

1122 547 1312 578 suetudinem
1327 547 1480 578 induxisse
1491 547 1539 578 vel
1551 550 1654 578 saltem
1669 550 1942 588 auxisse,utrustici

1121 590 1158 622 ob
1170 592 1322 632 vectigalia
1333 592 1582 631 injusjurandum
1595 593 1798 633 adigerentur.
1815 595 1880 626 Non
1895 597 1943 626 de-

1122 635 1238 667 sinebat
1253 637 1381 668 Basilius
1409 637 1438 666 in
1464 638 1545 667 omni
1570 644 1715 670 conventu
1732 645 1761 670 et
1777 641 1806 670 in
1824 641 1943 680 privatis

1122 681 1280 720 colloquiis
1295 682 1352 713 hoc
1365 682 1466 712 vitium
1483 682 1623 713 insectari
1638 692 1645 720 ;
1662 684 1713 714 sed
1728 685 1847 715 tandem
1858 695 1893 716 ea
1907 685 1943 716 de

1121 735 1155 757 re
1170 726 1361 757 scribendum
1377 735 1443 757 esse
1458 726 1541 757 duxit
1553 727 1589 757 ad
1605 729 1784 760 censitorem
1802 730 1850 770 (ad
1865 730 1942 761 hunc

1121 771 1201 801 enim
1218 773 1327 812 scripta
1343 772 1461 802 videtur
1473 772 1535 802 haec
1553 772 1678 812 epistola
1695 774 1733 804 85
1748 774 1943 814 inscriptione

1122 817 1252 856 carens),
1270 816 1317 847 cui
1346 816 1530 846 demonstrat
1560 817 1616 847 hoc
1644 818 1859 858 jusjurandum
1889 829 1943 850 nec

1121 861 1314 900 vectigalibus
1331 861 1473 901 prodesse
1503 866 1531 891 et
1556 863 1752 893 certissimam
1783 864 1943 903 perniciem
1971 894 1975 897 .

260 905 475 946 Cappadociam
488 908 609 937 omnino
618 906 682 937 solo
689 910 831 946 aequatam
842 906 1007 936 instaurare
1015 915 1078 946 pos-
1093 918 1111 944 Β
1123 905 1277 936 animabus
1293 906 1414 936 inferre.

263 950 314 987 sit,
332 951 510 981 miserorum
526 959 674 981 aerumnas
687 950 792 981 allevet
805 960 813 988 ;
824 950 914 988 eique
930 959 1080 981 commen-

261 995 310 1025 dat
319 1005 402 1026 suam
416 995 574 1036 quamdam
589 996 822 1036 possessionem,
835 1004 900 1035 quae
915 995 993 1025 circa
1004 995 1063 1025 Cha

262 1048 418 1071 manenem
432 1041 487 1071 sita
498 1039 616 1071 tributis
628 1040 837 1080 premebatur:
848 1049 929 1071 suam
941 1044 1080 1080 peracute

261 1093 380 1121 vocans.
393 1095 458 1126 quae
469 1089 533 1116 erat
545 1085 633 1116 unius
644 1094 680 1116 ex
691 1085 926 1125 amicis.Scripta
942 1085 1004 1116 hac
1014 1085 1078 1124 epi-

260 1129 334 1160 stola
345 1139 404 1160 non
414 1130 506 1161 multo
517 1134 584 1170 post
594 1130 771 1161 divisionem
780 1129 1078 1170 Cappadociaquam

262 1172 399 1215 Basilius,
418 1179 449 1205 ut
473 1174 586 1205 recenti
611 1175 707 1205 adhuc
730 1174 865 1214 vulnere,
880 1175 1000 1205 omm'no
1015 1173 1080 1205 solo

260 1223 411 1258 aquatum
426 1219 586 1251 existimat.

300 1263 446 1304 Scriptam
458 1264 609 1296 credimus
619 1264 656 1295 ad
667 1264 763 1295 Eliam
775 1264 929 1304 epistolam
946 1273 1076 1304 sequen-

260 1311 320 1338 tem
327 1308 364 1339 .ls
373 1309 555 1349 provinciam
565 1310 604 1339 ita
611 1309 749 1339 afﬂictam
758 1309 985 1340 etdeformatam
996 1317 1078 1338 acce-

262 1358 407 1394 perat,ut,
419 1353 553 1393 quamvis
565 1362 669 1384 omnes
677 1362 744 1383 suas
755 1353 948 1392 cogitationes
958 1352 994 1382 ad
1011 1362 1076 1383 eam

259 1396 469 1428 sublevandam
487 1398 633 1435 incitaret,
646 1397 789 1428 nonnulla
799 1402 895 1428 tamen
911 1398 1022 1428 faceret
1033 1399 1077 1428 in-

262 1441 349 1480 vitus,
362 1447 411 1473 aut
435 1442 500 1473 ﬁeri
525 1442 648 1480 sineret,
662 1442 756 1482 ipsius
781 1443 955 1473 humanitati
977 1452 1078 1483 parum

260 1486 578 1525 congruentia.Senem
586 1487 745 1527 quemdam
753 1497 819 1518 cum
827 1487 958 1528 diploma
964 1488 1078 1527 regium

259 1531 388 1571 publicis
400 1532 576 1563 muneribus
584 1538 813 1567 exemerat.tum
821 1532 886 1572 ipsa
896 1539 966 1564 ante
977 1543 1078 1572 regem

259 1582 399 1609 senectus
407 1577 626 1609 immunitatem
636 1578 956 1610 dederat.Beneﬁcium
964 1580 1077 1618 regium

260 1623 488 1654 conﬁrmaverat
502 1632 624 1663 praeses,
640 1623 692 1653 sed
708 1632 776 1654 eum
801 1633 903 1654 rursus
919 1624 975 1655 alia
988 1624 1032 1654 via
1049 1624 1078 1654 in

261 1668 381 1707 negotia
393 1672 587 1708 protraxerat,
600 1667 680 1698 illius
692 1669 868 1709 nepote,qui
880 1669 1010 1700 nondum
1023 1679 1078 1699 an-

261 1722 316 1743 nos
331 1715 461 1752 quutuor
475 1717 562 1743 natus
577 1717 652 1752 erat,
671 1713 764 1744 curia;
779 1713 908 1745 addicto.
925 1713 999 1745 Nam
1012 1723 1078 1745 cum

261 1758 404 1797 puerulus
419 1757 497 1788 inter
514 1757 642 1788 curiales
657 1758 809 1789 recenseri
825 1768 883 1789 non
901 1763 1009 1798 posset.
1025 1768 1079 1789 nec

261 1802 370 1832 tributa
383 1802 535 1841 colligere,
552 1806 602 1833 aut
617 1802 763 1834 militibus
777 1812 923 1834 annonam
941 1803 1079 1843 suppedi-

261 1851 323 1877 tare
337 1857 345 1886 ;
362 1856 487 1878 necesse
498 1851 562 1878 erat
576 1847 676 1878 miseri
689 1848 768 1878 senis
782 1848 920 1879 canitiem
946 1848 1078 1878 dedeco-

259 1892 331 1929 rari,
344 1896 373 1923 et
385 1891 463 1932 quod
479 1891 613 1922 solamen
633 1891 770 1924 orbitatis
794 1901 860 1923 esse
875 1892 1030 1928 debuerat,
1048 1893 1077 1923 id

260 1936 325 1967 eiin
332 1936 519 1968 occasionem
528 1936 792 1967 innumerabilium
801 1937 944 1968 malorum
951 1946 1076 1968 conver-

261 1981 290 2012 ti.
308 1983 409 2022 Itaque
433 1980 572 2018 Basilius,
584 1981 633 2021 qui
659 1990 818 2012 commune
833 1982 998 2022 perfugium
1015 1987 1078 2013 erat

262 2026 452 2064 miserorum,
481 2029 511 2056 et
539 2025 660 2066 parvulo
685 2029 714 2056 et
744 2026 808 2057 seni
843 2026 1075 2057 misericordiam

260 2071 395 2111 praasidis
416 2070 564 2110 implorat.

299 2115 367 2147 Haec
376 2119 475 2146 autem
487 2114 733 2154 contigisse.cum
743 2114 935 2146 Caesariensis
944 2117 1016 2147 ordo
1027 2117 1078 2148 ab-

258 2160 326 2191 latis
341 2160 491 2201 plerisque
507 2159 727 2198 magistratibus
743 2169 820 2200 pene
835 2161 1077 2202 concidisset,vel

257 2205 355 2245 ipsum
371 2205 479 2235 clamat
492 2203 629 2244 praesidis
643 2204 764 2245 factum,
777 2214 865 2245 quem
878 2206 985 2237 talibus
999 2216 1075 2246 prae-

258 2250 353 2280 ditum
370 2249 514 2287 moribus,
529 2248 632 2289 quales
642 2248 781 2289 praedicat
792 2250 929 2288 Basilius,
942 2251 1005 2281 sola
1020 2261 1067 2282 ne-

258 2294 381 2324 cessitas
389 2302 495 2332 cogere
507 2293 614 2333 potuit,
629 2298 661 2324 ut
671 2303 738 2324 cum
750 2303 822 2325 sene
833 2299 863 2326 et
876 2295 957 2326 illius
970 2301 1076 2337 nepote

256 2337 360 2369 durius
374 2341 488 2378 ageret.
505 2337 620 2369 Deinde
650 2347 721 2369 vero
736 2348 859 2380 praises,
875 2340 927 2371 cui
941 2350 1032 2373 senex
1047 2346 1077 2374 et

257 2392 332 2423 puer
358 2382 619 2424 commendantur,
635 2383 749 2416 amicus
776 2389 841 2415 erat
863 2386 976 2426 Basilii,
993 2390 1026 2417 ut
1039 2395 1075 2418 ex

255 2427 340 2458 initio
355 2432 384 2458 et
399 2427 460 2458 ﬁne
473 2428 607 2468 epistolae
618 2432 709 2469 patet,
721 2438 756 2460 ac
768 2439 883 2462 summa
892 2431 922 2462 in
935 2432 1004 2471 jure
1019 2432 1074 2462 de-

257 2471 417 2503 scribenda
431 2477 461 2503 et
478 2473 659 2504 calamitosis
668 2474 807 2513 juvandis
821 2476 1000 2508 constantia.
1017 2477 1075 2509 Mi-

256 2516 343 2548 rilice
352 2517 415 2548 haec
430 2517 577 2557 quadrant
592 2528 659 2549 cum
675 2519 771 2550 libero
782 2519 854 2551 Elim
864 2525 893 2552 et
907 2522 1009 2552 nescio
1025 2531 1075 2552 as-

257 2561 432 2593 sentationis
441 2562 552 2594 animo.
567 2563 681 2600 Quibus
693 2563 832 2596 laudibus
840 2566 865 2596 si
876 2566 967 2597 addas
976 2566 1076 2598 Basilii

254 2612 366 2646 votum,
378 2607 457 2648 quod
471 2607 590 2647 praesidi
601 2607 637 2638 ab
647 2608 787 2640 omnibus
797 2609 878 2641 illius
887 2610 1075 2643 administra-

255 2652 368 2682 tionem
381 2651 511 2692 expertis
521 2652 627 2683 deberi
638 2653 757 2694 dicit,ut
768 2658 854 2685 omni
861 2655 1016 2688 hominum
1026 2665 1075 2696 ge-

254 2699 323 2727 neri
330 2697 533 2737 custOdiutur,
546 2698 750 2737 praefecturas
764 2708 803 2731 ex
817 2700 1005 2740 praefecturis
1022 2710 1073 2740 ge-

259 2750 337 2777 rens,
353 2745 381 2772 et
392 2743 470 2773 alios
484 2745 574 2782 atque
588 2741 668 2774 alios
682 2752 737 2774 sua
746 2744 1011 2777 administratione
1018 2747 1073 2777 ad-

292 2831 334 2866 (o)
347 2823 404 2866 Ep.
419 2824 471 2874 88.

1161 949 1233 982 Erat
1242 951 1408 981 Dorotheus
1421 949 1620 990 presbyter,ut
1630 961 1721 992 supra
1731 952 1874 990 vidimus,
1885 952 1942 984 Ba—

1123 994 1180 1024 silii
1198 995 1415 1026 collactaneus:
1434 995 1480 1025 cui
1507 1005 1573 1025 cum
1597 996 1793 1038 frumentum,
1811 999 1888 1037 quod
1905 1000 1943 1030 nd

1123 1041 1325 1070 necessarium
1337 1040 1405 1071 vitae
1420 1049 1504 1070 usum
1517 1040 1780 1081 habebat,quidam
1793 1043 1823 1072 in
1833 1043 1943 1074 Berisis

1123 1083 1332 1132 diripuissent,
1342 1088 1426 1123 rogat
1436 1084 1561 1115 Basilius
1576 1084 1618 1132 (ὁ)
1630 1087 1820 1132 prmpositum
1832 1091 1943 1127 pagi,ut

1122 1127 1196 1173 illud
1215 1130 1373 1160 restituere
1388 1132 1543 1169 cogantur,
1559 1127 1616 1160 nec
1630 1130 1674 1161 eis
1691 1131 1776 1162 liceat
1787 1132 1902 1173 culpam
1912 1133 1942 1162 in

1121 1172 1195 1203 alios
1209 1174 1347 1214 rejicere.

1161 1218 1318 1250 Manifesta
1333 1223 1377 1249 est
1392 1218 1525 1259 epistolae
1537 1219 1726 1258 octogesimas
1741 1225 1831 1251 sextae
1843 1229 1931 1254 neCes

1120 1262 1218 1294 situdo
1234 1273 1301 1294 cum
1327 1264 1506 1304 octogesima
1531 1264 1671 1304 septima,
1685 1274 1749 1304 que
1765 1269 1795 1296 et
1810 1266 1840 1295 in
1857 1266 1941 1296 codi—

1120 1307 1206 1338 cibus
1221 1308 1374 1340 Harlmano
1391 1313 1420 1339 et
1435 1308 1575 1339 Vaticano
1597 1313 1626 1339 et
1645 1309 1780 1348 pluribus
1806 1310 1872 1340 aliis
1897 1311 1940 1341 al-

1120 1358 1213 1384 teram
1243 1354 1376 1394 sequitur
1393 1363 1460 1384 cum
1492 1354 1546 1383 hac
1573 1352 1783 1394 inscriptione,
1796 1356 1865 1394 ῡπὲρ
1891 1359 1942 1383 τῶν

1120 1399 1218 1435 αὐτῶν,
1236 1398 1273 1429 de
1287 1399 1392 1429 iisdem
1408 1398 1518 1438 rebus;
1536 1402 1565 1428 et
1577 1407 1681 1428 revera
1696 1398 1734 1429 de
1751 1399 1856 1429 eodem
1884 1400 1942 1439 agit

1123 1442 1308 1483 presbytero,
1321 1442 1372 1483 qui
1386 1442 1464 1482 quod
1478 1442 1598 1473 unicum
1613 1442 1741 1474 habebat
1750 1444 1815 1474 vitm
1828 1449 1943 1475 susten-

1122 1489 1219 1519 tendae
1230 1489 1414 1528 praesidium,
1429 1497 1464 1518 eo
1480 1487 1625 1528 spoliatus
1633 1493 1688 1518 est.
1703 1487 1800 1524 Quare
1814 1497 1880 1519 cum
1893 1489 1943 1519 Ba-

1122 1533 1207 1564 silius
1219 1534 1297 1564 dicat
1308 1534 1338 1564 in
1348 1532 1473 1574 epistula
1482 1536 1661 1571 octogesima
1677 1533 1804 1572 septima
1820 1542 1853 1564 se
1868 1534 1942 1564 scri—

1088 1601 1110 1627 c
1122 1577 1218 1627 psisse
1234 1579 1270 1610 ad
1295 1578 1485 1627 praepositum
1508 1578 1622 1618 patriae,
1641 1578 1710 1627 inde
1725 1578 1892 1627 colligimus
1907 1578 1941 1627 ad

1121 1623 1201 1654 hunc
1210 1625 1399 1664 praepositum
1408 1623 1546 1663 scriptam
1554 1631 1620 1653 esse
1632 1622 1788 1662 epistolam
1799 1623 1943 1662 octogesi-

1127 1677 1205 1699 mam
1222 1674 1347 1707 sextam,
1363 1673 1392 1699 et
1409 1667 1590 1699 Dorotheum
1606 1666 1664 1697 loci
1680 1667 1772 1707 illius,
1789 1676 1880 1708 quem
1891 1668 1942 1699 Ba-

1122 1711 1210 1743 silius
1225 1713 1348 1753 patriam
1361 1712 1501 1752 appellat,
1517 1711 1722 1752 presbyterum
1738 1712 1841 1744 fuisse.

1161 1756 1324 1798 Utramque
1331 1762 1428 1788 autem
1438 1756 1596 1795 epistolam
1606 1757 1642 1786 ad
1654 1757 1734 1787 hunc
1745 1765 1856 1788 annum
1868 1758 1944 1789 rele-

1120 1801 1301 1842 rimus.quia
1313 1801 1495 1841 octogesima
1501 1801 1629 1841 septima
1636 1801 1672 1832 ad
1680 1801 1836 1842 praesidem
1849 1802 1943 1834 Eliam

1120 1845 1241 1877 videtur
1261 1846 1383 1887 scripta.
1400 1845 1514 1876 Laudat
1528 1845 1657 1876 Basilius
1674 1850 1702 1876 in
1716 1845 1792 1886 Elia,
1810 1850 1840 1877 ut
1854 1856 1945 1886 supra

1120 1889 1411 1928 vidimus,summam
1423 1890 1453 1920 in
1462 1889 1531 1929 jure
1542 1889 1744 1920 describendo
1759 1891 1944 1930 aequabilita-

1121 1938 1193 1973 tem,
1211 1944 1409 1977 magnumque
1434 1933 1503 1965 ﬁdei
1533 1934 1686 1965 catholica;
1701 1939 1731 1966 et
1747 1936 1828 1975 pacis
1847 1937 1940 1967 eccle-

1120 1979 1246 2012 siasticae
1260 1981 1404 2012 studium.
1420 1979 1516 2016 Quare
1528 1988 1596 2010 cum
1612 1989 1692 2016 eum,
1712 1980 1748 2010 ad
1764 1989 1853 2020 quem
1869 1980 1944 2011 scri-

1120 2023 1163 2055 bit
1171 2025 1327 2065 epistolam
1338 2025 1389 2065 87,
1402 2034 1461 2055 non
1472 2023 1560 2054 modo
1572 2033 1630 2054 non
1643 2024 1815 2064 permittere
1824 2025 1943 2056 debere

1120 2069 1204 2107 dicit,
1221 2071 1274 2102 sed
1291 2071 1379 2102 etiam
1394 2069 1461 2100 totis
1485 2068 1598 2099 viribus
1620 2069 1767 2109 impedire
1782 2070 1944 2110 quominus

1119 2115 1182 2147 haec
1189 2114 1557 2152 committantur,maxime
1565 2114 1723 2154 quidemin
1732 2124 1837 2147 omnes
1847 2115 1944 2146 homi-

1119 2168 1172 2192 nes
1188 2169 1196 2198 ;
1209 2161 1255 2191 sin
1268 2161 1367 2191 minus
1377 2159 1481 2191 saltem
1492 2163 1598 2190 contra
1607 2159 1860 2200 presbyteros,eos
1867 2169 1944 2200 pra:-

1118 2205 1404 2246 sertim,inquit,qui
1411 2204 1497 2236 nobis
1508 2205 1670 2235 unanimes
1680 2208 1789 2236 suntet
1800 2207 1943 2237 eamdem

1105 2256 1108 2290 ρ
1116 2251 1239 2290 pietatis
1248 2254 1331 2282 viam
1342 2251 1451 2281 ineunt
1464 2260 1472 2285 ;
1485 2249 1559 2286 haec,
1573 2248 1776 2290 inquam,cum
1794 2250 1943 2288 dicit,non

1117 2295 1210 2326 alium
1228 2295 1346 2327 videtur
1359 2294 1470 2334 alloqui
1496 2303 1585 2334 quam
1614 2294 1721 2325 Eliam.
1742 2293 1844 2335 Neque
1860 2295 1942 2326 enim

1117 2340 1208 2371 alium
1221 2340 1367 2371 habemus
1378 2339 1572 2380 Cappadocia:
1584 2339 1753 2380 praesidem,
1762 2341 1840 2380 apud
1851 2349 1941 2380 quem

1120 2385 1182 2416 haec
1191 2385 1432 2426 reprehendendi
1440 2384 1706 2415 etcommendandi
1717 2385 1792 2415 ratio
1802 2385 1942 2416 adhiberi

1118 2431 1257 2471 potuerit.
1275 2430 1456 2470 Perspicitur
1480 2429 1567 2460 etiam
1590 2437 1625 2460 ex
1643 2429 1751 2460 iisdem
1768 2429 1868 2460 verbis
1884 2429 1943 2460 alia

1119 2476 1185 2506 laus
1201 2476 1285 2513 Elias,
1301 2484 1418 2505 summa
1431 2482 1498 2506 cum
1513 2473 1624 2504 Basilio
1639 2474 1783 2506 amicitia.

1160 2521 1191 2552 In
1207 2519 1345 2561 sequenti
1369 2518 1494 2559 epistola
1507 2519 1545 2549 88
1559 2518 1647 2549 facile
1673 2520 1846 2557 agnoscitur
1860 2520 1942 2551 idem

1117 2566 1209 2603 Elias,
1226 2566 1276 2606 qui
1290 2575 1342 2606 pro
1365 2573 1485 2596 summa
1510 2573 1564 2595 sua
1589 2564 1771 2596 humanitate
1796 2565 1944 2596 hactenus

1118 2611 1326 2651 Cappadocum
1338 2609 1479 2641 misertus
1485 2613 1594 2646 erat,et
1605 2618 1674 2640 cum
1683 2609 1740 2640 illis
1751 2609 1945 2650 indulgenter

1118 2659 1229 2695 egerat,
1243 2663 1395 2695 nusquam
1411 2663 1429 2684 α
1443 2653 1505 2685 leni
1516 2654 1572 2684 illo
1588 2663 1708 2685 morum
1723 2663 1849 2686 suorum
1858 2659 1943 2687 statu

1115 2700 1274 2732 discedens
1289 2701 1324 2731 ob
1340 2705 1450 2732 metum
1466 2707 1583 2736 eorum,
1599 2708 1666 2740 quae
1679 2699 1944 2732 asublimioribus

1113 2745 1292 2781 potestatibus
1306 2746 1486 2774 imminebant.
1505 2744 1633 2779 Tempus
1646 2744 1732 2773 etiam
1747 2745 1858 2780 optime
1873 2753 1944 2775 con-

1157 2826 1193 2868 (ω
1209 2823 1264 2867 Ep.
1281 2828 1331 2863 86.
