2018 3142
201 170 242 195 (τι

202 229 418 268 Cappadociam
436 230 651 269 persecutionis
676 230 772 261 statim
783 235 856 271 post
878 230 953 262 Petri
973 240 1021 262 or-

203 273 384 305 dinationem
400 274 533 306 excitatas
549 275 683 307 nuntius.

241 317 368 349 Videtur
381 322 520 350 statutum
551 320 691 351 habuisse
706 320 833 352 Basilius
857 324 897 359 (a)
922 321 1021 352 statim

204 367 268 402 post
292 362 404 394 Pascha
429 363 589 396 Eusebium
616 366 856 397 Samosatensem
880 366 1021 397 invisere.

204 406 262 439 Sed
274 408 302 439 ei
318 411 359 439 tot
374 408 587 448 impedimenta
601 415 852 450 supervenerunt,
865 415 897 440 ut
908 410 1024 441 deside-

891 162 1172 197 PROLEGOIENA
1179 190 1184 196 .

1034 234 1200 262 Beecentes
1228 232 1325 263 adhuc
1352 235 1436 262 erant
1465 231 1648 263 calamitates
1672 240 1706 263 ex
1737 232 1886 263 divisione

1062 276 1256 316 Cappadociae
1267 282 1356 315 ortas;
1375 281 1436 307 tum
1453 285 1522 307 vero
1539 285 1598 306 non
1614 276 1743 307 obscure
1758 276 1884 315 indicat,

1063 329 1117 351 cur
1131 321 1256 362 librarii,
1269 326 1301 353 ut
1313 322 1399 353 estin
1415 321 1573 361 superiore
1590 321 1769 362 epistola,ad
1787 321 1888 362 pristi-

1065 375 1117 396 nas
1132 371 1209 397 artes
1221 366 1391 398 rediissent.
1412 365 1444 397 Id
1462 366 1541 397 enim
1557 370 1588 396 ut
1601 365 1743 402 facerent,
1769 366 1889 397 videtur

1065 419 1116 441 eos
1127 412 1261 451 coegisse
1275 411 1436 442 difficultas
1446 411 1639 450 comparandi
1652 411 1748 441 victus
1755 420 1790 442 ex
1803 411 1888 451 ejus-

203 452 279 483 rium
291 462 376 483 suum
389 454 509 494 explere
524 464 581 484 non
593 454 910 494 potuerit.Eustathius
925 454 1024 484 diaco-
1065 455 1145 486 modi
1159 459 1233 491 arte,
1251 456 1299 488 cui
1316 456 1344 486 in
1362 464 1478 486 summa
1493 460 1672 495 egestate,ac
1688 455 1888 487 litteratorum

204 507 259 528 nus
275 500 304 529 in
318 508 436 538 gravem
454 499 592 530 morbum
603 499 881 539 delapsus,detinuit
891 509 957 530 eum
972 508 1024 539 per
1065 500 1217 531 hominum
1235 501 1327 540 luctu,
1344 509 1470 541 quorum
1491 500 1627 541 plerique
1637 499 1740 532 urbem
1752 501 1888 541 relique-

203 547 278 573 totos
294 544 369 574 duos
386 552 517 584 menses,
534 543 605 574 dum
617 544 696 575 diem
708 553 742 574 ex
758 543 807 575 die
821 543 900 574 illius
913 544 1023 574 valetu—

1065 549 1140 582 rant,
1155 555 1213 576 non
1227 546 1387 586 plurimum
1415 545 1471 575 loci
1500 554 1565 576 esse
1597 549 1724 584 poterat.
1741 546 1890 576 Praeterea

203 587 304 618 dinem
321 592 484 628 exspectat.
511 589 623 620 Deinde
646 597 752 620 omnes
767 588 817 628 qui
830 598 897 619 cum
915 587 1023 619 Basilio
1065 600 1132 621 cum
1148 591 1226 621 dicat
1242 589 1443 624 Basilius,sibi
1458 599 1512 620 nec
1530 599 1583 630 per
1597 590 1812 630 valetudinem,
1831 599 1888 621 nec

204 636 297 668 erant,
311 632 340 663 id
352 637 409 669 est,
426 633 527 664 clerici
543 634 574 664 in
586 633 651 672 ejus
668 633 758 664 domo
770 634 1021 673 degentes,aagro~

204 681 320 716 larunt;
339 687 374 709 ac
385 682 535 718 postremo
551 679 616 718 ipse
645 679 770 709 Basilius
798 679 884 718 longa
901 682 930 708 et
946 677 1023 718 peri-

203 722 303 753 culosa
317 723 492 762 aegritudine
503 728 668 764 correptus.

243 767 288 798 Ad
305 768 377 798 illud
390 772 581 808 tempus,quo
592 768 775 807 egrotabant
791 768 892 800 Basilii
908 768 1022 807 clerici,

203 811 339 843 videntur
356 812 462 843 referri
478 822 565 852 posse
581 813 714 854 epistola:
731 814 789 844 134
799 818 828 844 et
848 814 914 852 I35,
932 812 1025 843 altera

203 858 239 887 ad
265 858 420 888 Paeonium
439 857 655 898 presbyterum,
684 857 777 889 altera
798 858 835 888 ad
861 857 1024 888 Diodorum

203 901 369 932 Antiochia;
383 902 601 942 presbyterum.
620 903 758 933 Paeonius
771 906 830 933 tum
845 903 974 942 primum
987 902 1023 931 ad
1036 918 1055 943 Β

203 945 343 977 Basilium
359 947 530 986 scripserat,
548 947 675 987 ejusque
691 951 814 987 accepta
829 946 954 986 epistola
970 946 1023 977 Ba-

202 990 285 1021 silius
303 990 455 1023 silentium
474 992 613 1031 praeteriti
641 993 785 1032 temporis
802 992 927 1022 moleste
945 991 1020 1030 tulit,

203 1044 332 1074 eumque
347 1041 377 1066 ut
394 1040 496 1076 pergat
518 1036 653 1067 scribere
679 1037 823 1067 hortatur.
850 1035 940 1075 Negat
966 1035 1023 1065 sibi

203 1080 295 1111 ullum
317 1081 423 1111 adesse
451 1081 664 1122 calligraphuin
689 1086 736 1112 aut
760 1080 1020 1120 tachygraphum:

203 1135 277 1164 quos
292 1126 371 1156 enim
402 1131 587 1163 exercuerat,
619 1126 724 1157 horum
742 1126 792 1156 alii
809 1127 843 1156 ad
863 1124 1021 1166 pristinum

203 1170 268 1200 vitas
283 1170 449 1201 institutum
477 1170 640 1207 redierant,
664 1171 714 1201 alii
736 1170 884 1200 diuturnis
911 1169 1024 1200 morbis

202 1215 303 1246 afﬂicti
318 1215 436 1246 labores
447 1215 526 1246 ferre
542 1225 600 1246 non
615 1220 761 1255 poterant.

243 1259 390 1290 Diodorus
406 1260 558 1301 presbyter
574 1270 641 1292 cum
652 1261 727 1291 duos
740 1260 832 1290 libros
846 1261 874 1290 in
891 1259 1021 1298 dialogo-

203 1314 268 1336 rum
279 1314 392 1336 morem
404 1310 506 1336 contra
517 1306 672 1336 haereticos
684 1305 901 1345 scripsisset,ac
914 1303 1023 1334 Basilio

202 1349 343 1389 legendos
359 1355 388 1380 et
402 1350 614 1381 examinandos
630 1350 778 1389 misisset;
796 1359 880 1380 suam
907 1349 934 1379 ei
951 1357 1023 1378 sen-

205 1394 328 1424 tentiam
341 1394 469 1425 Basilius
481 1394 516 1430 (b)
525 1396 588 1424 sine
597 1394 665 1424 fuco
677 1393 884 1432 exponitmcin
891 1393 1024 1424 secundo

203 1439 325 1477 quidem
339 1438 430 1469 multa
442 1439 587 1475 laudat,in
602 1439 706 1478 primis
720 1438 843 1478 simplex
857 1447 913 1468 nec
925 1437 1022 1468 elabo-

202 1488 298 1514 ratum
325 1483 444 1514 dicendi
469 1493 574 1523 genus,
604 1484 772 1515 Christiano
796 1483 924 1514 maxime
949 1492 1022 1514 con-

203 1536 330 1568 gruens;
347 1529 377 1558 in
401 1529 494 1560 altero
511 1534 609 1559 autem
637 1530 686 1570 qui
708 1529 823 1568 longior
845 1532 920 1568 erat,
949 1527 1021 1558 illud

203 1573 408 1611 reprehendit,
422 1574 513 1612 quod,
530 1583 595 1604 cum
611 1582 754 1614 personas
767 1573 939 1604 indeﬁnitas
957 1573 1024 1602 Dio»

201 1618 291 1649 dorus
306 1618 462 1650 induceret
473 1619 642 1659 loquentes,
657 1619 898 1649 adversariorum
910 1619 1023 1658 vitupe-

203 1663 256 1701 ria,
271 1669 503 1701 nostrorumque
529 1664 631 1695 laudes
655 1664 813 1694 intexeret.
835 1663 979 1703 Proponit
994 1661 1021 1693 ei

201 1708 336 1748 exempla
352 1717 418 1739 cum
436 1709 606 1740 Aristotelis
629 1713 659 1739 et
687 1707 896 1748 Theophrasti.
924 1707 974 1747 qui
992 1707 1020 1736 in

202 1752 327 1791 dialogis
341 1753 507 1784 scribendis
526 1754 623 1784 statim
640 1762 691 1783 res
706 1753 784 1793 ipsas
796 1752 1020 1791 aggrediuntur,

204 1807 258 1827 nec
271 1797 438 1828 Platonicos
451 1798 569 1837 lepores
584 1798 693 1828 imitari
717 1797 839 1832 audent,
855 1801 916 1827 tum
934 1797 1020 1826 etiam

203 1841 295 1881 ipsius
309 1842 448 1882 Platonis,
463 1843 512 1883 qui
528 1842 577 1873 ubi
591 1851 732 1882 personas
747 1842 916 1872 indefinitas
930 1840 1021 1870 indu-

203 1886 253 1923 cit,
266 1887 296 1917 id
308 1887 385 1927 quod
411 1888 480 1918 fecit
505 1887 534 1917 in
553 1887 744 1926 legibus,uon
764 1887 827 1926 jam
845 1895 894 1916 eas
907 1886 1021 1916 comico

204 1941 286 1962 more
297 1932 451 1966 describit.
469 1941 524 1963 nec
540 1932 700 1972 quidquam
717 1931 863 1962 admiscet
889 1930 1019 1960 sermoni

202 1977 279 2015 quod
307 1986 501 2016 personarum
528 1976 680 2017 proprium
707 1976 755 2007 sit.
785 1977 902 2007 Fatetur
927 1976 1023 2014 itaque

204 2021 393 2057 Basilius,ubi
404 2030 529 2060 persona
537 2021 565 2051 in
574 2021 754 2051 deteriorem
764 2025 875 2060 partem
884 2019 1023 2050 omnibus

205 2065 322 2104 cognita
335 2065 506 2105 subjicitur,
533 2066 676 2096 nonnulla
690 2075 725 2095 ex
740 2065 820 2095 illius
836 2065 937 2095 indole
953 2073 1022 2094 ora-

203 2109 275 2140 tioni
292 2119 379 2150 posse
395 2110 495 2146 intexi,
525 2110 549 2140 si
581 2114 678 2140 tamen
695 2108 892 2140 Christianum
918 2109 1023 2139 deceat

207 2164 349 2194 personas
365 2155 484 2185 omissis
496 2155 585 2185 rebus
597 2154 814 2194 vituperare.At
827 2154 875 2184 ubi
887 2162 1022 2193 personae

204 2198 366 2230 indeﬁnitze
381 2200 695 2239 disserunl,ejusmodi
712 2199 746 2229 ad
762 2208 904 2239 personas
918 2207 1022 2229 excur-

206 2244 289 2274 sibus
301 2245 442 2275 orationis
452 2245 559 2275 seriem
573 2245 680 2275 frustra
692 2243 955 2283 interrumpiJlaac
966 2243 1023 2273 Ba-

207 2288 292 2319 silius
305 2290 486 2329 ingenue,ut
497 2299 612 2329 aequum
625 2290 755 2329 judicent
774 2289 908 2323 decebat;
923 2298 978 2319 nec
993 2293 1024 2318 ut

206 2333 317 2372 scripta
327 2333 491 2372 corrigeret
502 2333 660 2369 Diodorus,
674 2333 726 2363 sed
745 2337 774 2363 ut
788 2339 865 2363 esset
882 2333 1024 2373 deinceps

208 2377 238 2407 in
250 2377 410 2408 scribendo
422 2379 546 2414 cautior;
558 2378 641 2408 illum
651 2379 729 2409 enim
742 2382 842 2417 sperat
854 2378 938 2418 plura
947 2378 1023 2408 srri-

208 2426 338 2462 pturum.
358 2423 489 2453 Primum
505 2422 531 2452 ei
546 2422 653 2453 librum
672 2423 807 2462 remittit,
819 2422 944 2453 alterum
958 2431 1024 2452 ser-

206 2471 265 2503 vat,
278 2466 449 2497 describere
461 2467 576 2504 rnlens,
591 2477 643 2498 nec
660 2468 775 2507 copiam
790 2468 903 2498 habens
919 2467 1023 2507 tachy-

207 2511 455 2550 graphi.Causam
466 2521 524 2542 non
535 2513 689 2549 alfert,«-ur
702 2516 801 2543 careat
813 2512 1022 2552 Iacliygrapho:

207 2556 258 2586 sed
274 2555 390 2586 videtur
401 2556 518 2596 eadem,
535 2567 568 2588 ac
583 2560 611 2587 in
629 2558 784 2596 superiore
797 2557 1025 2597 epistola,exsti-

209 2601 290 2631 tisse.
307 2601 422 2632 Deinde
450 2611 518 2632 vero
535 2603 611 2642 quod
640 2601 733 2639 addit,
751 2602 796 2632 Ad
811 2605 927 2633 tantam
943 2603 1024 2632 enim

203 2646 366 2686 penuriam
388 2647 562 2678 invidenda:
579 2647 794 2687 Cappadocum
809 2655 855 2677 res
865 2647 1023 2686 devenere,

207 2699 274 2722 cum
286 2691 396 2732 optime
412 2692 549 2723 convenit
577 2692 607 2722 in
632 2692 709 2722 hunc
740 2700 849 2722 annum
873 2690 944 2731 373,
965 2701 1024 2732 quo

245 2776 293 2856 go)
307 2776 363 2817 Ep.
381 2776 449 2807 136.

260 2816 287 2855 b)
301 2815 356 2856 Ep.
376 2815 443 2846 135.

260 2816 287 2855 υ)
301 2815 356 2857 Ep.
376 2815 443 2846 135.

1066 644 1118 675 per
1129 637 1247 675 negotia
1258 635 1391 665 scribere
1408 634 1547 672 licere,id
1563 639 1738 674 argumento
1754 639 1801 666 est
1816 644 1885 665 eum

1065 680 1100 710 ad
1113 689 1189 719 opus
1197 680 1235 710 de
1244 679 1356 720 Spiritu
1363 679 1562 717 sancto,quod
1575 688 1653 709 anno
1665 679 1724 711 374
1732 678 1888 710 elaborare

1065 724 1195 764 increpit,
1215 723 1346 754 nondum
1363 728 1432 754 tunc
1443 723 1576 753 animum
1592 724 1774 763 adjunxisse.

1106 787 1130 819 ll
1159 787 1284 818 Basilius
1301 793 1365 827 post
1379 788 1505 818 clericos
1522 797 1591 818 suos
1611 792 1668 818 tam
1682 787 1761 827 gravi
1783 787 1888 818 morbo

1066 838 1220 873 correptus
1245 838 1300 870 est,
1323 838 1353 864 ut
1378 843 1443 864 cum
1468 833 1546 864 illius
1575 833 1808 871 magnitudinem
1827 842 1887 863 non

1068 883 1167 918 posset
1191 877 1370 916 exprimere,
1395 887 1429 908 ex
1453 878 1517 917 ipso
1533 881 1682 908 consuetae
1709 877 1889 908 valetudinis

1065 928 1141 953 statu
1159 922 1377 963 dijudicaudam
1394 922 1589 961 relinqueret.
1618 922 1666 952 Ait
1682 922 1761 952 enim
1790 931 1822 952 se
1840 930 1886 959 (ε),

1065 969 1134 998 dum
1164 968 1262 1000 valere
1291 967 1454 1004 videretur,
1485 967 1678 997 infirmiorem
1711 967 1748 998 iis
1779 966 1886 1003 fuisse,

1064 1023 1190 1053 quorum
1207 1013 1286 1044 salus
1296 1012 1471 1052 desperatur
1488 1021 1495 1043 z
1516 1012 1594 1042 unde
1610 1022 1669 1043 non
1687 1012 1807 1052 illepide
1822 1012 1887 1042 col-

1064 1058 1126 1097 ligit
1139 1058 1256 1088 habitus
1275 1057 1480 1094 mutationem,
1499 1065 1557 1087 non
1574 1057 1723 1092 morbum.
1741 1057 1793 1088 sed
1811 1065 1887 1096 prae-

1065 1103 1260 1133 clarissimam
1274 1101 1474 1132 valetudinem
1492 1110 1558 1131 esse
1576 1101 1726 1133 debuisse.
1739 1102 1889 1133 Discimus

1067 1156 1102 1178 ex
1115 1147 1204 1186 epist.
1225 1147 1276 1177 'ilsi
1299 1146 1370 1176 nihil
1388 1146 1414 1176 ei
1437 1146 1529 1185 magis
1546 1146 1709 1183 obstitisse,
1726 1148 1889 1187 quominus

1066 1192 1142 1222 vires
1156 1196 1413 1231 repararet,quam
1430 1190 1560 1220 inustum
1579 1200 1615 1221 ex
1630 1191 1762 1222 molestis
1779 1191 1888 1223 Eccle-

1065 1237 1119 1266 siae
1134 1235 1317 1276 temporibus
1330 1235 1476 1266 dolorem.
1495 1236 1582 1266 Forte
1595 1236 1677 1266 idem
1694 1237 1778 1267 dolor
1795 1236 1890 1267 totius

1067 1281 1162 1312 morbi
1180 1291 1269 1312 causa
1294 1280 1416 1311 exstitit.
1438 1279 1511 1310 Nam
1540 1285 1647 1320 praeter
1661 1281 1809 1312 horrenda
1824 1283 1887 1314 Eu-

1066 1327 1164 1357 stathii
1185 1326 1328 1363 facinora,
1347 1334 1406 1356 non
1432 1334 1536 1365 parum
1565 1326 1732 1366 angebatur
1746 1327 1826 1367 quod
1852 1327 1890 1358 ab

1066 1371 1136 1412 ipsis
1148 1371 1308 1412 episcopis,
1326 1370 1503 1411 quibuscum
1520 1370 1731 1402 communione
1754 1372 1886 1411 conjun-

1066 1422 1130 1448 ctus
1145 1420 1218 1451 erat,
1238 1415 1312 1446 nihil
1326 1415 1427 1446 auxilii
1442 1414 1478 1445 ad
1494 1423 1543 1445 res
1565 1415 1786 1446 ecclesiasticas
1807 1416 1889 1447 acci-

1065 1466 1159 1502 peret.
1175 1463 1204 1492 lu
1222 1460 1349 1501 epistola
1368 1460 1424 1491 136
1448 1469 1489 1495 ιιι.
1512 1460 1557 1499 2),
1587 1469 1675 1500 quam
1693 1460 1768 1491 lecto
1780 1461 1887 1492 afﬁxus

1065 1506 1186 1546 scripsit
1201 1506 1237 1536 ad
1257 1504 1431 1541 Eusebium,
1451 1504 1628 1544 ingvmiscit,
1647 1505 1725 1545 quod
1739 1506 1885 1546 episcopi,

1065 1552 1135 1582 dum
1150 1560 1212 1581 suae
1224 1553 1348 1590 quisque
1364 1549 1517 1580 securitati
1533 1552 1701 1587 consulunt,
1717 1559 1820 1590 parum
1833 1560 1888 1581 cu-

1034 1601 1054 1626 C
1067 1601 1133 1626 rent
1145 1605 1211 1636 quae
1233 1595 1268 1625 ad
1283 1597 1448 1635 proximum
1470 1598 1614 1634 spectant,
1635 1604 1690 1625 nec
1702 1594 1792 1626 rebus
1805 1605 1886 1626 com-

1065 1641 1204 1671 munibus
1231 1640 1307 1671 male
1334 1638 1510 1670 cadentibus
1533 1640 1657 1678 privatas
1679 1640 1766 1670 simul
1789 1639 1889 1680 perire

1065 1686 1240 1724 intelligant.
1262 1685 1379 1715 Fatetur
1405 1693 1463 1714 non
1490 1684 1641 1715 indicente
1675 1684 1801 1715 Eusebio
1827 1685 1890 1715 liam

1064 1730 1128 1760 ﬁeri
1148 1739 1154 1761 :
1177 1739 1244 1761 eum
1259 1729 1338 1760 enim
1355 1729 1456 1760 omnia
1472 1729 1551 1759 velut
1569 1739 1602 1760 ex
1626 1729 1748 1769 specula
1759 1729 1887 1770 quadam

1064 1775 1307 1815 prospicientem,
1322 1774 1396 1805 alios
1414 1779 1443 1805 et
1457 1774 1567 1804 litteris
1584 1778 1613 1804 et
1628 1773 1819 1805 sermonibus
1832 1775 1886 1805 ad-

1064 1820 1211 1850 hortatum
1236 1829 1313 1855 esse,
1347 1819 1483 1859 nihilque
1513 1819 1689 1849 intentatum
1706 1818 1886 1858 reliquisse;

1063 1868 1150 1904 atque
1162 1864 1241 1894 illius
1259 1864 1438 1895 monitorum
1450 1864 1637 1903 memoriam,
1656 1868 1686 1894 ut
1698 1873 1823 1904 quicque
1839 1873 1887 1895 res

1063 1908 1283 1945 acridit,oculis
1300 1907 1464 1948 obversari,
1482 1909 1535 1938 sed
1548 1908 1729 1939 nonidcirco
1740 1917 1788 1939 res
1800 1918 1886 1938 com-

1066 1962 1171 1984 munes
1178 1952 1376 1993 adjuvari.Sic
1387 1953 1525 1984 desertus
1536 1953 1572 1983 ab
1584 1953 1732 1994 episcopis
1743 1952 1887 1992 Basilius,

1065 2002 1207 2028 statuerat
1221 2003 1302 2029 extra
1314 1998 1517 2029 ecclesiastica
1526 2007 1593 2028 esse
1607 1998 1676 2034 tela,
1692 1998 1719 2028 id
1731 2003 1786 2034 est,
1803 2002 1835 2028 ut
1847 1998 1889 2029 ait

1064 2052 1153 2082 supra
1167 2043 1198 2073 in
1213 2043 1299 2083 epist.
1314 2044 1350 2073 ad
1366 2043 1531 2082 Urbicium,
1548 2043 1735 2074 inimicorum
1751 2043 1843 2073 furori
1856 2052 1888 2073 se

1065 2088 1243 2125 subducere,
1262 2097 1329 2118 cum
1346 2098 1377 2118 se
1394 2088 1570 2128 imparatum
1587 2093 1615 2118 et
1627 2089 1774 2119 inermem
1803 2087 1885 2118 vide-

1065 2137 1109 2163 ret
1127 2143 1133 2164 :
1152 2142 1185 2163 ac
1201 2133 1298 2173 ipsum
1312 2133 1394 2164 illum
1408 2132 1528 2164 Eusebii
1540 2137 1731 2172 conspectum
1746 2137 1775 2163 et
1790 2132 1886 2163 collo-

1065 2178 1180 2217 quium,
1193 2187 1209 2208 a
1225 2187 1282 2218 quo
1298 2187 1365 2208 eum
1392 2187 1515 2208 suorum
1532 2177 1627 2209 morbi
1644 2187 1678 2209 ac
1690 2177 1800 2208 deinde
1816 2185 1887 2208 suus

1066 2223 1281 2260 abstraxerant,
1300 2231 1358 2253 non
1368 2223 1403 2253 ad
1414 2222 1672 2262 communem,sed
1684 2223 1720 2253 ad
1736 2222 1886 2262 propriam

1035 2276 1147 2304 Dsuain
1174 2267 1329 2298 utilitatem
1355 2267 1519 2306 quaerebat.
1548 2266 1664 2308 Scripta
1680 2271 1725 2297 est
1748 2267 1811 2297 haec
1827 2266 1887 2306 epi-

1065 2312 1141 2342 stola
1162 2317 1318 2352 autequam
1341 2312 1470 2344 Basilius
1498 2312 1584 2352 aquis
1612 2311 1716 2342 calidis
1739 2315 1884 2350 uteretur,

1066 2367 1124 2396 quo
1145 2357 1279 2388 remedio
1305 2367 1389 2388 usum
1417 2366 1449 2387 se
1466 2366 1532 2388 esse
1557 2356 1630 2387 dicit
1650 2356 1680 2386 in
1696 2355 1888 2396 sequentibus

1067 2402 1209 2442 epistolis.

1107 2470 1181 2497 Ante
1192 2467 1265 2498 illud
1281 2467 1349 2504 iter,
1369 2468 1448 2507 quod
1471 2466 1581 2498 Basilio
1606 2467 1641 2497 ad
1671 2475 1763 2506 aquas
1789 2465 1884 2505 impe-

1067 2517 1171 2542 rarunt
1183 2512 1423 2544 medici.videtur
1436 2512 1596 2550 contigisse
1612 2511 1690 2550 quod
1707 2511 1771 2550 ipse
1789 2514 1886 2541 narrat

1067 2557 1097 2586 in
1109 2557 1234 2597 epistola
1260 2556 1441 2588 l4l.Audito
1458 2557 1523 2596 ejus
1545 2556 1648 2587 mortis
1664 2555 1780 2593 nuntio,
1795 2564 1886 2586 vene-

1068 2606 1138 2633 runt
1149 2601 1282 2641 episcopi
1298 2601 1461 2632 Caesaream
1477 2611 1484 2641 ;
1502 2602 1553 2632 sed
1576 2602 1654 2632 vivus
1665 2600 1703 2631 ab
1716 2601 1761 2631 eis
1776 2600 1886 2640 depre-

1067 2646 1189 2683 hensus,
1214 2645 1302 2676 etiam
1327 2653 1417 2686 atque
1442 2645 1531 2677 etiam
1562 2655 1615 2677 eos
1643 2645 1819 2676 adhortatus
1843 2649 1886 2676 est

1065 2690 1101 2722 ad
1116 2690 1256 2722 Ecclesiae
1271 2689 1524 2732 defensiouem,ac
1534 2691 1587 2723 Dei
1595 2690 1747 2731 judicium
1758 2690 1805 2722 eis
1819 2693 1887 2721 ante

1106 2775 1145 2815 (ο)
1161 2775 1215 2815 Ep.
1235 2773 1304 2812 l36,
1321 2783 1352 2806 n.
1370 2776 1396 2808 1.
