2018 3142
784 154 877 186 VITA
887 154 931 186 'S;
952 154 1103 186 BASILII.

1730 163 1780 188 GXI

96 224 198 257 oculos
214 224 323 265 posuit,
339 223 370 254 id
384 221 463 263 quod
475 222 539 262 jam
555 225 641 252 antea
652 229 705 260 per
715 220 829 252 litteras
843 229 920 261 prte-
933 224 954 249 A
963 219 1104 265 Romanis
1120 225 1238 252 exarata
1254 221 1391 261 epistola,
1409 222 1525 262 qualem
1537 221 1573 253 ad
1585 231 1617 253 se
1626 221 1663 253 ab
1674 220 1783 254 Orien-

95 268 224 300 stiterat.

134 314 208 345 Tum
225 323 294 345 cum
306 312 391 354 aquis
404 311 509 343 calidis
525 314 680 342 curaretur
694 309 831 349 Basilius,
848 318 918 339 suc-

94 359 184 390 cessit
210 353 367 398 Antipater
389 357 517 388 Maximo
543 355 678 396 praesidi,
703 354 752 385 cui
779 353 920 392 abrogata

95 403 222 444 dignitas
236 403 333 434 fuerat
349 411 408 432 non
424 402 490 432 sine
507 398 918 444 gravissimisinjuriis.Scri-

94 448 137 479 bit
148 448 302 488 Antipatro
323 446 451 478 Basilius
475 446 519 486 (α)
537 445 671 476 morbum
693 452 778 475 suum
804 443 834 474 in
863 443 919 473 hoc

96 493 224 524 maxime
237 492 394 523 molestum
407 490 465 521 sibi
479 488 643 530 essequod
655 493 734 520 tanto
743 488 919 528 viroguber—

96 537 201 568 uacula
215 537 319 577 patria:
335 539 510 576 capessente
535 535 642 566 abesse
667 538 801 573 cogatur.
827 532 917 564 Com-

97 581 218 613 mendat
232 584 322 612 etiam
349 580 469 622 praesidi
494 579 645 618 negotium
663 578 812 614 Palladiae,
829 586 916 617 quam

96 627 198 657 mafris
227 626 293 657 loco
321 624 512 656 reverebatur
536 633 596 654 non
621 623 716 654 solum
736 621 774 653 ob
798 621 918 660 generis

94 670 359 711 propinquitatem,
371 669 422 700 sed
439 669 527 699 etiam
545 668 582 699 ob
595 676 710 698 morum
727 666 914 707 probitatem.

93 714 177 746 Circa
192 715 313 746 domum
330 715 420 754 hujus
437 717 577 744 matronae
594 717 713 743 exortus
728 712 822 743 fuerat
846 711 915 752 qui—

92 760 161 790 dam
178 760 333 799 tumultus;
347 759 420 790 forte
435 767 524 799 opera
548 758 637 788 unius
653 766 688 789 ex
704 757 769 797 ejus
784 756 915 795 famulis,

93 805 144 844 qui
163 805 276 836 idcirco
299 804 515 836 detinebatura
527 803 659 834 cohorte.
681 802 773 842 Rogat
788 801 916 832 Basilius

93 849 278 890 utjudicium
293 849 444 880 differatur
459 857 553 888 usque
569 847 605 878 ad
618 857 703 878 suum
719 847 892 878 a'lventum.

961 264 1069 295 talibus
1085 265 1176 296 scribi
1191 269 1330 306 oportere
1343 266 1528 306 judicabant.
1544 265 1702 306 Evagriurn
1715 267 1786 297 hor-

960 312 1037 339 tatus
1048 313 1091 340 est
1101 310 1227 341 Basilius
1246 311 1300 350 (ά),
1319 315 1351 342 ut
1366 311 1530 343 Antiochia;
1543 320 1610 342 cum
1634 311 1782 343 Dnrotbeo

961 354 1054 384 sancti
1067 354 1175 386 Meletii
1194 355 1369 395 presbytero
1386 356 1632 387 communicaret:
1647 355 1785 396 promisit

960 397 1114 440 Evagrius,
1131 404 1162 431 at
1175 400 1329 440 promissis
1346 410 1403 431 non
1418 401 1507 431 stetit.

1000 443 1156 475 Probabile
1181 449 1227 476 est
1256 449 1389 476 sanctum
1416 445 1628 485 Hieronymum
1663 444 1780 484 Evagrii

960 488 1072 518 socium
1085 489 1201 520 itineris
1212 489 1346 527 l‘uisse,et
1356 492 1428 522 Cum
1436 499 1472 521 eo
1481 490 1646 522 Caesaream
1657 489 1783 520 venisse.

960 532 1048 564 Certe
1064 532 1262 574 Hieronymus
1274 534 1354 565 circa
1370 535 1426 565 hoc
1448 539 1564 575 tempus
1584 535 1615 565 in
1630 534 1782 566 Orientem

960 578 1136 610 venit.Nam
1160 579 1190 609 in
1212 579 1317 620 primis
1345 579 1450 610 litteris
1478 589 1551 620 quas
1576 589 1630 610 suo
1653 579 1783 610 adventu

959 623 1089 663 scripsit,
1108 623 1239 663 loquitur
1254 623 1291 654 de
1314 623 1536 655 confessoribus
1564 623 1706 664 Egyptiis
1729 623 1780 663 (ε),

959 676 1034 707 quos
1050 667 1160 700 Valens
1182 668 1238 699 hoc
1259 678 1336 699 anno
1364 668 1395 699 in
1420 669 1597 700 Palestinam
1618 668 1780 708 relegavit:

959 720 1050 753 seque
1066 712 1230 744 Antiochiae
1259 723 1318 744 una
1339 723 1407 744 cum
1431 713 1552 753 Evagrio
1573 714 1685 744 versari
1701 713 1782 744 indi-

958 760 1005 787 cat
1016 757 1150 796 (f),illius
1163 757 1261 789 verbis
1272 758 1453 789 Florentium
1466 759 1608 789 salutans.
1622 757 1783 789 Enumerat

960 800 1001 841 (ρ)
1019 802 1109 833 etiam
1126 803 1342 843 Cappadociam
1359 803 1440 834 inter
1454 803 1631 843 provincias,
1647 812 1699 843 per
1709 812 1782 843 quas

957 848 1090 885 transiit;
1119 853 1147 879 et
1162 859 1229 879 cum
1248 858 1280 880 se
1296 849 1410 880 fervido
1438 849 1549 881 Ciliciae
1571 853 1642 880 aestu
1659 849 1781 879 fractum

132 895 195 926 Jam
221 898 316 925 totum
341 902 473 925 mensem
501 894 537 923 ad
562 902 653 933 aquas
670 891 830 931 residebat,
847 900 914 921 cum
928 907 946 932 Β
957 892 1049 924 fuisse
1063 897 1197 934 testetur,
1214 894 1243 923 id
1257 894 1346 925 etiam
1360 894 1471 933 optime
1486 895 1612 934 quadrat
1627 903 1694 925 cum
1711 894 1785 924 Eva-

90 938 212 979 scripsit
226 938 393 979 Antipatro.
408 938 535 969 Videtur
548 937 682 978 protinus
699 936 839 975 rediisse,
854 936 915 966 sal-

91 987 153 1014 tom
169 993 202 1014 se
212 984 253 1014 ita
264 983 411 1015 iacturum
427 982 540 1013 indicat
552 983 582 1012 in
599 983 653 1013 ha:
671 981 807 1022 epistola.
828 981 920 1012 Caete-

91 1038 157 1058 rum
169 1038 252 1069 aquaa
266 1038 326 1060 non
343 1028 466 1059 multum
477 1027 523 1058 illi
541 1027 716 1067 profuerunt
731 1036 736 1056 :
751 1035 844 1066 seque
855 1025 919 1066 ipse

91 1073 214 1112 dignum
232 1073 341 1104 fatetur
354 1073 427 1109 risu,
450 1073 530 1112 quod
552 1071 740 1112 proverbium
760 1070 832 1101 illud
857 1079 917 1101 non

91 1116 281 1154 intellexerit,
302 1122 435 1148 mortuos
446 1117 552 1148 calidis
568 1126 627 1147 non
640 1115 914 1156 juvari.Postquam

91 1162 179 1193 rediit
190 1161 367 1199 Caesaream,
380 1162 478 1193 adhuc
490 1172 557 1193 eum
570 1161 664 1192 febris
675 1159 851 1191 conficiebat
863 1160 913 1200 (bl,

89 1217 125 1238 ac
132 1216 170 1238 ne
178 1208 424 1248 quinquagesimo
441 1207 563 1248 quidem
573 1205 668 1236 morbi
679 1205 728 1236 die
739 1204 840 1236 sedata
848 1205 913 1246 fuit,

90 1252 143 1282 sed
160 1253 311 1283 nutriente
326 1252 450 1283 materia
478 1252 631 1289 destituta,
645 1255 675 1282 et
690 1251 719 1281 in
736 1250 819 1281 arida
834 1250 913 1280 illius

90 1307 192 1334 carne,
210 1297 290 1328 velut
306 1297 335 1328 in
351 1296 499 1337 ellychnio
512 1295 638 1336 quodam
659 1299 760 1327 exusto
779 1294 912 1326 circum-

88 1342 198 1379 voluta,
228 1350 393 1373 marcorem
419 1341 561 1382 pariebat.
589 1341 653 1372 Huc
679 1339 840 1371 accedebat
861 1341 910 1379 je-

88 1395 152 1426 cur,
179 1387 302 1428 antiqua
328 1386 409 1417 illius
434 1386 539 1426 plaga;
562 1390 591 1416 et
605 1395 621 1415 a
642 1384 717 1416 cibis
732 1389 761 1415 et
775 1394 792 1415 a
807 1394 912 1415 somno

963 937 1091 977 grio,qui
1105 938 1246 970 Basilium
1257 942 1326 970 ante
1338 948 1471 969 mensem
1488 938 1696 979 Septembrem
1708 937 1770 969 invi

962 982 1010 1014 sit.
1028 982 1111 1018 Quod
1135 984 1160 1014 si
1189 982 1388 1023 Hieronymus
1412 983 1543 1014 interfuit
1567 982 1682 1022 Evagrii
1712 991 1780 1012 cum

961 1025 1071 1058 Basilio
1088 1027 1256 1068 colloquiis,
1270 1037 1304 1059 eo
1317 1027 1410 1067 magis
1424 1028 1517 1058 miror
1527 1027 1605 1068 quod
1622 1027 1657 1058 iis
1672 1036 1738 1067 quae
1747 1036 1783 1058 ex

961 1071 1070 1102 Basilio
1088 1072 1223 1103 audierat
1243 1078 1291 1103 aut
1315 1072 1429 1103 traditis
1454 1073 1593 1104 oblivioni
1631 1077 1682 1103 aut
1705 1081 1781 1102 con-

958 1117 1090 1155 temptis,
1107 1118 1218 1148 nullam
1235 1123 1350 1157 partem
1376 1119 1450 1158 {equi
1481 1118 1611 1158 bonique
1628 1117 1664 1148 de
1680 1120 1782 1148 sancto

958 1162 1075 1192 Meletio
1097 1163 1235 1194 senserit.

997 1206 1084 1238 Circa
1095 1207 1174 1237 idem
1193 1212 1309 1247 tempus
1324 1207 1382 1238 duo
1397 1207 1496 1248 magni
1511 1208 1651 1239 momenti
1665 1209 1782 1246 negotia

958 1251 1066 1282 Basilio
1079 1257 1316 1291 supervenerunt.
1328 1252 1381 1293 (It).
1398 1252 1453 1289 Qui
1471 1252 1614 1284 Sebastiae
1633 1252 1779 1284 catholica

955 1295 1135 1333 sentiebant,
1152 1297 1268 1328 occulto
1281 1306 1381 1337 pravae
1394 1297 1544 1337 opinionis
1560 1297 1710 1328 Eustbatii
1734 1297 1779 1328 ul-

954 1350 1022 1371 cere
1039 1340 1299 1381 detecto,aliquam
1312 1351 1329 1372 a
1345 1341 1456 1372 Basilio
1473 1342 1705 1373 ecclesiasticam
1718 1342 1779 1373 sol-

954 1385 1141 1417 licitudinem
1156 1386 1401 1426 poposcerunt,id
1412 1387 1505 1423 est,ad
1519 1387 1584 1426 ejus
1592 1387 1780 1418 communio-

87 1432 264 1470 cxcludens,
282 1441 316 1462 ac
327 1435 440 1462 tantum
453 1430 556 1462 sinens
567 1430 675 1468 vivere,
688 1434 829 1470 quantum
840 1439 914 1469 opus
956 1439 1024 1460 nem
1033 1434 1062 1461 et
1077 1430 1271 1470 patrocinium
1285 1431 1578 1470 confugerunt.lllius
1589 1432 1677 1463 etiam
1691 1441 1779 1472 opem

86 1481 149 1508 erat
164 1477 203 1508 ad
219 1476 393 1508 sentiendos
414 1475 544 1507 dolores.
569 1474 629 1506 Nec
654 1484 750 1515 aquae,
781 1482 836 1506 nec
857 1474 913 1504 alia
955 1474 1295 1513 imploravitlconiensis
1307 1476 1338 1506 in
1350 1476 1461 1507 Pisidia
1471 1476 1685 1517 Ecclesia,qu:e
1697 1486 1779 1507 mor—

88 1521 278 1552 medicorum
296 1520 429 1552 remedia
441 1524 554 1552 tantum
571 1520 680 1550 malum
700 1528 843 1559 superare
856 1528 912 1558 po~
955 1523 1004 1549 tuo
1020 1520 1161 1560 episcopo
1173 1520 1316 1551 Faustino
1329 1520 1470 1551 Basilium
1478 1521 1620 1558 invitavit,
1639 1525 1671 1551 ut
1685 1530 1718 1552 se
1730 1521 1778 1551 in-

87 1569 220 1597 tuerunt.
921 1590 940 1605 ρ
953 1564 1062 1594 viseret
1073 1574 1108 1596 ac
1124 1565 1298 1605 episcopum
1316 1566 1414 1596 daret.
1430 1565 1499 1596 Haec
1520 1570 1617 1596 autem
1648 1565 1778 1596 colloca-

127 1611 180 1642 lll.
197 1608 268 1640 Post
281 1608 410 1640 reditum
426 1617 462 1640 ex
483 1608 569 1649 aquis
585 1612 614 1639 et
629 1612 697 1638 ante
722 1608 910 1648 quinquage—
922 1608 941 1614 “
954 1618 1019 1639 mus
1035 1613 1100 1648 post
1120 1609 1250 1640 reditum
1274 1619 1308 1640 ex
1331 1610 1416 1649 aquis
1431 1615 1460 1641 et
1474 1613 1545 1642 ante
1571 1610 1650 1640 diem
1682 1609 1779 1641 morbi

89 1652 910 1694 simummorbidiem.Evagariuspresbyter,anpeiani
953 1653 1243 1694 quinquagesimum,
1261 1655 1329 1693 quia
1343 1658 1509 1685 evenerunt
1524 1655 1601 1684 intra
1618 1653 1690 1684 illud
1710 1662 1778 1693 spa-

87 1699 300 1731 Antiochensis
310 1698 451 1738 tilius,qui
468 1699 499 1728 in
514 1698 706 1730 Occidentem
725 1707 792 1728 cum
809 1702 910 1728 sancto
954 1698 1038 1734 tium,
1057 1698 1139 1736 quod
1155 1697 1191 1729 ab
1217 1698 1341 1738 epistola
1362 1698 1420 1731 136
1436 1699 1521 1729 initio
1539 1698 1634 1729 morbi
1654 1698 1777 1737 scripta,

87 1744 219 1775 Eusebio
230 1743 413 1775 Vercellensi
433 1743 584 1783 profectus
595 1742 700 1780 fuerat,
718 1742 816 1782 ibique
841 1751 910 1782 per-
952 1742 987 1773 ad
1005 1742 1160 1782 epistolam
1180 1743 1236 1774 138
1247 1743 1283 1774 ad
1297 1743 1436 1774 eumdem
1454 1743 1614 1774 Eusebium
1629 1743 1678 1773 die
1689 1743 1778 1782 quin—

45 1824 48 1826 ,
85 1791 191 1822 utilem
214 1789 356 1821 Ecclesiae
384 1798 504 1829 operam
531 1793 699 1826 navaverat,
731 1788 850 1820 tandem
881 1788 909 1818 in
952 1787 1290 1828 quagesimoscriptam,
1310 1787 1517 1820 efﬁuxit.Nihil
1534 1788 1614 1818 enim
1633 1787 1778 1818 habethis

84 1836 240 1868 Orientem
267 1834 388 1865 rediens
413 1834 547 1866 Caesarea
562 1834 689 1874 transiit,
715 1844 749 1865 ac
766 1833 908 1864 Basilium
956 1833 993 1862 de
1009 1831 1098 1863 rebus
1124 1833 1247 1871 egistola
1276 1832 1341 1872 136,
1370 1842 1441 1872 quas
1472 1837 1569 1862 tamen
1589 1842 1646 1862 non
1662 1832 1777 1862 videtur

89 1880 193 1912 invisit
213 1881 264 1920 (ε).
283 1878 399 1919 Scripta
413 1878 537 1910 Romam
551 1888 566 1909 a
579 1879 686 1910 Basilio
702 1879 792 1909 missa
803 1878 912 1913 retulit,

89 1930 122 1956 ut
141 1925 217 1956 viris
247 1924 308 1955 illic
324 1923 561 1955 accuratioribus
577 1933 635 1954 non
658 1923 805 1963 placentia
819 1933 852 1953 ac
865 1932 915 1953 re-

88 1976 218 2001 trorsum
239 1970 350 2008 rejecta
379 1979 386 1998 ε
418 1969 550 2008 petitque
582 1973 612 1998 ut
641 1968 767 2009 epistola
791 1970 916 1999 Romam

91 2014 311 2053 scriberentur,
328 2013 363 2044 ad
382 2012 501 2043 verbum
519 2022 554 2043 ea
569 2013 630 2053 ipsa
642 2014 810 2051 continens,
827 2022 891 2052 qua;
902 2021 920 2043 a

88 2058 235 2090 Romanis
251 2058 361 2098 scripta
378 2063 473 2098 erant;
490 2067 524 2088 ac
543 2058 629 2096 legati
645 2057 821 2088 auctoritate
834 2066 910 2097 prae-

85 2104 140 2135 diti
158 2103 362 2139 mitterentur,
383 2107 413 2133 ut
425 2101 566 2133 Romanis
583 2102 736 2134 Orientem
754 2102 871 2132 invise:
885 2102 915 2132 di

82 2148 222 2188 speciosa
237 2147 356 2179 occasio
366 2147 498 2179 daretur.
513 2147 576 2177 Non
592 2150 751 2187 potuerunt
774 2147 836 2177 haec
851 2146 909 2177 Ba-

81 2193 148 2224 silio
166 2192 378 2224 molestissima
393 2202 450 2222 non
469 2201 612 2229 esse,nou
629 2196 684 2223 tam
699 2196 819 2232 propter
831 2191 909 2221 illius

80 2238 194 2278 scripta
222 2237 319 2267 minus
343 2236 506 2267 honoriﬁce
524 2241 659 2276 excepta.
677 2246 765 2276 quam
791 2233 944 2276 propterD

81 2282 211 2313 consilia
222 2280 367 2313 Ecclesia:
390 2281 580 2320 pacificandae
601 2281 714 2312 nullum
730 2281 840 2311 exitum
856 2281 910 2311 ha—

83 2327 202 2358 bentia.
217 2326 333 2366 Scripta
344 2329 441 2356 autem
459 2326 519 2366 illa,
537 2335 604 2367 quae
620 2325 760 2357 Romanis
771 2334 830 2356 non
846 2325 911 2365 pla-

83 2380 190 2411 cuere,
207 2370 346 2402 videntur
360 2370 479 2409 aliquod
497 2380 563 2401 esse
585 2370 842 2407 commentarium,
855 2370 911 2400 Sa-

83 2416 158 2447 bino
190 2415 396 2452 commissum,
413 2415 443 2446 in
466 2425 523 2455 quo
549 2415 624 2446 forte
649 2415 778 2446 Basilius
807 2415 911 2445 eadem

81 2461 238 2496 libertate,
264 2469 298 2491 ac
328 2459 358 2490 in
382 2460 489 2491 litteris
511 2460 548 2490 ad
578 2459 785 2498 Athanasium,
801 2459 912 2490 Meletii

77 2506 151 2544 jura
166 2504 314 2536 tuebatur.
332 2504 405 2535 Nam
433 2513 492 2535 non
519 2509 578 2535 tam
606 2513 654 2535 res
680 2504 753 2544 ipsae
775 2503 911 2534 videntur

80 2549 288 2589 displicuisse,
307 2557 394 2588 quam
408 2549 528 2588 quidam
550 2548 704 2580 scribendi
727 2548 834 2579 modus
852 2557 911 2579 non

82 2594 157 2625 satis
166 2594 409 2625 accommodatus
417 2593 455 2624 ad
464 2593 669 2625 deliniendam
682 2604 689 2625 :
704 2593 781 2625 unde
794 2592 830 2624 ab
839 2593 910 2633 ipsis

140 2678 173 2719 α)
187 2677 244 2719 Ep.
262 2677 331 2711 137.

139 2719 168 2758 b)
186 2718 239 2758 Ep.
260 2718 374 2757 138,n.
392 2718 422 2749 1.

137 2758 164 2799 ο)
182 2759 237 2799 Ep.
257 2759 326 2799 138,
344 2767 375 2791 ιι.
393 2758 422 2790 2.

157 2798 238 2845 ipp.
256 2798 323 2836 156,
342 2808 374 2831 η.
392 2798 423 2845 3_.

133 2839 161 2881 ο)
180 2838 318 2880 Hieron,
335 2839 413 2880 op.l
431 2847 516 2870 novae
526 2838 599 2871 edit.

957 1876 1123 1907 amissurus
1151 1877 1289 1914 Basilius,
1306 1878 1330 1907 si
1343 1877 1404 1917 jam
1431 1882 1491 1908 tum
1517 1877 1600 1908 illum
1629 1877 1778 1907 iuvisisset

958 1921 1112 1960 Evagrius,
1129 1926 1180 1952 aut
1195 1922 1260 1961 ejus
1275 1922 1443 1962 praesidium
1461 1922 1561 1953 clerici
1579 1921 1737 1953 Sebasteui
1748 1925 1777 1953 et

958 1965 1124 1997 lconiensis
1140 1966 1272 1997 Ecclesia
1289 1967 1508 2007 implorassent.

1001 2010 1048 2042 lV.
1060 2011 1311 2051 Quinquagesimo
1319 2012 1367 2042 die
1378 2011 1473 2042 morbi
1484 2011 1602 2042 advenit
1612 2012 1776 2043 Caesaream

960 2055 1094 2095 Elpidius
1112 2056 1255 2087 diaconus
1270 2066 1336 2087 cum
1355 2057 1460 2088 litteris
1485 2056 1603 2087 Eusebii
1629 2066 1777 2087 summum

952 2100 1053 2131 Basilii
1066 2100 1182 2132 vivendi
1196 2101 1378 2132 desiderium
1396 2100 1778 2141 signitirantibusBespon-

952 2145 995 2177 dit
1011 2145 1137 2176 Basilius
1154 2146 1186 2185 (ί)
1202 2146 1307 2176 eodem
1320 2146 1380 2187 die,
1394 2151 1425 2176 ut
1440 2150 1521 2186 patet
1536 2156 1569 2177 ex
1593 2146 1639 2176 his
1654 2145 1751 2176 verbis
1767 2154 1774 2176 :

954 2190 1239 2230 Quinquagesimum
1252 2191 1414 2221 huncdiem
1423 2190 1550 2229 agebam
1564 2192 1596 2221 in
1613 2191 1778 2230 inﬁrmita-

952 2239 1063 2266 Ie.cum
1071 2235 1168 2266 adven
1174 2236 1195 2265 ἰι
1207 2235 1292 2265 nobis
1298 2235 1427 2266 dilectus
1434 2243 1469 2266 ac
1480 2238 1609 2274 Optimus
1619 2236 1714 2274 frater
1725 2243 1777 2265 no-

951 2283 1015 2310 ster
1025 2279 1230 2310 condiaconus
1241 2279 1534 2319 Elpidz'usDeclarat
1545 2289 1577 2309 se
1589 2280 1643 2310 lect
1651 2280 1674 2310 is
1681 2278 1775 2310 Euse-

953 2323 993 2354 bii
1006 2323 1124 2364 litteris,
1141 2323 1293 2354 incitatum
1308 2324 1444 2358 fuisse.ut
1462 2328 1543 2355 recta
1554 2324 1589 2355 ad
1599 2323 1687 2364 Syros
1702 2333 1776 2354 con-

953 2369 1067 2400 volaret
1086 2368 1137 2399 sed
1166 2378 1225 2399 non
1251 2369 1339 2399 modo
1366 2369 1394 2400 id
1413 2369 1468 2399 sibi
1496 2369 1613 2405 deesse,
1633 2374 1662 2399 ut
1677 2369 1777 2399 volare

955 2413 1059 2454 possit,
1077 2413 1129 2444 sed
1145 2413 1233 2444 etiam
1252 2418 1283 2444 ut
1295 2422 1327 2444 se
1343 2414 1372 2444 in
1389 2414 1465 2444 lecto
1477 2415 1774 2445 converteretCaate-

953 2467 1017 2488 rum
1036 2457 1140 2489 morbo
1157 2467 1222 2494 suo,
1242 2467 1329 2498 quem
1352 2463 1384 2489 ut
1399 2468 1487 2499 supra
1502 2459 1641 2496 vidimus,
1659 2458 1775 2489 descri-

954 2502 1007 2540 bit,
1023 2502 1073 2533 diu
1085 2506 1235 2540 vexatum,
1249 2512 1399 2544 nunquam
1413 2508 1526 2534 tantum
1536 2503 1775 2543 doluisse,quan-

953 2551 1012 2578 tum
1031 2556 1121 2586 nunc,
1145 2547 1183 2577 ab
1204 2556 1239 2578 eo
1255 2547 1444 2588 impeditum,
1461 2547 1619 2588 quominus
1635 2547 1664 2577 in
1680 2546 1774 2577 Euse-

953 2593 994 2623 bii
1009 2593 1196 2632 complexum
1212 2598 1239 2623 et
1253 2592 1432 2633 colloquium
1446 2592 1683 2624 veniat.Noverat
1693 2591 1773 2622 enim

1005 2677 1035 2716 f)
1048 2676 1128 2707 Idem
1141 2685 1191 2717 ep.
1204 2677 1233 2708 2.

1054 2716 1137 2747 Idem
1154 2725 1201 2756 ep.
1216 2718 1226 2747 l

992 2676 1113 2797 Ep.
1134 2757 1233 2794 138,11

1055 2757 1113 2796 Ep.
1134 2757 1200 2794 138,
1216 2766 1248 2789 n.
1265 2757 1295 2788 ‘2.

992 2796 1030 2837 (ί)
1047 2796 1126 2828 Ibid.
