2018 3142
742 164 832 210 vrri
851 164 884 208 ‘s.
908 162 1059 208 signa.

1660 192 1742 216 CXVII

64 245 124 274 trioa
134 252 208 283 ante,
226 244 396 283 utlegimus
408 243 438 274 in
449 243 576 285 epistola
587 244 729 276 Ecclesiae
737 242 882 284 Gothici‘e,
895 248 913 272 Α
967 243 1126 284 Perperam
1143 242 1205 275 haec
1225 244 1353 285 epistola
1380 246 1410 276 in
1432 239 1571 280 omnibus
1591 250 1744 282 codicibus

64 297 165 329 corpus
181 288 208 320 S.
229 290 315 320 Saba;
330 289 466 329 martyris
479 289 559 319 misit
570 290 598 320 in
612 289 842 331 Cappadociam.
852 289 882 319 ls

64 334 192 364 Ascliolii
220 334 326 364 litteris
350 343 418 364 suas
442 334 631 373 adjunxerat,
648 338 678 365 et
701 334 884 372 querebatur

65 378 137 418 quod
151 378 186 409 ad
203 388 236 409 se
253 378 378 409 Basilius
394 387 453 408 non
469 379 624 415 scriberet,
636 388 729 418 seque
738 378 884 408 oblivioni

66 423 201 461 traderet,
219 427 308 463 atque
320 422 408 453 etiam
425 423 503 463 quod
514 423 551 453 ab
563 433 598 454 eo
610 427 660 454 aut
670 423 706 454 ab
719 423 783 462 ejus
796 423 882 453 chor-

65 467 202 508 episcopo
220 468 320 498 minus
340 476 426 506 aequa
440 467 470 497 in
498 468 626 508 aliquem
642 477 678 498 ex
696 467 798 498 amicis
824 467 885 498 suis

66 512 120 542 lata
133 517 212 544 esset
228 512 387 542 sententia.
407 511 568 543 Nuntiabat
593 511 833 552 persecutionem
855 512 885 542 in

66 556 178 588 Gottbia
195 561 339 596 martyres
353 557 462 596 facere,
475 566 568 597 seque
583 559 822 597 persecutionem
836 560 886 596 pa-

66 601 204 632 tientibus
220 611 308 642 opem
323 610 376 642 pro
391 601 503 632 viribus
519 602 607 632 ferre.
625 602 675 633 His
688 601 827 632 omnibus
839 609 884 631 re-

66 647 188 686 spondet
199 646 326 678 Basilius
340 649 368 676 in
383 645 509 686 epistola
518 647 588 687 155,
601 646 638 677 de
649 655 709 686 qua
718 645 795 676 alius
805 645 886 676 redi-

66 692 107 724 bit
123 691 230 730 agendi
247 691 341 723 locus.

97 735 339 775 Vlll.lncipiente
348 735 394 766 vel
401 735 659 776 appropinquante
667 735 764 766 hieme
771 733 886 774 accepit

67 781 189 813 Basilius
204 780 318 811 litteras
334 780 371 811 ab
389 780 511 819 Evagrio
537 781 720 820 presbytero,
738 779 788 819 qui
817 789 884 810 eum

65 825 227 865 rogabat,ut
237 825 428 864 paciﬁcandai
435 825 576 856 Ecclesiae
583 825 884 856 Antiochenaeeonsi-

66 871 134 901 lium
146 870 323 909 susciperet,
338 879 371 900 ac
383 870 497 910 legatos
506 870 534 900 in
542 870 732 901 Occidentem
741 870 884 903 mitteret.

926 297 998 335 mss.
1011 289 1136 335 eteditis
1146 289 1317 320 inscribitur
1327 290 1558 324 Antiocho.Nam
1568 293 1624 335 ipsi
1637 298 1743 328 Antio~

925 333 981 363 cho
990 333 1101 373 scripta
1111 343 1240 374 sequens
1249 335 1374 375 epistola
1389 337 1422 376 (c)
1431 337 1460 367 in
1471 333 1607 370 eamdem
1620 345 1743 378 senten—

927 377 1252 427 tiam.D-o-lorem_eniin
1272 389 1361 427 suum
1376 382 1487 427 pariter
1498 383 1745 427 signiﬁcat,quod

925 422 1004 472 illius
1016 422 1132 453 videndi
1149 422 1342 472 desiderium,
1354 435 1411 466 quo
1424 422 1535 458 dudum
1548 422 1744 472 iiagrabai,ad

926 467 1035 498 exitum
1043 477 1102 498 non
1109 468 1293 508 perduxerit.
1304 468 1372 500 Hmc
1388 479 1457 510 ergo
1474 467 1623 505 scribebat
1637 467 1744 508 eodem

927 516 1062 552 tempore
1087 521 1120 542 ac
1132 512 1289 561 epistolam
1307 515 1523 561 praecedentem
1539 528 1547 557 ;
1566 527 1600 549 ac
1618 521 1745 561 proinde

926 561 1081 605 utramque
1089 557 1139 605 uni
1146 560 1173 587 et
1182 557 1280 605 eidem
1288 567 1349 605 non
1355 560 1485 600 scripsit.
1496 557 1642 595 Praeterea
1651 566 1744 605 pigri-

927 604 973 631 tim
980 601 1148 632 criminatio
1157 602 1269 640 optime
1281 603 1400 643 quidem
1414 604 1444 634 in
1456 606 1615 639 Eusebium
1633 601 1744 642 conve-

927 646 1072 693 nit,quem
1082 645 1259 693 Basiliu_s(d)
1278 647 1367 677 etiam
1376 652 1468 689 atque
1481 646 1569 682 etiam
1590 661 1746 693 rogaverat

926 694 958 722 ut
966 692 1130 722 Caesaream
1138 690 1301 742 venireuat
1310 700 1495 742 nequaquam
1505 695 1535 726 in
1548 690 1743 742 Antiochum,

926 744 1014 783 quem
1031 744 1123 775 penes
1138 735 1303 783 situmnon
1319 741 1382 767 erat
1394 738 1562 771 Caesaream
1581 735 1743 783 proﬁcisci,

926 779 984 811 nisi
995 784 1188 820 patruuseum
1197 780 1328 812 mitteret
1337 785 1387 812 aut
1396 792 1497 814 secum
1510 779 1644 820 duceret.
1655 779 1746 822 Deni;

927 824 1183 875 quepsoliquadrat
1191 823 1329 875 Eusebio,
1341 827 1419 875 quod
1430 829 1470 858 ait
1479 830 1612 870 Basilius,
1625 843 1661 864 ne
1669 844 1745 875 prae-

927 870 1022 918 teritis
1037 868 1156 918 quidem
1173 870 1361 918 annistalein
1377 872 1469 918 fuisse
1494 868 1698 918 congressum,
1716 887 1747 912 ιιι

65 915 145 951 Quod
158 919 270 954 spectat
282 914 320 944 ad
329 914 489 945 ECclesiam
500 915 883 954 Antiochenam,summum
897 930 916 955 Β
926 915 1091 944 satietatem
1102 914 1232 944 aﬁerret.
1245 913 1318 945 Nam
1330 915 1456 948 Basilius
1468 913 1631 953 Eusebium
1645 913 1747 956 invisit

67 969 124 1000 prae
139 969 171 990 se
184 959 239 990 fert
251 968 383 989 amorem
395 960 476 998 pacis
488 959 616 990 Basilius
633 960 687 998 (α),
701 967 793 998 seque
806 960 886 992 nulla

65 1013 186 1045 prorsus
196 1003 226 1034 in
239 1013 420 1044 quemquam
429 1003 637 1034 criminatione
647 1009 884 1044 praeoccupatum

66 1049 230 1089 proﬁtetur.
244 1048 304 1079 Sed
322 1053 420 1079 tamen
434 1048 578 1085 declarat,
592 1048 709 1079 etiamsi
721 1049 822 1087 gratiae
832 1050 886 1080 rivi

65 1095 93 1124 in
107 1103 138 1124 se
153 1093 322 1130 afﬁuerent,
339 1098 448 1123 uelum
466 1093 587 1131 quidem
604 1093 764 1123 adductum
778 1092 827 1132 iri,
855 1096 886 1127 ut

65 1139 119 1169 hoc
136 1139 289 1177 negotium
302 1138 384 1168 solus
394 1137 549 1177 suscipiat,
563 1146 630 1167 cum
643 1139 807 1177 praesertim
819 1140 885 1181 epi-

65 1192 186 1223 scopum
198 1183 307 1213 habeat
322 1183 384 1212 liasc
396 1181 528 1213 Ecclesia
539 1182 705 1221 Meletium,
724 1186 773 1225 qui
785 1195 841 1216 nec
850 1185 887 1216 ad

65 1238 96 1259 se
110 1228 214 1259 venire
240 1231 348 1267 potest,
367 1236 422 1257 nec
439 1227 503 1266 ipse
529 1227 565 1257 ad
581 1236 660 1264 eum,
679 1232 740 1260 tum
767 1235 888 1271 propter

65 1273 173 1304 hiemis
189 1272 352 1308 molestias,
373 1274 434 1302 tum
461 1275 582 1311 propter
596 1272 746 1305 Armeniae
773 1278 887 1305 montes

64 1317 147 1348 brevi
159 1317 320 1357 impervios
331 1317 445 1346 futuros
456 1317 544 1346 etiam
556 1320 638 1347 recte
650 1318 887 1356 valentibus,ne-

63 1362 132 1392 dum
142 1361 200 1392 sibi
210 1362 297 1400 longa
306 1361 480 1400 aegritudine
488 1360 698 1393 confecto.Sed
709 1366 807 1395 tamen
815 1364 887 1395 scri-

65 1412 184 1446 pturum
198 1416 231 1436 se
243 1406 278 1436 ad
290 1414 357 1436 eum
371 1406 536 1445 proﬁtetur,
550 1407 685 1446 quamvis
692 1417 751 1439 non
761 1409 886 1439 multum

63 1455 168 1490 speret
183 1460 218 1481 ex
235 1450 290 1481 hoc
315 1449 446 1481 inanimo
462 1458 613 1481 sermone.
632 1450 772 1483 Dolorem
801 1462 886 1484 suum

62 1495 162 1526 obiter
171 1495 330 1535 signiﬁcat,
339 1495 418 1535 quod
429 1503 446 1524 a
458 1495 607 1525 Dorot‘heo
619 1495 745 1527 diacono
760 1497 887 1528 didicis-

61 1544 118 1577 set,
131 1539 288 1580 Evagrlum
298 1539 379 1570 illius
390 1541 554 1570 conventus
564 1539 739 1581 participem
749 1545 816 1572 esse
829 1548 887 1572 no-

61 1586 156 1616 luisse
170 1594 178 1624 ;
191 1590 295 1616 contra
306 1593 394 1625 quam
406 1583 462 1614 sibi
474 1583 616 1615 Caesareae
628 1587 816 1625 promiserat.

105 1613 565 1661 δέιίιῖιὶὲἇάἶὲἷιῖὄὼῖιὶεῐιῖἑιῆ
574 1613 770 1669 sissis};
777 1613 885 1669 sentit,
894 1613 918 1641 C

64 1675 143 1714 quod
153 1675 216 1714 jam
229 1674 258 1705 in
269 1673 405 1714 pluribus
412 1673 546 1712 epistolis
557 1673 612 1704 hoc
624 1682 703 1705 anno
715 1674 886 1706 declaravit.

63 1719 160 1758 Negat
166 1729 199 1750 se
208 1727 390 1760 quemquam
399 1717 510 1748 habere
518 1727 606 1758 quem
613 1719 708 1750 mittat
720 1727 728 1756 ;
740 1729 799 1750 non
807 1721 887 1751 enim

64 1763 93 1794 ei
109 1773 232 1803 operam
261 1762 406 1794 navahant
422 1762 555 1802 episcopi
571 1771 579 1793 :
604 1763 765 1794 mittendos
789 1769 888 1795 autem

64 1808 226 1848 episcopos
235 1807 378 1838 censebat
386 1807 539 1847 Evagrius,
554 1807 643 1847 idque
654 1807 889 1840 Occidentalium

64 1852 166 1883 verbis
182 1852 380 1883 nuntiaverat.
407 1851 555 1882 Praeterea
571 1851 755 1884 subobscure
780 1855 891 1884 ind-ient

65 1896 196 1927 Basilius
208 1906 312 1937 parum
322 1895 378 1927 sibi
386 1895 557 1926 satisfacere
565 1896 784 1938 Occidentales,
792 1907 848 1929 nec
858 1907 892 1928 se

63 1941 137 1981 quid
156 1942 200 1972 eis
218 1940 411 1972 scribendum
427 1940 477 1976 sit,
494 1944 544 1970 aut
559 1941 628 1980 quid
641 1950 674 1971 ex
687 1942 835 1982 ejusmodi
846 1943 892 1974 lit-

71 1986 144 2016 teris
161 1985 342 2026 sperandum
369 1985 482 2016 videre.
500 1984 646 2016 Caeterum
669 1987 700 2016 in
716 1987 774 2018 hoc
791 1994 891 2018 rerum

62 2035 144 2061 statu
161 2035 313 2070 precatur.
331 2034 362 2060 ut
378 2030 456 2060 inter
467 2034 581 2068 septem
598 2030 680 2061 mille
692 2032 771 2062 viros
786 2041 893 2064 nume-

65 2080 163 2115 retur,
174 2075 225 2116 qui
238 2084 318 2114 genu
331 2078 400 2104 ante
411 2074 480 2105 Baal
494 2082 552 2104 non
562 2074 753 2106 incurvavere
766 2085 772 2107 :
785 2080 814 2107 et
824 2086 892 2107 cum

65 2120 203 2151 animam
218 2129 302 2150 suam
315 2119 351 2150 ab
365 2119 510 2149 haereticis
521 2120 612 2159 quaeri
629 2120 733 2157 sciret,
745 2120 783 2152 de
795 2121 891 2152 studio

69 2167 222 2198 Ecclesiis
236 2166 336 2196 debito
351 2165 422 2196 nihil
436 2174 469 2195 se
482 2166 677 2196 remissurum
695 2167 849 2206 promittit.

101 2209 171 2242 Jam
189 2211 323 2241 luserant
335 2218 457 2250 operam
474 2209 581 2254 Ariani
596 2209 680 2240 initio
695 2211 782 2250 hujus
807 2211 890 2254 anni,

59 2255 136 2286 dum
154 2254 282 2286 insidias
296 2254 403 2286 Basilio
419 2257 549 2286 struunt.
562 2253 620 2285 Sed
637 2264 827 2294 nequaquam
839 2253 890 2287 de;

926 967 1004 989 anno
1013 958 1071 990 369
1080 957 1185 989 et372.
1196 957 1299 989 Utrum
1309 965 1407 991 autem
1415 971 1493 993 anno
1502 963 1561 995 369
1569 967 1745 1001 Antiochum

927 1003 1088 1033 Samosatis
1100 1003 1215 1040 viderit,
1232 1003 1264 1033 id
1281 1003 1367 1043 plane
1378 1005 1539 1038 incertum.
1553 1009 1747 1046 Restituenda

927 1056 997 1087 ergo
1010 1048 1072 1078 haec
1092 1048 1217 1088 epistola
1234 1048 1377 1088 Eusebio,
1395 1055 1425 1082 et
1449 1060 1578 1093 sequens
1597 1057 1746 1091 Antiocho

928 1092 1084 1132 servanda,
1101 1095 1131 1122 in
1156 1101 1215 1130 qua
1230 1093 1357 1124 Basilius
1372 1094 1400 1126 ei
1416 1100 1606 1131 commendat
1623 1102 1746 1135 fratrem

928 1136 1049 1168 camelis
1064 1136 1265 1176 praepositum.

968 1181 1023 1230 lX._
1031 1181 1188 1230 Consultus
1198 1181 1325 1230 Basilius
1336 1182 1372 1214 ab
1385 1183 1546 1230 Eupaterio
1558 1189 1747 1230 ejusque‘lilia

929 1227 966 1257 de
981 1225 1071 1256 rebus
1081 1224 1268 1265 dogmaticis,
1282 1235 1395 1266 magnae
1416 1228 1558 1269 voluptati
1570 1224 1683 1266 litteras
1694 1246 1746 1268 eo-

928 1281 994 1302 rum
1010 1269 1066 1301 sibi
1081 1269 1172 1302 fuisse
1186 1270 1353 1310 signiﬁcat;
1368 1272 1494 1304 libenter
1506 1276 1587 1307 enim
1601 1286 1634 1309 se
1648 1281 1695 1312 his
1709 1282 1748 1313 de

928 1316 1019 1347 rebus
1036 1315 1226 1354 interrogari.
1250 1316 1423 1355 Respondet
1434 1327 1466 1349 se
1485 1318 1634 1353 Nicaanam
1655 1325 1746 1357 ﬁdem

928 1361 1068 1412 omnibus
1077 1358 1142 1409 aliis
1151 1362 1429 1412 posteaexcogitatis
1435 1365 1584 1412 praeferre.
1592 1367 1651 1400 Sed
1661 1379 1748 1412 prop-

929 1411 974 1438 ter
986 1405 1136 1444 hseresim,
1156 1414 1222 1445 quae
1243 1413 1339 1445 nuper
1358 1409 1518 1450 prodierat,
1529 1410 1597 1443 ﬁdei
1620 1405 1750 1448 Nician-ag

928 1450 1087 1498 adden‘dam
1100 1454 1269 1498 esseceuse‘t
1277 1450 1516 1498 gloriﬁcationem
1527 1455 1650 1491 Spiritus
1658 1466 1756 1498 sancit

928 1502 996 1523 cum
1008 1491 1134 1542 Patre'et
1144 1490 1232 1542 Filio.
1241 1491 1438 1542 scriptaergo
1452 1495 1515 1526 haec
1524 1490 1655 1542 epistola
1666 1490 1749 1542 post:

929 1546 1018 1577 qnam
1037 1536 1164 1567 Basilius
1191 1536 1327 1580 formulae
1349 1537 1477 1571 Νίιεεεηω
1502 1536 1748 1580 gio’riscatiénem

928 1581 1057 1621 Spiritus
1064 1579 1322 1612 sancticumPatre
1329 1586 1358 1612 et
1365 1583 1439 1614 Filio
1447 1579 1614 1618 addendam
1621 1593 1748 1623 censuit.

929 1628 963 1658 id
972 1630 1071 1657 autem
1083 1630 1143 1656 tum
1155 1625 1276 1657 demum
1288 1625 1404 1660 videtur
1413 1631 1579 1668 censuisse,
1589 1642 1656 1664 cum
1674 1637 1750 1667 Ευε-

929 1671 1067 1720 tatliiuni,
1093 1671 1184 1701 veluti
1203 1671 1523 1720 quemdauil’roteum
1541 1680 1749 1720 constringere

930 1716 1031 1764 voluit.
1042 1716 1139 1764 Quare
1150 1718 1216 1755 post
1227 1715 1301 1745 illud
1309 1715 1560 1764 quidem_tempus
1569 1715 1751 1764 scripti;th

930 1760 1120 1801 epistola,sed
1138 1765 1236 1789 tamen
1251 1765 1410 1800 antequam
1426 1762 1607 1797 Eusttiatiiet
1624 1760 1748 1801 alim-uin

932 1805 1122 1835 inimicorum
1148 1813 1230 1834 novae
1254 1805 1425 1836 molitiones
1448 1809 1593 1840 Basilium
1616 1813 1647 1843 in
1668 1817 1751 1847 triste

932 1850 1079 1890 quoddam
1090 1849 1242 1879 silentium
1255 1854 1284 1900 et
1293 1850 1473 1889 suspiciosas
1488 1857 1642 1888 cautiones
1653 1860 1752 1900 conje-

933 1896 1068 1941 cissent;
1087 1895 1126 1924 ita
1143 1899 1172 1923 ut
1188 1903 1247 1924 non
1263 1894 1393 1941 libenter
1416 1896 1453 1926 de
1469 1897 1560 1930 rebus
1576 1894 1751 1941 dogmalicis

932 1939 1139 1980 responderet,
1158 1942 1188 1968 ut
1205 1938 1370 1969 valebimus
1385 1949 1462 1972 anno
1476 1938 1621 1983 sequenti;

975 1984 1103 2034 Basilius
1115 1983 1197 2034 initio
1213 1984 1399 2034 episcopatus
1411 1987 1502 2017 multa
1513 1989 1549 2019 ad
1561 1990 1750 2034 disciplinam

934 2029 1152 2062 emendandum
1169 2029 1356 2069 decreverat,
1371 2030 1401 2060 in
1417 2031 1463 2061 his
1477 2037 1507 2062 ut
1525 2043 1562 2065 ne
1577 2029 1752 2070 cui_'licerei

936 2079 1036 2107 uxoris
1046 2078 1171 2104 mortuae
1186 2081 1318 2103 sororem
1335 2068 1364 2104 iii
1382 2078 1603 2110 matrimonium

934 2121 993 2154 Sed
1005 2119 1117 2158 aliquot
1127 2118 1212 2148 annis
1222 2118 1330 2158 elapsis
1341 2121 1479 2157 prodiere
1491 2128 1545 2153 sub
1558 2128 1678 2157 nomine
1686 2130 1752 2160 Dios

933 2167 998 2198 dori
1015 2162 1179 2204 presbyteri
1202 2162 1308 2193 litterae
1324 2165 1359 2194 ad
1381 2164 1586 2198 defensionem
1603 2171 1750 2209 ejusmodi

934 2209 1192 2258 matrimoniorum
1202 2212 1385 2258 compositis,
1398 2212 1596 2258 quas‘quidam
1608 2219 1750 2258 ostendit,

934 2256 986 2288 sed
995 2261 1101 2287 rursus
1111 2252 1391 2301 abstulit,etcontra
1403 2255 1544 2301 Basiliam
1555 2259 1644 2289 veluti
1654 2252 1751 2301 quod;

57 2299 135 2331 fessi
146 2299 230 2330 idem
246 2308 351 2330 rursus
366 2298 499 2338 aggressi
517 2303 597 2339 sunt,
611 2300 736 2340 ejusque
748 2293 889 2332 animam
901 2293 926 2320 θ
936 2301 1003 2332 dam
1010 2304 1155 2338 trepaeum
1162 2296 1512 2336 circumtulit,liccnlium
1518 2293 1752 2339 dictitans-salia-

59 2353 172 2384 quzere
177 2345 247 2375 bant
258 2348 319 2375 tum
330 2351 398 2375 cum
406 2344 533 2383 Evagrio
540 2345 698 2375 scriberet.
710 2344 782 2375 Mala
789 2354 894 2376 eorum

58 2388 628 2429 consiliaindicatinepistolasequenti
640 2388 692 2427 (ὁ),
710 2389 742 2420 iu
752 2399 810 2430 qua
825 2391 889 2422 Eu-

59 2433 188 2465 sebium
199 2437 294 2473 rogat,
307 2437 339 2465 ut
349 2441 402 2473 pro
417 2441 450 2467 se
461 2434 556 2465 Deum
571 2438 722 2473 precetur,
737 2439 768 2465 ut
781 2444 891 2476 quem-

59 2478 260 2510 admoduma
272 2477 429 2518 praeteritis
441 2477 664 2516 mutationibus,
685 2478 728 2516 ita
745 2479 837 2512 etiam
854 2479 892 2511 ab

59 2521 303 2554 imminentibus
313 2522 469 2553 liberetur.
491 2522 526 2553 In
538 2522 643 2554 eadem
659 2523 785 2564 epistola
805 2525 893 2556 dolo-

59 2567 405 2607 remisuuueigniﬁou,
415 2566 495 2607 quod
505 2567 671 2598 Eusebium
680 2569 896 2608 pistoribus-

60 2617 128 2644 tate
134 2611 321 2646 mvidsrit
331 2621 340 2641 :
353 2612 549 2652 queriturqu
557 2612 641 2651 quod
648 2614 798 2645 Eusebius
813 2613 851 2646 ad
861 2623 896 2646 se

60 2666 104 2688 ne
119 2656 238 2688 scribat
256 2655 399 2696 quidem;
421 2656 501 2688 unde
522 2656 587 2696 ejus
606 2658 743 2689 absentia
762 2668 821 2690 non
843 2660 894 2691 alii

59 2710 170 2732 causa
185 2700 354 2739 tribuenda,
366 2700 512 2741 nisiquod
523 2701 607 2741 piger
620 2699 706 2734 εἰσιᾶ
718 2699 895 2744 peruritu-

60 2746 169 2778 tiones
184 2745 341 2777 charitatis
354 2753 444 2777 causa
459 2745 680 2786 suscipiendas.

107 2813 156 2895 ξαέ
175 2812 272 2859 Epist.
290 2813 359 2845 156.

122 2853 142 2885 b
173 2852 272 2894 Epist.
290 2853 359 2884 157.

122 2852 155 2894 b)
173 2852 272 2894 Epist.
290 2853 360 2884 157.

214 2907 352 2941 Panaca.
371 2907 429 2941 in.
451 2906 562 2941 XXIX.

935 2348 1004 2378 bere
1013 2344 1127 2391 scripto
1138 2341 1325 2391 mandatas».
1340 2342 1454 2391 quibus
1460 2353 1496 2374 ex
1504 2346 1598 2391 verbis
1605 2350 1753 2391 colligitur

935 2400 1004 2423 eum
1020 2387 1207 2432 θοῐηίηίὲίεδθ
1215 2385 1496 2432 (ιυοάνρΐοὴίὺιιει-ειί
1506 2390 1643 2424 Basilius.
1657 2385 1691 2427 Si
1698 2398 1751 2432 has

935 2437 1048 2468 litteras
1058 2431 1212 2464 habuisset
1221 2431 1362 2468 Basilius,
1375 2432 1504 2465 libenter
1510 2435 1639 2470 Diodoro
1651 2442 1751 2475 misis-

935 2486 982 2513 set
995 2498 1005 2519 ,
1017 2479 1071 2510 sed
1079 2486 1150 2508 cum
1164 2476 1287 2522 minime
1302 2476 1461 2516 dubitaret,
1479 2481 1550 2520 quin
1566 2483 1630 2522 ejus
1639 2489 1753 2521 nomini

935 2535 990 2574 pg]:
995 2523 1129 2574 {tandem
1137 2521 1242 2553 aliisue
1251 2521 1386 2574 ﬁnissent,
1391 2523 1473 2574 prior
1479 2521 1620 2574 ipse-illas
1628 2531 1751 2574 refellit,

934 2569 1082 2611 utduplioi
1089 2576 1180 2598 manu
1187 2571 1410 2608 oppugnentur;
1417 2568 1583 2602 idenionim
1606 2568 1751 2610 facturum

935 2617 1098 2648 Diodorum
1114 2611 1267 2653 sperabat.
1289 2611 1447 2644 Donatum
1463 2619 1549 2646 seu
1565 2617 1697 2653 defendit
1718 2627 1754 2656 ex

936 2658 1154 2693 consuetudine
1165 2656 1310 2703 Ecclesiae
1325 2656 1514 2691 Caesariensis
1531 2672 1538 2693 :
1555 2663 1682 2703 explicat
1701 2678 1755 2702 cur

937 2707 1055 2746 Moyses
1064 2713 1100 2736 ea
1107 2703 1183 2734 dere
1191 2701 1370 2740 siluerit,vel
1375 2703 1540 2743 potiusnon
1553 2701 1672 2742 siluisse
1680 2701 1755 2746 eos;

938 2750 1215 2784 tendit:uatunlem
1221 2750 1757 2799 cognationsmhisnuptiisconfundii

978 2819 1217 2903 2a
