2018 3142
256 155 355 180 CXVIII

962 152 1260 188 PROLEGOMENA.

242 217 599 264 demonstratrmausula
616 218 753 259 epistolae
768 219 872 258 probat
888 220 945 250 hoc
954 220 1071 252 facinus
1083 225 1100 248 A
1112 222 1193 260 gravi
1209 231 1299 254 causa
1316 226 1387 264 poni
1401 236 1460 258 non
1477 228 1579 260 debet.
1590 229 1705 260 Deinde
1721 238 1790 260 vero
1802 230 1943 261 Basiliam

238 261 268 292 in
285 262 472 301 Cappadocia
481 263 675 294 commissum
689 273 748 293 non
764 264 857 294 fuisse
870 275 876 296 :
892 265 1001 296 Precor
1015 275 1072 296 ou-

241 306 466 346 tem,inquit,ut
478 307 525 338 vel
534 313 640 338 ucstra
650 308 820 339 admonitio
830 310 935 339 vitium
942 315 1069 348 superet,

238 350 289 381 vel
306 359 368 381 non
374 356 475 391 serpat
484 353 516 382 in
525 356 662 383 nostram
673 353 829 392 regionem
841 355 896 384 Iwo
904 354 1070 393 piaculum,

238 395 290 425 sed
300 396 335 425 in
348 395 457 435 quibus
470 396 636 426 admissum
646 401 688 428 est
699 397 875 435 locis,t'nhis
883 404 1068 438 permaneat.

241 439 393 470 Daudatur
408 441 471 471 hac
487 441 614 480 epistola
628 441 659 471 in
676 451 790 472 canone
815 442 865 482 23,
883 452 930 482 ep.
953 444 1018 484 l99,
1037 453 1070 474 ac

244 485 370 524 proinde
381 486 493 525 scripta
503 490 548 516 est
556 490 625 516 ante
637 495 748 516 annum
761 487 832 518 5'15.
844 487 966 527 Aliquot
977 497 1071 518 annos

239 528 395 560 efﬂuxisse
420 529 457 560 ab
476 529 563 560 initio
590 531 779 570 episcopatus
801 532 912 562 indicat
929 532 1068 573 Basilius,

240 582 307 603 cum
323 574 364 603 ait
381 574 419 613 (a)
438 583 470 604 se
486 575 523 605 ab
539 576 632 606 initio
659 576 709 605 bas
726 575 844 615 nuptias
866 576 1064 615 prohibuisse.

241 617 338 653 Quare
353 618 508 657 probabile
520 624 567 650 est
583 628 652 650 eum
664 619 821 659 scripsisse
835 620 966 651 Diodoro
991 631 1068 652 anno

242 661 300 695 373
314 667 364 694 aut
379 664 453 695 374.

538 711 660 744 CAPUT
681 712 770 744 XXX.

242 757 263 782 Ι.
278 758 398 792 Basilius
408 765 489 792 anno
498 758 546 792 374
565 760 681 792 ineunte
697 761 810 785 interest
830 761 923 787 funeri
949 762 1072 792 Gregorii

270 790 378 822 patris.
403 790 514 822 scribit,
529 790 715 821 Amphilochia
740 798 831 816 recens
852 790 1007 816 ordinato.
1035 792 1068 816 ll.

273 822 355 850 Λῖνεν
367 821 462 844 scribit
479 821 515 845 ad
529 823 555 845 S.
574 822 727 851 Eusebium,
742 824 769 846 et
787 829 837 853 per
850 823 1069 853 Amphilochium

272 852 310 876 ad
329 853 457 876 Iovinum
478 853 610 884 camitem.
632 853 669 877 0b
689 852 800 878 missurn
822 852 918 884 corpus
940 857 967 879 s.
992 854 1070 878 Sabw

272 884 379 913 gratias
400 884 458 913 agit
476 883 598 907 Asc/tolio
619 885 645 908 et
666 886 781 909 Sorano.
806 883 1017 910 lIIfExst‘lium
1040 888 1066 910 S.

273 914 447 947 Eusebii,_g_d
459 920 545 947 quem
557 915 674 947 epistola;
689 916 742 945 166,
764 916 817 945 167,
841 922 901 947 qua:
921 923 977 941 non
1005 918 1069 940 sunt

276 945 380 969 Basilii.
394 945 438 977 IV.
456 946 493 969 De
513 945 634 976 Glycerio
653 946 767 971 diacono
781 949 825 977 qui
844 945 907 972 cum
930 949 1067 977 virginum

273 982 349 1006 grege
367 976 525 1006 aufugerat.
554 977 583 1008 Υ.
609 978 649 1001 De
666 976 791 1008 epistolis
807 978 919 1003 172-175.
944 976 988 1003 Vl.
1014 980 1069 1003 Fu-

277 1008 327 1040 rei
340 1008 382 1040 in_
393 1008 527 1040 Basiliam
549 1007 742 1033 hwreticorum
766 1009 811 1033 die
824 1009 898 1040 festo
915 1011 933 1034 s
964 1011 1069 1040 Ευμεν-

274 1038 336 1062 chii.
365 1038 526 1071 [ntlgnam
548 1039 802 1071 occasiorscrtbendi
824 1038 889 1064 libri
909 1040 942 1064 de
962 1038 1069 1071 Spiritu

273 1071 377 1093 sancto.
402 1069 458 1094 VII.
479 1070 608 1100 Epistolw
628 1070 666 1094 ad
688 1071 906 1101 conjuralionem
927 1069 996 1096 anni
1022 1072 1068 1096 574

274 1103 436 1131 spectantes.
457 1101 529 1125 VIII.
554 1101 698 1126 Nonnullae
716 1102 782 1126 aliae
798 1102 834 1127 ad
857 1105 1066 1131 Samosatenses,

274 1131 311 1156 ad
321 1133 455 1162 episcopos
465 1132 577 1157 Eusebio
589 1134 693 1157 amicos
704 1135 730 1157 et
742 1133 780 1157 ad
791 1135 979 1164 Antipatrum.

283 1180 307 1212 Ι.
326 1180 452 1212 Ineunte
465 1191 542 1212 anno
553 1182 609 1212 374
618 1181 796 1213 Naxianzum
808 1191 840 1213 se
851 1183 977 1213 contulit
987 1183 1068 1214 Basi-

243 1226 310 1264 lius,
328 1232 359 1256 ut
376 1226 520 1265 Gregorio
538 1226 613 1266 patri
637 1231 752 1257 mortuo
768 1227 848 1266 justa
873 1228 1066 1267 persolveret,

243 1271 367 1311 ejusque
378 1270 519 1301 familiam
546 1271 575 1300 in
591 1271 648 1301 hoc
665 1271 746 1302 luctu
763 1271 919 1303 solaretur.
946 1271 1066 1303 Patrem

243 1316 376 1346 oratione
388 1315 503 1346 funebri
512 1315 641 1346 laudavit
656 1316 821 1355 Gregorius
836 1316 975 1347 audiente
987 1317 1068 1348 Basi-

243 1360 295 1397 lio,
312 1360 398 1400 cujus
408 1369 425 1390 a
436 1360 502 1391 laud
512 1359 578 1390 ibus
588 1360 705 1390 initium
718 1360 837 1391 dicendi
849 1360 930 1398 facit,
943 1370 1070 1402 eumque

243 1405 378 1435 hortatur
391 1405 427 1443 (ὁ)
445 1409 475 1435 ut
499 1414 586 1435 suum
603 1413 722 1445 quoque
736 1404 887 1445 eloquium
915 1406 1070 1446 depromat

244 1449 274 1479 in
287 1448 434 1479 laudando
447 1454 544 1488 patre,
555 1449 603 1479 cui
616 1448 718 1479 multis
729 1448 897 1480 nominibus
908 1449 1068 1481 obstrictus

245 1500 319 1534 erat,
345 1499 446 1535 utpote
462 1495 542 1526 illius
568 1504 658 1535 opera
680 1495 709 1526 in
727 1495 826 1526 sedem
855 1495 1067 1527 Caesariensem

243 1543 362 1572 evectus
373 1539 450 1570 etab
463 1549 497 1570 eo
510 1539 676 1570 ordinatus.
690 1539 799 1570 Probat
809 1539 1017 1571 Tillemontius
1029 1542 1066 1580 lc)

244 1585 272 1616 id
285 1584 445 1622 contigisse
453 1584 538 1615 initio
550 1583 627 1614 veris
639 1593 675 1614 ex
687 1583 811 1624 epistola
823 1583 874 1625 27,
897 1585 926 1615 in
938 1594 997 1625 qna
1009 1585 1066 1615 Ba-
1077 1591 1097 1616 c

243 1629 325 1659 silius
336 1629 442 1669 pedem
456 1638 487 1658 se
493 1629 580 1660 domo
588 1637 646 1659 non
657 1629 797 1659 extulisse
806 1629 861 1659 hac
874 1629 972 1660 hieme
985 1634 1069 1660 testa-

244 1678 300 1704 tur.
315 1673 402 1704 Aliud
419 1677 627 1712 argumentum
645 1672 717 1713 petit
729 1683 762 1703 ex
778 1673 968 1704 ordinatione
993 1674 1068 1704 Am-

245 1719 399 1759 philochii,
411 1727 477 1758 quae
490 1719 519 1748 in
531 1718 610 1749 idem
624 1722 741 1757 tempus
756 1718 874 1756 inci-lit,
886 1727 920 1749 ac
931 1718 1067 1758 Gregorii

245 1763 518 1804 exsequim,quibus
529 1763 664 1793 interfuit
674 1762 811 1800 Basilius,
825 1763 1067 1802 Amphilochium

245 1813 343 1839 autem
361 1808 443 1838 initio
455 1807 533 1837 veris
544 1807 711 1837 ordinatum
724 1806 815 1837 fuisse
826 1808 1068 1847 suspicatur,hac

245 1854 330 1883 nixus
345 1852 525 1891 conjectura,
543 1851 621 1891 quod
649 1860 706 1881 non
725 1851 859 1890 proxime
887 1854 1068 1883 successerit

245 1897 385 1927 Faustino
398 1897 547 1936 praeterita
560 1899 660 1926 aestate
674 1897 857 1936 mortuo,sed
872 1896 949 1927 inter
957 1902 1067 1928 utrum-

245 1951 302 1981 que
316 1940 598 1980 haereticusquidam
609 1941 783 1980 interjeclus
796 1941 895 1971 fuerit.
912 1942 1068 1982 Conjeclu~

244 1994 306 2015 ram
319 1985 396 2016 eruit
408 1994 441 2015 ex
451 1985 498 2015 his
509 1984 607 2015 verbis
620 1985 720 2015 Basilii
734 1985 770 2015 ad
781 1986 1068 2026 Amphilochiumhl)

245 2038 355 2060 recens
367 2029 535 2060 ordinatum
549 2038 554 2060 :
576 2029 696 2060 Inimici
708 2034 845 2069 pereunt,
858 2034 891 2061 ut
903 2039 958 2061 res
969 2030 1069 2061 Israel

244 2074 312 2113 ﬁat.
332 2074 400 2104 Plus
415 2073 604 2104 tribuendum
620 2078 700 2113 putat
715 2073 761 2104 his
774 2075 966 2113 conjecturis,
981 2085 1066 2115 quam

244 2118 363 2149 Menaeis
387 2118 494 2150 Graeca
509 2118 659 2158 Ecclesiae,
687 2127 753 2158 quaa
776 2119 907 2150 natalitia
931 2119 1066 2159 Gregorii

245 2163 374 2194 celebrat
388 2163 529 2194 Kalendis
538 2163 683 2194 Januarii.

285 2208 429 2249 Equidem
443 2207 608 2239 doctissimi
621 2208 673 2238 viri
684 2208 868 2246 argumentis
880 2208 920 2238 uti
935 2218 992 2239 non
1001 2219 1068 2249 pos-

1115 266 1214 315 invisit
1227 269 1325 315 statim
1341 275 1407 308 post
1418 273 1532 303 Pascha
1543 274 1598 305 Am
1604 274 1866 314 philochius;quod
1874 275 1940 315 qui-

1115 311 1183 341 dem
1200 322 1257 358 non
1270 313 1386 344 videtur
1398 315 1504 348 fecisse
1518 311 1618 348 statim
1633 322 1698 358 post
1713 311 1939 354 ordinationem,

1115 364 1202 403 quam
1210 357 1345 388 difficiles
1353 364 1383 390 et
1393 363 1571 393 necessaria;
1579 357 1790 402 occupationes
1799 363 1939 403 subsequi

1114 399 1294 445 debuerunt.
1311 403 1497 435 Probabilius
1509 415 1579 445 ergo
1591 399 1791 437 estduosillos
1804 399 1938 444 eventus,

1113 444 1162 483 qui
1177 445 1281 476 eodem
1292 450 1423 486 tempore
1431 444 1632 489 contigerunt,
1643 451 1862 482 ordinationem
1872 454 1941 483 Am-

1115 488 1257 527 philochii
1265 494 1295 520 et
1307 496 1431 522 mortem
1440 488 1587 534 Gregorii,
1598 496 1642 526 vel
1654 505 1732 526 anno
1747 496 1806 527 3'13
1815 502 1942 528 exeunte

1112 534 1283 581 contigisse,
1307 545 1366 566 non
1391 538 1483 569 multo
1499 547 1567 579 post
1592 540 1694 572 Basilii
1720 540 1756 571 ad
1781 542 1938 581 Evagrium

1112 579 1278 624 epistolam,
1295 581 1325 610 in
1342 591 1400 621 qua
1413 582 1501 622 longa
1523 594 1555 615 se
1571 585 1746 624 aegritudine
1762 579 1870 616 conﬁci
1898 587 1939 618 ait

1112 623 1247 660 Basilius,
1265 625 1367 670 itidem
1382 631 1413 656 ut
1436 627 1467 658 in
1481 623 1607 668 epistola
1630 630 1667 660 ad
1697 631 1939 670 Amphilochium

1112 676 1219 715 recens
1235 669 1402 701 ordinatum
1416 681 1424 709 ς
1439 673 1483 702 vel
1498 673 1582 703 initio
1596 675 1665 704 anni
1679 675 1747 712 374,
1757 669 1786 705 νεὶ
1797 676 1864 715 quis
1879 675 1939 706 Me-

1113 712 1185 743 naeis
1199 714 1369 745 Grecorum
1388 715 1535 748 inhaerere
1550 718 1642 749 malit.

1152 757 1294 788 Basilium
1308 760 1350 799 (e)
1361 766 1517 799 rogaverat
1530 768 1645 793 mortuo
1656 763 1795 794 Faustino
1806 764 1941 795 Ecclesia

1112 802 1287 839 Iconiensis,
1301 809 1331 833 ut
1342 804 1398 835 sibi
1411 805 1583 846 episcopum
1596 808 1867 839 daret.Verisimile
1880 819 1937 840 non

1111 850 1158 892 est
1166 847 1309 878 Basilium
1321 849 1376 879 hoc
1389 849 1518 881 cilicium
1530 852 1701 883 exhibuisse
1710 853 1936 892 lconiensibus;

1111 891 1222 931 quippe
1231 902 1298 923 cum
1307 893 1514 933 Amphilochio
1524 905 1629 927 recens
1638 898 1773 928 ordinato
1786 891 1936 936 gratulané

1113 936 1141 966 di
1151 937 1196 983 vel
1210 939 1308 983 potius
1319 939 1495 970 consolandi
1512 945 1540 971 et
1550 941 1727 972 adhortandi
1739 952 1827 973 causa
1837 945 1936 983 scrip-

1111 981 1194 1027 serit.
1214 982 1319 1013 Statim
1337 984 1415 1013 enim
1439 989 1526 1024 atque
1542 986 1696 1017 ordinatus
1709 987 1762 1017 fuit
1778 981 1935 1027 Amphilo-

1110 1025 1207 1066 chius,
1225 1036 1301 1058 onus
1313 1027 1369 1059 sibi
1386 1029 1556 1069 impositum
1572 1031 1600 1061 in
1615 1031 1720 1061 litteris
1742 1032 1778 1062 ad
1792 1025 1933 1063 Basilium

1110 1071 1358 1112 missis.utmajus
1368 1073 1555 1110 viribussuis.
1563 1077 1793 1117 luxitzsuumque
1800 1077 1933 1108 dolorem

1111 1115 1272 1146 testabatur
1282 1118 1372 1157 quod,
1386 1127 1454 1148 cum
1471 1120 1616 1150 hactenus
1634 1115 1777 1151 Basiliam
1798 1121 1932 1159 fugisset,

1111 1168 1147 1189 ne
1158 1160 1194 1190 ab
1206 1170 1241 1191 eo
1254 1162 1456 1201 ordinaretur,
1470 1164 1499 1194 in
1518 1164 1659 1195 Pisidiam
1676 1168 1799 1196 veniens
1815 1166 1857 1196 ibi
1869 1167 1934 1205 epi-

1111 1210 1263 1245 scopatum
1276 1207 1416 1247 accipere
1426 1216 1548 1239 coactus
1564 1214 1650 1240 esset.
1673 1212 1709 1240 At
1725 1210 1852 1241 Basilius
1868 1212 1934 1250 eju—

1111 1249 1207 1280 smodi
1215 1251 1431 1283 ordinationem
1441 1253 1583 1284 miraculo
1595 1263 1699 1285 carere
1707 1249 1934 1295 negat;ideoque

1110 1295 1353 1333 Amphilochium
1363 1297 1450 1336 jubet
1462 1307 1521 1328 non
1540 1299 1712 1338 impositum
1726 1309 1801 1339 opus
1815 1300 1933 1330 lamen-

1110 1340 1232 1376 tari,sed
1246 1340 1345 1372 divino
1355 1341 1464 1373 auxilio
1481 1343 1681 1374 conﬁdentem
1696 1344 1820 1375 viriliter
1830 1354 1932 1385 agere,

1111 1389 1140 1414 et
1153 1394 1256 1416 navem
1269 1396 1365 1427 pravae
1380 1387 1523 1419 doctrinae
1546 1389 1684 1419 ﬂuctibus
1702 1389 1932 1421 immersabilem

1111 1430 1275 1462 custodire.
1293 1432 1388 1471 Rogat
1404 1436 1436 1462 ut
1465 1432 1490 1462 si
1514 1442 1546 1462 se
1576 1433 1665 1473 longa
1695 1434 1870 1473 aegritudine
1896 1434 1934 1465 ad

1112 1475 1223 1507 exitum
1241 1482 1451 1516 properantem
1461 1477 1589 1507 invisere
1601 1478 1741 1513 velit,nec
1753 1485 1871 1519 tempus
1879 1488 1934 1509 nec

1111 1521 1228 1557 signum
1245 1526 1410 1561 exspectet.
1423 1521 1519 1552 Monet
1532 1526 1563 1552 ut
1573 1522 1733 1561 diligenter
1741 1528 1843 1560 caveat
1854 1533 1890 1554 ne
1900 1533 1932 1554 se

1113 1564 1210 1604 pravis
1226 1565 1357 1596 moribus
1373 1565 1470 1605 abripi
1483 1566 1579 1607 sinat;
1598 1567 1650 1597 sed
1669 1568 1792 1598 missum
1808 1577 1841 1599 se
1866 1577 1932 1600 esse

1110 1610 1293 1646 meminerit,
1311 1620 1369 1641 non
1400 1615 1431 1641 ut
1452 1610 1526 1641 alios
1554 1617 1707 1652 sequatur,
1728 1613 1781 1644 sed
1812 1618 1844 1644 ut
1870 1614 1932 1653 ipse

1111 1660 1220 1693 praeest
1234 1655 1280 1686 his
1294 1655 1344 1695 qui
1360 1655 1520 1687 salvantur.

1150 1707 1187 1737 ll.
1206 1707 1268 1738 Hoc
1283 1716 1362 1737 anno
1384 1710 1450 1746 post
1473 1707 1553 1738 diem
1570 1707 1691 1739 Pascha;
1705 1708 1835 1740 Basilius
1850 1709 1889 1749 (Γ)
1901 1710 1930 1739 in

1109 1759 1228 1790 gravem
1242 1751 1378 1782 morbum
1388 1752 1770 1793 incidit,febribus,ventris
1779 1754 1932 1784 resolutio-

1111 1795 1199 1826 nvibus
1217 1800 1246 1827 et
1261 1796 1407 1827 viscerum
1420 1798 1671 1829 commotionibus
1686 1797 1824 1838 agitatus.
1835 1798 1868 1829 In
1877 1799 1931 1829 hoc

1110 1843 1187 1871 statu
1204 1846 1278 1876 erat,
1294 1850 1361 1871 cum
1376 1850 1430 1880 per
1449 1841 1617 1873 Barachum
1647 1842 1766 1883 scripsit
1791 1842 1929 1880 Eusebio,

1110 1885 1158 1915 cui
1172 1885 1307 1915 morbum
1322 1890 1455 1926 excusat,
1467 1887 1548 1925 quod
1564 1896 1622 1917 non
1634 1888 1672 1918 ad
1685 1897 1753 1918 eum
1766 1888 1932 1927 proﬁcisca-

1112 1933 1169 1960 tur.
1184 1930 1331 1961 Caaterum
1347 1940 1379 1961 se
1394 1931 1472 1961 vires
1487 1931 1524 1961 ad
1541 1931 1598 1963 hoc
1614 1932 1671 1963 iter
1685 1937 1929 1972 recuperaturum

1109 1979 1220 2014 sperat,
1234 1975 1259 2005 si
1275 1984 1328 2014 pro
1344 1984 1376 2006 se
1391 1974 1538 2007 Eusebius
1547 1981 1697 2016 precetur.
1710 1978 1838 2008 Tantum
1851 1978 1929 2008 enim

1110 2018 1190 2049 illius
1205 2020 1343 2059 precibus
1358 2020 1535 2058 confidebat,
1551 2025 1582 2051 ut
1593 2030 1626 2052 se
1641 2022 1729 2052 etiam
1736 2022 1879 2061 juvenem
1895 2031 1929 2052 ex

1109 2072 1193 2104 sene,
1211 2073 1269 2094 non
1288 2065 1376 2095 modo
1390 2069 1526 2104 vegetum
1552 2074 1586 2096 ex
1613 2066 1733 2097 inﬁrmo
1750 2071 1778 2097 et
1806 2075 1929 2107 prorsus

1109 2112 1272 2146 attenuata,
1290 2109 1355 2140 ﬁeri
1372 2119 1458 2149 posse
1470 2109 1620 2141 crederet.

1149 2158 1244 2190 Testis
1259 2159 1314 2190 fuit
1330 2160 1417 2199 hujus
1441 2160 1538 2191 morbi
1562 2161 1793 2202 Amphilochius
1807 2162 1862 2202 (g),
1881 2162 1929 2203 qui

1108 2203 1263 2243 Basilium,
1282 2209 1313 2234 ut
1333 2209 1451 2244 rogatus
1466 2205 1569 2242 fuerat,
1586 2206 1697 2243 invisit,
1714 2215 1749 2237 ac
1769 2206 1820 2237 diu
1846 2216 1928 2237 com-

245 2263 321 2285 sum.
338 2259 409 2284 ham
423 2253 546 2293 epistola
558 2253 607 2290 97,
625 2261 660 2282 ex
669 2262 726 2292 qua
736 2252 848 2292 colligit
858 2253 998 2283 Basilium
1011 2254 1066 2284 hac
1081 2272 1101 2296 ο
1111 2253 1241 2296 {Formiis
1252 2254 1295 2296 est
1306 2249 1460 2296 Caesareae,
1473 2260 1531 2296 non
1542 2251 1638 2281 solum
1650 2255 1840 2291 aegrotantem
1849 2252 1931 2282 Basi-

245 2299 345 2329 hieme
352 2297 458 2338 pedem
467 2299 556 2328 domo
565 2307 623 2327 non
631 2297 854 2334 extulisse,ante
863 2299 1066 2337 episcopatnm

244 2343 367 2382 scripta,
382 2347 412 2372 ut
423 2351 512 2382 supra
524 2342 770 2373 demonstratum.
786 2342 960 2381 lnterjectus
969 2347 1066 2373 autem

247 2387 418 2418 Faustinum
435 2387 512 2416 inter
528 2391 559 2426 et.
572 2386 810 2426 Amphilochium
829 2387 987 2417 haereticus
1003 2396 1067 2418 eva-

245 2431 340 2462 nescit
352 2430 382 2460 in
394 2431 448 2461 hac
463 2439 537 2461 nova
549 2430 835 2469 editione.Legimus
846 2431 924 2461 enim
938 2440 1005 2462 cum
1017 2441 1068 2462 co-

245 2475 361 2507 dicibus
371 2484 440 2506 mss.
448 2486 454 2505 :
465 2476 748 2514 Asintzpereunt,ut
756 2484 810 2505 res:
816 2475 912 2506 Israel
920 2475 989 2514 ﬁat.
997 2476 1067 2507 Am-

247 2519 389 2560 pliilochii
398 2518 543 2550 ordinatio
554 2519 589 2549 ad
599 2519 713 2549 initium
721 2519 800 2550 veris
807 2519 878 2550 anni
886 2519 1066 2551 374ditl'erri

246 2574 304 2595 non
322 2569 429 2604 potest.
448 2563 518 2594 Tam
536 2564 654 2603 longum
671 2564 751 2595 enim
774 2563 962 2595 intervallum
987 2565 1068 2597 inter

245 2614 371 2641 mortem
379 2608 556 2647 Faustini,et
561 2608 775 2640 ordinationem
784 2610 807 2640 A
813 2607 1067 2649 mphilochii,sino

300 2691 431 2729 α)Ν.1.

301 2730 329 2770 b)
347 2731 414 2761 Naa.
431 2739 476 2762 or.
496 2729 542 2761 l9.

297 2771 519 2852 esset?

1111 2293 1181 2323 lium
1193 2293 1324 2325 ofﬁciosa
1338 2294 1497 2327 sedulitate
1513 2295 1628 2333 fovens,
1646 2297 1697 2326 sed
1715 2297 1805 2327 etiam
1822 2297 1928 2337 populo

1109 2337 1200 2368 divini
1217 2338 1298 2370 verbi
1325 2339 1431 2379 pabula
1453 2340 1636 2371 ministrans.
1657 2339 1741 2372 Unde
1759 2341 1886 2372 Basilius
1901 2342 1928 2371 in

1109 2382 1235 2423 epistola
1251 2384 1294 2424 (It)
1312 2385 1366 2414 hoc
1380 2393 1458 2416 anno
1473 2389 1542 2416 ante
1562 2394 1694 2416 mensem
1719 2386 1925 2425 Septembrem

1108 2427 1220 2468 scripta
1234 2429 1278 2460 sic
1303 2438 1371 2460 eum
1387 2429 1572 2470 alloquitur:
1589 2430 1670 2462 Nam
1696 2439 1873 2470 persuasum
1885 2431 1927 2462 sit

1108 2471 1667 2514 tibi,inquit,populusnnostrum,cum
1673 2475 1783 2507 multos
1789 2479 1928 2516 expertus

1107 2517 1160 2556 sit,
1170 2517 1287 2549 nullius
1307 2519 1509 2558 prasentiam
1529 2519 1573 2550 ita
1593 2519 1775 2560 desiderare,
1788 2524 1925 2551 utinam:

1109 2564 1215 2590 tantum
1229 2563 1255 2591 οἱ
1267 2563 1367 2591 auaris
1380 2563 1504 2592 manus
1523 2562 1596 2592 brevi
1608 2564 1656 2592 illo
1682 2571 1826 2600 congressu
1838 2564 1926 2593 insli-

1107 2604 1315 2637 sisti.Videtur
1324 2605 1553 2648 Amphilochius
1561 2606 1671 2638 Basilio
1688 2606 1924 2640 attulisssJovini

1147 2688 1188 2728 (ε)
1197 2686 1301 2728 Epist.
1314 2685 1384 2728 138.

1148 2726 1350 2799 illiti.‘l%%;

1148 2768 1188 2808 (g)
1205 2768 1262 2807 Ep.
1281 2768 1350 2799 163'.

1153 2808 1199 2849 (Ιι)
1213 2808 1270 2848 Ep.
1287 2807 1356 2840 176.
