2018 3142
226 185 288 210 (ιιι

917 173 1212 208 PROLEGOIRNA.

227 246 347 278 Eusebii
361 244 589 284 Samosatensis,
607 244 661 283 qui
675 244 794 275 tandem
811 245 868 275 hoc
882 253 959 275 anno
971 254 1042 276 con-
1056 248 1075 273 Α
1085 243 1247 274 vehemens
1259 243 1378 274 Eusebii
1392 252 1477 274 amor
1493 247 1525 274 et
1546 243 1716 282 admiratio,
1734 243 1821 282 cujus
1837 242 1903 273 litte~

228 296 348 322 secutus
364 294 419 327 est,
438 289 516 330 quod
529 289 705 329 jamdudum
722 289 779 319 sub
795 290 886 328 impio
917 290 1047 329 impera-

229 340 292 367 tore
305 335 422 366 invictas
432 334 513 365 illius
528 334 704 364 constantia;
715 338 744 364 et
758 335 883 365 summis
899 334 935 365 de
950 334 1049 365 Eccle-

229 381 274 411 sia
290 381 404 411 meritis
419 379 551 410 debitum
569 377 739 408 videbatur.
758 379 789 410 Id
802 384 899 409 autem
912 379 1048 418 contigis-

229 436 262 457 se
274 426 330 456 hoc
347 434 436 464 anno,
453 422 619 463 etquidem
647 422 728 454 circa
751 426 895 463 astatem,
920 434 987 454 cum
1014 433 1048 454 ex

229 470 355 510 epistola
369 469 425 501 162
438 472 504 508 post
524 467 638 498 Pascha
665 468 774 508 scripta
803 469 993 508 perspicitur,
1019 469 1048 499 in

228 524 287 556 qua
301 513 428 545 Basilius
444 521 528 552 spem
542 512 689 542 invisendi
717 510 838 543 Eusebii
852 513 948 544 adhuc
974 513 1048 544 reti-

229 561 344 596 nebat;
369 563 431 589 tnm
444 557 532 588 etiam
549 565 584 587 ex
599 558 686 596 epist.
712 557 782 597 198,
802 567 882 588 anno
897 558 966 598 375,
986 563 1050 598 post

228 604 341 635 Pascha
353 601 492 634 similiter
505 601 626 640 scripta,
643 600 674 631 in
687 610 744 641 qua
755 601 883 633 Basilius
901 602 966 641 plus
981 612 1050 643 qua-

228 654 295 680 tuor
310 648 423 679 litteras
437 646 474 677 ad
490 645 650 677 Eusebium
677 645 860 677 exsulantem
887 648 1003 677 misisse
1017 657 1049 677 se

229 698 364 731 testatur,
381 690 514 733 quamvis
527 699 559 721 se
575 690 702 721 fateatur
715 700 774 721 non
790 700 868 732 saepe
879 692 1046 732 scripsisse.

269 740 345 770 Dum
363 737 393 767 in
407 734 564 767 Thraciam
580 735 611 766 S.
631 739 740 775 martyr
750 740 832 766 recta
855 736 950 767 tendit
967 736 1048 776 (illuc

228 785 307 816 enim
324 782 472 821 relegatus
486 784 530 810 est
545 789 562 809 a
576 778 725 817 Valente),
753 790 806 818 per
835 778 1049 822 Cappadociam

227 828 355 864 transiit,
369 830 493 865 ejusque
502 823 660 864 complexu
671 825 782 864 potitus
793 825 1047 856 videturBasilius.

219 873 301 904 Nam
317 872 347 902 in
359 870 487 911 epistola
504 869 560 900 168
575 869 614 898 ad
631 868 810 900 Antiochum
827 874 856 900 et
871 870 945 901 alios
956 871 1048 901 sancti

1088 297 1130 319 rae
1145 298 1203 318 non
1220 288 1317 320 solum
1334 297 1387 318 sua
1402 292 1508 327 sponte
1523 289 1611 318 utiles
1627 297 1692 318 esse
1703 287 1902 324 dicuntur,sed

1089 333 1177 364 etiam
1190 333 1346 373 accipienti
1356 333 1433 373 apud
1446 333 1665 363 alioshomines
1674 332 1901 372 perhonoriﬁca;

1089 378 1200 418 quippe
1211 387 1278 408 cum
1290 377 1321 407 in
1334 378 1432 418 aliquo
1445 378 1522 417 apud
1541 382 1651 408 tantum
1678 377 1770 408 virum
1788 386 1902 408 numero

1091 430 1156 452 esse
1173 422 1427 461 perhonoriﬁcum
1444 423 1496 452 sit.
1522 424 1593 454 Haec
1619 422 1742 463 epistola
1764 425 1904 462 reperitur

1091 465 1179 497 etiam
1195 467 1272 506 apud
1288 466 1478 506 Gregorium,
1495 471 1601 507 estque
1617 469 1694 498 inter
1708 467 1787 498 illius
1802 467 1903 507 episto-

1092 510 1134 541 las
1150 511 1355 542 dueentesima
1368 516 1482 552 quarta.

1132 554 1181 586 IV.
1199 556 1283 587 Circa
1300 556 1355 586 hoc
1373 561 1490 596 tempus
1518 556 1633 586 videtur
1655 556 1828 587 collocanda
1843 555 1903 596 Gly-

1091 600 1341 631 ceriibistoria.Is
1354 601 1546 631 monasticam
1560 601 1691 641 vitam(c)
1706 601 1901 641 proﬁtebatur,

1092 648 1121 675 et
1135 644 1282 676 Veneusis
1297 645 1437 676 Ecclesiae
1448 645 1590 676 diaconus
1602 655 1619 676 a
1633 645 1663 677 S.
1675 646 1783 676 Basilio
1795 646 1903 676 ordina-

1091 693 1149 729 tus,
1161 694 1192 719 ut
1208 690 1382 731 presbytero
1399 690 1594 730 ministraret,
1618 695 1646 722 et
1671 700 1744 730 opus
1771 689 1903 721 Ecclesia:

1091 738 1209 764 curaret
1218 736 1290 774 (non
1303 734 1376 765 laeve
1386 735 1465 766 enim
1481 735 1617 766 manibus
1630 735 1835 776 operabatur),
1849 745 1903 765 non

1092 778 1180 809 modo
1194 787 1280 819 opus,
1295 779 1373 819 quod
1390 782 1418 809 ei
1433 780 1624 810 commissum
1639 784 1712 817 erat,
1726 781 1843 820 penitus
1855 790 1902 810 ne-

1091 822 1191 862 glexit,
1209 823 1262 853 sed
1276 823 1364 854 etiam
1376 825 1486 854 coactis
1503 825 1613 864 privata
1628 826 1805 856 auctoritate
1819 825 1903 856 mise-

1091 867 1132 897 ris
1147 868 1434 908 virginibus,partim
1447 877 1500 899 sua
1513 874 1619 909 sponte
1629 869 1665 899 ad
1678 879 1746 900 eum
1754 879 1904 900 accurren-

227 917 407 948 confessoris
423 913 546 944 comites
558 913 680 952 scripta,
697 914 776 952 quod
792 914 829 944 de
841 923 944 945 eorum
954 915 1048 944 cordi-
1061 929 1079 953 Β
1091 911 1291 952 tibus,partim
1307 913 1409 944 invitis
1425 917 1454 943 et
1462 914 1802 954 repugnantibus,cmpit
1813 915 1903 954 impe-

227 962 283 993 bus
297 967 472 1002 persuasum
489 956 617 987 habebat
630 957 770 994 Basilius,
784 958 814 988 id
831 968 864 989 se
879 959 956 990 facto
973 968 1048 999 pau—

226 1001 318 1045 lisper
334 1012 438 1035 eorum
456 1001 588 1042 periculo
601 1003 788 1042 perspexisse
801 1003 942 1035 declarat.

266 1049 411 1090 Gregorio
428 1046 612 1078 Nazianzeno
629 1047 732 1077 eadem
749 1047 875 1079 felicitas
896 1058 953 1079 non
971 1048 1046 1078 obti-

225 1097 280 1137 git.
298 1095 340 1126 Ila
356 1093 435 1124 enim
453 1090 625 1131 aegrotabat,
642 1095 673 1121 ut
687 1101 723 1137 ex
742 1093 857 1124 aedibus
876 1094 1048 1133 prospicere

226 1135 284 1171 non
299 1142 418 1180 posset;
437 1145 492 1166 nec
508 1140 606 1166 tamen
620 1135 755 1176 morbus,
770 1139 822 1167 etsi
840 1139 1045 1176 gravissimus,

228 1191 285 1216 tam
300 1179 447 1214 molestus
473 1179 516 1210 illi
543 1184 617 1218 erat,
644 1190 730 1220 quam
747 1181 827 1219 quod
848 1182 978 1213 Eusebio
995 1192 1046 1213 ca—

225 1230 352 1261 rendum
369 1230 460 1257 esset.
486 1226 644 1265 Postquam
661 1225 808 1256 Eusebius
823 1228 857 1257 ad
883 1227 981 1258 locum
999 1237 1048 1258 ex-

225 1275 285 1306 silii
303 1271 448 1314 pervenit,
462 1270 583 1310 scripsit
602 1270 637 1300 ad
666 1280 733 1300 eum
761 1272 923 1310 Gregorius
939 1273 982 1311 (a)
1013 1282 1046 1302 ac

225 1319 346 1359 rogavit,
361 1321 392 1347 ut
407 1315 483 1356 quod
500 1323 536 1345 ex
551 1315 616 1354 ejus
628 1324 791 1355 congressu
806 1318 841 1346 ad
870 1317 980 1347 animae
996 1327 1044 1347 sa-

225 1365 319 1396 lutem
349 1359 493 1399 consequi
515 1368 574 1389 non
596 1363 743 1400 potuerat,
767 1360 797 1390 id
823 1360 881 1391 sibi
907 1361 1046 1401 precibus

225 1409 304 1449 apud
321 1407 414 1437 Deum
431 1403 605 1435 Conciliaret
622 1412 745 1449 :rneque
755 1405 834 1435 enim
851 1406 905 1436 viri
923 1410 963 1437 tot
980 1416 1046 1446 per-

226 1448 431 1486 secutionibus
447 1457 501 1489 pro
515 1448 679 1488 'Evangelio
708 1449 822 1489 probati
848 1450 947 1480 minus
975 1460 1047 1490 pro-

227 1500 316 1530 desse
327 1495 403 1535 apud
414 1492 507 1525 Deum
525 1502 643 1533 preces,
655 1502 745 1532 quam
755 1493 882 1535 alicujus
893 1504 926 1525 ex
938 1499 1048 1526 sanctis

229 1540 404 1582 martyribus
416 1538 626 1579 patrocinium.
840 1539 842 1542 '

267 1584 432 1624 Rescripsit
442 1582 588 1615 Eusebius
597 1582 752 1623 Gregorio,
765 1593 894 1625 eumque
904 1584 941 1615 de
956 1584 1046 1615 rebus
1054 1610 1076 1625 α,

1090 958 1168 988 rium
1181 958 1279 997 gregis
1293 957 1350 988 sibi
1363 967 1514 998 arrogare,
1527 967 1563 988 ac
1580 960 1752 998 patriarchae
1763 969 1870 990 nomen
1881 964 1905 990 et

1090 1001 1223 1032 habitum
1241 1002 1296 1032 sibi
1314 1011 1445 1040 sumere,
1465 1003 1535 1034 inde
1555 1003 1633 1033 velut
1649 1013 1683 1034 ex
1704 1003 1831 1042 quadam
1849 1010 1905 1035 arte

1090 1047 1199 1078 victum
1216 1046 1273 1077 sibi
1285 1056 1645 1087 comparans:purumque
1660 1049 1764 1089 abfuit,
1782 1049 1851 1088 quin
1865 1055 1904 1079 l0-

1090 1095 1148 1122 tam
1164 1091 1326 1122 Ecclesiam
1339 1091 1461 1122 sedibus
1471 1092 1532 1122 suis
1548 1096 1758 1123 commoveret.
1774 1095 1845 1124 Nam
1857 1104 1906 1124 nec

1091 1136 1293 1176 presbyterum
1311 1144 1470 1173 Suum,nec
1478 1137 1738 1178 chorepiscopum,
1757 1147 1811 1168 nec
1827 1139 1905 1169 Basi-

1090 1181 1160 1211 lium
1175 1181 1379 1221 reverebatur,
1395 1182 1605 1222 perpetuisque
1620 1184 1723 1213 urbem
1738 1183 1906 1214 tumultibus

1089 1235 1123 1256 ac
1130 1225 1299 1256 universum
1312 1226 1426 1257 clerum
1440 1226 1649 1266 permiscebat.
1658 1226 1792 1258 Tandem
1805 1237 1822 1258 a
1833 1228 1907 1258 Basi-

1089 1271 1129 1301 lio
1146 1275 1174 1301 et
1187 1271 1402 1311 chorepiscopo
1419 1271 1525 1301 leviter
1553 1271 1650 1302 verbis
1673 1271 1861 1312 objurgatus,
1875 1282 1908 1304 ne

1088 1319 1275 1356 contemptor
1291 1315 1429 1346 evaderet
1446 1316 1525 1356 (nam
1539 1316 1666 1355 juvenes
1679 1316 1767 1348 etiam
1778 1317 1814 1348 ad
1827 1327 1908 1348 eamw

1088 1360 1155 1391 dem
1164 1360 1380 1391 contumaciam
1388 1360 1688 1400 exercebat),facinus
1695 1362 1855 1392 admodum
1863 1372 1909 1393 au-

1089 1405 1146 1436 dax
1160 1405 1390 1436 etinhumanum
1403 1405 1909 1447 excogitat:virgines,quotquotpo-

1090 1450 1154 1488 tuit,
1174 1459 1226 1490 per
1236 1449 1425 1489 sacrilegium
1438 1450 1690 1490 praedatusmocte
1698 1451 1909 1490 observata,fu-

1089 1504 1154 1534 gam
1171 1494 1365 1535 capessitﬂei
1382 1495 1548 1525 molestiam
1562 1498 1591 1525 et
1601 1495 1741 1526 facinoris
1751 1496 1909 1537 nequitiam

1089 1543 1207 1580 tempus
1221 1538 1358 1580 augebat.
1371 1538 1455 1570 Tunc
1468 1539 1547 1571 enim
1560 1541 1602 1578 (cl)
1613 1541 1656 1571 ibi
1666 1540 1908 1573 habebatur-con-

1088 1588 1206 1622 ventus,
1221 1589 1312 1625 atque
1322 1585 1428 1625 ingens
1436 1585 1650 1625 undecunque,
1663 1589 1764 1626 utpar
1773 1589 1827 1627 est,
1839 1595 1910 1618 con-

228 1617 292 1666 suis
309 1617 466 1662 certiorem
487 1628 566 1658 fecit.
585 1617 683 1664 Quar'e
696 1617 764 1660 cum
776 1617 944 1670 Eupraxius
961 1630 1047 1670 paulo
1054 1617 1077 1636 Ὠ
1087 1617 1383 1669 μυεὺαίγηιιῖιὶιυάῖ).
1403 1629 1460 1660 Ille
1470 1633 1569 1660 autem
1579 1617 1713 1661 uicissim
1721 1617 1849 1662 charum
1859 1617 1911 1663 su-

228 1683 294 1720 post
304 1685 357 1716 per
366 1673 585 1720 Cappadociam
597 1674 747 1720 transiens
758 1674 972 1720 adEusebium
982 1683 1048 1706 sese
1088 1682 1139 1704 um
1152 1674 1336 1720 introducit,
1344 1674 1668 1720 juvenessequentem,
1681 1684 1717 1706 ac
1732 1677 1911 1716 tripudian-

227 1718 454 1759 conferret,tum
463 1724 494 1747 ut
506 1718 713 1748 illiusvideudi
724 1718 905 1749 desiderium
913 1718 1046 1757 satiaret,
1088 1721 1158 1757 tem,
1170 1728 1205 1750 ac
1217 1718 1389 1758 plurimum
1406 1718 1536 1758 quidem
1553 1720 1689 1750 tristitia:
1698 1721 1758 1760 piis
1781 1721 1912 1761 amaren-

228 1775 289 1800 tum
306 1770 337 1796 ut
351 1763 451 1794 debita
468 1763 536 1794 huic
546 1764 672 1803 tempori
684 1764 783 1794 ofﬁcia
794 1763 965 1802 exhiberet;
976 1765 1047 1796 Gre-
1089 1766 1160 1800 tem,
1174 1762 1340 1803 plurimum
1348 1766 1449 1794 autem
1462 1763 1543 1794 risus
1554 1763 1674 1795 lascivis
1685 1767 1712 1795 et
1721 1765 1828 1805 lingua
1836 1774 1911 1806 pro-

227 1812 326 1854 gorius
338 1810 414 1840 hanc
427 1807 579 1837 scribendi
595 1812 623 1854 et
633 1808 793 1854 gratiarum
806 1810 986 1849 agendarum
999 1819 1047 1842 oc-
1087 1807 1219 1854 cutibus.
1229 1808 1340 1854 ANeque
1349 1808 1405 1854 [iis
1417 1811 1574 1854 contentu:
1587 1809 1660 1848 fuit,
1678 1812 1736 1840 etsi
1751 1813 1814 1841 tam
1830 1815 1913 1842 atro-

227 1852 377 1889 casionem
394 1861 453 1883 non
465 1852 739 1892 praetermisitﬁaac
750 1853 829 1884 enim
841 1856 1047 1896 epistola,qnaa
1087 1852 1172 1884 cibus
1186 1855 1214 1884 et
1226 1852 1385 1883 horrendis
1402 1852 1471 1892 ;sed
1486 1854 1576 1884 etiam
1587 1858 1727 1893 parentes
1740 1856 1911 1897 virginum,

227 1908 272 1934 est
282 1902 361 1931 inter
375 1898 537 1929 Basilianas
550 1897 618 1937 466,
630 1897 708 1937 apud
721 1898 897 1938 Gregorium
911 1911 978 1932 vero
990 1902 1045 1931 tri-
1087 1897 1245 1928 orbitatem
1260 1906 1321 1928 non
1336 1898 1475 1936 ferentes,
1493 1902 1585 1937 atque
1600 1898 1766 1939 dispersam
1791 1900 1913 1932 turbam

227 1949 351 1985 cesima,
368 1943 485 1973 videtur
507 1942 706 1982 adjudicanda
731 1943 887 1981 Gregorio.
913 1945 1044 1985 Gregorii
1087 1943 1404 1983 reducerecupientes,
1426 1947 1453 1974 et
1468 1943 1508 1974 ad
1525 1942 1658 1978 ﬁliarum
1677 1954 1804 1976 suarum
1818 1947 1913 1986 pedes

227 1993 332 2032 stylum
351 1988 442 2027 magis
458 1988 597 2018 redolent
613 1987 676 2032 haec
691 1987 834 2018 orationis
850 1995 1044 2022 ornamenta:
1087 1996 1155 2018 cum
1170 1988 1342 2027 gemitibus,
1359 1991 1393 2018 ut
1407 1992 1642 2019 consentaneum
1653 1993 1708 2028 est,
1726 1990 1914 2030 accidentes,

226 2031 272 2069 AL-
282 2035 419 2076 patrium
443 2032 562 2072 quidem
582 2031 679 2062 solum
704 2032 814 2063 habent
827 2034 894 2072 alii,
911 2044 966 2066 nos
978 2045 1048 2066 vero
1088 2033 1288 2064 admirandus
1301 2033 1422 2071 juvenis
1435 2041 1502 2062 cum
1520 2033 1707 2073 prxdatoriu
1731 2043 1786 2065 sua
1816 2045 1915 2066 manu

226 2088 387 2121 supernam
402 2078 551 2108 civitatem
567 2086 573 2107 :
590 2077 647 2106 alii
669 2080 804 2108 nostrum
820 2079 947 2117 fortasse
965 2081 1048 2110 Μινο-
1087 2077 1279 2108 contumeliis
1293 2077 1563 2121 atquerignominia
1573 2078 1687 2117 affecit.

226 2120 313 2162 num,
326 2133 380 2155 nos
396 2121 562 2153 Christum.
579 2121 601 2152 0
609 2123 759 2161 praeclara
777 2124 959 2161 negotiatio!
975 2134 1047 2164 qua-
1129 2121 1200 2153 Cum
1212 2121 1364 2162 Glycerius
1383 2120 1557 2151 basianzum
1568 2122 1771 2154 venissetcum
1781 2123 1837 2157 hoc
1847 2125 1912 2155 vir-

227 2173 272 2203 ιίιι
297 2169 543 2207 contempsimus,
570 2166 674 2206 qualia
697 2166 808 2198 lucrati
827 2170 951 2199 sumus!
984 2168 1047 2199 Huc
1088 2167 1188 2206 ginum
1204 2166 1521 2206 grege,collegithanc
1532 2166 1912 2208 captivitatemGregorius,

226 2215 342 2248 accedit
357 2213 437 2253 quod
454 2212 516 2242 haec
532 2211 659 2251 epistola
672 2211 701 2241 in
715 2212 855 2242 omnibus
868 2214 978 2244 noslris
993 2223 1045 2244 co—
1087 2221 1122 2242 ac
1143 2220 1301 2242 commune
1323 2211 1454 2242 dedecus
1476 2216 1635 2251 contegere
1661 2217 1784 2244 conatus
1801 2219 1858 2246 est.
1879 2214 1913 2245 Id

225 2261 341 2293 dic-ibus
356 2267 427 2288 mss.
443 2257 634 2288 desideratur
651 2261 772 2296 excepto
790 2257 982 2289 Coisliniano.
1058 2255 1139 2298 "ubi
1153 2255 1272 2286 rescivit
1287 2255 1535 2293 Basilius,scribit
1547 2257 1701 2298 Gregorio,
1719 2267 1781 2288 rem
1795 2263 1913 2298 gestam

264 2289 418 2336 Eribuitur
431 2303 519 2332 etiam
536 2300 680 2340 Gregorio
696 2289 825 2341 sequens
834 2302 868 2332 ad
882 2302 1045 2333 Eusebium
1058 2289 1078 2314 ο
1088 2305 1187 2331 narrat
1202 2300 1318 2339 ordine,
1336 2310 1370 2332 ac
1385 2289 1468 2340 rogat
1479 2310 1516 2332 ne
1534 2301 1596 2332 hac
1607 2289 1787 2333 “tolerabilia
1795 2289 1910 2334 vexisti-

226 2349 352 2391 epistola
370 2348 425 2387 (b),
437 2355 502 2387 quae
513 2346 622 2386 pariter
632 2346 661 2376 in
675 2347 737 2376 solo
748 2345 854 2385 legitur
865 2346 1045 2377 Coisliniano
1088 2349 1159 2391 met,
1175 2345 1227 2391 sed
1242 2345 1272 2376 in
1288 2345 1394 2386 primis
1405 2346 1510 2386 jubeat
1520 2346 1692 2387 Glycerium
1703 2357 1769 2378 cum
1782 2348 1913 2389 virgini-

226 2395 341 2427 codice.
354 2391 509 2423 Existimat
524 2395 624 2421 tamen
636 2391 841 2421 'I'illemontius
858 2391 966 2422 Basilio
979 2401 1044 2422 me-

226 2440 284 2471 lius
297 2436 457 2469 convenire
465 2435 763 2475 excusationemque
770 2435 862 2466 utitur
872 2441 976 2466 auctor
983 2436 1045 2477 epi-

225 2484 318 2520 stolae,
335 2491 388 2513 cur
402 2481 438 2512 ad
453 2480 613 2512 Eusebium
625 2488 684 2511 non
696 2480 912 2519 proﬁciscatur,
923 2485 954 2511 ut
964 2480 1000 2511 ab
1010 2480 1044 2511 eo

224 2528 374 2571 patientia:
385 2528 415 2556 in
427 2530 566 2557 aerumnis
581 2525 750 2571 exemplum
762 2524 872 2571 capiat.
901 2524 950 2571 ait
964 2526 1041 2556 enim

223 2568 256 2606 se
272 2571 416 2604 molestiis
427 2576 463 2616 et,
473 2570 599 2616 negotiis
608 2568 748 2616 detineri.
759 2570 888 2616 δρᾶ-ξω
899 2569 1043 2616 Gregorio

223 2617 368 2650 molestiae
380 2625 434 2656 cur
449 2615 600 2663 defuerint
611 2613 788 2663 n_onl_vi'deo.
807 2613 898 2663 Gerte
925 2615 1043 2663 negotia

223 2664 329 2694 deesse
344 2653 406 2697 non
421 2650 559 2703 poterant
569 2657 731 2703 Ecclesiarn
744 2650 1043 2703 NaaiamenamYpost

223 2712 351 2739 mortem
361 2697 454 2747 patris
463 2697 780 2744 gubernantiiUtriqu'e
789 2697 900 2744 Optime
908 2697 1044 2743 congruit

264 2792 304 2833 (α)
318 2791 372 2833 Er-
389 2791 439 2833 2%:

262 2830 303 2873 (ιτ)
317 2830 376 2873 Ep.
392 2830 463 2863 167.

1087 2390 1142 2421 bus
1152 2390 1336 2422 redirezeum
1354 2391 1434 2421 enim
1459 2391 1695 2423 misericordiam
1724 2393 1868 2432 aliquam,
1886 2394 1912 2424 si

1086 2444 1153 2466 cum
1165 2435 1302 2474 Gregorii
1319 2435 1424 2466 litteris
1433 2435 1674 2476 redeat,sperare
1685 2437 1873 2478 posse.Quod
1884 2439 1912 2470 si

1084 2479 1112 2510 is
1125 2480 1224 2512 redire
1236 2480 1320 2518 nolit,
1344 2480 1449 2511 saltem
1466 2480 1596 2520 virgines
1611 2481 1647 2512 ad
1659 2481 1821 2514 Ecclesiam
1839 2493 1912 2514 ma—

1086 2528 1160 2556 trem
1169 2524 1455 2561 remittantur.Quod
1470 2525 1497 2566 si
1512 2525 1568 2555 hoc
1581 2525 1809 2566 ﬁeri‘nequit,at
1824 2533 1913 2559 certe

1084 2569 1115 2600 in
1125 2579 1176 2602 eas
1185 2580 1254 2610 quae
1260 2570 1362 2601 redire
1369 2562 1482 2610 voloni,
1495 2569 1652 2610 tyrannide
1658 2581 1684 2601 m
1697 2562 1912 2605 ἐκθέσει-16η-

1083 2615 1185 2658 gorius
1193 2624 1253 2646 non
1265 2613 1524 2658 patiatur.Alioqui
1533 2614 1629 2646 Deum
1635 2619 1666 2654 et
1674 2615 1812 2648 homines
1818 2621 1912 2648 testa-

1083 2657 1267 2709 ςιιτιξεωίξίυς
1278 2658 1472 2709 ιιεεοξιηίηὲπιο
1483 2657 1566 2709 fests
1581 2660 1768 2709 seramque
1779 2671 1815 2693 ex
1826 2661 1910 2709 tesi:

1083 2696 1141 2735 bus
1147 2702 1439 2744 Ecclesiaeﬂlycerio
1451 2696 1910 2747 cunidiscipﬁiiaet‘congrueiui

1125 2790 1166 2871 θ)
1176 2788 1235 2871 ξεῖ
1246 2786 1322 2861 ‘1ng
