2018 3142
255 171 372 196 cum

935 158 1138 191 PROLEGOM
1143 159 1229 190 INA'.

255 231 359 271 praelia
366 239 435 262 cum
446 231 578 262 veritatis
587 229 721 271 hostibus
724 227 1072 271 detinuerant.(a).Con—
1082 231 1104 255 Α
1114 226 1248 266 sepultus
1258 226 1379 258 dicitur.
1393 225 1565 271 Simplicius
1577 224 1669 256 multo
1676 224 1818 271 severius
1830 224 1942 256 Denar-

257 267 347 302 tiuuaa
357 271 446 303 etiam
453 269 792 303 acvehementesfebres
799 269 880 299 illius
887 277 994 309 corpus
1001 267 1075 298 adeo

257 320 518 357 consumpserunt,
533 321 565 347 ut
575 315 669 347 visum
685 314 723 345 sit
737 313 849 354 aliquid
865 314 928 353 ipso
945 313 1073 352 tenuius,

257 361 322 401 ipse
334 370 440 402 nempe
451 360 739 392 BasiliusPrazterea
749 363 957 399 quartanarum
968 366 1074 388 acces-

257 415 308 436 sus
320 407 396 437 ultra
411 406 514 446 viginti
527 405 606 436 vices
618 404 824 446 perstiterunt.
838 402 981 433 Febribus
996 402 1074 432 libe-

256 454 350 489 ratus,
368 451 408 482 ita
424 450 532 482 debilis
552 455 625 487 erat,
643 454 674 480 ut
694 449 768 480 nihil
784 448 820 479 ab
832 457 941 479 aranea
956 447 1076 478 differre

255 495 417 527 videretur.
432 495 532 535 Itaque
546 505 615 526 cum
641 504 709 525 eum
739 493 871 524 Meletius
897 492 1030 523 medicus
1045 492 1074 521 in

256 550 339 571 suam
365 540 554 571 solitudincm
580 540 744 579 invitasset,
763 548 822 569 non
839 537 932 578 potuit
951 537 1005 566 hoc
1021 536 1077 566 iter

256 585 589 625 suscipere,quemlibet
604 594 684 615 aura;
697 583 856 623 impulsum
865 581 1073 618 reformidans,

255 630 308 659 sed
325 629 433 660 iterum
449 639 480 661 se
491 639 582 660 verno
598 634 730 669 tempore
744 627 890 668 promisit,
902 626 989 657 modo
1006 635 1073 656 eum

254 673 334 704 Deus
347 684 453 714 magna
467 684 521 706 sua
537 683 626 705 manu
641 677 770 704 sanaret.

296 718 405 750 Incidit
419 719 448 750 in
458 719 538 750 hunc
551 718 686 749 morbum
699 722 767 749 ante
783 718 914 755 Pascha;
927 717 1074 758 siquidem

255 763 357 795 libera
368 764 501 795 febribus
518 773 638 794 vernum
651 768 767 802 tempus
780 761 978 802 exspectabat.
993 761 1074 798 Quod

255 808 280 839 si
290 809 318 838 in
329 809 417 848 epist.
434 809 491 840 198
502 808 628 840 febrium
646 808 837 839 acerbitatem
850 810 1073 841 commemorat,

255 853 300 883 vel
317 853 353 884 de
368 854 527 893 praeteritis
543 853 677 884 febribus
690 852 719 883 id
732 851 958 890 intelligendum
971 850 1075 888 est,vel

255 897 292 928 de
308 898 412 929 morbo
425 897 837 929 recrudescente.Recruduit
848 896 926 927 enim
940 895 1073 927 morbus:

1117 271 1173 302 dus
1183 275 1213 302 et
1227 271 1291 302 Ado
1306 270 1338 303 S.
1354 270 1527 311 Dionysium
1542 269 1573 300 in
1588 270 1774 310 Coppadocia
1789 273 1941 301 mortuum

1117 325 1183 346 esse
1198 316 1328 352 tradunt,
1346 317 1471 356 ejusque
1486 323 1597 355 corpus
1623 314 1783 346 Ambrosio
1797 313 1943 345 Basiliam

1116 360 1293 391 reddidisse.
1306 360 1388 392 Utris
1404 360 1605 391 monumentis
1617 360 1691 390 fides
1705 359 1877 390 adhibenda
1891 359 1942 396 sit,

1118 405 1269 445 ambigere
1294 410 1372 436 vetat
1397 405 1522 444 epistola
1548 404 1649 435 Basilii
1673 405 1710 435 ad
1732 404 1941 440 Ambrosium,

1117 460 1203 491 quam
1221 450 1250 480 in
1265 451 1331 481 aliis
1342 450 1496 481 codicibus
1505 459 1577 480 mss.
1591 453 1620 480 et
1631 449 1718 480 editis
1730 448 1844 488 insigni
1858 452 1941 488 parte

1118 499 1295 533 truncatam,
1314 495 1343 525 in
1361 494 1561 525 Vetustissimo
1578 494 1680 525 codice
1695 493 1850 525 Harlaeauo
1868 494 1941 525 inte-

1117 549 1198 579 gram
1218 539 1430 579 percommode
1445 539 1626 579 reperimus.

1158 584 1191 619 (bl
1198 584 1374 614 Ambrosius
1381 584 1458 614 inter
1466 584 1577 623 primas
1585 583 1772 623 episcopatus
1779 582 1942 614 suisollici-

1118 629 1238 659 tudines
1247 629 1274 659 id
1288 637 1367 660 cura:
1375 628 1524 668 babuit,ut
1535 637 1642 668 corpus
1653 627 1729 659 beati
1740 627 1941 668 Dionysii,qui

1117 673 1146 703 in
1164 674 1349 713 Cappadocia
1364 672 1690 712 obierat,Mediolauum
1707 672 1879 703 reduceret.
1892 674 1941 704 Mi—

1117 718 1155 748 sit
1171 727 1239 757 ergo
1258 727 1273 748 e
1289 718 1369 748 clero
1391 726 1444 748 suo
1457 717 1584 748 selectos
1605 717 1684 748 viros
1699 726 1766 748 cum
1783 717 1891 747 litteris
1906 717 1941 748 ad

1119 763 1271 800 Basilium,
1285 773 1372 803 quem
1386 762 1508 802 rogabat
1524 767 1556 793 ut
1571 762 1627 793 sibi
1638 763 1667 792 in
1684 762 1739 793 hoc
1755 761 1881 792 consilio
1892 761 1941 792 ad-

1114 808 1195 846 jutor
1204 807 1536 838 esset.lllediolanenses
1552 807 1654 838 clerici
1665 807 1783 838 laudem
1797 806 1851 836 toti
1861 807 1939 837 clero

1117 852 1333 883 Mediolanensi
1346 852 1544 883 conciliarunt
1556 861 1670 882 morum
1681 861 1803 882 suorum
1811 852 1937 891 gravita-

1118 900 1192 927 tezet
1202 906 1268 928 cum
1279 897 1376 927 adhuc
1383 897 1498 927 saeviret
1506 897 1602 927 hiems
1611 897 1640 927 in
1648 895 1938 936 Cappadocia,liben-

255 941 335 972 unde
345 942 384 973 ait
395 942 426 973 in
435 943 559 983 epistola
569 943 646 974 €200:
657 942 759 973 Morbi
767 949 814 972 me
825 949 863 972 ex
873 939 987 971 morbis
997 940 1076 970 exci-
1089 935 1106 961 Β
1119 946 1164 972 ter
1173 942 1229 972 hoc
1243 942 1468 973 incommodum
1480 935 1716 982 pertulerunt,ut
1725 941 1866 972 mandata
1877 942 1940 980 epi-

253 992 354 1026 ptum.

297 1032 431 1063 Morbum
440 1041 525 1063 suum
536 1031 641 1063 eodem
651 1031 738 1062 modo
749 1031 861 1062 indicat
871 1032 898 1061 in
909 1030 1033 1068 epistola
1040 1029 1076 1060 ad

254 1076 382 1113 Zoilum,
395 1087 460 1118 quae
473 1077 598 1118 proinde
618 1076 654 1107 ad
670 1076 750 1107 idem
769 1079 887 1114 tempus
905 1073 1074 1105 referenda.

254 1120 395 1153 Eruditus
410 1122 461 1153 ille
476 1122 520 1152 vir
534 1131 568 1153 ac
581 1121 722 1158 disertus,
741 1130 806 1152 cum
823 1121 865 1151 sic
880 1119 917 1150 ad
932 1119 1072 1149 Basilium

254 1167 432 1207 scripsisset,
447 1170 480 1198 ut
490 1167 569 1198 velut
580 1167 609 1197 in
619 1166 779 1197 audaciore
790 1165 918 1204 quodam
929 1164 1004 1195 facto
1021 1172 1073 1193 ve-

255 1211 335 1242 niam
348 1215 474 1252 peteret,
486 1213 618 1243 hortatur
629 1221 697 1242 eum
709 1210 851 1248 Basilius,
863 1214 895 1240 ut
905 1209 941 1240 ad
954 1217 1074 1240 omnem

254 1257 440 1288 occasionem
450 1257 562 1288 scribat
574 1256 717 1295 ;libenter
730 1256 807 1286 enim
817 1255 964 1286 lecturum
978 1263 1011 1284 se
1021 1253 1074 1284 viri

255 1302 426 1340 eloquentis
441 1302 566 1338 litteras,
584 1306 613 1333 et
635 1311 701 1332 cum
718 1311 735 1332 a
761 1300 913 1340 Scriptura
939 1298 1075 1328 didicerit

256 1351 398 1387 quantum
414 1347 452 1376 sit
468 1347 622 1378 charitatis
645 1347 770 1384 bouum,
787 1344 993 1376 suavissimqu
1020 1342 1075 1372 sibi

255 1386 319 1422 fore
334 1391 465 1421 hominis
476 1391 602 1422 amantis
616 1391 809 1429 colloquium.
824 1389 964 1428 Ejusdem
981 1386 1075 1417 morbi

257 1439 334 1465 nota:
345 1435 541 1466 observantur
558 1439 618 1465 tum
635 1435 665 1465 in
681 1435 805 1475 epistola
820 1434 855 1464 ad
871 1433 1074 1473 Euphronium

253 1479 385 1510 Colonia“:
399 1480 586 1520 episcopum,
599 1480 628 1510 in
646 1489 704 1519 qua
714 1479 786 1510 dicit
797 1478 889 1509 videri
898 1486 930 1508 se
941 1475 1075 1508 adhucin

254 1528 334 1555 terra
343 1526 532 1564 versari,tum
544 1525 573 1555 in
584 1525 640 1556 alia
650 1525 686 1555 ad
702 1524 971 1563 Aburgium,quem
983 1525 1073 1561 optat,

255 1573 288 1601 ut
304 1569 462 1609 aliquando
474 1571 503 1601 in
520 1570 614 1610 patria
626 1570 727 1601 videre
741 1569 845 1609 possit,
859 1568 928 1599 dum
944 1567 975 1597 in
988 1566 1075 1597 terris

1117 987 1199 1026 scopi
1211 988 1256 1016 sui
1268 986 1542 1027 adimplerent.Sed
1553 986 1761 1018 difﬁcillimum
1775 985 1831 1016 fuit
1842 985 1941 1017 ﬁdeli-

1117 1031 1172 1061 bus
1184 1031 1265 1062 illius
1276 1032 1343 1066 loci.
1358 1032 1407 1062 ubi
1426 1031 1559 1072 sepultus
1572 1036 1636 1062 erat
1646 1030 1678 1062 S.
1692 1031 1862 1070 Dionysius,
1876 1039 1941 1070 per-

1118 1076 1290 1116 suadere,ut
1300 1081 1414 1117 patrem
1429 1081 1459 1107 et
1470 1080 1625 1116 patronum
1639 1085 1724 1106 suum
1734 1075 1941 1113 cederent,cui

1118 1122 1254 1161 martyris
1265 1122 1397 1152 honores
1410 1121 1594 1156 deferebant,
1610 1129 1758 1161 quemque
1769 1120 1939 1160 praesidium

1117 1165 1200 1196 urbis
1211 1175 1271 1197 suae
1283 1175 1348 1197 esse
1361 1165 1584 1198 ducebant.Sed
1593 1170 1690 1196 tamen
1698 1174 1749 1196 eos
1760 1164 1845 1195 ﬂexit
1855 1165 1941 1196 cleri-

1118 1219 1218 1241 corum
1231 1210 1495 1242 Mediolanensium
1512 1210 1604 1242 animi
1614 1209 1785 1240 ﬁrmitas.In
1797 1219 1857 1250 quo
1869 1209 1938 1248 qui-

1118 1256 1185 1286 dem
1202 1256 1359 1296 perutilem
1372 1256 1415 1287 eis
1426 1265 1546 1296 operam
1561 1256 1674 1286 navavit
1692 1253 1857 1285 Therasius
1871 1263 1938 1294 pre-

1116 1300 1216 1340 sbyter
1224 1301 1425 1332 Caesariensis.
1432 1310 1520 1340 quem
1528 1300 1655 1332 Basilius
1663 1301 1705 1330 eis
1713 1299 1829 1330 socium
1836 1299 1884 1339 adj
1890 1309 1939 1330 un-

1116 1348 1210 1376 xerat.
1228 1345 1255 1376 Is
1266 1345 1366 1376 labore
1379 1345 1496 1376 itineris
1507 1350 1612 1386 sponte
1623 1348 1761 1384 suscepto
1772 1344 1939 1375 vehemen-

1117 1390 1224 1421 tiorem
1234 1390 1366 1421 ﬁdelium
1380 1390 1437 1421 loci
1449 1390 1529 1421 illius
1545 1392 1687 1430 impetum
1700 1389 1882 1429 compressit
1894 1400 1901 1420 :
1915 1393 1942 1419 et

1118 1444 1184 1466 cum
1197 1435 1376 1466 reluctantes
1390 1436 1525 1466 oratione
1538 1444 1591 1466 sua
1601 1434 1744 1473 ﬂexisset,
1759 1443 1861 1464 coram
1874 1443 1941 1473 pre-

1118 1480 1572 1520 sbyteris,diacouis,multisque
1582 1479 1648 1510 aliis
1660 1479 1753 1509 Deum
1764 1479 1941 1510 timentibus

1118 1524 1247 1555 sublatas
1257 1534 1323 1555 cum
1341 1524 1441 1555 debita
1453 1524 1619 1555 reverentia
1638 1523 1780 1564 reliquias
1796 1522 1938 1554 Mediola-

1118 1569 1258 1599 nensibus
1283 1570 1421 1610 servavit,
1440 1579 1513 1607 quas
1535 1569 1585 1609 qui
1608 1573 1694 1600 antea
1719 1568 1938 1606 custodiebant,

254 1619 398 1652 versatur,
416 1619 504 1655 atque
520 1624 620 1646 aerem
637 1615 739 1652 ducit;
753 1614 783 1644 in
797 1615 852 1644 hoc
869 1613 948 1643 enim
962 1616 1074 1642 tantum
1086 1619 1105 1643 C
1118 1623 1177 1644 non
1193 1614 1258 1644 sine
1273 1613 1408 1654 lacrymis
1427 1614 1577 1654 prosecuti
1593 1617 1674 1651 sunt,
1691 1613 1742 1643 sed
1756 1617 1857 1644 tamen
1870 1614 1938 1644 alio.

254 1659 426 1699 participem
443 1669 475 1690 se
490 1669 555 1690 esse
571 1659 647 1696 vitae,
665 1659 743 1699 quod
760 1658 898 1698 respiret.

294 1703 366 1734 Cum
390 1704 526 1742 Colonia,
544 1704 592 1734 cui
617 1707 744 1743 praeerat
764 1703 963 1743 Euphronius,
982 1710 997 1732 a
1021 1701 1074 1731 viis

255 1748 380 1788 publicis
395 1748 529 1785 distaret,
548 1749 674 1778 Basilius
689 1757 756 1778 raro
772 1748 807 1778 ad
822 1757 890 1778 eum
909 1746 1071 1783 scribebat,

254 1793 388 1832 quamvis
404 1802 481 1833 saepe
492 1793 527 1823 ad
541 1793 614 1823 alios
628 1792 776 1823 Armeniw
790 1792 947 1832 episcopos
964 1791 1073 1822 scribe-

254 1842 310 1877 ret,
327 1838 397 1877 quia
413 1841 561 1868 neminem
578 1837 709 1868 futurum
727 1837 875 1877 sperabat,
893 1836 944 1875 qui
960 1836 1074 1866 litteras

253 1891 321 1912 suas
334 1883 487 1914 Coloniam
506 1882 660 1922 perferret.
676 1881 733 1912 Sed
747 1891 812 1912 cum
830 1888 901 1912 tunc
916 1881 1074 1912 haberetur

253 1927 413 1958 concilium
426 1927 544 1967 aliquod
558 1927 588 1956 in
600 1926 751 1963 Armenia,
764 1926 843 1967 quod
855 1926 974 1965 quidem
989 1926 1074 1966 paulo

254 1976 320 2011 post
333 1971 447 2002 Pascha
461 1972 579 2002 videtur
589 1971 748 2010 contigisse
765 1982 772 2009 ;
784 1971 910 2003 Basilius
919 1975 969 2001 aut
978 1971 1074 2010 ipsum

252 2016 455 2056 Euphronium
468 2025 591 2056 sperans
599 2016 948 2056 adfuturum,autsaltem
962 2015 1076 2055 cpisco-

255 2071 307 2101 pos
323 2061 429 2101 quibus
446 2061 606 2098 scribebat,
624 2071 744 2101 operam
763 2062 883 2092 daturos
899 2065 930 2091 ut
941 2069 993 2090 sua
1010 2069 1075 2100 per-

255 2105 382 2136 ferretur
393 2106 529 2146 epistola,
540 2106 616 2136 hanc
631 2106 711 2137 illius
723 2106 868 2137 salutandi
887 2105 1073 2136 occasionem

255 2159 314 2181 non
331 2151 534 2191 praetermisit.
552 2150 681 2191 Epistola
710 2151 760 2182 illa
775 2151 811 2181 ad
833 2150 992 2190 episcopos
1015 2150 1076 2180 Ar—

255 2196 362 2226 meniae
371 2196 492 2236 scripta,
508 2195 537 2226 in
556 2205 661 2235 magno
677 2205 803 2226 numero
817 2199 863 2226 est
877 2204 990 2231 earum,
1005 2203 1078 2234 quas

255 2250 419 2272 amtsrmus.

1115 1668 1181 1688 rum
1197 1659 1335 1697 gaudium
1355 1668 1416 1688 sua:
1432 1658 1628 1689 consolationi
1649 1657 1859 1698 praetulerunt.

1155 1704 1205 1735 Sic
1229 1703 1320 1734 rebus
1338 1713 1370 1734 ex
1388 1704 1535 1734 sententia
1557 1703 1700 1734 confectis
1716 1702 1874 1733 Ambrosio
1891 1711 1938 1733 re:

1116 1747 1385 1788 scripsitBasilius,
1399 1757 1431 1778 se
1444 1747 1521 1778 inter
1530 1756 1638 1787 magna
1647 1747 1700 1778 Dei
1712 1747 1790 1778 dona
1801 1755 1939 1777 numera-

1115 1792 1240 1830 re,quod
1253 1802 1319 1823 eum
1328 1794 1547 1832 cognoverit,et
1556 1791 1804 1823 internihominis
1811 1792 1941 1832 pulchri-

1116 1838 1248 1868 tudinem
1262 1847 1295 1868 ex
1307 1838 1411 1868 litteris
1421 1838 1717 1878 perspexerit.Deum
1730 1837 1941 1877 gloriﬁcat,qui

1116 1891 1184 1913 eum
1202 1882 1379 1921 ejudicibus
1395 1886 1482 1912 terrae
1496 1886 1532 1913 ad
1548 1882 1721 1914 cathedram
1737 1882 1939 1922 apostolorum

1117 1926 1293 1957 mirabiliter
1305 1927 1611 1958 transtulitﬂortatur
1623 1931 1655 1958 ut
1664 1926 1775 1957 bonum
1789 1930 1940 1957 certamen

1117 1975 1223 2011 certet,
1241 1975 1270 2001 et
1285 1977 1403 2011 patrum
1423 1975 1545 2003 renovet
1572 1971 1700 2009 vestigia
1714 1975 1742 2002 et
1765 1980 1846 2011 saepe
1861 1971 1899 2001 ad
1912 1980 1940 2001 se

1118 2016 1238 2047 scribat.
1252 2015 1357 2047 Narrat
1370 2017 1518 2056 quomodo
1530 2026 1638 2056 corpus
1650 2015 1729 2047 beati
1742 2015 1878 2055 Dionysii
1891 2015 1940 2045 im-

1119 2065 1264 2101 petratum
1281 2061 1370 2092 fuerit
1385 2071 1401 2092 a
1422 2061 1562 2092 ﬁdelibus
1578 2061 1657 2092 illius
1673 2061 1741 2098 loci,
1758 2060 1790 2090 in
1806 2070 1866 2100 quo
1892 2069 1941 2091 re-

1119 2106 1447 2146 quiescebat.Declarat
1458 2107 1573 2138 nullum
1582 2105 1939 2145 esseambigendilocum:

1120 2152 1198 2182 hunc
1215 2151 1296 2181 illum
1308 2161 1375 2182 esse
1387 2151 1531 2183 invictum
1545 2151 1689 2182 athletam
1703 2161 1709 2181 :
1723 2151 1787 2181 haec
1798 2159 1867 2181 ossa
1879 2159 1942 2189 qua!

1120 2205 1186 2226 cum
1197 2196 1283 2227 beata
1295 2196 1395 2227 anima
1405 2197 1728 2227 dimicaveruntmnam
1740 2204 1842 2226 arcam
1854 2195 1942 2226 fuisse

1120 2250 1186 2282 qua;
1201 2241 1406 2272 venerandum
1425 2241 1499 2272 illud
1517 2250 1626 2281 corpus
1641 2241 1755 2280 excepit
1768 2251 1776 2281 ;
1789 2240 1942 2272 neminem

295 2285 332 2315 Il.
350 2286 391 2317 De
408 2286 600 2317 translatione
611 2285 747 2325 corporis
763 2284 857 2315 sancti
867 2284 998 2324 Dionysii
1015 2283 1077 2315 Me-
1091 2275 1214 2326 bprope
1230 2286 1326 2326 ipsum
1348 2286 1489 2326 iacuisse,
1501 2275 1618 2325 insiéne
1639 2275 1810 2325 sepulcrum
1832 2285 1941 2325 fuisse;

256 2329 436 2361 diolanensis
448 2331 535 2361 varia:
549 2330 684 2361 feruntur
699 2329 842 2366 historiae,
862 2330 891 2360 in
908 2329 1018 2369 quibus
1034 2329 1076 2360 di-

251 2373 424 2413 judicandis
447 2375 629 2405 recentiores
645 2375 808 2414 scriptores
825 2374 1017 2406 sudaveruut.
1035 2374 1076 2404 Ex

255 2418 431 2458 quibusdam
444 2419 525 2449 Actis
533 2419 611 2458 apud
622 2419 822 2449 Mombritium
833 2421 954 2449 sanctus
967 2418 1076 2458 Diony-

256 2462 318 2492 sius
334 2462 445 2493 obiisse
460 2463 568 2493 dicitur
583 2463 612 2493 in
627 2463 779 2500 Armenia,
798 2464 826 2492 in
842 2463 971 2502 quadam
989 2462 1076 2500 urbe,

257 2516 344 2547 quam
353 2507 403 2538 alii
418 2507 597 2544 Arreicium,
609 2508 660 2538 alii
676 2507 862 2543 Ariaratiam,
875 2508 924 2539 alii
940 2508 1006 2538 aliis
1023 2517 1079 2547 ap—

256 2552 366 2592 pellant
377 2552 557 2584 nominibus.
566 2552 661 2592 Hujus
670 2553 752 2584 urbis
760 2553 917 2593 episcopus
924 2552 1074 2589 Aurelius,

258 2597 506 2638 proutDionysius
513 2599 643 2629 moriens
649 2603 810 2637 rogaverat,
817 2598 897 2628 illius
908 2607 1016 2637 corpus
1023 2596 1080 2627 Me-

258 2642 409 2674 diolanum
416 2643 452 2674 ad
461 2643 652 2676 Ambrosium
664 2644 836 2684 episcopum
847 2642 947 2673 retulit
960 2653 967 2680 ;
980 2642 1080 2682 ibique

259 2693 323 2727 post
338 2691 398 2719 tres
414 2697 508 2719 annos
521 2689 584 2728 ipso
607 2688 700 2719 sancti
723 2687 855 2728 Dionysii
877 2687 1080 2718 anniversario

258 2732 307 2764 die
322 2737 468 2771 mortuus,
483 2742 574 2775 prope
589 2733 728 2765 eumdem
752 2742 770 2763 a
793 2735 895 2763 sancto
921 2731 1081 2763 Ambrosio

300 2817 343 2859 (α)
357 2817 415 2860 Ep.
432 2817 502 2851 ωε.

1119 2331 1304 2362 Christianos
1316 2331 1367 2371 qui
1381 2331 1464 2361 illum
1476 2330 1605 2370 hospitio
1626 2334 1817 2370 exceperant,
1835 2334 1866 2361 et
1878 2334 1943 2361 tunc

1121 2375 1258 2406 manibus
1271 2375 1335 2406 suis
1345 2375 1523 2416 deposuisse
1535 2378 1565 2406 et
1582 2384 1661 2405 nunc
1672 2375 1833 2412 extulisse;
1849 2375 1942 2406 hono-

1120 2430 1184 2452 rem
1201 2421 1339 2461 martyris
1352 2421 1379 2451 ei
1394 2421 1526 2451 delatum
1538 2420 1641 2451 fuisse.

1161 2466 1226 2497 Non
1237 2475 1296 2495 una
1308 2469 1354 2496 est
1363 2474 1521 2504 causa,cur
1533 2465 1610 2495 hanc
1621 2464 1779 2504 epistolam
1792 2464 1851 2495 hoc
1868 2473 1943 2495 anno

1121 2511 1201 2541 circa
1215 2510 1329 2541 Pascha
1335 2510 1476 2550 scriptam
1484 2509 1665 2540 existimem.
1673 2509 1704 2540 1ο
1713 2507 1744 2540 S.
1753 2509 1942 2540 Ambrosium

1122 2555 1258 2591 Basilius,
1271 2558 1302 2584 ut
1314 2563 1421 2585 recens
1430 2554 1571 2593 electum,
1585 2554 1718 2584 hortatur
1727 2553 1763 2584 ad
1774 2558 1892 2593 patrum
1902 2561 1944 2584 se-

1124 2598 1241 2639 quenda
1254 2598 1520 2638 vestigia,eumque
1532 2597 1677 2637 laudat,ut
1687 2607 1739 2638 spe
1749 2602 1778 2628 et
1789 2602 1943 2637 exspecta-

1122 2644 1203 2674 tione
1219 2642 1323 2682 magis.
1339 2652 1428 2683 quam
1443 2643 1536 2674 rebus
1552 2651 1605 2682 pro
1617 2641 1750 2673 Ecclesia
1765 2641 1883 2673 fortiter
1895 2651 1944 2681 ge-

1122 2689 1178 2719 stis
1189 2687 1347 2726 insignem.
1359 2688 1393 2719 ‘20
1407 2687 1490 2718 Illius
1503 2687 1590 2717 etiam
1603 2687 1732 2717 clericos
1741 2686 1853 2723 laudat,
1869 2685 1943 2726 quod

1122 2732 1253 2764 hiemem
1261 2731 1435 2772 imper-viam
1442 2741 1502 2764 non
1508 2730 1942 2765 reformidaverint.dummodo

1162 2815 1208 2856 (b)
1217 2814 1272 2856 Ep.
1290 2815 1358 2848 197.
