2018 3142
752 142 848 175 ἮΤΑ
864 142 898 174 Β.
916 141 1070 174 ΒΔΒΠᾸῙ.

1667 153 1763 179 CXXIX

75 212 206 252 episcopi
220 211 271 243 sui
288 212 423 243 mandata
450 212 644 245 facesserent.
656 212 689 244 id
704 216 802 244 autem
822 210 895 243 nulli
904 212 925 238 Α
937 209 1063 249 epistola
1073 208 1217 241 canonica
1229 209 1360 241 secunda
1370 213 1399 241 et
1413 218 1543 250 sequens
1553 210 1678 251 epistola
1689 212 1763 245 200.

73 266 146 288 anno
159 256 273 287 melius
285 257 430 296 congruit,
448 267 536 298 quam
550 257 619 288 huic
635 257 705 294 375,
724 267 782 298 quo
793 265 898 288 omnes

74 301 269 342 Cappadociae
281 301 334 332 vias
351 311 445 342 usque
460 302 497 333 ad
514 303 628 334 Pascha
652 302 820 333 interclusa)
830 302 896 332 fue—

74 351 148 383 runt,
167 351 200 376 ut
212 346 340 385 legimus
357 347 385 376 in
403 347 531 386 epistola
552 348 701 387 sequenti.
719 347 750 377 3°
773 346 897 377 Sanctus

73 390 245 422 Ambrosius
257 391 302 421 sic
318 391 356 422 de
370 391 511 431 Dionysio
526 392 662 431 loquitur
674 391 704 422 in
720 391 845 432 epistola
860 391 896 422 ad

75 435 292 466 Vercellenses:
310 436 426 467 Beatus
436 435 833 477 Dionysius,inquit,ea'egit
843 445 897 467 vo-

74 481 148 511 tisut
156 481 190 510 in
199 481 311 511 exsilio
323 481 418 511 vitam
422 485 603 522 poneret,ne
610 489 760 521 regressus
768 481 898 519 con/usa

73 525 221 555 institutis
232 529 261 555 et
272 533 331 555 usu
340 524 510 564 inﬁdelium
522 527 625 557 studia
641 525 735 565 plebis
752 528 806 556 aut
824 525 898 556 cieri

73 569 410 609 inveniretmeruitque
417 569 498 602 hanc
505 572 686 610 gratiam,ut
690 579 794 609 pacem
799 569 897 601 Domi-

73 615 103 644 ni
116 613 284 653 tranquilto
295 613 405 654 affectu
415 623 515 646 secum
526 616 663 654 referret.
681 614 730 646 Sic
740 624 810 654 ergo
821 624 896 645 con-

71 657 326 698 junctusDionysii
334 659 447 690 reditus
456 669 523 690 cum
531 659 684 690 Ambrosii
694 659 894 699 ordinatione,

939 254 1013 285 Nam
1031 254 1060 284 in
1077 254 1201 294 epistola
1212 254 1355 286 canonica
1370 258 1491 285 excusat
1508 255 1646 286 morbum
1662 260 1691 287 et
1704 259 1762 288 mi-

939 298 1101 329 nistrorum
1121 299 1287 339 penuriam,
1299 309 1353 330 cur
1365 309 1426 330 non
1437 300 1580 339 scriptum
1594 300 1667 332 illud
1675 302 1762 334 citius

940 344 1064 380 miserit,
1082 353 1149 374 cum
1173 344 1349 384 jamdudum
1367 344 1527 384 propositis
1541 344 1578 376 ab
1601 346 1761 385 Amphilo-

939 389 1005 419 cbio
1019 389 1234 428 quaestionibus
1248 390 1464 430 respondisset.
1479 390 1510 421 In
1522 390 1647 430 epistola
1661 395 1760 422 autem

939 435 998 464 200
1010 433 1131 465 morbos
1146 438 1174 464 et
1190 437 1407 474 occupationes
1427 434 1615 472 negotiorum
1631 436 1762 467 exterio-

938 487 1004 508 rum
1021 483 1050 509 et
1066 478 1230 509 certamina
1241 488 1310 509 cum
1324 478 1473 510 haereticis
1486 485 1635 516 causatur,
1654 481 1762 521 quibus

939 532 971 553 se
988 532 1040 563 per
1051 527 1142 554 totam
1171 523 1301 554 hiemem
1334 533 1431 564 usque
1456 523 1495 554 ad
1518 524 1607 564 hujus
1630 525 1762 565 epistolae

938 572 1060 607 tempus
1077 568 1147 599 dicit
1163 568 1320 599 detentum
1351 568 1452 599 fuisse.
1469 567 1559 599 Missa
1578 578 1648 609 ergo
1671 571 1761 608 simul

937 616 1062 653 utraque
1079 613 1215 653 epistola,
1233 613 1382 654 siquidem
1394 613 1512 653 utrique
1523 623 1636 645 moram
1648 616 1759 647 eaedem

937 667 1036 689 causa:
1045 658 1222 689 attulerunt.

978 702 1099 734 Frustra
1113 703 1309 734 Tilemontius
1335 702 1484 734 existimat
1506 704 1680 736 canonicam
1697 706 1760 746 pri-

73 712 133 743 qnae
143 712 250 743 pacem
263 704 407 742 restituit,
420 710 454 735 ut
462 704 687 744 ipseDionysius
698 713 800 744 pacem
810 708 894 735 retu-

937 756 1015 778 mam
1033 748 1120 778 simul
1136 758 1203 779 cum
1224 748 1357 779 secunda
1372 748 1493 779 missam
1511 748 1613 780 fuisse.
1629 751 1704 781 Nam
1727 751 1759 782 in

73 747 353 780 lissevidereturEx
362 749 776 789 hiscolligimusAmbrosium
784 749 896 788 episco-

75 796 152 832 patus
158 793 201 823 sui
209 793 378 833 primordia
384 793 895 834 sanctiDionysiiredituillustrasse.
938 793 1069 823 secunda
1078 802 1136 824 non
1147 793 1243 823 solum
1257 792 1356 824 mullw
1366 792 1548 831 quaestiones
1556 794 1710 826 SOlvuntur
1721 796 1758 828 de

109 836 156 868 Ill.
173 837 263 868 Paulo
273 842 344 868 ante
355 838 467 869 Pascha
484 839 603 878 scripsit
618 843 738 870 sanctus
752 838 896 869 Eusebius
938 837 1045 882 quibus
1053 838 1148 877 prima
1156 837 1229 868 nihil
1240 837 1519 875 habuerat,velutde
1526 840 1695 878 raptoribus
1703 841 1758 882 (b),

74 881 106 911 ad
120 882 274 922 Basilium,
293 886 401 913 etcum
419 892 453 914 eo
463 884 606 923 jurgavit,
623 883 701 923 quod
721 884 758 914 ad
788 892 821 913 se
836 892 894 914 non
907 893 925 917 Β
938 881 975 912 de
991 882 1162 922 presbytero
1190 882 1304 922 nuptiis
1320 882 1434 913 illicitis
1464 883 1613 922 implicato
1640 885 1690 925 (ο),
1721 885 1758 916 de

75 926 222 966 scriberet,
240 937 276 958 ac
289 928 314 958 si
327 928 426 958 desint
445 929 629 964 occasiones,
658 937 717 959 non
733 927 860 968 aliquem
877 937 893 958 e
935 926 1200 965 absurdisvotis(d)
1212 926 1313 957 etaliis
1323 927 1538 966 ejusmodi;sed
1551 927 1639 959 etiam
1653 930 1756 971 multa,

75 971 130 1002 suis
143 972 261 1003 clericis
272 972 416 1005 mitteret.
432 972 496 1004 Jam
529 977 615 1004 antea
640 973 726 1004 aliam
757 972 893 1012 ejusdem
935 981 1001 1011 quia
1016 972 1045 1001 in
1064 972 1160 1012 prima
1175 976 1285 1002 statuta
1300 971 1428 1009 fuerant,
1461 972 1568 1003 clarius
1593 977 1622 1003 et
1637 973 1757 1006 uberius

75 1015 185 1047 Eusebii
196 1017 355 1057 epistolam
370 1018 514 1050 ofﬁciales
526 1017 823 1050 detnlerant.Revera
835 1026 894 1048 non
934 1016 1132 1056 explanantur
1142 1017 1173 1047 in
1186 1016 1368 1052 secunda,ut
1379 1016 1416 1047 de
1427 1016 1517 1056 lapsis
1529 1017 1692 1056 virginibus
1701 1021 1756 1060 (e),

75 1061 174 1092 multas
188 1061 321 1092 Eusebio
338 1063 496 1103 scripserat
513 1063 653 1104 epistolas
667 1062 807 1099 Basilius,
826 1063 894 1103 quia
935 1059 972 1091 de
988 1060 1134 1101 baptismo
1147 1061 1354 1092 haereticorum
1366 1061 1407 1100 (f)
1423 1066 1452 1091 et
1474 1061 1609 1101 pluribus
1625 1063 1701 1095 aliis.
1713 1064 1755 1096 Ex

76 1111 170 1137 nactus
184 1116 243 1137 non
262 1111 340 1145 erat,
353 1108 402 1148 qui
418 1108 456 1139 ad
471 1118 538 1139 eum
555 1108 823 1148 proficiscerentur,
839 1108 892 1138 sed
934 1105 1042 1145 quibus
1053 1109 1134 1146 patet
1148 1105 1408 1146 Amphilochium,
1421 1106 1500 1137 lecta
1516 1107 1616 1146 priore
1632 1108 1756 1148 epistola

76 1155 164 1193 tamen
177 1151 243 1191 plus
264 1156 401 1193 rquatuoﬁr
427 1153 598 1193 scripserat,
616 1153 765 1192 simulque
781 1152 893 1183 litteras
934 1150 1087 1187 canonica,
1100 1160 1190 1181 novas
1206 1150 1389 1189 quaestiones
1399 1150 1507 1181 Basilio
1522 1152 1758 1192 proposuisse,et

73 1191 104 1221 ad
113 1200 144 1222 se
152 1197 216 1231 post
226 1191 360 1231 priorem
374 1191 497 1223 Eusebii
504 1193 658 1233 epistolam
675 1191 835 1224 Samosatis
846 1193 892 1223 al-
935 1193 972 1225 de
981 1194 1226 1235 praeteritis,quid
1239 1193 1363 1225 dubium
1376 1199 1425 1225 aut
1435 1191 1595 1227 obscurum
1608 1196 1663 1228 sibi
1673 1197 1758 1229 vide-

75 1234 150 1273 Iatas,
163 1237 288 1268 Leontio
301 1237 498 1277 peraquatori
508 1239 617 1270 Nicmae
627 1237 761 1274 miserat,
773 1237 893 1269 utillius
933 1243 1017 1269 retur
1030 1234 1222 1278 significasse.
1245 1238 1275 1269 Id
1294 1239 1441 1279 praecipue
1453 1239 1603 1271 observari
1616 1245 1714 1281 potest
1724 1242 1754 1274 in

75 1288 156 1319 opera
168 1281 314 1312 darentur
331 1280 493 1322 Sophronii
503 1282 608 1314 domus
620 1281 817 1323 procuratori,
829 1287 893 1310 eas-
934 1293 1047 1316 canone
1062 1284 1100 1315 47
1116 1284 1154 1315 de
1165 1284 1313 1324 baptismo
1330 1284 1553 1325 haereticorum,
1566 1280 1757 1319 ubi’Basilius

77 1334 127 1364 qne
141 1326 190 1357 ille
202 1327 240 1357 ad
263 1326 426 1357 Eusebium
444 1327 637 1367 perferendas
658 1331 785 1358 curaret.
807 1325 894 1357 Unde
934 1328 1014 1359 idem
1031 1328 1069 1359 de
1086 1328 1259 1366 Encratitis,
1272 1329 1471 1368 Saccophoris
1482 1330 1698 1370 etApotactitis
1710 1333 1755 1363 fe-

78 1371 235 1411 suspicatur
244 1370 375 1402 Basilius
387 1372 429 1412 (a)
443 1372 570 1412 alicujus
591 1381 694 1403 eorum
724 1370 833 1410 quibus
848 1370 894 1400 hat
933 1373 1061 1404 rendum
1076 1382 1142 1404 esse
1150 1373 1296 1413 judicium
1307 1378 1444 1413 negat,ac
1455 1373 1493 1404 de
1500 1373 1680 1408 Novatianis:
1694 1387 1753 1408 non

78 1413 174 1446 littera;
193 1416 363 1453 traduntur,
377 1421 428 1447 aut
445 1417 570 1456 negotiis
582 1421 631 1448 aut
645 1416 771 1456 segnitie
782 1415 844 1446 ﬁeri
861 1418 893 1445 ut
932 1417 1020 1449 aliam
1036 1426 1107 1449 sane
1120 1418 1158 1448 ob
1173 1426 1306 1456 causam,
1320 1419 1380 1449 nisi
1391 1418 1460 1459 quia
1469 1419 1698 1458 Amphilochius
1713 1423 1753 1454 εί.

78 1468 131 1490 non
141 1460 316 1492 reddantur.
328 1461 387 1492 Cur
396 1465 495 1492 autem
506 1461 635 1502 aliquem
649 1470 685 1492 ex
698 1460 816 1492 clericis
829 1469 890 1490 non
931 1463 1121 1502 gniﬁcaverat
1137 1462 1300 1494 discrimen
1315 1463 1395 1495 inter
1406 1463 1460 1494 has
1475 1464 1642 1497 sectassibi
1657 1467 1755 1499 minus

77 1504 191 1554 miserit,
199 1509 324 1554 excusat
332 1505 559 1554 acerbissimam
567 1507 890 1554 hiemem,qu_aeomnes
932 1507 1065 1554 probari.
1081 1507 1167 1540 Unde
1177 1507 1317 1554 Basilius:
1336 1508 1424 1546 Quod
1435 1510 1462 1540 si
1472 1510 1554 1548 apud
1569 1519 1630 1548 vos,
1646 1511 1755 1554 inquit,

74 1548 128 1600 vias
138 1551 272 1591 usquead
280 1550 607 1602 Paschaintercluserat
617 1560 625 1589 ;
636 1555 706 1602 tum
716 1550 805 1602 etiam
823 1549 888 1600 cle-
897 1576 917 1602 ο
928 1552 1082 1592 prohibita
1088 1556 1131 1584 est
1138 1553 1340 1602 rebaptizotio
1347 1554 1424 1602 sicut
1435 1548 1756 1602 apudliornanosjos;

74 1595 204 1633 ricorum,
216 1604 341 1627 suorum
353 1596 485 1627 alienum
498 1605 515 1627 a
527 1594 818 1637 peregrinationibus
828 1594 889 1625 aniv
899 1594 917 1602 "
930 1600 981 1629 tra
992 1600 1092 1629 tamen
1100 1598 1180 1628 ratio
1187 1598 1246 1629 vim
1253 1597 1753 1638 obtineat.DecepitTillemontium

75 1647 159 1679 mum,
172 1649 206 1671 eo
217 1639 302 1678 quod
314 1649 347 1670 ex
360 1641 537 1672 sedentariis
553 1642 666 1672 artibus
683 1639 793 1671 victum
808 1647 889 1669 com-
930 1642 988 1673 hoc
1002 1642 1137 1682 epistola
1146 1642 1287 1673 secunda;
1301 1642 1453 1673 canonica;
1471 1644 1663 1683 prouemium:
1675 1647 1753 1679 Cum

75 1688 178 1723 parent.
193 1684 280 1716 Unde
297 1685 385 1715 etiam
401 1694 472 1716 rure
487 1690 608 1717 coactus
619 1686 714 1717 fuerat
721 1691 887 1724 accersere,
927 1687 1047 1727 pridem
1054 1687 1267 1727 adpi-Opositas
1274 1686 1361 1719 nobis
1368 1696 1387 1718 a
1395 1691 1446 1718 tua
1453 1689 1565 1728 pietate
1573 1694 1754 1729 quaestiones

78 1728 122 1774 qui
134 1729 204 1760 hanc
218 1730 377 1770 epistolam
394 1730 551 1769 perferret.
568 1730 729 1762 Eusebium
745 1729 887 1760 lectorem
930 1732 1158 1771 respondissem,
1175 1741 1236 1763 non
1247 1733 1318 1763 misi
1332 1732 1492 1772 scriptum,
1507 1728 1621 1773 partim
1632 1736 1751 1774 quidem

76 1773 121 1804 diu
135 1774 207 1814 apud
216 1783 248 1805 se
257 1774 571 1816 retinueratBasilius,
581 1784 680 1806 aerem
690 1776 887 1813 temperatum
930 1777 1022 1816 longo
1038 1780 1066 1807 et
1079 1777 1251 1816 periculoso
1263 1776 1365 1807 morbo
1381 1778 1528 1817 detentus,
1543 1773 1656 1817 partiris
1680 1789 1753 1813 vero

78 1823 240 1858 exspectans
257 1828 265 1850 :
287 1819 407 1850 tandem
423 1819 550 1858 dimisit,
568 1829 626 1851 non
643 1820 709 1851 sine
726 1824 818 1858 metu,
848 1828 888 1850 ne
925 1825 1052 1861 propter
1060 1822 1221 1860 penuriam
1231 1822 1455 1853 ministrorum.
1468 1821 1536 1853 Hac
1545 1823 1589 1854 vir
1599 1824 1703 1856 doctus
1714 1827 1752 1858 de

77 1861 127 1894 iter
136 1864 427 1895 inﬁrmzevaletudini
438 1865 757 1897 noceret.Nonnullain
766 1865 888 1899 Oriente
929 1865 1033 1906 primis
1048 1866 1213 1897 canonibus
1225 1866 1304 1896 dicta
1316 1866 1646 1907 existimavit,quamvis
1658 1869 1696 1901 de
1705 1880 1751 1901 se-

78 1913 173 1939 novata
182 1909 312 1949 fuerant,
324 1909 376 1940 sed
385 1919 453 1940 cum
465 1919 501 1941 ea
509 1910 615 1942 fratres
627 1910 755 1942 Eusebio
778 1921 885 1944 narra-
928 1910 1024 1941 cunda
1035 1909 1162 1950 epistola
1171 1911 1315 1941 canonica
1324 1910 1401 1941 dicta
1411 1910 1532 1948 sint,cui
1538 1912 1601 1951 jam
1609 1913 1751 1946 absolutae

75 1956 145 1999 turos
152 1953 429 1999 sciret,scribendis
438 1955 616 1995 supersedit.
628 1957 672 1987 Ita
683 1955 787 1986 morbo
796 1956 884 1988 debi-
927 1954 1100 1992 Basilius,ut
1113 1955 1311 1995 scriptoribus
1324 1965 1382 1986 non
1399 1955 1553 1987 insolitum
1565 1962 1622 1996 est,
1641 1960 1749 1999 prmia-

75 1996 175 2028 litatum
188 2008 220 2029 se
236 2008 306 2030 esse
321 1998 408 2036 dicit,
425 2003 458 2030 ut
470 2008 503 2030 se
518 2009 694 2030 aerumnosa:
705 2000 797 2040 hujus
818 2002 885 2032 vita;
927 2000 1038 2030 tionem
1049 1999 1306 2040 apponebatﬂmc
1322 2001 1402 2031 enim
1416 2002 1550 2033 secunda
1561 1996 1687 2042 epistola
1696 2015 1748 2036 ca-

76 2046 179 2083 tempus
188 2043 323 2083 exegisse
335 2043 486 2074 crederet.
502 2044 578 2080 Quid
593 2048 692 2075 autem
707 2044 739 2075 in
759 2045 883 2077 Oriente
925 2047 1033 2075 nonica
1049 2044 1137 2075 simul
1156 2054 1223 2075 cum
1239 2044 1447 2076 ducentesima
1463 2046 1587 2086 epistola
1599 2049 1687 2080 missa
1703 2055 1750 2083 est

74 2087 132 2118 novi
143 2088 284 2126 evenerit,
302 2097 360 2119 non
373 2088 462 2120 facile
477 2094 521 2120 est
533 2089 660 2129 assequi.
677 2088 766 2120 Forte
785 2090 884 2132 loqui-
927 2098 979 2129 per
995 2088 1214 2129 Meletium,qui
1229 2089 1421 2129 proﬁciscens
1433 2096 1590 2123 monuerat
1607 2094 1745 2126 Basiliam

74 2131 639 2165 turBasiliusdeEcclesiaeAntiocbenaa
648 2131 883 2174 perturbatione,
925 2134 1043 2174 copiam
1058 2142 1126 2164 esse
1150 2133 1299 2164 salutandi
1326 2133 1538 2173 Amphilochii.
1566 2136 1597 2167 In
1624 2140 1749 2170 exordio

74 2185 132 2216 quae
144 2178 227 2217 paulo
242 2183 312 2209 ante
324 2178 412 2217 hujus
427 2178 560 2219 epistolae
573 2183 690 2219 tempus
705 2181 784 2210 tanta
799 2177 884 2208 exsti~
926 2179 1081 2218 utriusque
1096 2177 1231 2218 epistolze
1242 2178 1363 2209 easdem
1376 2179 1749 2219 aﬂ'ertrationes,curtan-

75 2222 115 2262 tit,
126 2227 156 2253 ut
171 2222 335 2263 presbyteri
351 2224 488 2254 nonnulli
500 2224 603 2263 jurare
619 2223 715 2254 coacti
730 2223 789 2254 sint
804 2232 883 2253 nun-
895 2257 913 2263 __
924 2223 976 2254 diu
992 2223 1119 2254 siluerit.
1133 2223 1171 2253 At
1191 2223 1257 2254 duae
1273 2223 1330 2254 illae
1346 2223 1478 2263 epistolae
1492 2224 1582 2256 simul
1601 2226 1676 2258 mitti
1688 2237 1748 2259 non

74 2257 153 2310 quam
164 2257 195 2299 se
210 2257 330 2308 publica
344 2257 511 2300 Antiochia;
519 2268 690 2300 sacerdotio
717 2268 881 2299 iuncturos.
893 2257 916 2282 D
928 2269 1174 2310 putuerunt,quin
1191 2269 1337 2300 canonica
1348 2257 1440 2300 multo
1457 2275 1527 2302 ante
1537 2257 1748 2306 absoluta

73 2309 135 2344 Vid.
152 2312 239 2353 epist.
252 2313 326 2349 199,
340 2322 406 2344 can.
418 2314 468 2344 t7.
485 2313 573 2344 Forte
584 2313 671 2344 etiam
683 2312 782 2344 Basilii
795 2312 885 2344 verba

71 2354 104 2390 de
111 2356 196 2388 rebus
203 2357 463 2389 Samosatensibus
473 2358 569 2400 accipi
581 2357 781 2389 debent.Nam
788 2356 886 2388 Euno-

70 2400 152 2439 mius,
166 2401 257 2442 quiin
268 2402 365 2433 locum
374 2403 470 2434 sancti
483 2402 605 2434 Eusebii
626 2403 761 2435 intrusus
777 2401 883 2442 fuerat,

68 2453 122 2476 non
133 2446 182 2478 diu
194 2447 314 2479 videtur
328 2448 383 2478 hac
398 2448 429 2478 in
440 2447 516 2479 urbe
531 2448 686 2478 mansisse.
705 2447 778 2478 Cum
803 2446 883 2477 enim

69 2488 186 2522 invisum
197 2501 230 2523 se
240 2491 382 2524 omnibus
393 2502 460 2525 esse
472 2492 744 2530 animadvertisset,
755 2490 886 2522 libenter

70 2532 204 2567 abscessit
220 2547 228 2569 :
245 2541 276 2568 at
288 2538 355 2577 eius
368 2537 433 2569 loco
454 2537 577 2570 Lucium
601 2537 705 2569 Ariani
731 2537 884 2568 hominem

72 2577 150 2620 longe
164 2581 344 2617 deteriorem
353 2582 581 2616 ordinaverunt.

107 2624 151 2656 l'V.
161 2625 255 2659 lisse
262 2627 352 2660 etiam
361 2627 570 2669 Amphilochia
582 2627 670 2669 paulo
682 2631 749 2668 post
770 2626 883 2658 Pascha

108 2712 143 2752 (ξι)
160 2711 211 2752 Ερ-
227 2713 296 2745 198-

107 2750 142 2791 (ὁ)
158 2750 228 2791 Cin,
241 2753 289 2784 30.

105 2795 137 2830 (ε)
151 2793 221 2824 Can.
236 2792 287 2824 27.

925 2314 975 2346 rit.
990 2314 1064 2345 Cum
1081 2313 1161 2344 enim
1178 2313 1284 2344 inutile
1308 2313 1412 2345 fuisset
1426 2314 1500 2346 duas
1509 2316 1599 2348 simul
1612 2319 1649 2350 ad
1661 2329 1748 2351 eum-

926 2359 994 2390 dem
1010 2358 1151 2398 epistolas
1168 2357 1314 2396 scribere,
1332 2361 1395 2389 tum
1405 2368 1478 2391 vero
1493 2360 1692 2402 improbabile
1704 2370 1750 2397 est

926 2402 1071 2434 Basiliam
1086 2402 1177 2433 unius
1191 2407 1242 2433 aut
1255 2402 1380 2434 alterius
1395 2404 1456 2435 diei
1473 2407 1569 2446 spatio
1587 2407 1705 2448 triginta
1719 2415 1750 2442 et

925 2447 1194 2489 ampliuscanones
1204 2448 1461 2490 condidisse,cum
1472 2447 1638 2491 praesertim
1645 2454 1750 2486 decla-

926 2497 973 2524 ret
987 2492 1171 2532 inprouamio
1181 2493 1335 2525 canonica;
1346 2494 1601 2534 Mensulam
1612 2506 1646 2530 se
1656 2500 1749 2532 fuisse

926 2537 1088 2577 diligenter
1095 2538 1296 2576 attendere,“
1305 2538 1333 2569 si
1340 2539 1413 2579 quid
1430 2548 1448 2570 a
1458 2541 1630 2574 senioribus
1637 2544 1749 2576 audii:-

926 2582 1325 2629 “,recordarimtcoguata
1333 2583 1376 2629 iis
1386 2593 1454 2624 quas
1466 2585 1628 2628 didicerat,
1646 2597 1700 2629 per
1715 2598 1748 2621 se

922 2627 988 2669 ipse
1003 2626 1254 2660 ratiocinarwa
1265 2627 1486 2662 verisimiteest
1498 2626 1687 2664 Basiliuin'in
1701 2643 1749 2666 se-

964 2713 1009 2753 (d)
1021 2714 1092 2744 Can.
1109 2713 1138 2742 8.

959 2754 1004 2792 (e)
1019 2753 1092 2784 Can.
1110 2753 1160 2784 18.

958 2794 997 2835 (Γ)
1014 2793 1086 2825 Csn.
1101 2795 1152 2824 97.
