2018 3142
290 159 372 183 CXXX

964 153 1258 187 PROLEGOMENA.

290 220 1025 262 cundacanonicaepislolaadornandasegniorem
1037 222 1110 254 fuis-
1121 226 1139 249 Δ
1152 222 1343 253 consuluerat
1357 230 1435 252 anno
1458 221 1593 261 proxime
1610 220 1712 262 elapso
1729 222 1950 263 Amphilochius,

289 275 335 298 3e.
349 265 526 297 Jamduulum
544 275 614 304 ergo
630 265 740 296 conditi
755 275 886 296 canones
894 274 967 298 ante
975 267 1107 298 oblatam

290 311 456 342 facultatem
481 309 601 345 Meletii.
618 319 651 340 ac
681 310 811 350 praefatio
842 315 906 350 post
935 312 1108 342 absolutum

289 366 364 397 opus
379 355 488 386 addita.
506 354 650 386 Similiter
679 355 794 386 duabus
809 355 876 386 aliis
905 356 1040 396 epistolis
1056 365 1108 386 ca-

290 400 406 432 nonicis
422 399 565 440 praefatio,
585 403 740 439 postquam
757 399 900 431 absolutas
910 400 1040 437 fuerunt,
1056 410 1105 441 ap-

290 445 384 486 posita
400 443 464 475 fuit.
478 445 552 475 Nam
570 452 636 473 cum
653 444 694 474 ait
709 444 834 475 Basilius
851 445 881 475 in
909 446 1013 485 primae
1035 455 1106 485 pro-

289 490 394 530 oemio,
408 488 632 529 prudentiorem
644 488 752 519 factum
762 498 795 519 se
807 499 885 530 esse,
900 494 928 521 et
940 490 1031 520 multa
1041 499 1108 529 quas

288 534 444 576 ignorabat
459 532 610 570 didicisse,
627 542 661 563 ac
677 538 813 564 coactum
840 534 932 565 fuisse
947 535 1108 575 diligenter

287 576 512 612 attendere.etsi
524 577 594 617 quid
602 577 756 608 audierata
764 578 1108 619 senioribusrecordari,

289 631 319 657 et
332 628 455 664 cognata
465 623 504 654 iis
514 632 580 663 quae
590 623 795 663 audierat,per
806 625 910 665 seipse
923 625 1106 665 ratiocinari;

288 679 366 705 cum,
385 669 518 708 inquam,
549 667 611 698 haec
640 667 722 708 dicit,
751 669 909 699 manifeste
927 670 1060 700 declarat
1076 679 1108 700 se

288 715 376 754 hujus
391 712 490 752 operis
505 711 607 742 labore
624 711 794 742 defunctum
812 713 1009 745 esse.Tcrtiae
1021 714 1103 754 epis-

288 760 355 791 tolae
370 757 573 798 pmfationem
590 756 707 796 scripsit
724 758 859 796 Basilius,
872 769 939 789 cum
966 759 1105 789 redeunti

288 815 322 836 ex
340 801 461 835 Pontico
477 801 582 831 itinere
594 801 690 831 allatae
698 803 1103 844 suntlittereAmphilochii,

287 847 393 889 quibus
410 846 492 876 nulla
508 846 680 885 interposita
696 856 778 877 mora
791 848 994 887 respondit;ac
1007 848 1101 888 proin-

1150 276 1206 307 qua
1222 266 1410 307 potissimum
1438 266 1483 296 via
1498 266 1664 297 remedium
1683 266 1752 297 huic
1774 267 1850 298 malo
1867 268 1950 299 feren-

1150 311 1219 341 dum
1237 316 1314 342 esset
1330 322 1337 351 ;
1352 310 1404 341 sed
1419 311 1476 341 hoc
1487 320 1565 341 anno
1580 319 1643 341 rem
1659 311 1780 342 minime
1794 313 1939 352 protrahen

1151 356 1218 386 dam
1232 362 1314 387 ratus
1327 365 1393 386 cum
1417 355 1567 395 episcopis
1596 355 1766 387 deliberare
1794 357 1901 393 statuit,
1927 367 1950 387 ac

1150 400 1293 431 Basilium
1317 400 1353 431 ad
1379 400 1540 431 consilium
1568 409 1654 430 suum
1678 400 1836 432 advocavit.
1862 400 1952 432 Praeter

1149 445 1332 475 desiderium
1348 444 1468 476 videndi
1482 443 1696 485 Amphilochii,
1710 450 1767 476 tam
1774 445 1881 476 eximia
1892 455 1948 476 con-

1150 489 1288 520 veniendi
1304 499 1393 520 caosa
1410 489 1550 520 Bssilium
1567 490 1603 529 (ct
1616 489 1791 520 exacuebat.
1819 489 1876 521 Sed
1897 499 1950 521 eum

1154 535 1264 565 moveri
1281 544 1341 565 non
1352 533 1491 565 sinebant
1504 533 1599 565 morbi
1617 534 1763 573 reliquiae.
1779 534 1878 575 Nuper
1887 535 1950 566 enim

1152 588 1240 610 curru
1251 579 1288 610 ad
1301 584 1443 619 martyres
1459 589 1554 619 usque
1571 583 1682 617 vectus,
1697 588 1774 619 pene
1787 579 1818 610 in
1830 579 1949 609 eumdem

1151 628 1257 654 statum
1274 624 1408 664 relapsus
1420 624 1524 654 fuerat.
1546 624 1639 663 Rogat
1654 623 1752 664 itaque
1766 628 1798 654 ut
1807 623 1950 661 res,siﬁeri

1150 669 1252 708 possit,
1268 669 1297 699 in
1314 678 1424 708 paucos
1435 668 1500 699 dies
1511 668 1676 706 differatur,
1695 678 1787 709 seque
1799 668 1948 699 adfuturum

1150 713 1305 752 promittit.
1321 713 1373 744 Sin
1388 717 1488 744 autem
1507 717 1614 752 urgent
1628 714 1756 753 negotia,
1789 713 1915 744 hortatur
1927 718 1949 743 ut

1148 762 1289 796 peragant
1303 767 1369 798 quae
1384 758 1415 788 in
1443 757 1580 789 manibus
1603 763 1684 796 sunt,
1711 767 1804 798 seque
1828 763 1947 797 tanquam

1148 807 1324 842 praesentem
1342 812 1458 843 eorum,
1475 812 1542 843 quae
1556 802 1700 843 praeclare
1728 807 1879 842 gerentur,
1894 811 1948 842 par-

1148 847 1268 887 ticipem
1282 852 1451 878 numerent.

287 886 325 924 de
339 891 464 932 spatium
478 900 536 920 non
546 886 932 923 habuissetcontleiidorum
945 886 1105 929 canonum,
1119 891 1138 916 Β
1190 886 1253 922 Non
1266 892 1390 922 dubium
1406 897 1451 923 est
1466 892 1537 932 quin
1554 896 1743 932 exspectatus
1766 886 1854 923 fuerit
1867 891 1948 922 Basilii

288 938 344 969 nisi
360 941 448 968 antea
457 934 586 965 absoluti
602 935 738 966 fuissent.

327 981 431 1013 Narrat
446 979 572 1010 Basilius
589 979 632 1019 (ιι)
649 980 677 1010 in
693 981 819 1020 epistola
834 981 979 1012 canonica
994 991 1103 1013 secun-

286 1026 507 1065 da,consultum
521 1033 553 1055 se
569 1024 660 1054 fuisse
670 1034 687 1055 a
703 1026 882 1066 presbyteris
896 1027 1103 1064 Antiochenis,

287 1072 337 1113 qui
352 1079 453 1102 coram
469 1068 581 1099 infideli
599 1069 659 1100 viro
675 1070 771 1101 coacti
785 1071 1105 1111 fuerantjurarenun-

285 1125 376 1156 quam
392 1124 425 1146 se
440 1113 610 1145 Antiochia
623 1114 791 1146 sacerdotio
808 1115 1015 1156 perfuucturos
1030 1125 1038 1153 ',
1055 1125 1105 1146 se-

284 1171 342 1202 que
357 1164 510 1191 auctorem
521 1158 565 1189 eis
580 1157 684 1195 fuisse,
696 1164 750 1189 uta
763 1159 891 1199 publicis
905 1159 1026 1200 quidem
1036 1170 1106 1191 con-

284 1205 419 1237 ventibus
430 1204 626 1244 abstinerent,
644 1204 778 1244 privatim
803 1209 900 1235 autem
923 1205 1024 1236 munia
1038 1205 1104 1236 obi-

283 1256 352 1282 rent
366 1248 619 1290 presbyterorum.
646 1248 719 1279 Cum
743 1253 841 1279 autem
860 1259 935 1280 unus
965 1259 1000 1280 ex
1035 1249 1103 1288 illis,

284 1296 394 1328 Bianor
409 1293 541 1329 nomine,
560 1292 667 1329 lconii,
684 1294 843 1325 Antiochia
871 1294 987 1331 relicta,
1005 1295 1104 1325 domi—

285 1341 386 1372 cilium
401 1347 488 1370 suum
514 1337 731 1376 constituisset,
757 1343 862 1369 censet
887 1339 1012 1370 Basilius
1037 1348 1104 1369 eum

286 1387 341 1417 hac
356 1385 422 1423 lege
434 1392 492 1413 non
503 1381 611 1422 teneri,
627 1388 657 1413 et
669 1382 788 1422 publice
800 1382 969 1414 sacerdotio
987 1383 1106 1423 perfun-

285 1435 312 1471 gi
327 1437 416 1470 posse
433 1437 441 1465 ;
458 1426 546 1457 modo
562 1431 661 1458 tamen
679 1428 885 1467 preuitentiam
912 1433 978 1468 agat
1006 1427 1044 1459 ob
1060 1427 1105 1459 fa-

286 1475 375 1507 cilem
391 1477 421 1503 et
431 1475 599 1512 promptum
611 1471 648 1502 ad
662 1472 870 1512 jusjurandum
884 1473 1030 1505 animum.

326 1517 471 1553 Meletius,
486 1516 537 1556 qui
553 1515 606 1546 has
618 1516 731 1547 litteras
741 1517 859 1554 detulit,
875 1518 984 1549 milites
998 1526 1106 1548 recens

1148 937 1302 968 adventus.
1319 936 1390 968 Nam
1404 945 1436 967 se
1452 937 1481 966 in
1492 936 1630 967 Pisidiam
1643 936 1761 968 venisse
1773 941 1892 968 testatur
1906 937 1948 976 (ii),

1149 987 1179 1012 ut
1190 991 1256 1012 cum
1273 981 1423 1022 episcopis
1439 981 1518 1012 illius
1529 981 1660 1021 regionis
1671 990 1717 1022 ea,
1730 991 1798 1020 quae
1810 981 1846 1012 ad
1861 981 1948 1012 fratres

1150 1027 1269 1058 Isauriae
1281 1026 1714 1066 spcctant,componeret.Cum
1731 1031 1831 1058 autem
1848 1026 1910 1058 huic
1922 1026 1948 1056 de

1147 1071 1341 1102 restituendis
1367 1071 1588 1111 episcopalibus
1626 1071 1840 1102 deliberationi
1871 1071 1949 1101 multa

1148 1117 1282 1147 inessent
1292 1115 1492 1153 difﬁcultates,
1506 1115 1620 1146 videtur
1642 1125 1677 1146 ea
1688 1115 1799 1146 vicisse
1810 1119 1948 1154 sententia,

1148 1170 1235 1201 quam
1248 1170 1325 1191 anno
1337 1160 1491 1200 superiore
1505 1164 1700 1201 proposuerat
1712 1161 1849 1198 Basilius,
1863 1165 1890 1190 ut
1902 1169 1948 1190 ina-

1148 1215 1213 1245 gnm
1227 1205 1338 1236 civitati
1356 1205 1483 1245 primum
1509 1204 1667 1245 episcopus
1683 1205 1806 1236 daretur
1824 1217 1831 1243 ;
1856 1214 1949 1245 suoque

1147 1251 1190 1281 illi
1202 1250 1314 1281 circulo
1331 1249 1572 1289 circumscripto,
1589 1249 1659 1289 quia
1681 1249 1794 1280 vicinos
1810 1249 1949 1280 nonnullos

1148 1294 1463 1334 ordinabat,deinceps
1474 1303 1567 1334 penes
1578 1294 1822 1334 Amphilochium
1832 1295 1880 1334 jus
1888 1299 1949 1325 esset

1148 1345 1177 1370 et
1190 1338 1347 1369 arbitrium
1364 1338 1573 1379 episcoporum
1590 1339 1621 1369 in
1634 1338 1701 1369 aliis
1720 1339 1886 1370 civitatibus
1895 1349 1947 1369 con-

1148 1383 1414 1415 stituendorude
1423 1383 1592 1423 colligimus
1605 1393 1639 1414 ex
1656 1383 1741 1414 initio
1751 1383 1883 1424 epistolae
1893 1383 1947 1423 217,

1148 1437 1212 1469 quae
1228 1433 1272 1459 est
1283 1427 1427 1458 canonica
1442 1427 1542 1467 tertia,
1554 1427 1604 1458 ubi
1617 1427 1743 1459 Basilius
1752 1433 1858 1459 auctor
1867 1433 1916 1465 est,
1926 1432 1948 1458 ut

1147 1473 1256 1512 aliquis
1272 1481 1308 1503 ex
1325 1472 1481 1513 neophytis
1492 1471 1649 1504 ordinetur
1661 1472 1894 1513 episcopus,sive
1901 1473 1947 1503 lia-

1147 1517 1273 1549 cedonio
1289 1517 1330 1548 ita
1344 1517 1491 1558 videatur,
1507 1517 1568 1548 sive
1578 1526 1649 1548 non.
1663 1516 1730 1547 Erat
1745 1526 1817 1557 ergo
1829 1517 1948 1548 Macedo-

283 1559 791 1597 collectosdeducebaLGratissima
799 1561 1103 1594 fuitBasilioscriben.
1114 1573 1135 1598 c
1148 1563 1215 1594 nius
1227 1571 1340 1602 magna;
1355 1561 1481 1593 civitatis
1491 1561 1662 1602 episcopus,
1677 1571 1712 1592 ac
1723 1562 1872 1593 metuebat
1879 1562 1948 1593 Basi-

283 1611 314 1642 di
328 1609 366 1641 ad
377 1605 621 1647 Amphilochium
645 1606 763 1638 occasio
777 1616 784 1638 τ
804 1607 884 1638 hunc
899 1611 993 1647 rogat,
1007 1611 1039 1637 ut
1055 1607 1102 1638 in-

285 1656 360 1686 visat
374 1651 537 1685 Ecclesiam
553 1651 780 1688 Caesariensem,
800 1656 956 1692 postquam
974 1660 1023 1683 res
1047 1651 1102 1692 Ly—

283 1698 398 1733 caonia;
411 1695 624 1736 composuerit,
643 1705 783 1736 eamque,
807 1697 868 1727 sive
893 1706 925 1727 se
950 1696 1025 1735 vivo,
1042 1696 1104 1728 sive

285 1749 414 1781 mortuo,
427 1745 459 1771 ut
470 1740 619 1780 propriam
634 1745 731 1772 curet.
747 1740 945 1772 Commendat
965 1741 992 1771 ei
1008 1741 1101 1772 Mele-

283 1790 369 1824 tium,
386 1789 547 1824 monetque
563 1789 595 1814 ut
609 1784 667 1815 diei
684 1785 760 1816 festo
771 1784 1027 1825 sanctiEupsychii
1041 1795 1101 1816 non

285 1834 374 1870 desit,
384 1838 480 1870 neque
489 1833 650 1868 exspectet,
664 1829 734 1860 dum
747 1830 854 1861 iterum
867 1830 1102 1867 moneatur,imo

283 1883 382 1920 ipsum
397 1875 477 1906 diem
493 1878 672 1920 antevertat,
690 1879 721 1905 ut
731 1885 763 1906 se
775 1875 933 1920 exhilaret.

325 1923 397 1955 Cum
414 1920 476 1950 hzec
488 1917 634 1949 scriberet
645 1919 785 1956 Basilius,
796 1918 1037 1959 Amphilochium
1050 1929 1099 1959 pu-

282 1969 364 2002 tabat
376 1965 487 2006 optima
503 1963 543 1993 uti
552 1962 731 1996 valetudine.
745 1964 803 1996 Sed
821 1964 907 2004 paulo
925 1967 990 2004 post
1007 1964 1100 2004 scrip-

282 2015 322 2046 sit
336 2010 563 2052 Amphilochius
582 2019 614 2040 se
630 2010 660 2040 in
686 2009 823 2040 morbum
853 2008 1009 2040 incidisse.
1025 2008 1099 2040 Per—

282 2059 442 2091 molestum
457 2054 487 2085 id
503 2054 555 2084 fuit
571 2054 688 2092 Basilio,
702 2054 753 2093 qui
763 2052 967 2094 Amphilochii
978 2052 1100 2084 videndi

283 2111 388 2142 magno
405 2099 560 2131 tenebatur
588 2099 748 2140 desiderio,
771 2100 895 2139 ejusque
921 2097 1045 2129 consilio
1062 2099 1098 2129 ad

284 2148 375 2179 multa
386 2145 427 2177 uti
442 2144 570 2176 volebat.
587 2143 646 2175 Sed
663 2144 702 2183 ib)
719 2144 745 2174 ei
769 2143 883 2174 veniam
900 2143 950 2176 dat
977 2150 1007 2177 et
1032 2143 1105 2183 peti!

284 2191 496 2232 vicissim,cum
510 2194 668 2229 utrumque
678 2188 789 2219 eaedem
803 2197 900 2219 causae
907 2189 1103 2229 detinuerint,

283 2238 406 2269 morbus
418 2234 671 2275 Amphilochium,
688 2233 832 2265 Basilium
853 2238 935 2265 vetus
962 2234 1104 2275 aegritudo

281 2291 348 2322 quae
363 2281 495 2312 nondum
510 2279 710 2310 abscesserat.

324 2328 361 2359 V.
379 2327 538 2365 Postquam
553 2333 570 2354 e
587 2323 689 2354 morbo
704 2323 852 2355 convaluit
862 2323 1102 2366 Amphilochius,

281 2380 386 2403 curam
398 2373 427 2401 et
436 2368 667 2399 sollicitudinem
681 2368 711 2398 in
724 2377 757 2399 re
771 2368 868 2408 magni
879 2369 1024 2401 momenti
1033 2377 1104 2399 con-

281 2414 433 2447 stituenda
446 2413 618 2453 insumpsit.
630 2413 710 2444 Inter
724 2412 783 2444 alia
808 2414 1029 2453 provinciarum
1053 2421 1104 2443 se-

282 2463 413 2500 gmenta,
429 2467 495 2499 qua:
505 2457 645 2488 attributa
655 2456 756 2488 Iconio
765 2457 893 2498 fuerant,
904 2457 1032 2499 insignis
1041 2460 1106 2488 erat

280 2505 384 2536 civitas
400 2503 602 2542 lsaurus,quse
617 2501 777 2542 provinciae
786 2502 907 2534 Isauriae
921 2512 1032 2534 nomen
1048 2502 1104 2534 de-

280 2549 409 2587 derat,et
424 2547 496 2579 inde
524 2556 592 2577 cum
623 2547 724 2578 multis
748 2546 815 2578 aliis
840 2548 960 2588 oppidis
988 2548 1102 2585 avulsa,

280 2594 432 2636 Lycaonia)
440 2592 581 2633 adjuncta
595 2596 653 2624 est.
669 2592 818 2623 Destituta
833 2596 934 2623 autem
950 2591 1104 2634 episcopis

281 2643 366 2671 erant
382 2645 448 2670 tum
465 2645 572 2676 magna
586 2636 638 2668 illa
647 2636 829 2674 civitas,tum
840 2636 899 2668 alia
907 2637 1029 2678 oppida,
1043 2637 1104 2668 sive

283 2686 319 2717 ab
335 2684 493 2721 haereticis,
512 2682 576 2713 sive
603 2682 640 2712 ab
656 2681 793 2712 hostibus
813 2686 922 2713 vastata
939 2692 948 2721 ;
963 2683 1104 2715 Basilium

320 2773 365 2810 tu)
378 2770 454 2810 Qan-
468 2769 518 2810 tZ-

326 2807 361 2847 ’ω
378 2808 472 2851 Epist.
489 2807 559 2839 201.

322 2819 363 2892 ξε)
377 2848 434 2892 Ep!
448 2846 519 2881 302'

1147 1607 1205 1637 lius
1216 1616 1253 1638 ne
1266 1606 1533 1646 isjurisdictionem
1543 1615 1627 1636 suam
1637 1606 1846 1646 episcoporum
1858 1608 1887 1637 iu
1897 1606 1950 1637 aliis

1145 1651 1311 1682 civitatibus
1319 1650 1508 1682 ordinatione
1515 1650 1650 1682 coerceri
1665 1651 1792 1681 moleste
1805 1650 1949 1683 ferret.Sed

1146 1696 1235 1736 hujus
1250 1695 1295 1727 rei
1306 1695 1532 1736 interpellandze
1546 1695 1677 1727 ablatum
1689 1695 1717 1726 ei
1724 1696 1777 1736 jus
1789 1696 1949 1728 lueratcon-

1144 1741 1212 1772 silio
1223 1739 1385 1780 Basilii,qui
1394 1749 1481 1771 suum
1490 1739 1683 1771 illicirculum
1695 1741 1831 1772 voluerat
1839 1741 1950 1772 circum-

1145 1785 1247 1817 scribi.
1265 1784 1457 1815 Macedonius
1473 1794 1531 1814 non
1548 1785 1598 1815 diu
1615 1786 1750 1816 Isaurum
1782 1785 1859 1816 rexit
1873 1797 1878 1814 :
1895 1794 1948 1816 nam

1145 1830 1233 1870 hujus
1248 1829 1372 1861 civitatis
1383 1829 1542 1870 episcopus
1557 1829 1687 1860 Hilarius
1700 1829 1728 1859 in
1749 1830 1875 1862 concilio
1885 1831 1948 1861 Con-

1143 1874 1406 1915 stantinopolitano
1420 1878 1449 1905 et
1463 1873 1494 1905 in
1509 1875 1696 1906 Testamento
1716 1876 1814 1906 sancti
1830 1874 1948 1915 Gregorii

1143 1919 1322 1952 Naaianzeni
1334 1923 1465 1950 vocatur.

1414 1991 1534 2024 CAPUT
1557 1991 1690 2024 XXXIII.

1143 2058 1163 2082 Ι.
1177 2058 1352 2082 οαιιιηοηεηι
1360 2055 1506 2086 perturbat
1518 2056 1679 2081 Eustathius
1690 2058 1715 2081 et
1735 2056 1836 2081 multo:
1855 2055 1947 2086 ebura;

1173 2088 1214 2112 hit
1235 2094 1252 2112 α
1273 2085 1461 2119 communione
1482 2087 1591 2116 Basilii,
1616 2089 1661 2119 qui
1683 2087 1720 2112 ad
1743 2094 1787 2112 eos
1806 2088 1897 2112 scribit
1927 2085 1951 2110 Il.

1177 2119 1278 2144 Scribit
1289 2119 1375 2143 etiam
1384 2118 1423 2143 ad
1436 2117 1669 2144 A‘eocwsarien'ses.
1683 2119 1732 2144 III.
1756 2120 1862 2143 Iterum
1883 2117 1954 2143 mittit

1179 2152 1208 2175 in
1222 2151 1339 2175 Pontum
1351 2150 1376 2173 et
1398 2151 1455 2180 agit
1471 2149 1504 2174 de
1523 2157 1666 2181 congressu
1687 2156 1747 2175 cum
1766 2151 1901 2181 episcopis.
1920 2147 1954 2173 IV.

1178 2181 1436 2206 Neocwsariensibu:
1456 2181 1527 2205 nihil
1538 2181 1765 2212 respondentibus
1780 2180 1884 2206 iterum
1903 2180 1956 2212 scri-

1178 2213 1224 2237 bit.
1239 2213 1308 2237 Duw
1331 2212 1396 2236 aliae
1417 2212 1508 2237 eadem
1521 2219 1554 2237 ue
1572 2210 1601 2236 re
1622 2213 1661 2238 ad
1677 2215 1780 2238 amicos
1801 2213 1907 2237 littera.
1933 2210 1954 2234 V.

1180 2245 1245 2269 Post
1257 2243 1363 2274 festum
1383 2245 1474 2268 sancti
1499 2243 1644 2275 Ευμενσήἰή
1665 2246 1695 2269 in
1720 2245 1841 2269 Pontum
1863 2241 1955 2275 pl‘QM‘

1175 2273 1269 2300 scitur.
1296 2276 1335 2299 Eo
1364 2281 1380 2298 υ
1396 2275 1488 2306 sciente
1515 2273 1552 2300 ad
1573 2273 1693 2306 'fratrn
1729 2275 1808 2304 ades,
1845 2273 1956 2306 turba!!!

1175 2309 1355 2338 Neocrrsareo.
1379 2305 1480 2330 Scribit
1510 2306 1548 2331 ad
1570 2302 1611 2331 eos
1634 2308 1660 2331 et
1681 2306 1718 2331 ad
1738 2302 1898 2338 clystepium.
1921 2302 1954 2327 Vl.

1176 2337 1280 2363 Basilio
1293 2337 1418 2361 redeunti
1433 2339 1582 2369 nuntiatur
1593 2338 1660 2369 quid
1671 2336 1777 2362 contra
1785 2336 1872 2368 ipsum
1889 2336 1955 2361 [mrc-

1177 2370 1235 2399 tici,
1246 2369 1310 2401 quid
1322 2368 1571 2401 contrajtleletium
1595 2368 1714 2401 ’lfaulini
1736 2370 1898 2401 sectatores,
1911 2373 1956 2401 [ne

1177 2396 1286 2425 (insitiu-
1313 2399 1408 2424 Ptures
1419 2398 1462 2423 his
1473 2400 1507 2424 de
1521 2401 1598 2425 rebut
1611 2400 1722 2425 littera.
1735 2399 1794 2425 VII.
1808 2401 1848 2424 De
1858 2396 1955 2429 epistola

1177 2432 1310 2464 οαηοῃέςρ
1337 2432 1429 2464 tertia.
1449 2432 1477 2455 et
1498 2431 1613 2464 epistola
1632 2432 1678 2464 2t_8
1700 2437 1761 2463 qua
1782 2430 1864 2464 sissent
1888 2430 1955 2454 tum

1177 2464 1224 2488 est.
1241 2462 1314 2488 VIII.
1336 2463 1448 2487 Littera
1465 2462 1738 2493 ad'SamosateMér,
1760 2462 1798 2487 ad
1817 2463 1955 2488 Demeam

1176 2495 1202 2519 et
1214 2493 1402 2519 Chalcidenses
1412 2500 1464 2524 per
1473 2495 1598 2519 Acacium
1615 2495 1712 2519 missa.

1184 2547 1209 2579 Ι.
1226 2546 1336 2578 Praeter
1350 2545 1480 2577 famosos
1499 2545 1844 2587 libellos,quibusBasilii
1857 2545 1952 2587 famam

1145 2591 1317 2623 Eustathius
1325 2586 1649 2630 laceraverat,occu|tis
1660 2591 1749 2623 etiam
1761 2590 1846 2621 illurn
1859 2586 1953 2620 machi-

1147 2636 1317 2668 nationibus
1329 2635 1438 2666 lsedere
1453 2635 1706 2668 conabatur.Nam
1723 2635 1950 2673 te;Daximonem.

1147 2691 1214 2722 qua:
1227 2681 1310 2721 regio
1325 2687 1372 2712 est
1387 2682 1473 2712 Ponti
1487 2690 1575 2713 secus
1583 2681 1694 2713 Iridem
1706 2677 1952 2721 sita,perturbave-

1188 2766 1233 2806 (ἀ)
1244 2766 1303 2807 ΕΡ·
1316 2766 1391 2807 216-

1188 2805 1225 2848 te)
1242 2805 1297 2848 sp.
1311 2806 1382 2839 216.
