2018 3142
786 167 879 198 νιΤΑ
902 167 930 198 S.
956 167 1104 200 BASILII.

1672 180 1775 203 CXXXV

102 236 169 266 hanc
183 245 250 266 cum
270 235 379 266 Meletii
392 235 524 266 Ecclesia
534 237 777 276 conjunctionem
788 235 913 266 aucti-ri-
925 238 945 262 Δ
957 235 1023 264 oleo
1036 240 1065 266 et
1079 245 1168 275 opera
1181 236 1300 276 scripsit
1315 245 1349 266 ac
1364 235 1515 267 Terentio.
1531 236 1602 267 Cum
1619 242 1717 268 autem
1737 239 1774 269 si-

102 285 152 311 tate
165 290 215 310 sua
227 281 360 320 juvarel.

137 325 270 355 Audierat
284 325 409 355 Basilius
422 326 642 362 (ol'l‘erentium
661 335 694 356 ex
705 325 778 364 (-tin,
794 325 822 355 in
836 324 913 364 quod

102 379 129 399 se
139 370 168 400 ad
178 370 310 399 animam
324 374 485 400 curandam
498 376 660 400 removerat
670 372 787 410 ,iterum
800 369 835 399 ad
849 369 913 399 bel-

103 413 164 444 licos
179 414 326 444 tumultus
356 414 455 444 redire
478 420 612 445 coactum
637 415 740 444 fuisse.
757 414 814 444 Sed
833 417 912 447 tunc,

103 459 146 488 ubi
160 458 300 497 cognovit
316 469 383 488 eum
408 460 574 489 Antiochiae
599 459 721 494 versari,
742 462 769 487 et
796 458 915 497 negotia

102 513 159 534 cum
170 504 281 542 magnis.
300 504 498 542 potestatibus
512 504 721 534 administrare
736 514 742 537 ;
760 507 819 532 tum
845 511 914 532 vero

101 548 212 578 minime
230 549 409 578 cessandum
428 554 510 578 ratus
527 552 553 577 iu
570 558 601 578 re
614 549 685 578 tanti
699 547 852 581 momenti,
867 556 915 576 ex-

101 597 226 631 spectare
242 593 348 629 noluit,
367 593 436 622 dum
456 593 655 632 Ac.icius,qui
673 597 734 622 tum
751 591 915 622 eralCaesa-

101 637 217 676 κᾶξω),
235 637 265 667 in
287 638 410 676 patriam
430 638 566 675 rediret;
583 637 634 667 sed
653 640 796 676 praeterea
819 636 916 665 minus

101 686 260 721 suspectum
279 691 345 712 esse
362 682 475 712 ducens
489 692 541 721 per
554 683 672 721 ignotos
687 680 829 711 Terentio
845 680 916 710 scri-

101 727 176 765 bere,
193 727 351 766 epistolam
369 727 453 756 dedit
469 727 640 757 numerario
658 725 748 756 officii
766 724 912 765 praesidis,

99 771 142 801 cui
158 772 297 810 praecepit
309 776 340 800 ut
356 780 419 801 eam
435 770 583 801 Dorotheo
602 771 773 810 presbytero
791 770 916 809 ejusque

98 816 194 845 amicis
210 816 294 855 prius
311 816 495 846 ostenderet.

138 859 249 890 Veritus
278 861 377 900 itaque
398 859 523 890 Basilius
552 869 589 889 ne
615 860 670 890 sibi
696 867 833 898 magnum
861 858 915 887 hoc

956 279 1126 317 gniﬁcasset
1147 279 1314 312 Do'rotheus
1339 280 1395 311 sibi
1407 281 1436 310 in
1452 281 1549 311 animo
1566 291 1631 312 esse
1649 283 1771 314 Romam

958 324 1114 361 proﬁcisci,
1131 325 1243 356 scilicet
1258 330 1287 355 ut
1307 334 1424 355 causam
1441 325 1550 357 Meletii
1572 331 1723 366 tueretur;
1740 337 1773 358 ac

959 369 1095 399 Basilium
1109 374 1283 409 rogassetut
1297 370 1472 409 Gregorium
1489 371 1652 410 Nyssenum
1669 372 1704 402 ad
1719 373 1775 403 hoc

956 413 1012 443 iter
1024 414 1244 453 suscipiendum
1258 414 1295 444 im
1302 415 1435 454 pelleret,
1448 419 1533 454 negat
1541 415 1666 446 Basilius
1679 417 1774 448 Doro-

957 458 1056 488 theum
1076 459 1172 489 hieme
1190 459 1311 489 Romam
1331 459 1477 498 proﬁcisci
1494 468 1602 497 posse;
1621 467 1777 501 propterea

956 504 1034 542 quod
1048 503 1325 543 ationstantinopoli
1339 513 1432 543 usque
1443 504 1478 534 ad
1492 504 1565 534 ﬁnes
1581 506 1776 545 Cappadociae

957 547 1054 576 omnia
1068 547 1201 577 hostibus
1216 548 1343 578 referta:
1362 548 1386 577 si
1404 551 1503 578 tamen
1519 549 1685 580 Dorotheus
1703 551 1774 581 mari

959 596 1065 630 utatur,
1080 596 1195 631 tempus
1210 592 1340 622 futurum
1356 603 1362 620 :
1382 592 1468 622 modo
1483 593 1537 622 hoc
1559 592 1646 631 legati
1667 603 1775 625 munus

958 645 1015 665 non
1027 637 1317 674 recusetGregorius
1328 637 1490 674 Nyssenus.
1508 636 1564 666 Sed
1581 638 1700 668 Basilius
1717 648 1774 668 non

959 681 1072 711 videbat
1086 681 1206 720 quinam
1219 690 1285 711 cum
1301 690 1335 711 eo
1349 681 1700 721 proficiscerentur;quod
1711 684 1775 723 qui-

959 729 1026 755 :tctn
1043 725 1079 754 dc
1093 725 1240 765 episcopis
1266 726 1490 764 intelligendum
1503 735 1514 763 ;
1527 735 1593 756 nam
1611 727 1775 767 presbyteri

958 779 1015 799 non
1033 769 1151 800 difficile
1166 770 1274 800 inventi
1293 770 1434 800 fuissent:
1448 771 1499 801 sed
1510 771 1587 801 viros
1603 773 1776 803 auctoritate

958 814 1097 853 prieditus
1114 814 1252 853 Evagrius
1270 815 1363 845 Roma
1382 815 1503 844 rediens
1525 815 1684 845 mittendos
1710 825 1776 848 esse

958 859 1152 889 nuntiaverat.
1181 860 1326 889 Praeterea
1355 859 1476 889 fratrem
1507 869 1591 889 suum
1617 860 1725 890 fatetur
1739 861 1775 891 ad

97 906 125 936 S.
139 904 243 934 Meletii
254 914 351 934 causae.
363 905 534 944 praesidium
550 904 914 943 eriperetur,ilcmonstrat
928 913 943 937 ι]
958 903 1102 943 ejusmodi
1116 903 1233 942 negotia
1249 903 1345 933 minus
1356 902 1497 933 idoneum
1510 913 1594 935 esse:
1610 904 1675 944 ejus
1690 905 1769 935 enim

97 949 231 980 Terentio
242 950 315 987 quid
329 949 365 979 de
377 949 485 979 litteris
502 949 594 980 Roma
610 949 706 979 allatis
722 946 912 978 sentiendum

96 995 142 1031 sit,
158 994 224 1033 quid
245 995 282 1024 de
307 994 374 1024 aliis
398 994 505 1024 litteris
531 994 680 1024 Athanasii
696 992 730 1023 ad
745 991 912 1026 Paulinum,

95 1038 254 1078 quasillius
267 1038 745 1077 sectatoresjactabantﬂuamvis
759 1035 911 1067 Paulinum

96 1083 550 1123 perhonorificeappelletmegat
562 1088 659 1112 tamen
668 1092 698 1111 se
710 1090 774 1111 cum
788 1090 822 1110 eo
834 1089 914 1110 com~

98 1128 326 1163 municaturum,
344 1127 461 1157 etiamsi
473 1127 587 1157 litteras
603 1127 677 1156 cmlo
695 1126 798 1156 allatas
814 1124 914 1164 profe-

96 1177 150 1203 rat.
160 1171 260 1211 Neque
272 1172 352 1201 enim
366 1171 561 1211 qumstioncm
574 1171 611 1201 de
622 1169 825 1210 hypostasibus
842 1169 915 1198 levis

96 1216 236 1247 momenti
252 1216 346 1246 videri
365 1215 488 1256 debere,
501 1216 552 1246 sed
571 1214 749 1245 latissimum
767 1212 915 1244 haereticis

93 1271 227 1300 campum
241 1261 276 1291 ad
291 1261 510 1291 detrahendum
521 1261 558 1290 de
574 1260 707 1290 Ecclesia
719 1264 853 1298 apertum
865 1257 915 1296 iri,

93 1308 116 1336 si
132 1307 181 1344 qui
196 1315 283 1336 unam
298 1315 365 1335 cum
391 1305 519 1336 Sabellio
545 1303 723 1344 hypostasim
746 1304 912 1342 profitetur,

93 1350 233 1380 licclesiie
244 1351 438 1380 Antiocheme
451 1350 837 1389 principatum,contempto
851 1349 913 1378 Me-

93 1396 174 1434 letio,
188 1394 418 1426 obtineat.Hanc
431 1395 460 1424 in
471 1396 651 1424 sententiam
664 1392 838 1432 accipienda
850 1400 915 1421 esse

93 1440 193 1470 Basilii
204 1439 294 1469 verba
308 1439 496 1478 probavimus
507 1439 537 1468 in
551 1437 734 1468 Praefationis
745 1436 843 1475 capite
853 1440 914 1466 ter-

92 1487 132 1514 tio
164 1484 317 1514 Postremo
333 1483 508 1513 Terentium
526 1488 608 1521 rogat
626 1481 763 1520 Basilius,
784 1486 813 1510 ut
834 1480 914 1510 inte-

89 1537 174 1568 grum
188 1537 219 1558 se
227 1528 468 1568 servetusquead
478 1528 605 1557 reditum
619 1526 917 1564 confessorum,quos

957 957 1146 986 congressum
1158 947 1284 986 benigno
1291 957 1324 978 ac
1334 948 1394 977 miti
1413 948 1471 978 viro
1484 949 1684 979 venerabilem
1697 950 1770 981 fore:

958 997 984 1021 ut
1002 1002 1067 1022 cum
1081 993 1158 1022 elato
1183 996 1211 1022 et
1236 992 1357 1022 sublimi
1373 998 1402 1022 et
1413 993 1500 1022 altius
1516 992 1645 1032 sedenti,
1663 994 1776 1032 quique

958 1042 1113 1076 propterea
1130 1037 1282 1067 veritatem
1296 1037 1378 1067 humi
1390 1038 1584 1076 praedicantes
1600 1038 1703 1068 audire
1716 1048 1775 1069 non

960 1082 1063 1120 possit,
1076 1090 1177 1120 parum
1195 1082 1406 1119 communibus
1423 1082 1512 1112 rebus
1528 1083 1712 1121 profuturum
1726 1084 1776 1113 bo-

960 1129 1067 1156 minczn
1085 1127 1120 1155 ah
1137 1126 1274 1156 illiberali
1294 1127 1494 1157 assentatione
1508 1127 1649 1158 alienum.
1666 1128 1709 1159 Ad
1726 1129 1777 1159 has

958 1171 994 1200 de
1036 1173 1167 1201 ltomano
1207 1171 1345 1209 pontifice
1386 1172 1521 1211 querelas
1549 1172 1664 1212 impulit
1691 1172 1774 1203 Basi-

959 1216 1028 1244 luun
1069 1215 1247 1245 commotior
1281 1216 1392 1255 iniquis
1414 1216 1536 1255 judiciis
1565 1217 1692 1254 animus,
1711 1227 1777 1257 quae

957 1260 1058 1290 ltoinze
1071 1260 1106 1289 de
1132 1259 1161 1290 S.
1180 1259 1299 1290 Meleiio
1315 1261 1369 1299 (ιι),
1387 1269 1420 1291 re
1444 1270 1503 1291 non
1529 1261 1705 1298 examinata,
1724 1261 1776 1292 sed

957 1314 991 1334 ex
1008 1304 1178 1334 hominibus
1194 1304 1320 1344 partium
1341 1305 1484 1335 studiosis
1509 1306 1621 1345 audita,
1636 1305 1775 1336 fereban~

958 1354 1016 1379 tur.

998 1393 1090 1432 Magni
1105 1393 1247 1423 momenti
1257 1399 1302 1424 est
1310 1395 1468 1424 observare
1481 1394 1633 1434 epistolam
1647 1396 1777 1435 2l5,hoc

957 1448 1036 1469 anno
1061 1438 1118 1469 375
1136 1442 1200 1478 post
1215 1439 1342 1468 reditum
1361 1448 1394 1469 ex
1411 1438 1504 1469 Ponto
1519 1439 1659 1480 scriptam
1674 1441 1775 1472 fuisse.

958 1483 1111 1513 Manifesta
1125 1492 1172 1513 res
1188 1487 1232 1513 est
1248 1493 1281 1513 ex
1299 1483 1403 1522 primis
1419 1484 1553 1523 epistola:
1570 1484 1687 1515 verbis:
1704 1485 1776 1516 Sta-

958 1529 1011 1558 tim
1020 1528 1202 1558 occasionem
1213 1528 1624 1568 nactus,inquit,scripstuiro
1632 1531 1661 1559 in
1668 1531 1778 1568 primis

89 1575 218 1605 Basilius
230 1575 386 1604 columnas
397 1574 653 1604 etlirmamentum
666 1572 801 1602 veritatis
813 1576 843 1602 et
857 1570 914 1601 Ec-
926 1586 945 1611 ο
957 1571 1141 1602 llr/mirando
1153 1572 1255 1602 comiti
1265 1571 1413 1608 Terentio,
1428 1573 1528 1603 minus
1535 1578 1703 1612 susprctum
1716 1582 1778 1604 esse

88 1619 191 1649 clesize
207 1628 273 1649 esse
289 1618 431 1649 declarat.

133 1663 327 1702 Perspicuum
347 1669 375 1692 et
400 1663 583 1702 exploratum
601 1665 647 1691 est
664 1662 738 1691 hanc
756 1659 913 1700 epistolam

88 1709 193 1738 statim
207 1713 271 1746 post
282 1707 413 1737 reditum
431 1716 464 1736 ex
481 1708 571 1737 Ponto
587 1705 728 1744 scriptam
748 1713 827 1735 esse.
842 1704 914 1733 Nam

89 1753 119 1782 in
138 1753 230 1792 epist.
243 1752 313 1792 ‘2l6,
324 1761 411 1791 quam
427 1761 533 1782 recens
549 1751 584 1780 ab
604 1750 660 1780 hoc
674 1749 782 1779 itinere
796 1747 916 1786 scripsit

91 1797 230 1833 Basilius,
243 1797 404 1827 certiorem
418 1795 484 1826 facit
494 1797 524 1826 S.
538 1795 689 1826 Meletium
703 1803 746 1830 se,
761 1797 914 1833 postquam

88 1841 187 1872 audiit
205 1841 321 1872 Paulini
339 1844 504 1870 sectatores
530 1849 650 1879 operam
667 1839 738 1868 dare
754 1842 784 1867 ut
799 1837 913 1867 Teren-

86 1887 163 1916 tium
173 1886 202 1916 in
210 1895 278 1916 suas
288 1889 386 1925 partes
394 1883 720 1925 pertrahant,celeriter
730 1883 766 1913 ad
779 1883 859 1912 hunc
868 1891 915 1911 co-

88 1931 196 1960 mitem
209 1930 413 1970 scripsisse,ut
424 1938 524 1960 eorum
538 1928 657 1958 fraudes
668 1928 750 1958 illum
762 1927 911 1957 edoceret.

86 1975 245 2005 Immerito
254 1983 326 2013 ergo
339 1974 464 2014 epistola
478 1973 592 2004 Damasi
603 1972 637 2002 ad
651 1971 805 2002 Paulinum
821 1970 913 2000 refer-

85 2025 135 2050 tur
154 2020 191 2050 ad
204 2029 315 2049 annum
333 2019 367 2049 3'7
375 2020 404 2058 8,
417 2018 453 2048 ab
465 2017 580 2048 erudito
593 2017 707 2047 editore
718 2015 910 2054 epistularum

83 2073 275 2094 summorum
295 2064 480 2103 pontificum.
497 2063 621 2093 Exstant
638 2061 716 2091 enim
734 2060 780 2090 hae
795 2059 912 2090 Damasi

83 2109 209 2148 litterae,
225 2117 293 2147 qua}
305 2117 372 2138 cum
384 2107 543 2138 Paulinum
555 2105 724 2136 Antiochiae
739 2104 913 2144 episcopum

83 2154 232 2191 salutent,
250 2154 321 2182 visre
336 2156 405 2182 sunt
418 2151 445 2181 ei
462 2151 666 2190 episcopatum
684 2149 866 2189 adjudicare.
882 2148 913 2178 In

83 2207 149 2237 quo
163 2197 286 2237 quidem
299 2196 437 2226 discessit
446 2195 588 2226 Damasus
599 2204 615 2224 a
628 2193 736 2225 Liberii
749 2193 915 2223 decessoris

80 2246 130 2272 sui
150 2241 299 2280 vestigiis,
316 2241 366 2280 qui
382 2241 411 2270 in
425 2240 534 2270 litteris
548 2248 600 2279 per
616 2238 766 2269 Silvanum
784 2237 912 2267 Tarsen~

78 2295 151 2317 sem
170 2286 200 2316 in
215 2285 369 2317 Orientem
385 2285 484 2314 allatis
512 2283 543 2315 S.
573 2283 722 2314 Meletium
750 2282 916 2312 Antiochiae

77 2331 267 2370 episcopum
282 2334 452 2368 agnoverat,
468 2334 500 2358 ut
516 2332 641 2359 testatur
663 2327 790 2358 Basilius
804 2327 834 2357 in
851 2329 914 2367 epi-

75 2375 162 2406 stola
178 2375 229 2405 67.
244 2374 317 2405 Eum
334 2379 433 2404 autem
453 2374 595 2404 Damasus
613 2382 673 2402 non
689 2373 784 2402 solum
802 2373 914 2412 episco-

75 2426 156 2460 patu
170 2419 397 2455 frustratur,sed
411 2419 498 2449 etiam
510 2427 577 2448 eum
589 2417 760 2457 gravissima
773 2422 853 2447 notat
864 2419 913 2447 in-

68 2465 179 2505 juria,
198 2473 266 2495 cum
281 2464 321 2494 ait
337 2472 386 2494 eos
401 2464 454 2503 qui
477 2463 512 2494 de
538 2463 684 2493 Ecclesiin
708 2463 749 2493 ad
764 2463 842 2493 alias
857 2462 916 2492 Ec-

72 2512 197 2540 clesias
216 2509 444 2548 migrauerunt,
463 2508 571 2538 tumltu
591 2517 610 2538 a
636 2509 846 2538 communione
861 2516 916 2538 sua

71 2556 206 2585 alienos
222 2554 297 2592 fore,
315 2553 409 2584 donec
424 2552 462 2582 ad
487 2561 538 2582 cas
553 2553 699 2582 redierint
714 2552 864 2591 civitates,
883 2553 915 2582 in

72 2600 202 2640 quibus
216 2601 354 2638 primum
369 2600 440 2627 sunt
451 2598 620 2628 constituti.

123 2644 249 2673 Litterae
259 2641 417 2672 Antiochia
430 2640 528 2672 allatae
537 2641 779 2680 Basili0,scriplte
794 2641 916 2672 fuerunt

71 2699 92 2720 ει
111 2689 274 2720 Dorotheo
289 2686 476 2727 presbytero,
492 2686 541 2717 cui
556 2686 683 2717 Basilius
698 2691 734 2724 (et
746 2687 782 2716 de
809 2686 914 2717 eodem

117 2778 172 2814 (α)
192 2772 248 2813 Ep.
262 2773 337 2814 ait.

118 2811 167 2852 (lat
180 2811 237 2852 Ep.
257 2811 330 2844 215.

117 2855 162 2895 (ο)
181 2852 262 2885 Ibid.

958 1617 1136 1647 existimans
1146 1625 1201 1655 per
1212 1617 1331 1654 ignotos
1340 1617 1381 1646 (ιιι
1392 1625 1457 1646 cum
1469 1617 1506 1646 (lc
1514 1618 1677 1657 propositis
1690 1618 1778 1648 rebus

956 1660 1254 1699 scrtbere;simulque
1266 1663 1312 1690 rei
1323 1669 1440 1691 moram
1453 1664 1562 1699 afferre
1569 1662 1700 1692 nolcnsa
1712 1662 1778 1692 rha-

958 1706 1180 1743 rissimoft‘tltrc
1187 1707 1208 1735 Α
1216 1706 1423 1745 cacio.Scripta
1430 1714 1499 1743 ergo
1509 1706 1570 1736 haec
1577 1706 1703 1745 epistola
1710 1716 1775 1736 cum

957 1751 1034 1789 apud
1050 1750 1188 1781 Basilium
1201 1754 1280 1779 esset
1296 1750 1435 1779 Aeacius.
1451 1751 1488 1781 At
1501 1750 1556 1780 hoc
1567 1750 1632 1789 ipso
1645 1756 1778 1791 tempore

958 1795 1097 1824 Acacium
1114 1797 1277 1824 Caesaream
1295 1794 1411 1824 venisse
1433 1796 1639 1824 demonstrant
1653 1799 1780 1835 quatuor

957 1839 1074 1878 litterae,
1091 1848 1163 1877 quas
1179 1838 1205 1867 ei
1221 1838 1347 1868 Basilius
1372 1839 1399 1868 in
1418 1839 1571 1869 Urientem
1586 1839 1778 1878 perferendas

957 1883 1116 1922 commisit,
1135 1887 1165 1912 ut
1182 1884 1268 1912 modo
1285 1883 1461 1914 videbimus.
1478 1883 1623 1914 Prmterea
1648 1885 1772 1924 epistola

956 1928 1018 1964 illa,
1031 1937 1117 1967 quam
1129 1936 1161 1958 se
1171 1927 1312 1958 Terentio
1328 1928 1482 1968 scripsisse
1498 1933 1598 1959 narrat
1612 1933 1690 1959 tanta
1705 1939 1771 1959 cum

956 1973 1159 2012 celeritate,ut
1174 1973 1270 2002 Acacii
1291 1973 1418 2002 reditum
1437 1978 1609 2012 exspectare
1627 1974 1729 2014 nollet,
1747 1980 1775 2005 ct

956 2021 1037 2047 tanta
1052 2026 1118 2046 cum
1135 2017 1271 2047 cautione
1286 2023 1317 2047 ut
1337 2027 1389 2056 per
1404 2018 1518 2056 ignotos
1534 2018 1667 2048 scribere
1683 2019 1775 2049 tutius

955 2063 1104 2097 crederet,
1122 2061 1180 2091 alia
1190 2062 1322 2100 profecto
1338 2071 1403 2092 esse
1415 2072 1472 2092 non
1485 2067 1590 2102 potest,
1605 2072 1692 2102 quam
1704 2073 1774 2103 prae-

956 2106 1068 2136 cedens
1083 2107 1119 2136 ad
1136 2104 1308 2135 Terentium
1326 2107 1459 2145 epistola,
1479 2116 1544 2146 qua;
1564 2111 1593 2137 et
1617 2108 1776 2137 celerrime

956 2151 1067 2189 scripta
1078 2154 1134 2187 est,
1149 2156 1180 2179 ut
1193 2154 1319 2180 testatur
1337 2151 1460 2181 Basilius
1476 2152 1503 2180 in
1521 2152 1646 2190 epistola
1660 2153 1729 2185 216.
1746 2158 1775 2182 et

957 2205 1024 2226 cum
1040 2200 1139 2234 ageret
1152 2196 1189 2225 de
1204 2195 1295 2225 rebus
1307 2196 1424 2232 Meletii,
1443 2196 1541 2225 minus
1554 2195 1629 2225 forte
1641 2196 1773 2226 animum

957 2240 1090 2271 Terentii
1108 2240 1327 2276 commovisset,
1343 2240 1366 2269 si
1393 2249 1457 2269 eam
1473 2240 1598 2271 Aeacius
1615 2240 1731 2271 Meletio
1747 2246 1775 2270 et

958 2285 1066 2316 Basilio
1080 2285 1278 2315 amicissimus
1290 2284 1479 2314 reddidisset.

997 2330 1176 2370 Episcopum
1194 2329 1380 2368 illum,quem
1391 2338 1479 2367 supra
1490 2330 1616 2360 Basilius
1631 2332 1666 2368 (ιι)
1677 2335 1776 2361 aucto.

956 2384 1019 2406 rem
1034 2374 1092 2405 sibi
1102 2382 1168 2404 esse
1180 2373 1308 2409 dicebat,
1321 2378 1351 2403 ut
1364 2375 1390 2404 in
1403 2375 1646 2414 Mesopotamiam
1660 2383 1694 2405 ac
1705 2375 1775 2406 inde

956 2419 1145 2452 Antiochiam
1163 2427 1195 2448 se
1211 2418 1371 2454 conferret,
1389 2418 1539 2449 Meletium
1557 2418 1647 2449 fuisse
1662 2427 1774 2458 cogno-

957 2465 1070 2496 scimus
1085 2473 1120 2494 ex
1135 2463 1239 2502 primis
1257 2462 1354 2492 verbis
1370 2463 1503 2501 epistola:
1515 2463 1585 2500 216,
1598 2472 1664 2502 quae
1679 2468 1723 2493 est
1739 2464 1775 2494 ad

956 2510 1107 2540 Meletium
1124 2519 1130 2536 ε
1144 2507 1245 2538 Multae
1256 2507 1459 2547 uos,inquit,et
1469 2507 1539 2538 alio:
1547 2508 1775 2547 peregrinatio-

956 2563 1009 2585 nes
1019 2554 1151 2593 apatriu
1163 2555 1339 2583 auocorunt.
1352 2551 1427 2582 Tum
1439 2553 1532 2583 suain
1549 2552 1687 2583 Pisidiam
1703 2557 1734 2582 et
1746 2554 1775 2583 in

958 2600 1081 2629 Pontum
1100 2602 1200 2628 narrat
1220 2597 1339 2634 itinera,
1357 2606 1391 2627 ac
1416 2597 1542 2636 scriptas
1556 2597 1653 2627 reditu
1670 2606 1723 2628 suo
1738 2597 1776 2627 ad

956 2643 1128 2674 Terentium
1139 2643 1262 2671 litteras.
1277 2643 1317 2672 Ex
1330 2641 1439 2677 verbis,
1453 2651 1517 2681 qua:
1528 2641 1691 2679 attulimus,
1706 2650 1776 2680 per-

957 2688 1083 2729 spicitur
1096 2687 1226 2726 aliquam
1241 2685 1655 2726 peregrinationemaMeletio
1662 2694 1776 2726 propo-

999 2773 1036 2811 (d)
1054 2773 1109 2813 Ep.
1126 2771 1196 2813 214,
1214 2772 1292 2803 11.2.

999 2816 1040 2853 (ε)
1055 2811 1108 2855 Ep.
1123 2811 1195 2844 213.
