2018 3142
734 166 827 197 VITA
850 162 879 197 ει
904 160 1054 197 ΕΛΘΠΛΊ.

1664 160 1759 201 (ataui

73 243 173 265 norum
183 233 429 274 improhitas,sed
443 233 541 274 potius
550 243 657 264 novum
669 234 739 265 huic
748 235 889 265 Ecclesiae
902 242 917 262 Α
931 243 1015 264 suum
1031 234 1155 266 levasset
1171 235 1308 266 Basilius.
1327 237 1454 276 Scripsit
1477 238 1596 267 tandem
1622 235 1657 266 ad
1683 246 1754 267 eum

74 280 159 310 decus
173 279 286 318 attulit,
302 279 398 309 oblata
425 279 493 309 ﬁdei
510 279 706 310 defendendae
724 280 892 310 occasione.

76 326 252 356 Frontonem
260 324 361 355 Ariani
371 324 490 364 quidem
498 324 670 364 episcopum
679 324 894 357 ordinaruntto)

73 370 124 400 sed
137 370 167 399 in
179 378 214 400 eo
227 370 394 409 rejiciendo
406 369 512 399 enituit
524 369 595 399 cleri
608 378 643 399 ac
655 369 754 409 populi
766 378 892 400 consen-

73 425 134 446 sus.
150 414 203 445 Vix
215 424 294 444 unus
305 418 355 444 aut
365 415 441 445 alter
456 414 589 444 clericus
603 423 670 446 cum
685 424 720 445 eo
732 414 833 445 abiere
847 425 853 445 :
866 420 894 445 at

73 460 165 490 factus
180 465 223 489 est
239 460 407 490 communis
439 459 603 489 exsecratio
628 459 716 489 totius
732 459 892 490 Armenim.

67 505 173 544 'ltaque
190 504 293 535 Ariani
306 513 338 534 re
354 505 463 534 infecta
478 504 643 534 redierunt.
658 504 726 534 etin
741 504 894 534 redeundo

73 550 169 589 aliqua
184 549 345 588 impietatis
359 558 420 579 suze
437 548 555 588 vestigia
571 549 765 588 reliquerunt,
778 549 815 578 de
826 549 894 589 qui-

69 595 125 625 bus
141 595 184 624 sic
201 594 327 624 Basilius
344 594 374 624 in
395 603 444 634 ep.
462 594 532 633 251,
551 603 581 624 n.
598 594 635 624 3:
667 593 708 624 Hi
729 594 892 634 Nicopolim

68 648 162 679 usque
177 640 340 678 progressi,
350 647 417 669 cum
428 638 508 669 nihil
519 642 690 678 potuissent
701 647 815 673 eorum,
826 648 894 678 qua:

67 684 445 723 promiseranlmerﬁcere;
456 684 606 723 quomodo
618 683 892 723 redierint,qunle-

66 737 141 768 sque
155 731 189 758 in
200 728 354 758 redeundo
364 729 424 758 visi
436 728 508 766 sint,
522 732 638 758 norunt
648 729 699 767 qui
713 728 891 763 adfuerunt.

106 773 324 803 Demosthenes
332 772 382 802 ubi
392 772 463 803 vidit
472 771 696 811 Nicopolitanos
705 782 762 802 non
772 772 891 807 cedere,

69 817 93 847 vi
106 823 135 848 et
149 817 349 856 impressione
362 817 531 847 ordinatum
545 817 603 847 illis
613 817 785 856 episcopum
795 817 832 846 im
839 827 892 857 po—

70 871 141 892 nere
150 870 308 900 aggressus
319 866 376 894 est.
391 871 424 891 ac
435 861 598 892 Ecclesiam
613 861 739 892 civitatis
751 861 892 892 Frontoni

69 906 200 937 tradidit.
219 905 276 936 Sed
295 909 396 936 tamen
409 905 483 936 nihil
500 906 660 946 promovit,
675 906 893 945 malueruntpii

70 951 209 981 homines
225 951 280 980 sub
293 951 343 980 dio
361 955 523 980 conventus
537 960 606 980 suos
618 959 716 989 agere,
729 960 816 990 quam
829 960 895 980 cum

69 996 220 1026 Frontone
247 995 482 1026 communicare.
501 995 602 1035 Itaque
620 996 648 1024 in
668 995 766 1025 vacuis
780 995 898 1025 aedibus

71 1041 203 1080 quotidie
215 1050 282 1070 cum
293 1049 382 1080 parva
395 1044 574 1070 sectatorum
592 1049 679 1070 manu
692 1040 894 1074 recumbebat.

71 1095 123 1124 pro
133 1086 323 1125 episcopatus
331 1086 435 1124 gloria,
449 1094 536 1124 quam
550 1089 703 1124 tantopere
716 1085 895 1124 concupive—

71 1135 125 1164 rat,
143 1129 307 1167 ignominia
322 1135 350 1160 et
366 1129 538 1170 opprobriis
554 1134 726 1169 coopertus.

109 1174 178 1205 Haec
193 1174 281 1213 paulo
293 1174 382 1204 aliter
397 1184 431 1204 ac
446 1174 654 1204 Tillemontius
668 1173 882 1214 descripsimus

72 1218 311 1250 Existimatenim
320 1218 384 1248 doct
391 1219 510 1249 issimus
516 1218 893 1258 scriptorDemostbenem,

69 1273 136 1294 cum
160 1263 434 1302 Nicopolitanorum
465 1263 582 1294 animos
609 1263 768 1293 levioribus
795 1268 892 1294 tenta-

70 1308 180 1338 mentis
190 1312 403 1348 oppugnasset,
417 1313 447 1337 ut
459 1307 603 1338 Eustathii
621 1317 708 1337 manu
721 1309 892 1348 episcopum

68 1353 252 1392 acciperent,
271 1353 322 1383 ubi
344 1353 417 1383 vidit
435 1361 487 1382 eos
511 1362 568 1382 non
596 1352 715 1386 cedere,
732 1353 892 1383 violentum

71 1397 142 1428 illud
153 1407 260 1436 agmen
276 1398 454 1429 Arianorum
469 1397 674 1428 immisisse.ln
688 1406 751 1427 eam
770 1403 893 1428 senten—

70 1441 446 1481 tiaminterprotaturillud
461 1451 495 1472 ex
506 1441 737 1481 epist.‘237.Ubi
754 1443 836 1473 uidet
847 1451 897 1473 cex

73 1487 185 1515 libenter
199 1495 252 1514 non
266 1487 370 1520 cedere,
387 1494 459 1514 nunc
474 1487 632 1521 aggreditur
646 1486 802 1515 violentior:
822 1496 899 1514 manu

74 1530 185 1560 datum
194 1529 256 1559 illis
266 1530 437 1568 episcopum
450 1530 645 1560 constituere.
656 1529 717 1559 Sed
730 1529 792 1560 haec
804 1529 898 1560 inter-

76 1574 203 1613 pretatio
211 1579 291 1604 stare
303 1583 361 1604 non
373 1578 488 1613 potest;
504 1579 621 1603 conSIat
631 1573 709 1603 enim
723 1575 898 1604 Frontonem

936 279 1091 318 epistolam
1102 280 1172 319 237,
1186 280 1275 312 initio
1285 281 1372 321 hujus
1384 282 1454 312 anni
1467 282 1534 317 376,
1551 285 1615 322 post
1628 281 1754 312 reditum

936 323 1115 354 Arianorum
1143 334 1176 355 ex
1204 325 1276 355 urbe
1294 325 1441 366 Nicopoli,
1462 331 1523 357 tum
1546 335 1612 357 cum
1628 326 1757 356 vicarius

937 368 1072 406 graviora
1085 370 1295 405 minareter,ac
1308 371 1548 411 forteantequnm
1562 371 1668 401 tradita
1680 374 1758 401 esset

936 412 1070 444 Ecelesia
1078 413 1230 446 Frontoni.
1242 415 1270 445 ln
1285 416 1339 446 hac
1352 416 1476 455 epistola
1488 416 1632 446 rationem
1645 415 1755 450 reddit.

937 466 990 487 cur
1005 461 1086 488 tanto
1105 458 1260 490 intervallo
1277 459 1398 497 scribat,
1412 469 1445 491 ac
1461 461 1713 500 persecutionem,
1727 463 1758 490 ut

938 502 1073 535 vidimus.
1092 504 1197 534 ordine
1213 504 1366 536 describit.

978 548 1168 587 Scripserunt
1183 549 1346 588 presbyteri
1359 549 1555 589 Nicopolitani
1568 549 1603 580 ad
1617 549 1756 579 Basilium

935 591 971 622 de
983 592 1125 622 {erumnis
1138 593 1279 624 Ecclesiae
1292 595 1429 625 sumSed
1442 604 1543 625 eorum
1558 595 1669 624 litteras
1681 594 1758 624 fama

935 645 988 666 sua
1004 636 1155 667 celeritate
1173 642 1379 677 superaverat,
1399 644 1428 670 et
1444 638 1472 668 in
1489 639 1610 670 vicinam
1636 647 1754 668 omnem

935 681 1087 719 regionem
1104 681 1202 712 scelus
1218 681 1376 713 Frontonis
1391 689 1421 714 et
1437 683 1508 714 cleri
1524 693 1557 713 ac
1570 682 1664 723 plebis
1677 684 1704 713 in
1723 692 1757 712 eo

937 725 1112 755 detestanda
1131 735 1306 757 con~ensum
1333 728 1495 758 detulerat.
1511 728 1610 768 Itaque
1636 727 1760 758 Basilius

938 770 1010 800 nihil
1026 771 1091 800 novi
1109 780 1142 801 ex
1153 779 1258 801 eorum
1277 771 1384 802 litteris
1397 772 1511 804 didicit.
1527 772 1698 810 Respondet
1710 780 1762 809 per

937 814 1090 853 epistolam
1103 815 1209 855 238,ac
1220 815 1354 846 hortatur
1364 826 1400 847 ne
1412 817 1543 848 animum
1556 817 1761 856 despondeant

936 859 972 888 ob
988 859 1100 898 lapSum
1119 861 1205 891 unius
1220 866 1269 891 aut
1296 862 1419 892 alterius
1437 862 1485 902 qui
1500 871 1531 892 se
1546 861 1687 892 Frontoni
1703 861 1758 891 ad-

911 904 1108 945 ;3junxerant,
1129 915 1195 935 cum
1213 906 1286 936 cleri
1313 915 1421 946 corpus
1445 908 1593 945 integrum
1619 912 1758 942 maneat;

941 957 1038 988 neque
1065 953 1151 980 etiam
1177 950 1265 980 nimis
1295 951 1428 987 doleant,
1446 952 1523 991 quod
1551 954 1633 982 extra
1660 960 1761 980 muros

940 993 1027 1032 ejecti
1044 993 1114 1034 sint,
1131 995 1182 1024 sed
1201 995 1223 1024 si
1239 1005 1295 1034 qua
1312 995 1349 1025 sit
1363 996 1417 1026 hac
1440 996 1468 1025 in
1497 1005 1529 1026 re
1544 995 1689 1031 molestia,
1708 1004 1761 1035 spe

942 1039 1091 1068 mercedis
1108 1044 1136 1069 et
1152 1039 1281 1070 adfuturi
1308 1041 1366 1070 cito
1383 1041 1484 1071 auxilii
1509 1044 1678 1071 constanter
1695 1049 1762 1080 per-

942 1082 1047 1114 ferant.

979 1127 1043 1158 Non
1058 1129 1149 1158 multo
1158 1134 1222 1167 post
1233 1129 1372 1168 scriptam
1385 1129 1512 1160 Eusebio
1524 1130 1676 1170 epistulam
1690 1129 1759 1165 ς237,

938 1173 1100 1203 Antiochus
1112 1182 1144 1203 ex
1159 1172 1280 1204 Oriente
1292 1176 1319 1204 in
1333 1175 1491 1205 Thraciam
1505 1174 1689 1204 contendens
1702 1174 1762 1204 tiae-

938 1226 1020 1248 sarea
1033 1218 1198 1257 transiit,uc
1212 1228 1293 1249 novas
1306 1219 1438 1259 epistolae
1452 1220 1638 1249 occasionem
1654 1218 1761 1249 Basilio

937 1262 1044 1292 attulit.
1064 1263 1149 1293 Hanc
1167 1263 1333 1302 epistolam,
1352 1273 1417 1303 quae
1444 1269 1486 1294 est
1502 1264 1572 1303 239,
1595 1273 1653 1293 non
1671 1263 1761 1293 multo

938 1311 1002 1345 post
1015 1315 1078 1336 eam
1092 1316 1158 1346 quae
1169 1312 1213 1338 est
1225 1307 1440 1347 ‘237,scriptam
1455 1317 1521 1338 esse
1536 1307 1714 1347 perspicitur
1725 1317 1760 1337 ex

937 1352 1000 1390 ipso
1012 1351 1201 1382 initio:[)edil
1214 1353 1297 1383 nobis
1308 1352 1454 1383 Dominus
1461 1356 1554 1383 etiam
1562 1351 1763 1383 nunc...salu-

938 1399 1003 1425 ture
1026 1397 1221 1427 sanctitatem
1238 1400 1332 1434 tuam,
1351 1403 1408 1427 etc.
1425 1397 1541 1427 Statum
1558 1396 1761 1427 Ecclesiarum

940 1440 1085 1479 deplorat,
1101 1449 1134 1470 ac
1148 1441 1184 1471 de
1201 1441 1305 1479 legatis
1319 1443 1440 1471 Romam
1454 1441 1608 1472 mittendis
1621 1440 1764 1472 nonnulla

940 1484 1070 1523 disserit,
1082 1494 1146 1524 quae
1163 1486 1250 1515 modo
1267 1486 1516 1517 examinabimus.
1535 1487 1591 1516 Sed
1607 1491 1762 1526 antequam

941 1529 975 1558 ad
995 1529 1069 1559 hanc
1081 1530 1259 1567 legationem
1270 1530 1505 1570 veniamus,quae
1519 1531 1619 1560 multis
1632 1530 1763 1560 difficul-

944 1574 1050 1603 tatibus
1068 1574 1217 1613 implicata
1234 1579 1289 1609 est,
1307 1575 1363 1604 alia
1378 1575 1478 1604 Basilii
1501 1574 1765 1605 commemoranda

75 1618 113 1648 ab
129 1618 250 1649 Arianis
269 1618 473 1658 episcopatum
495 1618 656 1657 accepisse.
671 1618 770 1653 Quare
785 1619 899 1649 violen-
911 1622 929 1646 C
943 1617 977 1646 ad
994 1617 1216 1654 Nicopolitanos
1228 1619 1418 1658 presbyteros
1430 1619 1642 1658 epistolatlum
1660 1628 1762 1659 parum

76 1663 147 1692 tiam
166 1662 258 1697 illam,
275 1672 362 1702 quam
390 1663 607 1693 Demosthenes
625 1663 770 1693 adhibere
786 1665 899 1703 statuit,

82 1711 113 1737 ut
124 1707 232 1737 datum
246 1710 417 1746 episcopum
429 1707 901 1747 conslitueret,nonimmittendis

78 1751 196 1782 Arianis
211 1751 358 1787 adhibuit,
373 1751 422 1791 qui
435 1751 497 1791 jam
515 1753 701 1791 perfecerant
716 1753 792 1792 quod
811 1753 899 1783 situm

78 1796 108 1826 in
127 1796 201 1834 ipsis
218 1797 324 1835 fuerat,
336 1797 388 1826 sed
398 1795 489 1826 sacris
501 1796 615 1827 aedibus
627 1797 769 1828 Frontoni
783 1807 835 1836 per
844 1798 900 1827 vim

76 1840 244 1916 ggpendis.
261 1840 337 1871 Vide
353 1850 418 1881 quae
433 1840 655 1872 observavimus
680 1841 716 1872 ad
746 1841 900 1881 epistolam

944 1661 1048 1692 beatus
1055 1662 1108 1692 Sibi
1117 1662 1267 1692 videretur
1276 1662 1384 1693 Fronto
1391 1672 1489 1693 vacuae
1498 1663 1637 1694 Ecclesiae
1644 1672 1761 1703 posses-

943 1707 1036 1739 sione.
1050 1715 1113 1736 rem
1129 1712 1192 1737 astu
1205 1711 1332 1737 tractare
1341 1712 1369 1737 et
1379 1708 1466 1737 ﬁdem
1480 1708 1654 1738 catholicam
1668 1708 1760 1747 protl-

945 1753 999 1781 teri
1017 1751 1124 1790 coepit:
1145 1761 1242 1791 neque
1259 1761 1325 1781 eum
1345 1752 1405 1782 haec
1421 1753 1485 1782 alea
1501 1754 1621 1783 omnino
1637 1753 1760 1783 fefellit:

945 1805 1011 1825 nam
1026 1796 1158 1826 nonnulli
1170 1796 1307 1826 dubitare
1321 1805 1354 1826 ac
1366 1797 1508 1827 ﬂuctuare
1520 1798 1765 1836 ccepcruntJnte-

945 1841 1000 1869 l‘llll
1017 1841 1089 1870 varii
1102 1845 1129 1870 et
1141 1841 1246 1871 incerti
1262 1850 1401 1871 rumores
1413 1841 1551 1871 Basilium
1567 1842 1766 1872 sollicitudine

946 1884 1172 1924 distringebant,
1190 1891 1216 1915 et
1235 1890 1315 1916 certo
1344 1885 1421 1916 scire
1439 1886 1581 1925 majorem
1600 1887 1628 1916 in
1646 1887 1764 1916 modum

121 1929 168 1960 IV.
186 1929 260 1960 Tum
280 1940 346 1962 cum
365 1931 578 1972 Nicopolitanis
591 1931 725 1970 graviora
739 1930 904 1961 minaretur
944 1929 1136 1969 avebat,quid
1149 1929 1280 1969 Nicopoli
1295 1935 1433 1969 ageretur
1447 1939 1454 1968 ;
1468 1941 1532 1960 cum
1547 1935 1767 1971 peropportune

79 1975 308 2010 Demosthenes,
320 1985 422 2006 rumor
439 1981 500 2007 erat
516 1976 651 2011 Arianos,
670 1978 717 2016 qui
734 1975 808 2006 forte
826 1984 901 2006 non-

77 2019 149 2048 dum
162 2019 190 2048 in
202 2018 343 2050 Galatiam
362 2020 609 2051 redierantahud
627 2020 788 2050 concilium
807 2021 896 2051 medi-

78 2065 146 2099 tari,
159 2063 195 2092 ad
208 2064 285 2102 quod
299 2065 475 2096 accersitum
492 2065 698 2100 Basilium,aut
711 2074 810 2094 secum
822 2074 902 2094 com-

79 2107 236 2138 municare
246 2114 450 2148 cogerent,aut
457 2119 508 2139 sua
516 2109 732 2139 consuetudine
740 2113 902 2139 uterentur.

944 1974 980 2003 ad
988 1983 1054 2004 eum
1063 1975 1223 2014 presbyteri
1231 1974 1427 2015 Nicopolitani
1434 1976 1650 2006 miseruntcum
1659 1976 1721 2006 lilte
1727 1975 1766 2006 ris

946 2018 1149 2050 Theodosium
1157 2029 1221 2049 com
1227 2019 1481 2060 presbyterum,“
1490 2030 1546 2060 quo
1555 2021 1672 2060 singula
1681 2029 1768 2050 accu-

947 2069 1008 2094 rate
1023 2065 1168 2103 cognovit.
1187 2067 1234 2095 Sic
1251 2065 1411 2103 respondet
1427 2066 1563 2103 Basilius,
1582 2073 1613 2096 ut
1624 2076 1689 2106 qua:
1705 2068 1768 2105 ipse

948 2109 1003 2138 sibi
1021 2109 1172 2145 suadebat,
1185 2109 1288 2139 eadem
1307 2110 1365 2139 illis
1382 2114 1548 2150 proponat:
1568 2120 1676 2150 nempe
1693 2111 1770 2140 hanc

78 2153 162 2181 Inter
171 2152 224 2181 has
235 2153 385 2183 molestias
401 2154 528 2184 Basilius
542 2153 614 2183 nihil
627 2153 664 2183 de
676 2153 843 2184 valetudine
854 2164 906 2184 sua
951 2155 1188 2193 persecutionem
1204 2155 1342 2184 eumdem
1363 2155 1470 2184 exitum
1486 2155 1665 2194 habituram,
1680 2164 1767 2194 quem

75 2195 214 2226 scribere
235 2197 364 2227 audebat
388 2197 530 2236 Eusebio,
548 2207 586 2228 ne
598 2206 667 2228 vera
685 2198 813 2228 dicendo
829 2200 906 2228 atili»
951 2199 1051 2229 multa;
1065 2199 1131 2229 alios
1146 2200 1316 2239 superiores
1334 2199 1518 2236 habuerant;
1537 2201 1729 2239 quamobrem
1746 2200 1768 2229 si

74 2245 175 2278 geret.
194 2240 373 2272 Jamdudum
393 2243 489 2273 nullas
504 2242 632 2273 Eusebio
645 2242 758 2273 litteras
775 2243 904 2276 miserat,
949 2244 1048 2281 gravis
1064 2244 1113 2278 sit,
1127 2253 1181 2283 spe
1196 2253 1315 2273 coronae
1328 2244 1535 2281 perferendam
1551 2244 1593 2274 :si
1611 2244 1692 2283 levis,
1711 2253 1767 2274 non

78 2294 139 2314 non
157 2285 338 2324 negligentia
353 2291 402 2317 aut
417 2287 576 2322 oblivione,
594 2287 646 2317 sed
663 2287 731 2326 quia
747 2296 813 2316 cum
831 2287 905 2317 scri—
921 2307 938 2330 υ
950 2288 1033 2318 valde
1049 2290 1078 2318 in
1094 2298 1179 2328 parvo
1196 2289 1384 2318 incommodo
1400 2289 1559 2326 lugendum
1587 2288 1726 2319 Hortatur
1737 2292 1769 2317 ut

76 2329 190 2368 psissel
207 2339 259 2368 per
270 2330 403 2361 Thraciae
418 2332 570 2365 vicarium.
585 2335 614 2361 et
643 2340 694 2370 per
715 2332 904 2370 praepositum
922 2329 926 2330 7
950 2333 1181 2363 memineriutse
1189 2338 1347 2372 martyrum
1357 2334 1595 2363 etconl‘essorum
1606 2334 1765 2369 ﬁliosessc,

77 2372 300 2413 Philippopolis
329 2375 547 2414 thesaurorum,
566 2375 674 2406 litterw
698 2375 822 2406 redditae
849 2386 905 2406 non
947 2386 980 2407 ac
993 2378 1164 2408 domesticis
1174 2377 1318 2416 exemplis
1330 2382 1458 2407 utantur.
1473 2378 1548 2409 Illud
1566 2384 1665 2408 autem
1679 2383 1766 2408 etiam

77 2417 212 2448 fuerunt.
230 2417 406 2458 Peragrante
433 2420 510 2450 enim
532 2419 693 2459 parwciam
716 2420 835 2455 Basilio,
852 2421 904 2450 ad-
948 2426 1036 2461 atque
1048 2423 1134 2452 etiam
1149 2426 1401 2461 monel,ucreclm
1412 2422 1480 2452 fidei
1492 2422 1769 2453 siumlatioiicdelu-

77 2462 162 2492 venit
178 2471 302 2501 vespere
320 2464 348 2494 in
364 2465 467 2494 urbem
485 2466 624 2499 vicarius,
638 2470 667 2495 et
683 2474 798 2494 summo
820 2475 907 2496 mane
950 2467 1065 2496 dantur.
1084 2468 1176 2506 Negat
1207 2476 1239 2496 se
1270 2467 1510 2504 commissurum,
1527 2473 1556 2497 ut
1590 2469 1767 2498 Frontonem

77 2506 167 2552 abiit.
182 2507 308 2546 ejusque
323 2509 466 2540 adventus
482 2510 799 2540 ceconomosecclesize
811 2510 904 2542 latuit.
949 2511 1122 2551 episcopum
1131 2511 1479 2551 agnoscat;idqueeorum
1488 2512 1673 2552 potissimum
1682 2521 1770 2541 causa

80 2550 268 2591 Praepositus
284 2561 364 2589 vero,
382 2563 470 2593 quem
487 2554 613 2584 Basilius
635 2558 787 2593 rogaverat
807 2559 836 2584 ut
859 2555 902 2585 lit.
952 2550 1093 2595 declarat,
1110 2565 1184 2596 quos
1198 2556 1330 2586 audierat
1344 2550 1508 2587 ﬂuctuare:
1527 2567 1564 2587 ne
1580 2557 1645 2597 quis
1660 2566 1694 2587 ex
1712 2556 1770 2586 illis

80 2600 161 2641 teras
189 2602 332 2633 sumeret,
352 2603 476 2637 urgente
504 2599 629 2628 fortasse
653 2599 753 2636 aliquo
781 2600 907 2638 negotio,
952 2601 1163 2631 communione
1177 2601 1333 2631 Frontonis
1344 2606 1671 2641 praeoccupiretur,aut
1682 2609 1771 2631 acce-

80 2640 236 2686 profectus
248 2646 295 2671 est
306 2651 360 2672 nec
372 2643 518 2682 susceptis
530 2642 637 2674 litteris
650 2652 705 2674 nec
717 2643 840 2674 salutato
854 2646 908 2675 Ba-
953 2651 1000 2684 pta
1010 2645 1046 2675 ab
1059 2655 1094 2676 eo
1103 2646 1410 2683 ordinatiune.postea
1418 2646 1532 2676 reddita
1545 2655 1616 2686 pace
1624 2646 1681 2675 vim
1695 2645 1773 2676 face-

79 2684 160 2715 silio.
177 2684 217 2714 Eo
230 2686 404 2731 molestiora
419 2688 482 2718 haec
501 2692 596 2723 erant,
614 2688 691 2727 quod
716 2689 848 2726 quotidie
863 2698 911 2719 res
953 2694 997 2719 ret
1013 2690 1122 2728 gradus
1138 2690 1288 2720 retinendi
1303 2698 1404 2721 causa.
1422 2684 1613 2731 Perspicuum
1644 2695 1688 2720 est
1709 2691 1771 2720 haec

80 2730 909 2770 nova!evenirent,quibusEusebioscribendisdolorem
953 2735 1062 2773 scripta
1093 2743 1170 2771 esse,
1196 2738 1356 2774 antequam
1388 2730 1604 2774 persecutionis
1636 2735 1774 2765 violentia

119 2814 162 2853 (rt)
177 2814 234 2853 Ep.
252 2815 326 2854 eas,
345 2814 419 2847 240.
