2018 3142
237 151 328 178 CXLIV

930 143 1225 177 ΡΗΟΕΕΘΟΜῈΝΑ.

237 215 399 244 cresceret.
415 212 552 245 Nondum
582 212 663 244 enim
692 211 925 243 inﬂicta‘erant
952 209 1350 252 plagm,Aduabuslltt6fil,
1367 221 1434 253 quae
1458 222 1474 243 a
1503 211 1685 253 presbyteris
1712 211 1872 243 Dorotheo
1906 215 1941 242 et

242 256 374 288 nondum
388 266 537 290 carceres.

282 300 325 332 Ad
335 301 392 333 hoc
405 306 520 343 tempus
532 301 843 343 pertinetbrevissima
852 301 889 332 ad
896 301 1060 334 Eusebium

242 344 444 388 epistola,qute
451 351 495 378 est
504 347 709 378 ducentesima
718 346 946 388 quadragesima
956 346 1060 387 prima.

243 386 369 422 Videtur
389 386 517 432 questus
546 401 613 423 esse
636 386 796 428 Eusebius,
813 391 892 432 quod
913 391 942 422 in
957 391 1063 422 litteris

243 434 345 466 Basilii
358 435 432 467 nihil
445 436 501 467 nisi
518 445 646 468 mmrore
656 442 685 468 et
694 436 833 477 lacrymis
848 436 969 476 dignum
986 436 1064 476 lege-

243 484 289 511 ret
303 489 310 511 ε
329 480 407 520 quod
424 481 544 521 quidem
570 481 776 522 superioribus
790 480 906 512 duabus
920 481 956 512 ad
969 482 1064 511 Euse-

243 524 326 556 bium
337 525 470 565 epistolis
484 526 595 566 optime
606 525 929 566 congruit.Respondet
942 526 1064 556 Basilius

243 578 276 600 se
291 569 328 600 de
349 570 482 601 molestis
497 571 588 602 rebus
603 580 683 612 saepe
700 570 847 608 scribere,
863 580 923 601 non
938 576 970 601 ut
984 570 1065 601 illius

243 613 376 645 dolorem
390 619 505 654 augeat,
519 615 572 646 sed
584 620 616 646 ut
626 625 712 647 suum
726 615 790 656 ipse
802 615 906 652 leniat,
924 624 958 646 ac
970 614 1065 645 Euse-

243 657 324 689 bium
340 659 375 690 ad
393 660 569 692 intentiores
582 670 636 701 pro
652 660 788 691 Ecclesia
816 669 923 700 preces
948 660 1065 690 excitet.

284 702 391 735 V.Duo
403 705 638 744 praestantissimi
652 705 796 737 Ecclesiae
803 704 997 736 Antiochense
1004 713 1068 744 pre~

243 747 363 788 sbyteri,
370 750 572 782 Dorotheuset
583 749 915 789 Sanctissimus,magno
924 749 1069 781 Ecclesiae

1103 256 1294 288 Sanctissimo
1307 256 1428 296 perlata
1442 260 1558 297 optatos
1571 256 1667 287 exitus
1681 256 1867 288 habuerunt.

1144 301 1275 332 Sunthae
1291 301 1400 333 litterae
1414 301 1473 333 24‘2
1489 306 1518 333 et
1533 302 1603 334 243.
1618 301 1718 333 Prima
1728 301 1941 333 Orientalium

1105 346 1228 377 nomine
1242 345 1486 378 Occidentalibus
1505 347 1628 388 scripta.
1645 347 1776 378 Alteram
1802 346 1945 378 Basilius

1107 390 1241 430 privatim
1259 391 1380 431 scripsit
1394 391 1429 423 ad
1446 391 1538 423 Italiae
1551 396 1579 422 et
1595 391 1696 423 Galliae
1709 392 1885 432 episcopos.
1908 392 1945 422 In

1107 436 1201 475 prima
1215 436 1382 475 signiﬁcant
1396 436 1563 468 Orientales
1579 446 1611 467 se
1636 437 1715 468 inter
1739 436 1944 476 gravissimas

1108 480 1253 520 procellas
1260 481 1296 511 ab
1306 481 1508 512 Ecclesiarum
1519 481 1693 512 defensione
1703 491 1764 513 non
1772 481 1943 518 dimoveri,

1107 534 1162 555 nec
1184 525 1316 556 animum
1343 526 1542 566 deSpondere,
1560 532 1589 557 et
1606 527 1717 558 idcirco
1732 526 1883 558 auxilium
1901 525 1942 556 ab

1107 569 1267 601 Occidente
1276 571 1338 610 jam
1356 580 1434 611 saepe
1450 576 1652 611 exspectatum
1666 580 1798 610 poscere.
1812 571 1942 601 Nume-

1107 615 1331 646 rantdecimum
1345 617 1464 647 tertium
1478 617 1691 656 persecutionis
1703 616 1862 656 annum,in
1877 625 1944 655 qua

1109 659 1212 698 plures
1223 659 1362 691 Ecclesiis
1384 661 1518 692 evenisse
1543 661 1720 693 afflictiones
1748 665 1942 697 asseverant,

1111 714 1197 745 quam
1221 705 1356 736 evenisse
1379 710 1591 742 memorantur,
1610 715 1643 736 ex
1660 715 1717 746 quo
1738 705 1942 745 Evangelium

1111 750 1218 781 Christi
1248 751 1452 782 annuntiatur.
1479 750 1676 791 Rogantergo
1693 755 1725 782 ut
1740 751 1859 782 tandem
1882 750 1944 781 ali-

245 793 434 839 pacificandae
444 795 540 826 studio
553 795 732 834 ﬂagrabant;
748 803 877 839 cumque
889 794 1030 834 precibus
1041 798 1070 824 et
1082 815 1100 839 Β
1111 794 1229 834 quando
1243 794 1395 826 mittantur
1411 805 1444 826 ex
1461 795 1636 832 Occidente,
1653 795 1701 836 qui
1718 795 1860 827 Orientali
1880 795 1946 826 Ec-

243 837 409 870 hortatibus
425 841 556 879 egissent
569 840 646 880 apud
667 840 827 881 episcopos
839 837 1021 876 Orientales,
1039 843 1070 869 ut

246 882 353 922 legatio
362 887 390 914 in
398 884 592 917 Occidentem
600 884 944 924 mitteretur,commissa
953 884 1070 922 utrique

245 926 307 957 haec
317 929 466 967 proviucia
479 929 559 961 circa
572 930 684 961 Pascha
695 929 782 969 hujus
791 928 862 960 anni
871 927 1071 960 376.Videtur

244 970 570 1015 Dorotheussuperiore
577 978 729 1005 autummo
736 973 862 1004 Romam
870 973 1069 1013 cogitassem),

246 1017 292 1047 vel
309 1019 412 1048 saltem
426 1018 566 1050 Basilium
583 1019 715 1050 hortatus
731 1018 832 1056 fuisse,
847 1022 878 1048 ut
893 1017 1068 1057 Gregorium

245 1062 410 1102 Nyssenum
427 1063 457 1094 in
470 1063 664 1095 Occidentem
675 1064 801 1102 legatum
812 1063 956 1094 mitteret.
970 1061 1072 1093 Caruit

246 1108 325 1138 exitu
336 1107 392 1138 hoc
403 1108 638 1149 consilium,sive
650 1108 721 1148 quia
731 1108 905 1148 Gregorius,
921 1111 953 1138 ut
963 1107 1069 1147 praevi-

245 1153 329 1184 derat
342 1153 479 1190 Basilius,
497 1154 554 1184 hoc
570 1163 678 1185 munus
693 1153 850 1193 suscipere
864 1152 970 1190 noluit,
988 1152 1068 1191 quod

248 1197 328 1229 illius
349 1199 494 1230 stomachi
509 1208 568 1230 non
585 1203 659 1236 erat,
677 1199 739 1229 sive
754 1197 823 1235 alia,
842 1197 880 1228 de
895 1206 993 1228 causa.
1011 1196 1069 1228 Sed

247 1247 345 1274 tamen
362 1242 544 1275 Dorotheum
561 1244 591 1274 in
615 1243 772 1276 Thraciam
800 1243 927 1279 venisse,
944 1246 974 1272 et
1003 1251 1068 1272 cum

246 1288 375 1319 Eusebio
387 1289 587 1320 Samosatensi
604 1289 699 1320 fuisse
711 1297 792 1319 anno
808 1288 866 1319 375
881 1291 1010 1317 exeunte
1025 1287 1069 1317 vel

247 1333 306 1364 376
318 1334 454 1374 ineunte,
470 1334 595 1365 dicimus
610 1343 644 1364 ex
661 1333 787 1373 epistola
800 1331 871 1371 239,
885 1341 950 1372 quae
960 1332 1070 1371 scripta

249 1383 292 1409 est
305 1388 363 1410 non
376 1378 468 1410 multo
482 1382 546 1419 post
556 1378 672 1408 initium
684 1379 752 1408 anni
763 1377 833 1408 376.
854 1376 995 1407 Eratcum
1012 1376 1070 1407 Ba-

249 1423 315 1454 silio
333 1423 378 1454 vel
394 1424 424 1454 in
440 1422 575 1454 ﬁnitimis
600 1423 685 1463 locis,
703 1432 769 1453 cum
785 1421 910 1453 Basilius
932 1422 1070 1452 eamdem

249 1469 405 1509 epistolam
422 1468 552 1509 scripsit.
569 1468 664 1508 Rogat
686 1468 766 1499 enim
788 1467 950 1498 Eusebium
968 1468 1071 1507 quales

249 1513 385 1544 redeunti
402 1513 551 1545 Dorotheo
567 1513 673 1544 dandae
687 1513 747 1544 sint
765 1513 868 1543 litterae
880 1523 887 1543 :
900 1513 975 1543 forte
991 1512 1070 1543 enim

250 1559 389 1591 comitem
416 1559 500 1590 illum
527 1559 657 1589 futurum
674 1559 785 1599 optimo
802 1557 1005 1597 Sanctissimo,
1024 1557 1074 1597 qui

250 1613 354 1643 magno
371 1604 461 1635 animi
486 1603 594 1634 ardore
618 1602 771 1635 Orientem
790 1602 975 1643 peragrabat,
995 1606 1023 1632 et
1038 1601 1074 1632 ab

250 1647 417 1687 insignibus
428 1648 595 1690 quibusque
611 1649 758 1689 episcopis
783 1647 1026 1688 subscriptiones
1044 1649 1075 1678 et

251 1693 390 1733 epistolas
407 1694 581 1733 colligebat.

292 1784 418 1823 Legatos
430 1783 460 1814 in
470 1782 662 1815 Occidentem
675 1782 752 1814 mitti
766 1792 823 1813 non
833 1781 956 1814 multum
969 1782 1074 1823 proba-

251 1828 301 1859 bat
318 1828 443 1859 Basilius
457 1838 463 1859 :
481 1829 506 1859 si
522 1828 601 1859 enim
613 1828 757 1859 Dominus
776 1827 923 1867 propitias
939 1827 999 1864 ﬁat,
1014 1827 1073 1858 alio

251 1883 326 1914 opus
343 1883 400 1904 non
417 1874 480 1904 fore
494 1874 623 1905 auxilio:
643 1873 668 1904 si
692 1873 744 1903 Dei
756 1872 800 1903 ira
816 1877 996 1912 perseveret,
1015 1882 1074 1903 non

254 1928 358 1958 magno
370 1918 509 1959 praesidio
521 1918 649 1948 futurum
664 1916 857 1949 Occidentale
867 1917 1073 1957 supercilium.

251 1963 371 1995 Frustra
381 1963 528 2002 ejusmodi
540 1963 676 1993 homines
688 1961 766 1992 orari
775 1962 972 2002 demonstrat,
988 1962 1075 1993 allato

254 2008 284 2040 in
296 2018 361 2040 eam
376 2008 554 2039 sententiam
566 2017 651 2038 versu
663 2006 834 2038 Homerico.
848 2006 984 2038 Nondum
998 2007 1075 2039 enim

253 2054 345 2084 callus
357 2053 504 2084 obductus
520 2057 583 2083 erat
598 2052 706 2089 dolori,
722 2061 811 2092 quem
825 2060 860 2082 ex
881 2052 979 2082 inutili
995 2052 1076 2082 litte—

253 2108 351 2130 rarum
363 2098 500 2131 anni372
511 2098 636 2138 exitu,et
648 2107 681 2128 ex
698 2097 852 2137 responsis
865 2106 968 2137 parum
986 2097 1079 2136 aequis

256 2153 308 2184 par
324 2143 481 2183 Evagrium
494 2152 572 2174 anno
587 2142 646 2173 373
660 2142 758 2174 allatis
785 2146 976 2181 conceperat.
1003 2141 1079 2177 Quin

1112 839 1212 869 etesiae
1222 848 1309 878 opem
1328 840 1433 871 ferant.

1153 883 1268 924 Scripta
1285 888 1329 914 est
1343 885 1372 914 in
1389 885 1524 916 eamdem
1541 885 1719 916 sententiam
1730 884 1853 924 epistola
1865 883 1944 915 243.

1113 929 1206 967 Rogat
1222 929 1348 960 Basilius
1364 934 1393 960 ut
1406 930 1618 969 imperatorem
1635 929 1807 961 Occidentis
1823 929 1945 960 certio-

1111 982 1175 1004 rem
1188 974 1296 1004 faciant
1309 974 1346 1004 de
1357 974 1393 1005 iis
1402 984 1469 1014 qua;
1479 980 1622 1015 geruntur
1632 974 1663 1005 in
1675 973 1856 1011 Oriente;vel
1868 973 1900 1003 si
1911 974 1943 1003 id

1112 1018 1236 1049 difficile
1247 1018 1349 1055 fuerit,
1360 1019 1466 1051 saltem
1480 1020 1537 1060 ipsi
1551 1020 1667 1050 mittant
1681 1019 1730 1059 qui
1745 1018 1945 1049 consolentur

1111 1062 1249 1094 afflictos.
1269 1065 1439 1096 Persecutio
1456 1065 1579 1096 uberius
1595 1064 1783 1101 describitur,
1797 1072 1893 1102 quam
1912 1063 1943 1094 in

1111 1108 1646 1148 superioriepistola.NarratBasilius
1657 1109 1813 1149 episcopos
1825 1108 1946 1138 indicta

1111 1163 1200 1185 causa
1211 1153 1345 1185 damnari
1358 1164 1366 1191 ;
1380 1155 1439 1186 imo
1451 1155 1612 1186 nonnullos
1627 1155 1692 1185 sine
1702 1152 1944 1192 accusatoribus,

1111 1199 1395 1240 sinetribunalibus,
1411 1200 1516 1235 interm
1529 1204 1591 1231 esta
1601 1203 1687 1230 nocte
1703 1202 1812 1238 raptos,
1826 1199 1856 1228 in
1870 1198 1944 1228 lon-

1112 1243 1238 1284 ginquas
1249 1244 1388 1283 regiones
1399 1245 1518 1283 fugatos
1532 1244 1624 1275 fuisse
1645 1244 1720 1275 Hinc
1729 1243 1804 1282 fuga;
1819 1243 1947 1283 presbi-

1114 1293 1245 1320 terorum
1258 1293 1287 1319 et
1299 1289 1509 1326 diaconorum,
1521 1290 1592 1321 cleri
1605 1287 1945 1329 depopulatio,populo-

1112 1343 1177 1364 rum
1191 1333 1327 1372 gemitus.
1342 1334 1448 1364 altaria
1460 1334 1607 1373 spirituali
1621 1333 1699 1364 cultu
1714 1332 1946 1367 vacantium“:

1115 1377 1293 1418 precationis
1306 1378 1414 1409 clausae
1425 1379 1489 1410 sine
1501 1377 1694 1410 corcionibus
1703 1387 1737 1408 ac
1749 1376 1921 1416 synaxibus
1934 1387 1942 1405 :

1113 1423 1183 1453 dum
1197 1422 1338 1453 Ecclesiae
1353 1424 1493 1454 columna
1507 1423 1648 1464 dispersa:
1662 1426 1739 1459 sunt,
1759 1422 1885 1452 haeresis
1903 1421 1943 1451 li-

1081 1487 1101 1512 c
1115 1467 1260 1498 llerlatem
1275 1471 1371 1506 nacta,
1389 1469 1609 1500 multitudinem
1626 1467 1739 1498 inducit
1754 1467 1946 1512 deorumaet

1116 1512 1258 1552 Spiritum
1270 1517 1405 1544 sanctum
1418 1514 1525 1554 rejicit,
1541 1523 1573 1544 ac
1585 1513 1654 1543 dum
1667 1512 1768 1543 omnia
1780 1511 1836 1542 sibi
1845 1511 1946 1543 eccle-

1116 1557 1235 1588 siastica
1262 1558 1362 1588 munia
1388 1563 1516 1598 arrogat,
1534 1558 1720 1598 baptismata,
1748 1556 1948 1588 deductiones

1119 1601 1386 1642 proﬁciscentium,
1400 1603 1625 1634 consolationes
1636 1601 1947 1642 aegrotantium,com-

1118 1646 1279 1677 munioncs
1295 1651 1514 1687 mysteriorum,
1529 1647 1671 1679 Ecclesiae
1686 1647 1764 1677 filios
1779 1645 1852 1685 impi
1863 1656 1880 1676 r;
1896 1646 1949 1676 do-

1116 1692 1221 1722 ctrina;
1232 1692 1478 1724 assuefacitJlaec
1487 1702 1522 1723 eo
1531 1693 1704 1724 molestiora
1715 1689 1948 1722 erantOrienta-

1116 1736 1205 1773 tibus,
1222 1736 1301 1776 quod
1330 1741 1500 1769 metuerent
1514 1747 1552 1769 ne
1573 1737 1747 1768 incendium
1762 1739 1944 1774 consumpto

1116 1780 1238 1812 Oriente
1254 1781 1449 1813 Occidentem
1466 1783 1554 1813 etiam
1571 1782 1758 1823 pervaderet.

1156 1825 1205 1857 Vl.
1222 1827 1302 1857 Duos
1319 1827 1387 1857 illos
1411 1827 1601 1867 presbyteros
1626 1826 1711 1867 paulo
1739 1829 1806 1865 post
1829 1825 1944 1856 Pascha

1117 1871 1206 1911 hujus
1221 1871 1290 1901 anni
1314 1871 1373 1902 376
1390 1872 1418 1902 in
1435 1871 1630 1903 Occidentem
1650 1880 1707 1902 non
1725 1870 1822 1901 serius
1839 1869 1941 1909 profe—

1117 1920 1180 1947 ctos
1196 1925 1273 1956 esse,
1291 1917 1347 1947 hoc
1362 1916 1489 1947 maxime
1498 1920 1671 1956 argumento
1685 1915 1772 1946 nixus
1787 1914 1939 1950 existimo,

1118 1960 1198 2001 quod
1209 1960 1288 1991 idem
1303 1961 1464 2000 legatorum
1477 1971 1586 1992 munus
1597 1961 1703 1992 iterum
1716 1959 1892 1996 obierint,et
1903 1959 1941 1990 ab

1120 2015 1222 2036 eorum
1234 2015 1269 2036 ex
1280 2006 1409 2037 secunda
1417 2007 1563 2046 legatione
1571 2006 1668 2036 reditu
1676 2014 1770 2046 usque
1778 2004 1941 2035 adinitium

1119 2050 1191 2081 enni
1201 2051 1419 2086 378,nonnulla
1429 2051 1667 2090 evenerint,quaa
1675 2054 1742 2090 apte
1752 2049 1870 2089 disponi
1882 2058 1941 2079 non

1121 2100 1251 2136 possent,
1272 2099 1295 2125 si
1314 2096 1410 2136 prima
1423 2096 1529 2135 legatio
1546 2096 1643 2127 serius
1657 2094 1842 2133 contigisset.

1161 2139 1264 2180 Neque
1279 2141 1366 2171 etiam
1383 2141 1470 2172 citius
1482 2141 1545 2172 hmo
1555 2140 1664 2180 legatio
1677 2139 1773 2180 possit
1788 2137 1942 2173 collocari,

255 2181 343 2220 etiam
359 2181 464 2219 vulnus
478 2187 678 2219 refricuerant
691 2186 859 2217 novissima:
870 2187 987 2218 Damasi
999 2185 1079 2216 litte-
1094 2186 1154 2216 Din
1168 2195 1226 2226 quo
1240 2194 1335 2217 sanea
1344 2185 1527 2216 Tillemontii
1540 2181 1691 2216 sententia
1703 2183 1791 2223 longe
1800 2183 1947 2214 distamus

257 2243 377 2274 neque
388 2233 512 2264 Paulino
521 2231 720 2273 episcopatum
733 2231 943 2267 attribuebant,
957 2230 1078 2262 defrau—

258 2280 327 2310 dato
340 2279 470 2311 Meletio.
488 2277 591 2309 Narrat
603 2278 633 2308 in
650 2277 754 2308 eadem
771 2276 898 2315 epistola
907 2275 967 2307 239
977 2275 1034 2306 sibi
1050 2275 1079 2306 in

259 2327 389 2354 mentem
401 2324 519 2354 venisse
527 2323 661 2363 priVatim
679 2322 715 2352 ad
732 2321 918 2361 coryphaeum
931 2320 1079 2352 Occiden-

259 2368 360 2399 talium
372 2368 516 2405 scribere,
529 2367 566 2398 de
576 2367 664 2398 rebus
678 2366 798 2407 quidem
809 2366 1022 2397 ecclesiasticis
1033 2365 1081 2396 ni-

258 2412 373 2449 hil,nisi
382 2412 461 2451 quod
470 2411 829 2451 insinuassetmequeillos
836 2410 873 2441 de
880 2409 970 2441 rebus
976 2410 1081 2442 Orien-

261 2458 298 2488 tis
306 2466 373 2488 vera
388 2466 590 2496 nosse,ncque
601 2457 753 2496 viam,qua
764 2455 878 2495 possint
886 2455 1080 2492 discere,am-

261 2502 350 2543 plecti
363 2514 371 2541 ;
387 2511 421 2534 ac
433 2501 611 2542 generatim,
622 2500 804 2540 hominibus,
818 2509 893 2541 quos
903 2501 1081 2532 tentationes

261 2547 404 2587 afﬂigunt,
417 2546 617 2577 insultandum
634 2555 692 2577 non
709 2554 787 2582 esse,
799 2554 897 2585 nequc
907 2545 1080 2585 dignitatem

260 2592 488 2625 existimandam
505 2600 571 2622 esse
583 2590 765 2632 superbiam.
777 2589 841 2621 Non
854 2595 952 2621 tamen
968 2590 1082 2622 obstitit

262 2638 403 2677 legationi
414 2637 559 2674 Basilius;
573 2645 670 2677 neque
685 2636 763 2667 enim
775 2636 801 2666 is
811 2639 886 2675 erat,
897 2635 948 2675 qui
959 2635 1010 2666 ulli
1022 2636 1081 2667 Ec-

263 2683 360 2715 clesiae
368 2682 527 2713 commodo
536 2689 647 2712 moram
654 2680 840 2712 aﬁerretmed
848 2680 946 2720 potius
957 2679 1084 2711 libenter

261 2728 413 2758 communi
424 2734 521 2759 causas
529 2727 630 2758 stilum
642 2735 727 2758 suum
739 2725 885 2766 impendit
892 2725 922 2756 in
929 2725 1085 2756 exarandis

304 2814 345 2854 (α)
358 2813 414 2855 Ep.
431 2812 503 2845 215.

1124 2232 1150 2261 ls
1164 2230 1245 2260 enim
1262 2229 1389 2269 legatum
1419 2239 1497 2260 anno
1514 2230 1572 2262 373
1590 2233 1639 2260 aut
1654 2229 1711 2260 574
1730 2227 1854 2258 missum
1879 2235 1945 2258 esse

1125 2275 1305 2306 Dorotheum
1321 2275 1479 2311 existimat,
1497 2279 1525 2306 et
1539 2283 1616 2305 anno
1633 2274 1702 2309 375,
1715 2272 1770 2303 sub
1786 2272 1876 2303 linem
1887 2280 1944 2302 au—

1124 2319 1218 2350 tumni
1237 2319 1375 2350 rediisse.
1395 2321 1424 2351 1°
1439 2319 1596 2350 Neminem
1622 2328 1700 2349 anno
1730 2317 1788 2349 373
1818 2316 1942 2347 missum

1124 2364 1215 2395 fuisse
1223 2364 1284 2404 jam
1295 2373 1385 2405 supra
1396 2365 1467 2395 satis
1478 2363 1677 2404 probatum.N
1681 2363 1776 2394 ullum
1788 2360 1944 2401 legationis

1125 2410 1277 2447 vestigium
1295 2409 1405 2440 habent
1420 2409 1489 2440 anni
1505 2408 1563 2440 373
1577 2413 1628 2439 aut
1654 2407 1712 2439 374
1735 2407 1850 2438 Focum
1874 2405 1944 2436 fecit

1122 2453 1247 2484 eruditis
1258 2453 1329 2484 viris
1340 2455 1475 2494 opinatus
1488 2453 1626 2485 Dorothei
1639 2462 1674 2484 ex
1683 2451 1850 2485 Occidente
1861 2449 1943 2482 redi—

1123 2505 1170 2529 tus
1180 2508 1258 2530 anno
1268 2499 1338 2539 375,
1348 2508 1438 2539 quem
1449 2498 1635 2538 colliguntex
1646 2497 1694 2528 his
1702 2495 1801 2528 verbis
1812 2494 1945 2536 epistola!

1123 2543 1192 2576 539:
1200 2545 1242 2574 De
1250 2543 1340 2575 rebus
1347 2549 1447 2575 autem
1454 2542 1699 2575 Occidentalibus
1704 2542 1790 2582 prius
1796 2543 1861 2580 ipse
1866 2539 1946 2570 didi-

1122 2589 1202 2628 cisti,
1218 2592 1364 2619 narrante
1375 2589 1480 2619 omnia
1494 2588 1590 2628 fratre
1605 2586 1763 2622 Dorotheo,
1776 2586 1827 2616 cui
1841 2585 1946 2625 quam

1123 2633 1235 2664 dandae
1246 2633 1482 2667 rursusJitterw
1493 2633 1638 2664 abeunti?
1650 2632 1692 2664 Ex
1706 2630 1752 2661 his
1762 2628 1946 2660 concludunt

1125 2677 1305 2709 Dorotheum
1313 2677 1406 2708 Roma
1412 2676 1682 2717 redeuntem,apud
1689 2674 1855 2707 Eusebium
1870 2673 1943 2703 fuis-

1126 2722 1307 2763 se,eique'd‘e
1313 2716 1613 2754 rebUsinOCcide‘n'te
1619 2716 1784 2761 perspectis
1791 2724 1943 2750 narrasse.
