2018 3142
220 128 310 154 CXLVI

912 114 1115 150 PROLEGOM
1121 119 1209 150 ENA.

225 187 298 218 thio:
313 186 501 216 demonstrat
510 193 599 222 quam
611 183 730 221 injustas
742 182 888 214 Eustathii
900 186 1042 225 querelae,
1056 191 1074 214 Α
1086 187 1164 216 enim
1178 195 1237 216 non
1247 186 1393 225 dignatus
1403 189 1457 221 est,
1471 188 1606 215 nontam
1622 188 1758 215 metuens
1769 192 1806 213 ne
1816 192 1855 213 ea:
1870 183 1926 212 lit-

226 241 313 272 quam
329 239 431 270 graves
442 229 556 268 injuriae
564 234 590 259 et
603 229 861 267 calumniaaquam
874 231 1046 261 inconstans

227 286 304 306 nunc
320 276 375 306 hac
393 284 469 304 nunc
487 274 535 303 illa
554 274 613 303 title
626 273 752 303 tenenda
778 278 805 303 et
819 274 1043 315 subs.~ribcuda,

227 331 304 351 nunc
317 320 363 350 his
374 329 450 349 nunc
461 317 520 348 illis
532 318 664 357 partibus
677 318 796 347 tuendis
807 319 973 357 animusmc
986 325 1045 350 tan-

225 366 294 396 deni
311 369 394 402 rogat
405 362 498 393 utsibi
511 371 563 402 per
575 362 711 392 eumdem
724 361 901 401 Stratrgmm
916 366 1045 402 perscri-

226 410 286 449 bat,
305 414 402 439 utrum
421 407 497 437 idem
515 416 584 444 erga
600 415 632 436 se
659 416 842 445 pertnaurat,
860 418 895 438 an
914 419 947 439 ex
973 419 1043 439 con»

226 464 328 494 grwsu
347 462 412 482 cum
431 450 581 481 Eustathio
599 451 771 481 imu.utatus
788 452 835 481 sit.

266 497 462 529 Novissimum
479 495 633 525 Eustatltio
646 495 762 526 facinus
783 496 811 526 in
843 498 896 528 hac
927 499 1049 538 epistola

229 544 308 584 (ns)
325 541 530 582 exprobratur.
543 539 690 570 Viderunt
699 542 776 570 enim
784 542 942 580 Cyzicum,
958 543 1050 582 inquit

228 589 271 629 (ιι.
290 590 329 623 9,,
346 592 370 617 et
383 595 448 616 cum
473 585 536 615 alia
557 585 614 619 ﬁde
640 586 921 617 rerelsisunLNon
937 587 1050 618 viderat

226 635 299 664 hanc
314 631 400 661 fidem
415 629 605 666 Basilius,sed
623 629 677 658 huc
692 634 800 659 tantum
816 631 1049 662 audieratsilen-

225 678 297 708 tium
315 674 558 706 consulistantiali
570 673 756 712 impositum,
771 674 868 704 simile
882 676 1046 705 secundum

225 724 382 755 essentiam
400 721 556 751 inductum
574 720 664 749 fuisse
690 719 757 750 Hinc
775 721 990 752 l'ormulainter
1002 731 1033 752 va

225 778 284 799 nas
302 767 455 805 formulas,
480 764 588 804 quibus
614 763 790 804 subscripsit
815 766 994 803 Eustathius,
1018 772 1048 796 ut

1088 231 1161 261 teris
1171 234 1312 270 argueret
1317 240 1382 269 ur,q
1388 239 1457 260 uam
1466 229 1617 260 sollicitus
1625 238 1664 258 ne
1672 238 1726 258 nos
1737 237 1857 258 necesse
1866 227 1926 257 ha-

1088 274 1209 306 beretut
1221 276 1372 314 episcopus
1392 274 1527 304 salutare
1545 274 1615 309 gsed
1625 279 1704 304 certe
1721 273 1810 303 vl'rbu
1826 276 1925 301 erant

1087 321 1290 356 vehementia,
1305 320 1656 359 etc.1;pectorcfm'vente
1668 320 1808 358 protata;
1823 318 1858 347 in
1873 318 1925 346 his

1089 365 1290 395 (tisi-emimus.
1307 366 1400 394 Antea
1414 373 1471 394 non
1487 367 1544 393 tam
1561 364 1667 394 leniter
1677 372 1745 393 cum
1757 371 1793 392 eo
1805 363 1926 399 agebat

1090 410 1216 440 Basilius
1227 411 1282 449 th),
1300 418 1366 439 cum
1378 414 1563 448 quereretur.
1590 409 1666 448 quod
1693 417 1724 437 se
1742 407 1924 437 Eustathius

1090 464 1150 484 uno
1166 463 1233 484 cum
1251 453 1408 492 Iheopht’lo
1421 453 1514 483 Cilice
1525 454 1557 482 in
1567 453 1826 491 frequentissimis
1840 460 1924 481 cou-

1090 499 1229 528 ventibus
1245 496 1502 528 dilaceraret.Ubi
1529 497 1611 527 vides
1636 496 1836 536 Theophilum
1863 504 1923 524 nec

1092 544 1210 572 l'ratretn
1227 552 1281 572 nec
1296 546 1468 582 episeopum
1484 542 1640 581 appellari.

1133 587 1180 618 lll.
1193 587 1266 618 Cum
1282 595 1383 625 parum
1403 587 1510 616 Fronto
1528 586 1726 625 promovisset
1743 586 1809 615 ﬁcta
1827 588 1924 614 recta:

1092 632 1158 662 ﬁdei
1173 631 1368 671 professione,
1384 634 1554 670 inapertum
1569 629 1827 663 furoretu.relictis
1838 634 1923 659 astu-

1091 676 1146 706 tiis.
1161 678 1270 715 erupit.
1291 676 1386 706 Factae
1412 676 1631 714 magistratibus
1656 675 1848 705 contumeliae
1861 679 1920 712 (ο),

1092 722 1216 751 verbera
1229 720 1432 756 intlicta,zedes
1442 720 1588 759 expilataa,
1602 720 1703 749 civitas
1722 723 1845 755 vastata,
1863 728 1920 748 sa-

1090 766 1225 796 cerdotes
1240 764 1365 804 expulsi,
1381 770 1408 795 et
1422 765 1602 795 irruentibus
1617 765 1692 804 lupis
1707 773 1778 803 grex
1794 764 1919 802 disper-

225 811 433 844 receutissima
450 809 559 848 pariter
573 812 747 838 recensetur
764 810 790 839 in
817 820 863 850 ep,
885 812 952 847 251,
973 821 989 840 ιι
1021 812 1045 841 ’i.
1062 826 1078 847 μ
1090 820 1139 840 sus
1166 810 1293 841 Basilius
1308 810 1436 849 acceptis
1452 819 1485 840 ea
1510 809 1546 840 de
1558 819 1589 839 re
1603 809 1707 839 litteris
1722 809 1915 848 presbytero-

225 860 372 888 Indicatur
388 855 474 885 etiam
493 854 519 884 in
538 863 585 892 ep.
605 853 675 884 226.
689 853 752 888 Quo
770 858 903 894 tempore
917 857 943 885 id
956 857 1047 886 couti-

226 903 313 942 gerit,
331 909 389 931 non
404 899 534 929 declarat
549 898 675 928 Basilius
691 908 698 934 ;
716 899 766 928 sed
784 909 849 928 cum
867 908 971 930 recens
984 910 1049 930 esse

225 949 333 978 factum
350 944 461 975 iudicet
478 953 484 972 :
511 952 588 972 anno
611 942 679 978 375,
697 943 832 974 evenisse
852 954 941 983 supra
970 945 1048 975 dixi-

227 1001 291 1022 mus
307 994 375 1021 ante
391 988 551 1019 concilium
566 989 765 1026 Ancyranum.

265 1036 301 1066 ll.
316 1031 664 1073 TheuphilusCastabahB
675 1031 704 1062 in
716 1031 819 1063 Cilicia
832 1033 1050 1073 episcopus,ve-

227 1082 351 1112 hetnens
366 1079 460 1109 iuerat
476 1077 504 1106 in
521 1085 609 1107 causa
635 1075 778 1106 Eustatliii
804 1078 931 1113 tuenda;
951 1079 977 1108 in
994 1080 1037 1118 pri

230 1125 352 1156 mordiis
368 1121 842 1159 dissensionismiserataliqueni
874 1132 908 1152 ex
934 1123 1052 1153 clericis

228 1171 301 1209 suis,
315 1169 364 1208 qui
381 1166 486 1197 Basilio
504 1165 634 1203 indignis
651 1175 666 1194 ίι
682 1166 745 1195 udis
757 1167 984 1198 conviciaretur:
999 1178 1053 1197 nec

229 1216 365 1253 dignatus
381 1218 442 1243 erat
454 1212 488 1241 ad
504 1220 570 1241 eum
587 1211 774 1247 scribere,ue
787 1211 958 1251 episcopum
971 1213 1051 1242 illum

227 1263 358 1290 salutare
369 1256 696 1296 cogeretur.Posteata)
708 1256 821 1285 socium
834 1256 1010 1295 adjumerat
1021 1267 1053 1287 se

232 1303 383 1335 Eustathiu
399 1299 798 1338 inUasiliofrequentissimis
814 1300 842 1330 in
853 1301 1051 1332 comentibus

229 1347 431 1380 dilacerando.
449 1345 507 1375 Sed
526 1349 623 1374 tatnen
639 1344 687 1373 ubi
702 1344 900 1374 viditcausam
913 1346 1054 1376 suamBa<

229 1394 328 1424 silium
346 1392 377 1422 in
393 1389 556 1420 clariSsima
568 1389 633 1418 luce
650 1393 678 1418 et
694 1389 825 1418 omnium
848 1389 942 1420 oculis
958 1399 1049 1429 expo-

231 1447 316 1473 neio,
333 1445 416 1466 suam
433 1444 500 1463 vero
528 1433 716 1462 Eustathium
735 1433 813 1472 turpi
839 1443 905 1463 cum
934 1435 1052 1465 Arianis

1091 864 1156 885 rum
1170 862 1197 885 et
1212 855 1447 893 magistratuum,
1467 853 1569 884 tribuit
1580 863 1680 884 eorum
1693 855 1822 893 tempori
1832 853 1918 892 quid-

1092 900 1161 938 quid
1181 901 1209 930 in
1225 909 1256 930 se
1274 899 1361 929 situin
1382 904 1455 931 erat.
1475 908 1574 930 coram
1592 899 1766 937 supplicavit
1783 898 1919 937 putenti-

1093 946 1146 974 bus
1162 944 1241 980 viris,
1257 950 1286 974 et
1303 953 1355 983 per
1368 944 1480 974 litteras
1496 944 1531 973 iis
1547 954 1564 973 ει
1578 943 1685 983 quibus
1701 944 1729 973 in
1751 943 1819 972 aula
1845 942 1920 972 dili-

1091 989 1226 1027 gebatur,
1246 994 1279 1018 ut
1294 988 1389 1019 rabidi
1407 988 1536 1018 hominis
1553 989 1637 1018 i'urcr
1654 991 1918 1026 comprimeretur.

1092 1035 1164 1064 Cum
1201 1039 1301 1063 autem
1333 1033 1592 1063 animadvertisset
1617 1036 1645 1062 in
1677 1032 1918 1072 presbyterorum

1095 1078 1199 1109 litteris
1215 1078 1346 1108 animum
1362 1079 1441 1108 inter
1454 1082 1495 1108 tot
1510 1087 1658 1108 aerumnas
1677 1079 1784 1107 lassum
1801 1086 1840 1107 ac
1860 1078 1918 1105 mi-

1094 1133 1148 1153 nus
1165 1127 1359 1157 constantem,
1376 1123 1545 1153 consolatur
1561 1132 1611 1153 eos
1626 1132 1679 1162 spe
1704 1121 1806 1152 auxilii
1824 1131 1840 1150 a
1858 1122 1920 1151 Deo

1095 1169 1221 1203 venturi,
1239 1176 1272 1197 ac
1286 1167 1421 1197 hortatur
1437 1171 1468 1196 ut
1483 1168 1632 1206 precando
1649 1176 1686 1196 ne
1702 1166 1919 1204 defatigentur.

1096 1217 1201 1251 etquae
1212 1212 1354 1242 hactenus
1368 1211 1466 1241 verbis
1492 1211 1634 1247 docuere,
1658 1221 1691 1241 ea
1723 1220 1801 1240 nunc
1827 1219 1921 1248 opere

1096 1257 1260 1296 perticiant.
1277 1255 1422 1286 Similiter
1438 1256 1658 1295 magistratibus
1679 1256 1808 1285 celerem
1824 1265 1841 1284 a
1858 1254 1920 1284 Deo

1095 1301 1260 1331 adfuturam
1278 1310 1364 1339 opem
1383 1300 1551 1340 pollicetur.

1135 1345 1260 1376 Basilius
1274 1354 1334 1384 pra:
1350 1354 1466 1374 summo
1481 1354 1534 1375 suo
1551 1345 1750 1382 Amphilochii
1764 1344 1919 1374 desiderio

1095 1391 1217 1420 moleste
1234 1390 1346 1419 ferebat
1355 1398 1387 1419 se
1400 1395 1457 1419 tam
1474 1389 1563 1427 longe
1578 1390 1615 1419 ab
1633 1399 1667 1419 eo
1694 1389 1824 1428 disjungi
1841 1399 1847 1425 _;
1865 1391 1916 1418 sed

1094 1444 1159 1465 cum
1170 1433 1371 1473 Ampliilocltii
1380 1434 1623 1471 tranquillitatem
1632 1434 1919 1472 consideraret,gra~

232 1480 442 1521 conjunctione
457 1477 584 1518 prodere
597 1487 604 1517 ;
616 1481 678 1506 tum
694 1486 762 1507 vero
781 1478 879 1507 Basilii
890 1479 1049 1509 amicitiam
1061 1484 1080 1507 C
1094 1480 1148 1510 tias
1160 1483 1264 1518 agebat
1281 1477 1354 1514 Deo,
1367 1478 1443 1517 quod
1459 1478 1482 1507 is
1495 1483 1627 1510 remotus
1637 1483 1715 1508 esset
1726 1478 1762 1508 ab
1780 1478 1917 1508 incendio

230 1525 405 1564 recolligere
414 1529 536 1554 conatus
548 1527 604 1561 est,
617 1522 658 1552 sic
676 1525 774 1551 tamen
793 1528 822 1551 ut
837 1532 887 1561 pro
901 1522 1051 1554 Eustathio

231 1572 352 1612 petiisse
368 1569 512 1598 videatur.
526 1566 702 1612 ltespondet
718 1567 744 1595 ei
764 1566 886 1597 Basilius
899 1577 930 1597 se
946 1569 1052 1598 amici-

231 1611 299 1646 tiam
318 1614 394 1645 illius
408 1612 506 1651 magni
519 1620 637 1650 semper
648 1611 766 1650 fecisse,
778 1620 831 1642 nec
843 1612 879 1642 ab
897 1621 942 1649 ea,
956 1623 1051 1653 quan-

232 1665 292 1690 tum
309 1660 345 1689 ad
356 1658 447 1688 animi
462 1655 650 1686 affectionem
677 1655 815 1694 pertinet,
848 1656 941 1686 ullum
973 1658 1051 1687 diem

231 1703 419 1738 discessisse;
432 1701 565 1740 quamvis
579 1700 678 1729 inultae
688 1709 721 1729 ac
736 1709 848 1738 magna}
860 1701 970 1731 doloris
981 1712 1033 1732 cau
1044 1717 1051 1723 -

232 1746 507 1779 swacciderintmed
521 1753 586 1774 cum
599 1744 733 1783 jucunda
744 1753 810 1773 cum
826 1744 1054 1785 molestis,ve|ut

232 1794 261 1823 in
278 1792 398 1828 trutina,
409 1794 545 1829 poneret,
561 1790 625 1828 plus
637 1788 713 1827 apud
729 1788 903 1827 sejucunda
915 1791 1054 1828 ponderis

232 1836 382 1868 habuisse.
410 1835 492 1870 Quod
519 1836 632 1873 spectat
661 1833 694 1862 ad
722 1832 918 1874 Eustathium,
939 1835 1013 1865 hanc
1038 1845 1055 1865 a

231 1881 396 1921 ’l‘lieophilo
409 1881 525 1909 veniam
541 1877 613 1917 petit
630 1877 766 1912 Basilius,
781 1882 887 1908 utcum
909 1878 1050 1910 Eustathii

231 1926 403 1958 communio
415 1932 535 1962 semper
548 1922 604 1952 sibi
619 1922 802 1961 optattssirna
813 1923 1052 1961 l'uerit,quandiu

232 1972 257 2001 is
268 1981 285 2000 a
298 1969 467 2001 sanioribus
482 1967 577 1997 stabat
593 1966 725 2006 partibus
740 1977 748 2004 ;
767 1976 845 1997 nunc
858 1977 893 1998 eo
911 1977 977 1998 cum
996 1970 1050 1999 ad-

233 2014 371 2046 versariis
386 2013 482 2053 palam
500 2017 528 2042 et
538 2017 639 2051 aperte
652 2012 824 2051 conjuncto,
839 2012 926 2042 liceat
941 2013 995 2044 sibi
1011 2014 1052 2043 ni-

234 2060 273 2091 hil
289 2060 402 2089 veritati
420 2068 446 2098 pt
457 2065 606 2097 reponere.

271 2104 449 2135 Jamdudutn
459 2102 617 2142 scripserat
627 2099 819 2140 Theophilus,
835 2101 1054 2142 inolestumque

233 2150 411 2182 erutBasilio
421 2148 499 2188 quod
510 2145 684 2177 occasiones
691 2145 1053 2186 deessentrespondendi.

233 2196 291 2227 Sed
309 2195 426 2225 tandem
445 2197 548 2223 nactus
562 2191 756 2230 Strategium,
768 2191 918 2221 commisit
933 2191 960 2221 ei
979 2192 1053 2222 hanc

233 2241 386 2280 epistolam
400 2248 466 2269 cum
481 2238 671 2277 praecedenti.
687 2235 736 2266 Bis
747 2236 866 2275 quidem
879 2236 960 2266 vertit
969 2236 1053 2267 Stra-

235 2279 376 2324 tegius,ut
388 2283 475 2313 modo
485 2281 664 2319 ridebimus,
674 2280 726 2310 sed
738 2279 833 2320 primo
847 2281 911 2320 ejus
927 2281 1052 2311 adventu

236 2331 358 2359 Basuius
369 2326 533 2366 Theophilo
541 2326 672 2364 scripsit:
686 2325 728 2355 sic
741 2325 819 2355 enim
830 2328 858 2354 in
874 2330 1054 2365 prmcecenti

234 2374 362 2414 epistola
382 2373 419 2402 de
441 2370 606 2410 Theophila
624 2373 653 2399 et
667 2370 796 2414 acceptis
812 2369 848 2400 ab
877 2379 911 2400 eo
938 2370 1056 2409 injuriis

235 2413 365 2458 loquitur
382 2417 479 2456 utjam
498 2420 557 2445 lum
582 2415 716 2444 videatur
741 2413 926 2454 Theophilus
941 2415 976 2445 ad
992 2415 1057 2454 ejus

234 2462 476 2494 communionem
484 2465 512 2490 et
519 2458 678 2489 amicitiam
687 2458 878 2489 rediisseAit
887 2459 1056 2499 enim(n.‘2):

235 2511 313 2539 tium
321 2507 401 2537 omni
412 2506 490 2535 mihi
502 2505 709 2535 reverentiam
716 2503 830 2534 [tortore
842 2504 953 2543 dignus
961 2505 1060 2543 frater

241 2551 418 2592 Theophilus
425 2559 485 2580 uno
498 2558 536 2580 ex
545 2549 592 2579 his
603 2557 654 2587 qui
665 2557 732 2578 rum
740 2557 774 2578 eo
782 2555 852 2578 sunt
864 2551 966 2588 misso,
981 2559 1058 2580 non-

239 2598 323 2629 nulla
339 2596 532 2634 declarasset,
550 2602 618 2633 quo:
633 2601 686 2624 nec
699 2593 756 2623 sibi
768 2593 910 2624 indecere
922 2594 1018 2633 dictu,
1034 2597 1061 2624 (τι

236 2644 324 2674 nobis
340 2639 657 2680 audituponyruentia
687 2646 748 2668 esse
761 2637 886 2668 ducebat
902 2649 912 2674 ,-
929 2639 1063 2669 scribere

280 2726 323 2764 tu)
334 2723 392 2764 tir-
409 2723 478 2764 13°-

281 2763 321 2805 (ὸ)
331 2763 385 2804 Ep.
403 2763 475 2799 378,
492 2773 523 2793 ιι.
538 2766 569 2794 4.

1094 1524 1311 1564 Cappadociam
1326 1527 1355 1552 et
1368 1523 1478 1553 vicinas
1489 1523 1656 1562 provincias
1663 1523 1918 1563 vastante,quibus

1095 1569 1217 1608 angelus
1235 1568 1349 1598 Satanae
1358 1567 1468 1597 bellum
1482 1568 1640 1607 inferebat,
1653 1573 1685 1598 ut
1697 1568 1835 1598 haeresim
1849 1577 1918 1607 pro—

1097 1618 1226 1654 pagaret,
1240 1622 1274 1642 ac
1286 1621 1322 1642 ne
1338 1612 1474 1650 sanguini
1487 1612 1606 1652 quidem
1622 1613 1755 1642 lidelium
1767 1613 1918 1651 parcebat.

1094 1656 1505 1696 NatnAselepiusquidam,co
1513 1657 1591 1696 quod
1600 1657 1844 1687 communionem
1852 1667 1916 1686 cum

1094 1703 1183 1739 Doce,
1202 1702 1229 1732 id
1241 1707 1297 1739 est,
1311 1711 1378 1732 cum
1390 1702 1538 1731 Frontone
1548 1701 1623 1732 inire
1637 1701 1788 1739 nollet,ab
1801 1702 1918 1732 haereti-

1095 1750 1136 1779 cis
1147 1748 1327 1786 verberatus,
1345 1756 1378 1777 ex
1398 1746 1488 1786 plagis
1514 1747 1639 1778 obierat.
1671 1747 1736 1777 Non
1766 1747 1919 1777 dubitabat

1095 1792 1233 1829 Basilius,
1251 1792 1323 1830 quin
1351 1791 1437 1831 hujus
1453 1792 1496 1821 rei
1523 1791 1599 1821 fama
1621 1791 1657 1821 ad
1675 1791 1917 1831 Amphilochium

1096 1837 1289 1877 pervenisset.
1307 1838 1418 1866 Caetera
1439 1836 1538 1866 omnia
1562 1836 1630 1866 huic
1652 1836 1776 1866 facinori
1790 1845 1917 1876 respou-

1093 1881 1213 1920 debaut,
1229 1881 1450 1920 persecutiones
1465 1880 1703 1920 presbyterorum
1718 1885 1747 1910 et
1759 1881 1916 1918 magistra-

1094 1931 1188 1963 tuum,
1207 1930 1236 1955 et
1263 1925 1405 1965 quidquid
1421 1924 1458 1955 ab
1489 1924 1659 1956 hominibus
1687 1928 1862 1956 auctoritate
1881 1926 1915 1954 ad

1093 1970 1245 2001 arbitrium
1263 1969 1454 2000 abutentibus
1471 1969 1618 2009 proﬁcisci
1632 1969 1737 2009 possit.

1133 2015 1195 2045 lam
1208 2014 1362 2044 absolutus
1373 2018 1436 2043 erat
1448 2014 1524 2044 liber
1537 2015 1579 2044 De
1591 2013 1714 2053 Spiritu
1724 2020 1838 2049 sancto.
1850 2024 1914 2044 cum

1096 2064 1216 2090 sanctus
1228 2058 1455 2098 Amphilochius
1470 2058 1634 2088 Caesaream
1651 2059 1728 2088 venit
1745 2068 1824 2089 anno
1838 2067 1916 2098 ιιΐὶὶὲ-

1097 2104 1182 2135 terito
1194 2104 1231 2134 ad
1248 2103 1324 2133 diem
1353 2103 1458 2133 festum
1474 2104 1503 2134 S.
1518 2103 1688 2143 Eupsychii.
1704 2102 1799 2134 Maras
1810 2104 1916 2134 attule—

1098 2155 1167 2180 runt
1182 2147 1311 2178 librariis
1338 2147 1473 2178 mandata
1498 2147 1710 2188 Antpliilochii,
1729 2148 1779 2187 qui
1808 2159 1875 2178 cuin
1891 2149 1918 2178 in

1099 2193 1282 2224 membranis
1293 2192 1475 2232 descriptum
1489 2193 1590 2224 voluit.
1605 2191 1666 2224 Sub
1683 2193 1771 2222 tinem
1784 2193 1918 2231 ejusdem

1096 2239 1165 2269 anni
1184 2237 1327 2277 promittit
1342 2246 1374 2267 se
1385 2237 1545 2267 missurum
1571 2237 1642 2267 illud
1666 2246 1750 2276 opus,
1782 2238 1806 2267 si
1834 2247 1919 2276 quem

1095 2283 1236 2313 idoneum
1253 2281 1392 2319 inveniat,
1406 2281 1453 2311 cui
1471 2281 1680 2321 perlerendutn
1706 2282 1918 2312 committatur.

1098 2327 1190 2367 Hujus
1201 2331 1279 2357 enim
1293 2326 1438 2357 cautionis
1450 2327 1658 2357 necessitatem
1673 2326 1816 2357 aﬂerebat
1826 2336 1921 2366 perse-

1099 2372 1189 2402 cutio.
1207 2372 1279 2402 Cum
1298 2372 1449 2401 neminem
1462 2370 1610 2410 ejusmodi
1634 2371 1779 2402 hactenus
1791 2371 1920 2401 invenis-

1099 2421 1156 2453 set,
1174 2422 1260 2456 rogat
1276 2415 1516 2456 Amphilochium
1541 2416 1569 2446 ιιι
1586 2416 1640 2446 hac
1662 2415 1789 2456 epistola
1805 2417 1876 2456 9.48,
1893 2423 1921 2446 ut

1101 2461 1125 2491 si
1138 2470 1224 2500 quem
1240 2460 1303 2499 ipse
1316 2461 1455 2500 reperiat,
1470 2470 1545 2500 opus
1560 2459 1920 2491 accersat.Nolebatenim

1103 2505 1228 2536 Basilius
1245 2504 1318 2534 illud
1330 2504 1614 2544 hominumjudiciis
1624 2505 1823 2539 committere,
1838 2510 1919 2535 aute—

1103 2558 1191 2589 quam
1209 2549 1415 2588 Amphilochio
1433 2550 1586 2588 probatum
1598 2549 1712 2579 fuisset.

1144 2594 1280 2632 Sequens
1299 2593 1435 2632 epistola,
1454 2602 1519 2632 quae
1535 2592 1727 2632 inscriptione
1742 2598 1835 2629 caret,
1848 2593 1922 2624 inter

1105 2638 1158 2668 bos
1170 2638 1316 2668 tumultus
1330 2638 1446 2668 videtur
1468 2642 1588 2677 scripta.
1607 2638 1683 2668 Num
1710 2646 1778 2669 cum
1794 2639 1919 2679 aliquem

1145 2719 1185 2758 (ε)
1198 2719 1253 2758 Ep.
1270 2719 1340 2749 247.
