2018 3142
711 115 804 146 VITA
825 115 856 146 s.
873 114 1017 165 aestati

71 185 138 218 curis
152 186 267 226 dignum
280 183 445 224 judicabat,
462 187 495 213 ut
509 182 688 213 dissidentes
703 181 870 213 Catholicos

67 231 255 262 Antiochenos
267 229 303 260 ad
320 228 509 260 concordiam
541 227 719 257 adduceret:
744 235 869 266 quorum

67 276 99 306 de
109 275 227 306 dissidio
240 273 284 304 sic
299 272 475 312 loquebatur
489 271 687 311 Epiphanius,
706 274 737 300 ut
748 279 871 300 necesse

67 328 123 350 esse
135 322 277 349 statueret
293 321 352 347 tres
374 316 550 356 hypostases
566 314 713 346 conﬁteri.
740 314 869 345 Alteram

66 364 223 404 adjunxerat
239 361 409 402 epistolam,
428 360 458 390 in
474 369 533 398 qua
547 359 649 390 Basilii
666 359 702 389 de
722 358 871 397 Magusaeis

66 408 228 439 sententiam
249 404 471 436 sciscitabatur.

101 452 205 483 Gratias
218 450 244 481 ei
260 450 320 490 agit
335 448 472 486 Basilius,
491 447 568 488 quod
593 457 628 478 eo
651 451 798 487 tempore,
815 455 872 486 quo

67 497 208 528 refrixerat
225 495 369 531 charitas,
387 501 550 533 omnesque
580 492 720 522 omnibus
746 491 872 531 quodam

67 542 143 573 modo
154 541 284 581 suspecti
302 544 397 575 erant,
415 543 443 569 et
461 539 506 569 sui
525 537 720 574 meminisset,
738 542 765 568 et
782 541 824 568 tot
838 545 872 567 ac

67 586 143 617 tantis
152 587 276 616 marium
294 588 324 615 et
336 588 482 614 terrarum
497 583 599 622 spatiis
616 582 782 621 disjunctus
796 590 873 611 sum-

67 641 133 661 mam
140 630 227 661 animi
242 629 486 668 conjunctionem
502 626 773 666 signiﬁcasset.Sed
785 634 875 656 onera

67 675 115 705 sibi
123 675 155 705 ab
166 684 199 705 eo
211 674 361 713 imposita,
376 677 408 702 ut
421 672 533 702 viribus
550 672 613 702 suis
626 671 749 710 majora,
765 670 873 709 depre-

66 725 146 752 catur.
158 719 219 750 Jam
233 720 312 749 enim
326 726 358 748 se
373 717 531 757 scripsisse
541 716 671 746 Palladio
685 719 715 747 et
726 715 874 746 Innocen-

68 766 111 800 tio,
123 765 264 801 integrum
282 762 337 792 sibi
347 771 406 792 non
419 770 484 792 esse
496 761 565 791 ﬁdei
576 760 703 791 Nic-aenae
715 759 874 799 quidquam

66 809 249 843 addere.0uw
261 812 359 837 autem
375 806 412 836 de
423 804 877 836 lncarnationeadtextafuerant

68 854 126 884 huic
139 852 287 887 formulae,
304 860 338 881 ea
354 850 480 881 Basilius
496 859 551 880 nec
573 849 803 886 examinaverat,
820 857 875 878 nec

65 902 223 937 receperat;
239 900 400 936 propterea
414 895 493 934 quod
512 894 664 925 metuebat
679 903 728 933 ne,
746 893 770 923 si
782 893 875 923 semel

66 951 79 972 a
89 942 150 972 ﬁdei
161 941 353 981 simplicitate
365 938 717 978 discedatur,nullusjam
730 937 805 967 foret
817 937 876 966 dis-

66 986 174 1026 putandi
186 985 268 1022 ﬁnis,
278 994 311 1014 ac
328 983 542 1023 simpliciorum
555 983 661 1013 animai
673 981 874 1017 turbarentur,

65 1031 125 1060 dum
141 1031 206 1060 ﬁdei
219 1028 381 1060 formulam
399 1027 499 1067 augeri
514 1028 615 1058 vident

99 1074 173 1111 Quod
180 1073 336 1114 spectatad
344 1072 501 1103 dissiz’lium
508 1069 877 1110 Antiochenum,declarat

67 1119 180 1150 Basilius
195 1128 226 1149 se
243 1119 390 1149 hactenus
406 1126 473 1148 cum
489 1116 607 1148 Meletio
623 1114 872 1152 communicasse,

67 1172 230 1204 semperque
248 1171 317 1193 cum
333 1172 368 1192 eo
380 1162 433 1192 Dei
453 1161 547 1200 gratia
571 1159 872 1197 communicaturum,

68 1213 208 1248 propterea
225 1207 309 1246 quod
332 1206 443 1247 primus
457 1206 511 1236 sub
527 1205 698 1236 Constantio
721 1205 873 1243 egregium

66 1258 200 1283 certamen
216 1261 271 1292 pro
284 1251 342 1282 ﬁde
354 1251 618 1290 Certavit,ejusque
632 1248 872 1279 communionem

65 1297 96 1327 ab
105 1297 183 1327 initio
195 1296 390 1328 Caesariensis
406 1295 539 1326 Ecclesia
554 1294 690 1335 amplexa
701 1298 763 1331 est;
776 1292 873 1332 ipsum

68 1342 144 1371 etiam
156 1341 352 1372 Athanasium
365 1349 431 1371 cum
444 1349 479 1369 eo
491 1339 714 1371 communicare
733 1337 873 1378 voluisse,

67 1387 110 1416 sed
122 1395 179 1416 rem
193 1396 220 1415 Ill
233 1385 317 1416 aliud
335 1393 451 1425 tempus
467 1384 564 1424 pravis
577 1383 789 1414 nonnullorum
805 1391 877 1412 con-

65 1430 131 1460 siliis
148 1431 267 1460 dilatam
283 1430 375 1460 fuisse
390 1440 397 1467 ;
414 1438 517 1460 eorum
534 1432 631 1459 autem
645 1428 695 1468 qui
709 1431 774 1467 post
789 1426 877 1457 Mele-

67 1475 129 1505 tium
138 1475 407 1514 venerant,nullius
417 1483 450 1505 se
456 1474 491 1504 ad
498 1473 616 1504 misisse
622 1472 875 1509 communionem,

65 1529 116 1549 non
128 1520 201 1559 quod
219 1518 531 1559 indignosjudicaret,
547 1517 601 1548 sed
615 1517 684 1557 quia
700 1516 773 1546 nihil
784 1515 877 1546 habe-

67 1563 118 1601 bat,
130 1573 180 1595 cur
192 1564 346 1595 Meletium
359 1564 575 1594 eondemnaret
590 1574 597 1598 ;
616 1562 717 1602 itaque
733 1561 831 1591 facere
846 1569 878 1590 se

65 1617 117 1638 non
131 1618 214 1648 posse
224 1614 261 1639 ut
277 1608 313 1638 ad
328 1617 379 1638 eos
390 1607 512 1638 scribat.
525 1609 669 1639 Caeterum
680 1605 877 1645 Epiphanium

66 1652 166 1693 laudat,
178 1654 256 1693 quoi
269 1657 330 1683 tres
339 1653 511 1692 hypostases
523 1651 658 1682 conﬁteri
673 1659 796 1680 necesse
811 1658 879 1680 esse

68 1697 209 1728 existimet:
219 1699 310 1738 eique
317 1698 461 1736 originem
476 1701 505 1727 ct
517 1697 651 1726 instituta
663 1697 878 1734 .Vlagusaaorum

67 1742 185 1781 exponit.
201 1741 330 1773 Summa
354 1742 456 1772 Basilii
478 1741 632 1771 humilitas
660 1739 757 1770 elucet
771 1739 801 1768 in
825 1738 878 1768 hac

68 1787 198 1825 epistola:
217 1787 372 1817 hominem
391 1795 422 1817 se
447 1786 556 1816 nullius
575 1784 662 1825 pretii
680 1788 721 1823 (n.
739 1784 768 1822 1)
783 1786 877 1823 vocat,

69 1836 94 1860 et
120 1830 147 1861 in
169 1831 300 1871 peccatis
320 1831 362 1870 (n.
392 1832 421 1867 2)
449 1831 609 1866 viventem,
633 1829 742 1869 quique
769 1831 878 1858 verita-

68 1875 99 1905 tis
116 1875 282 1915 dogmatum
310 1875 440 1906 nondum
456 1875 595 1906 idoneum
612 1877 764 1905 assecutus
778 1881 877 1902 usum.

101 1919 176 1952 Hanc
188 1920 348 1961 epistolam
361 1929 394 1950 ae
403 1929 514 1951 annum
527 1919 584 1951 3'76
595 1922 753 1950 exeuntem
769 1916 880 1947 referi-

69 1973 136 2002 mus,
152 1966 220 2004 quia
234 1974 306 1995 cum
318 1965 383 1995 haec
395 1964 539 1996 scriberet
550 1963 756 2002 Basilius,jam
773 1961 880 1993 Antio-

67 2008 131 2039 chia
142 2011 346 2050 episcopatum
358 2009 463 2040 Vitalis
480 2009 700 2048 invaserat,jam
712 2006 814 2038 turbas
824 2006 881 2036 cie-

68 2052 109 2082 bat
120 2056 211 2093 pravis
219 2053 415 2094 opinionibus
423 2053 771 2093 Apollinarius,nondum
781 2055 879 2081 tamen

71 2097 196 2129 heresim
209 2108 296 2130 suam
310 2099 404 2138 palam
419 2105 448 2128 et
457 2103 557 2138 aperte
566 2095 885 2138 praedicabat.1\’ullius

66 2146 154 2176 autem,
171 2143 263 2178 Inquit
275 2143 406 2175 Bastlius,
423 2151 455 2171 ex
468 2144 502 2170 iis
517 2144 563 2178 qui
586 2144 678 2178 postea
702 2141 886 2178 introierunt,

65 2188 308 2217 communionem
323 2194 458 2225 unquam
473 2185 658 2220 admisimus,
670 2193 729 2214 non
740 2184 818 2222 quod
831 2191 881 2214 eoa

59 2229 227 2267 judicemua
239 2230 455 2271 indignos,sed
465 2230 539 2269 quod
550 2229 797 2260 nihil/tabeamus
804 2227 884 2258 unde

64 2274 562 2314 hunciBasilium)condemnemus..l
565 2283 611 2305 am
619 2282 689 2313 ergo
697 2278 804 2313 praeter
812 2275 882 2303 l‘au-

65 2318 151 2349 linum
168 2329 262 2350 novus
277 2319 386 2360 aliquis
401 2321 431 2351 S.
448 2319 565 2351 Meletio
579 2321 792 2359 supervenerat
804 2326 882 2348 com-

64 2364 175 2403 petitor,
193 2373 285 2405 quem
303 2373 367 2394 cum
384 2363 512 2395 Basilius
527 2364 698 2404 episcopatu
727 2362 885 2400 indignum

65 2416 120 2438 non
131 2408 259 2448 judicet,
276 2408 353 2439 alius
379 2417 445 2439 esse
462 2417 520 2439 non
535 2408 662 2444 videtur,
674 2415 763 2445 quam
781 2405 885 2435 Vitalis

65 2453 190 2483 nondum
209 2454 240 2484 in
252 2452 362 2484 haeresi
373 2453 471 2493 palam
486 2452 670 2484 obﬁrmatus.
683 2451 789 2490 Neque
805 2449 884 2480 enim

65 2501 111 2526 aut
133 2498 169 2528 de
193 2497 305 2528 Euzoio
321 2497 365 2528 sic
381 2497 497 2528 locutus
512 2497 614 2527 fuisset
629 2495 768 2532 Basilius,
782 2498 834 2525 aut
848 2493 885 2524 de

67 2541 124 2581 ipso
132 2540 218 2572 Vitali
230 2545 301 2581 post
308 2542 496 2573 manifestum
504 2541 626 2572 haeresis
633 2540 804 2571 incendium
811 2538 886 2569 .Non

68 2584 191 2617 latebant
201 2586 401 2627 Epiphanium
415 2595 511 2626 quoeo
526 2584 661 2617 nonullis
674 2584 754 2615 mute
762 2583 885 2623 excogi-

68 2633 209 2667 tatu,nem
214 2640 252 2672 pe
258 2631 296 2661 ab
303 2629 610 2670 Apollinariofratres
617 2629 884 2661 conturbauerunt:

107 2717 142 2756 la)
160 2716 275 2747 Haeres.
294 2715 343 2755 77,
361 2725 388 2746 c.
407 2715 456 2747 20.

106 2756 144 2796 (ι)
161 2757 205 2797 Ep
236 2756 308 2792 244,
327 2765 358 2785 n.
375 2757 406 2786 δ.

202 2837 337 2868 ιήθοι.
359 2837 416 2868 Gri.
440 2835 550 2868 XXIX.

888 1544 908 1568 C

1641 128 1733 174 οιιᾳ

884 190 897 212 Α
911 182 1081 234 sollicita/1i
1085 192 1151 234 nec:
1158 183 1246 234 birds
1253 184 1343 234 rebus
1349 189 1597 234 susceperatatqu
1603 189 1673 228 e,uti
1677 199 1730 229 pse

915 232 1012 257 narrat
1025 230 1082 267 (α),
1101 227 1226 258 Vitalem
1251 229 1286 258 ad
1309 235 1475 260 accuratam
1494 227 1639 270 dogmatis
1655 227 1728 264 con-

914 271 1070 301 fessionem
1082 276 1110 301 et
1120 272 1153 302 ad
1164 274 1351 303 concordiam
1361 284 1427 304 cum
1440 274 1726 308 Paulinoineundam

914 316 1048 346 hortatus
1063 318 1167 347 fuerat.
1179 317 1257 349 Orta:
1273 318 1318 348 his
1334 318 1371 348 de
1383 318 1473 349 rebus
1485 319 1578 350 turbae
1589 320 1617 350 in
1630 328 1729 354 monte

915 359 1032 390 Elzeone
1048 367 1074 392 et
1089 362 1193 392 aliisin
1205 361 1288 398 locis,
1300 362 1351 393 sed
1369 367 1467 393 tamen
1484 364 1593 394 malum
1608 366 1728 398 insana~

915 405 975 435 bile
988 415 1044 434 non
1054 405 1210 451 videbatur
1220 406 1397 446 Epiphanio,
1409 416 1443 438 ac
1458 407 1598 439 Basilium
1610 411 1731 451 rogabat

915 455 943 479 ut
960 450 1125 480 remedium
1141 450 1270 482 afferret.

956 493 1023 524 Haec
1036 499 1132 525 autem
1146 494 1269 526 miriﬁce
1280 502 1528 535 congruuntanno
1535 498 1593 538 376
1600 502 1730 533 exeunti.

916 537 1052 568 Nondum
1065 539 1142 569 enim
1156 540 1376 571 ordinatuserat
1386 541 1487 573 Vitalis
1498 552 1575 574 anno
1588 543 1730 579 375.cum

917 584 1031 614 Damasi
1049 583 1161 614 litteras
1189 586 1304 624 accepit
1333 586 1473 616 Paulinus
1495 588 1573 619 circa
1598 598 1730 621 mensem

916 628 1134 667 Septembrem.
1149 631 1181 658 At
1190 629 1246 659 hoc
1258 629 1370 660 facinus
1382 632 1573 663 commissum
1587 638 1730 671 eral,cum

918 672 947 703 S.
966 672 1145 712 Epiphanius
1158 674 1344 704 Antiochiam
1366 675 1465 715 venit;
1493 686 1549 717 quo
1569 687 1602 708 ex
1625 679 1732 711 itinere

917 726 1053 747 reversus
1069 721 1141 757 erat,
1152 727 1218 748 cum
1233 718 1395 758 scripsitad
1410 716 1562 753 Basilium.
1579 723 1734 762 Apollina-

918 762 1060 792 riiautetn
1078 762 1208 799 haeresis,
1222 763 1277 793 etsi
1293 763 1321 793 in
1336 764 1380 794 his
1394 766 1511 795 Damasi
1527 766 1562 796 ad
1581 768 1733 799 Paulinum

919 806 1036 845 litteris,
1049 816 1082 836 ac
1096 807 1187 837 multo
1199 811 1277 845 ante,
1290 818 1396 848 nempe
1410 818 1486 840 anno
1495 810 1596 850 36?,in
1608 813 1735 843 concilio

889 866 906 889 Β
919 851 1118 881 Alexandrino
1131 851 1338 888 damnata,etsi
1352 852 1387 883 ab
1398 853 1558 884 Athanasio
1570 855 1599 885 in
1611 856 1736 895 epistola

918 898 953 926 ad
969 895 1135 941 Epictetum
1153 905 1230 926 anno
1245 897 1304 927 369
1321 899 1439 936 egregie
1463 899 1612 930 confutata
1627 901 1734 941 fuerat,

918 949 976 969 non
987 944 1083 970 tamen
1095 940 1175 970 illius
1185 945 1289 971 auctor
1302 942 1735 982 prodibatApollinarius.Cum

918 984 1044 1014 Basilius
1056 992 1226 1014 accusatum
1235 985 1305 1015 vidit
1313 986 1348 1015 ab
1359 985 1511 1018 Eustathio
1521 988 1737 1027 Apollinarium

919 1038 995 1073 anno
1010 1029 1080 1063 373,
1096 1029 1203 1060 mirum
1216 1029 1245 1059 id
1263 1030 1287 1059 ei
1304 1030 1398 1060 visum
1413 1037 1477 1071 est;
1495 1041 1643 1073 nunquam
1657 1034 1737 1064 enim

918 1071 954 1103 de
967 1082 1001 1102 eo
1012 1073 1172 1114 quidquam
1185 1074 1318 1104 audierat
1332 1075 1556 1114 ejusmodi.Nec
1567 1071 1664 1108 tamen
1676 1079 1738 1109 haec

918 1117 1085 1147 criminatio
1100 1118 1135 1148 ad
1149 1118 1387 1149 Incarnationem
1400 1121 1618 1160 spectabat,sed
1632 1122 1667 1152 ad
1676 1123 1739 1153 Tri-

919 1161 1037 1191 nitatem
1069 1163 1099 1192 ln
1117 1162 1266 1202 epistolis,
1286 1173 1357 1202 quas
1380 1164 1495 1202 scripsit
1520 1164 1646 1196 Basilius
1662 1176 1739 1197 anno

917 1206 975 1236 375
990 1211 1018 1236 et
1035 1207 1103 1246 {576,
1116 1211 1146 1236 ut
1158 1207 1267 1237 famam
1281 1216 1363 1237 suam
1376 1208 1411 1238 ab
1424 1209 1570 1240 Eustathii
1583 1210 1740 1240 calumniis

917 1251 1088 1287 vindicaret,
1107 1251 1238 1281 declarat
1254 1261 1285 1282 se
1301 1261 1368 1282 cum
1381 1253 1576 1294 Apollinario,
1591 1263 1646 1285 nec
1655 1264 1738 1285 com-

919 1296 1072 1335 munione,
1092 1305 1147 1326 nec
1174 1297 1321 1327 sententia
1350 1297 1542 1336 conjunctum
1573 1307 1664 1330 esse:
1687 1299 1739 1329 sed

918 1339 990 1369 alios
1006 1350 1021 1369 a
1037 1350 1069 1370 se
1087 1350 1143 1370 non
1163 1341 1315 1380 propulsat
1327 1350 1456 1382 errores,
1472 1347 1580 1382 praeter
1589 1353 1651 1380 eos,
1665 1352 1742 1382 quos

920 1384 975 1422 ipsi
993 1384 1161 1416 Eustathius
1187 1385 1354 1420 afﬁnxcrat,
1371 1386 1440 1416 dum
1462 1387 1489 1417 ei
1505 1388 1595 1427 impia
1606 1389 1739 1427 quaedam

920 1429 1096 1468 Apollinarii
1109 1429 1186 1460 dicta
1197 1430 1332 1460 attribuit
1345 1430 1394 1470 (ὁ).
1403 1440 1529 1471 eumque
1541 1432 1576 1462 ab
1587 1433 1741 1472 Apollina-

921 1475 963 1503 rio
979 1473 1087 1504 librum
1105 1474 1142 1504 de
1156 1473 1269 1514 Spiritu
1286 1479 1388 1505 sancto
1407 1476 1527 1515 petiisse
1544 1478 1698 1508 mentitur.
1712 1479 1742 1507 In

921 1518 1044 1557 epistola
1052 1518 1110 1549 243
1121 1517 1251 1550 Orientis
1266 1520 1341 1549 mala
1360 1525 1495 1550 accurate
1512 1521 1741 1552 describuntur:

920 1566 948 1592 at
960 1563 1041 1593 nulla
1053 1572 1175 1602 prorsus
1187 1563 1223 1593 de
1232 1563 1440 1594 lncarnatione
1452 1566 1572 1594 haeresis
1584 1570 1648 1596 orta
1664 1575 1742 1597 nun-

922 1606 1017 1638 tiatur.
1036 1607 1131 1643 Quare
1144 1608 1267 1638 lizeresis
1283 1608 1460 1647 Apollinarii
1477 1609 1574 1649 palam
1592 1615 1621 1639 et
1636 1616 1742 1649 aperte

923 1660 980 1681 non
993 1652 1100 1691 erupit,
1114 1652 1170 1682 nisi
1184 1655 1248 1691 post
1261 1652 1337 1682 hanc
1349 1653 1544 1684 Orientalium
1564 1655 1719 1693 epistolam
1734 1667 1740 1685 :

923 1704 977 1725 nec
995 1696 1119 1736 proinde
1135 1696 1258 1735 epistola
1281 1698 1316 1726 ad
1337 1696 1547 1736 Epiphanium,
1565 1708 1630 1738 qute
1643 1700 1744 1731 multis

917 1741 978 1780 jam
995 1740 1085 1770 rebus
1095 1745 1159 1781 post
1170 1745 1299 1770 exortam
1311 1741 1445 1771 haeresim
1460 1742 1570 1782 scripta
1582 1747 1637 1780 est,
1654 1744 1742 1775 citius

920 1785 1092 1816 Cullucantla
1107 1795 1183 1815 anno
1197 1786 1254 1816 376
1271 1790 1409 1816 exeunte.

960 1832 1124 1869 Antequam
1141 1829 1296 1869 Epiphanii
1313 1830 1425 1861 litteras
1439 1832 1585 1871 acciperet
1602 1834 1741 1871 Basilius,

921 1874 994 1904 alias
1010 1879 1167 1913 acceperat
1180 1874 1220 1914 (ε)
1235 1884 1250 1904 a
1265 1874 1395 1906 Palladio
1410 1879 1438 1905 et
1450 1874 1624 1906 Innocentio
1635 1877 1746 1916 degen-

923 1918 1041 1948 tibusin
1057 1919 1234 1948 monasterio
1253 1919 1360 1949 montis
1384 1919 1547 1956 Olivarum.
1560 1921 1588 1951 in
1606 1931 1664 1961 quo
1680 1923 1744 1952 dis-

922 1972 1093 1993 sens‘ioncm
1102 1963 1229 2003 aliquam
1242 1967 1443 1995 commovi-rat
1455 1965 1576 1996 haeresis
1588 1966 1744 2005 Apollina-

924 2007 961 2037 rii
977 2007 1104 2046 Rogatus
1111 2007 1147 2036 ab
1154 2007 1197 2037 eis
1206 2007 1449 2042 Basilius,utsein
1460 2009 1695 2048 paciﬁcationem
1704 2012 1748 2041 in-

927 2057 1144 2091 terponeretac
1154 2051 1280 2082 Nicaena:
1294 2052 1361 2082 ﬁdei
1373 2053 1485 2093 aliquid
1498 2053 1749 2085 delncarnatione

927 2096 1095 2126 addendum
1108 2097 1373 2135 constitueret,lioc
1388 2106 1463 2127 onus
1478 2098 1630 2137 suscipere
1641 2099 1748 2129 noluit.

929 2141 1000 2171 Cum
1017 2141 1096 2181 enim
1111 2140 1140 2170 id
1154 2149 1213 2179 prae
1229 2149 1343 2170 summa
1361 2141 1526 2172 humilitate
1539 2142 1625 2172 altius
1641 2143 1751 2173 intelli-

929 2185 1026 2224 gentia
1037 2193 1089 2214 sna
1101 2184 1238 2221 ducebat,
1252 2190 1312 2214 tum
1329 2185 1416 2214 etiam
1433 2186 1599 2226 verebatur,
1615 2196 1651 2217 ne
1667 2188 1750 2217 novis

896 2224 1030 2269 I"iurgiis
1059 2230 1182 2259 materia
1207 2229 1338 2268 daretur,
1355 2238 1389 2258 ac
1410 2224 1624 2269 simpliciorum
1642 2231 1749 2262 anima:

928 2274 1010 2304 novis
1026 2274 1115 2304 rebus
1130 2273 1309 2303 introductis
1334 2274 1524 2305 laederentur.
1549 2275 1694 2305 Caeterum
1712 2278 1747 2306 nd

927 2328 1028 2358 pacein
1041 2327 1091 2348 eos
1099 2318 1343 2348 hortabatur.Scd
1351 2327 1416 2347 cum
1427 2318 1506 2348 illius
1516 2318 1744 2359 epistola,quam

927 2362 1156 2400 amisimus,non
1167 2361 1289 2392 multum
1303 2363 1620 2402 promovisset,iterum
1630 2365 1665 2394 ad
1677 2374 1747 2395 eum

928 2407 1112 2447 scripserunt
1128 2407 1320 2437 Innocentius
1334 2411 1362 2437 et
1372 2407 1520 2437 Palladius
1531 2408 1638 2439 iisdem
1649 2409 1686 2439 de
1702 2418 1751 2440 re-

927 2452 982 2482 bus
999 2461 1057 2482 non
1071 2452 1137 2482 sine
1152 2451 1251 2489 aliqua
1266 2451 1454 2482 excusatione
1466 2451 1544 2489 quod
1555 2453 1590 2483 ad
1606 2462 1673 2483 eum
1692 2462 1752 2484 non

927 2496 1074 2527 venirent.
1087 2495 1227 2526 Libenter
1238 2496 1282 2526 eis
1292 2495 1418 2526 remittit
1430 2496 1556 2527 Basilius
1566 2496 1655 2536 hujus
1666 2497 1753 2529 itine-

926 2542 968 2572 ris
981 2541 1124 2581 laborem,
1138 2545 1169 2571 ut
1182 2540 1353 2571 hominibus
1363 2540 1465 2571 labore
1478 2550 1617 2572 manuum
1630 2541 1753 2573 viventi-

930 2586 985 2616 bus
1003 2586 1291 2624 perincommodum,
1304 2586 1453 2625 simulque
1464 2585 1598 2616 dolorem
1610 2595 1696 2616 suum
1708 2586 1753 2617 si-

930 2630 1146 2671 gniﬁcat,quod
1157 2630 1185 2660 in
1197 2630 1383 2661 concilianda
1396 2638 1469 2669 pace
1480 2639 1582 2670 parum
1595 2630 1757 2670 profecerit

974 2714 1012 2754 (υ)
1034 2715 1088 2754 Ep.
1106 2715 1176 2755 258,
1193 2724 1223 2745 ιι.
1242 2715 1272 2746 2.
