2018 3142
778 173 873 205 VITA
894 173 926 205 Si
949 169 1101 205 BKSIL'II'.

1716 181 1797 212 OLV"

108 253 165 275 nes
180 242 395 274 beneﬁciorum
405 239 705 278 subministrat,inter
717 240 866 272 beneﬁcos
877 251 933 272 nu-
943 241 966 268 Α
974 243 1104 280 rogatus,
1118 245 1150 272 ut
1165 251 1233 274 eum
1244 251 1278 274 ex
1289 242 1346 273 hoc
1361 242 1493 282 periculo
1504 242 1647 282 eriperet,
1659 251 1791 282 respon-

109 292 258 319 meratum
271 287 321 318 iri.

152 332 279 364 Basilius
290 333 321 362 in
332 331 522 372 θρίξ.ῑοίδὲὃὲ
534 331 707 371 episcopum
720 331 877 372 quemdam
889 331 932 362 in-

110 378 183 408 vitat
212 377 247 408 ad
270 377 377 407 festum
402 381 571 407 sanctorum
599 381 773 416 martyrum,
791 385 849 406 non
867 376 933 407 sine

109 427 198 453 acuta
218 421 454 462 reprehensione
470 422 549 461 quod
568 431 626 452 non
641 425 760 452 vocatus
775 425 930 458 queratur,

111 471 232 498 vocatus
242 475 302 497 non
314 469 420 497 veniat.
434 467 466 498 In
475 466 613 506 sequenti
624 466 718 496 viduae
728 465 856 502 cuidam,
867 475 934 504 qua)

110 511 194 542 illius
205 511 325 542 videndi
335 515 365 542 et
375 511 552 542 consulendi
563 510 671 550 cupida
680 515 840 550 erat,spem
849 511 934 541 aﬂ'ert

110 566 144 587 se
155 556 236 586 illam
247 555 461 590 visurum.cum
475 556 603 596 aliquem
616 559 794 586 conventum
808 554 931 586 indicet:

110 610 210 641 neque
222 601 303 631 enim
317 600 372 631 sibi
384 605 424 631 tot
438 601 561 639 negotiis
573 603 715 639 occupato
727 599 806 630 aliud
820 609 886 630 cum
899 609 933 630 ea

110 645 304 685 colloquendi
315 650 432 684 tempus
441 654 610 676 occurrere.
623 644 764 684 Ejusdem
776 643 870 674 viduae
881 654 930 675 ne-

110 690 176 721 scio
192 690 272 730 quod
289 689 438 720 somnium
456 690 682 729 interpretatur.

153 735 340 766 Censitorem
353 738 435 773 rogat
445 735 572 765 Basilius
581 734 611 764 in
623 732 790 773 epistola28
796 733 856 772 4,ut
869 742 932 763 mo-

974 284 1024 315 det
1035 295 1117 326 aeque
1128 286 1185 317 sibi
1197 286 1233 317 ab
1242 287 1481 327 episcopiofﬁcio
1492 287 1622 318 alienum
1631 287 1791 326 viderimu-

974 334 1075 360 centes
1086 331 1294 370 autjudicibus
1316 332 1432 363 tradere
1448 337 1496 362 aut
1513 332 1635 362 traditos
1651 332 1788 371 eripere:

975 377 1035 405 sive
1050 375 1118 415 quia
1131 376 1283 415 improbus
1299 377 1349 407 ille
1365 386 1518 407 recantare
1532 376 1689 416 opprobria
1705 377 1791 407 nole-

975 418 1034 469 bat,
1051 419 1113 469 sive
1129 421 1198 469 quia
1213 431 1249 452 ne
1264 422 1443 452 recantando
1457 421 1574 461 quidem
1587 421 1719 452 dedecus
1731 422 1790 451 vir-

975 464 1035 503 gini
1051 465 1222 504 impositum
1239 465 1311 497 satis
1324 470 1503 506 reparasset.

1016 510 1171 540 Nectarius
1186 509 1292 541 Basilio
1308 520 1341 540 ex
1359 511 1506 550 praeclaris
1529 510 1646 541 dotibus
1668 521 1684 542 a
1701 520 1794 552 puero

976 558 1073 591 notus,
1089 554 1119 584 in
1130 563 1279 585 summum
1290 555 1480 595 splenderem
1497 557 1576 586 omni
1588 555 1728 587 virtutum
1741 565 1792 595 ge-

975 607 1048 628 nere
1060 599 1377 640 pervenerat.Rogatus
1387 600 1423 630 ab
1436 609 1469 631 eo
1483 601 1608 631 Basilius
1618 605 1648 631 ut
1662 601 1790 641 aliquem

976 643 1057 682 pagis
1069 644 1314 684 chorepiscopum
1329 645 1661 684 prwticeret,velsaltem
1671 645 1707 676 de
1718 646 1792 685 opti-

976 697 1022 718 ma
1040 688 1245 727 eligendorum
1259 690 1540 729 chorepiscoporum
1551 690 1665 720 ratione
1676 691 1792 721 consul-

975 736 1033 768 tus,
1049 733 1155 763 eximia
1173 733 1260 763 tradit
1275 739 1432 774 praecepta.
1448 740 1478 765 et
1494 734 1635 774 episcopo
1657 739 1685 765 et
1698 735 1733 765 iis
1742 737 1790 775 qui

111 778 307 819 machos,qui
320 787 375 810 nec
392 779 525 819 pecuniis
536 787 591 810 nec
603 787 745 818 corporeo
760 777 859 808 labore
869 787 932 808 rem
975 777 1150 815 suﬂ‘ragium
1167 778 1238 808 dant
1253 779 1469 809 convenientia.
1488 778 1622 809 Declarat
1638 789 1670 810 se
1685 788 1793 819 caupo-

110 824 261 865 publicam
275 824 379 863 juvare
392 828 538 863 poterant,
548 823 667 854 tributis
683 823 803 862 eximat,
817 822 933 861 sibique
975 829 1056 861 nem,
1070 831 1128 851 non
1141 822 1558 861 dispensatoremfuturum,et
1570 823 1685 863 quidvis
1696 825 1793 864 potius

110 879 164 900 eos
172 869 249 909 apud
262 870 356 899 Deum
370 872 539 907 precatures
555 868 611 898 hoc
621 867 767 898 beneﬁcio
780 865 930 906 paret.Vio
945 903 962 909 _
975 874 1063 902 quam
1076 865 1251 896 electionem
1265 872 1466 906 peracturum.
1479 868 1503 897 si
1516 868 1587 907 quid
1598 868 1696 907 gratiae
1706 878 1794 900 causa

108 903 200 945 detur
210 913 297 943 etiam
306 903 485 943 censitorem
493 912 601 953 alloqui
611 912 640 942 in
650 903 930 952 epistolasequenti,
944 903 964 928 ⁸
975 914 1024 940 aut
1035 910 1135 940 timori
1146 911 1256 942 cedens
1265 903 1383 943 i‘ecerit.
1395 911 1434 942 Iis
1443 903 1540 942 autem
1557 903 1792 953 quisul'l'ragium

108 965 433 998 qumperceconomum
442 956 585 988 Ecclesia
593 956 682 986 missa
690 955 933 994 est.Rogatutal-
975 955 1045 985 dant
1059 960 1164 986 auctor
1179 959 1235 996 est,
1253 960 1283 986 ut
1294 955 1372 987 dicto
1389 957 1556 988 testimonio
1571 957 1607 987 ab
1621 958 1702 988 omni
1719 967 1791 988 con-

108 1003 189 1033 levet
219 1010 384 1041 pauperum
410 1001 626 1041 possessiones,
649 1005 727 1030 tanto
753 999 930 1031 tributorum
975 999 1108 1031 tentione
1126 1000 1306 1041 abstineant,
1324 1004 1352 1031 et
1368 1001 1458 1032 Deum
1477 1007 1649 1041 precentur,
1667 1006 1698 1032 ut
1714 1002 1792 1042 quod

109 1055 204 1078 onere
219 1055 390 1086 oppressas,
406 1050 438 1076 ut
466 1054 586 1085 semper
609 1048 778 1085 quaerantur
802 1044 854 1085 qui
882 1054 932 1075 eas

108 1091 284 1132 suscipiant,
296 1100 331 1121 ac
343 1099 428 1121 suum
440 1090 538 1130 potius
549 1090 672 1130 insuper
684 1090 817 1122 absumat
830 1090 930 1122 Eccle-

109 1136 251 1176 sia.quam
259 1145 294 1166 ex
303 1135 349 1166 bis
355 1135 595 1174 possessionibus
602 1135 764 1175 quidquam
774 1135 927 1175 percipiat.

151 1181 256 1222 Episco
260 1180 335 1220 palis
341 1180 522 1211 auctoritatis
529 1179 723 1211 defendendas
733 1180 859 1211 studium
868 1181 929 1211 elu-

108 1230 158 1257 cet
168 1226 198 1256 in
211 1225 338 1266 epistola
349 1225 419 1257 286.
433 1226 528 1256 Fures
539 1225 570 1255 in
581 1224 708 1264 quadam
724 1225 850 1255 ecclesia
862 1225 930 1256 vilia

109 1279 276 1311 pauperum
292 1269 468 1301 vestimenta
483 1270 674 1309 subripuere,
688 1273 717 1300 et
727 1269 763 1300 ab
773 1270 929 1310 iis,quibus

108 1315 187 1346 recti
202 1315 231 1345 in
248 1313 375 1345 ecclesia
391 1314 504 1345 ordinis
520 1323 589 1345 cura
606 1313 777 1350 commissa,
795 1324 930 1354 compre-

108 1360 198 1390 hensi
220 1363 302 1390 sunt.
329 1358 403 1390 Tum
432 1359 570 1399 Basilius,
587 1359 734 1398 descripto
750 1359 778 1390 in
796 1359 929 1390 omnium

109 1404 207 1435 oculis
219 1403 343 1434 vestium
355 1404 534 1440 inventario,
546 1408 575 1435 et
589 1408 684 1434 vestes
698 1407 726 1434 et
742 1403 822 1434 fures
836 1404 931 1444 recipi

109 1459 146 1480 ac
162 1448 307 1479 custodiri
321 1449 417 1488 jussit,
437 1455 534 1479 vestes
550 1448 670 1489 quidem
687 1448 792 1487 partim
812 1448 932 1480 tradens

109 1493 160 1525 his
170 1493 221 1533 qui
231 1493 355 1524 aderant
366 1493 558 1533 pauperibus,
573 1493 679 1533 partim
693 1493 824 1523 venturis
834 1502 932 1524 reser-

111 1538 280 1576 vans,fures
291 1542 391 1568 autem
401 1538 553 1569 canonica
563 1538 746 1577 paenitentiae
756 1537 930 1576 subjiciens.

974 1044 1047 1075 utile
1063 1045 1164 1085 l’uerit,
1182 1055 1240 1076 non
1258 1044 1356 1077 lateat.

1013 1088 1174 1120 Videturin
1186 1090 1356 1130 episcopatu
1368 1091 1478 1131 scripta
1488 1091 1611 1131 epistola
1618 1091 1722 1130 991,in
1735 1100 1792 1132 qua

971 1133 1095 1164 Basilius
1103 1133 1290 1167 Timotheum
1297 1135 1543 1176 chorepiscopuin
1550 1145 1584 1166 ex
1591 1145 1795 1167 summoasce-

973 1178 1038 1209 ticaa
1056 1179 1120 1209 vitae
1135 1179 1252 1210 fervore
1276 1180 1312 1210 ad
1334 1180 1486 1211 saecularia
1503 1181 1620 1219 negotia
1636 1180 1792 1220 delapsum

972 1232 1112 1255 revocare
1128 1224 1163 1254 ad
1179 1224 1332 1263 pristinam
1349 1225 1491 1265 pietatem
1517 1229 1651 1256 conatur.
1670 1225 1794 1256 Videtur

971 1267 1050 1299 idem
1082 1278 1148 1299 esse
1172 1268 1344 1300 Timotheus
1363 1270 1606 1310 chorepiscopus,
1624 1270 1662 1300 de
1683 1279 1741 1310 quo
1764 1271 1793 1300 in

973 1313 1097 1352 epistola
1106 1313 1146 1345 24
1157 1313 1295 1354 loquitur.
1311 1314 1400 1346 Grato
1420 1315 1521 1345 animo
1537 1314 1664 1354 suscipit
1676 1315 1764 1346 missa
1776 1325 1792 1346 a

973 1357 1131 1389 Timotheo
1158 1368 1293 1397 munera,
1312 1359 1501 1399 vicissimque
1521 1359 1548 1389 ei
1566 1359 1692 1390 misisset
1707 1359 1792 1390 Ponti

974 1403 1162 1440 munuscula,
1180 1413 1264 1434 ceras
1279 1408 1307 1434 et
1318 1413 1421 1444 acopa,
1434 1405 1457 1434 si
1475 1407 1545 1435 tunc
1562 1409 1668 1444 praisto
1684 1404 1793 1435 adfuis—

974 1454 1058 1486 sent;
1075 1449 1127 1479 sed
1143 1459 1209 1480 cum
1226 1450 1363 1486 aderunt,
1381 1450 1538 1481 missurum
1557 1450 1711 1490 promittit.

1248 1496 1367 1529 CAPUT
1391 1497 1519 1529 XXXIX.

976 1543 993 1569 Ι.
1011 1542 1046 1582 ρο
1057 1543 1172 1582 {pistatia
1187 1549 1426 1582 ᾳμᾳνμγηνιεηιριιδ-
1441 1545 1581 1582 incertum.
1599 1546 1631 1573 Il.
1648 1545 1685 1573 De
1693 1546 1793 1582 optato-

110 1584 170 1616 Sed
177 1593 246 1615 cum
254 1584 533 1615 commentariensis
541 1583 845 1623 ejusmodihominum
853 1585 963 1614 rece-G
1012 1578 1044 1623 ﬁt}
1060 1578 1157 1623 Βᾳεέιὶξ
1172 1578 1208 1623 ad
1220 1580 1356 1623 Liburniam
1371 1578 1524 1623 'efuLiQa-nii
1539 1578 1730 1623 adﬁasitimit.
1747 1581 1792 1609 ιη.

114 1628 248 1669 ptionem
269 1629 326 1659 sibi
341 1629 492 1659 vindicare
505 1630 603 1669 vellet,
617 1627 770 1659 contendit
798 1629 933 1666 Basilius,

111 1683 180 1714 qum
191 1675 221 1704 in
240 1673 376 1704 ecclesiis
392 1673 602 1714 peccantur,ab
617 1673 765 1712 episcopis
779 1673 934 1703 emendari

111 1718 237 1758 debere,
254 1727 309 1749 nec
322 1718 442 1758 judices
457 1728 524 1749 esse
548 1717 792 1758 interpellandos.
811 1718 895 1753 Quod
910 1719 933 1748 si

111 1762 394 1794 commentariensis
404 1763 439 1793 ad
456 1763 593 1794 comitem
602 1762 650 1793 his
661 1762 698 1793 de
714 1762 804 1793 rebus
820 1762 934 1793 referre

112 1808 196 1847 velit,
215 1808 344 1839 libenter
356 1807 518 1838 assentitur
547 1807 687 1844 Basilius,
701 1811 729 1838 et
753 1815 808 1838 sne
827 1807 888 1846 juri
906 1811 933 1837 et

112 1853 167 1883 viri
183 1853 347 1892 integritati
362 1853 528 1883 confidens.

153 1897 218 1928 Jam
234 1907 313 1938 saepe
328 1898 455 1928 vidimus
465 1906 554 1936 quam
565 1896 691 1927 libenter
703 1896 830 1928 Basilius
839 1897 934 1927 homi-

114 1951 169 1972 nes
185 1942 214 1972 in
224 1942 371 1982 judicium
388 1948 506 1973 vocatos
519 1941 612 1981 gratia
631 1951 684 1971 sua
705 1944 735 1972 et
759 1941 934 1972 auctoritate

112 1986 300 2018 sublevaret:
319 1987 371 2018 sed
387 1992 483 2018 tamen
500 1987 589 2026 hujus
603 1987 647 2017 rei
673 1985 791 2016 modum
804 1986 934 2026 aliquem

112 2036 143 2062 et
156 2031 304 2062 delectum
329 2032 442 2063 sciebat
471 2031 632 2062 tenendum
658 2040 734 2061 esse.
755 2030 827 2061 Cum
854 2031 934 2070 virgo

113 2076 253 2115 quaedam
270 2076 437 2116 improbum
453 2077 605 2107 hominem
622 2081 652 2107 et
666 2075 696 2106 in
710 2076 937 2116 corrumpendis

113 2121 254 2152 domibus
265 2130 282 2152 a
293 2130 386 2161 puero
396 2121 607 2158 institutum,in
620 2120 740 2150 domum
749 2129 835 2151 suum
844 2120 936 2151 inscia

113 2165 198 2196 illius
214 2175 329 2196 morum
345 2166 527 2201 admisisset,
545 2165 634 2206 eique
646 2174 681 2195 ex
696 2165 824 2205 simplici
840 2165 935 2196 collo-

113 2211 186 2251 quio
204 2211 322 2249 cognita
338 2215 416 2241 esset
433 2221 440 2248 ;
456 2211 481 2241 is
498 2220 533 2241 eo
551 2209 745 2250 impudentiae
759 2209 888 2250 devenit,
907 2214 938 2240 ut

1011 1613 1131 1642 Maxime
1140 1615 1229 1644 dubiae
1237 1615 1368 1644 videnlur.
1385 1616 1428 1644 IV.
1445 1615 1500 1644 Sea;
1517 1616 1633 1652 epistola:
1647 1618 1756 1652 spurii».

1019 1664 1129 1694 I.Nunc
1138 1664 1269 1696 breviter
1280 1665 1365 1695 nobts
1375 1667 1567 1695 recensendas
1579 1669 1647 1695 sunt
1658 1665 1723 1695 alite
1731 1666 1790 1696 Ba-

977 1707 1035 1738 silii
1047 1709 1263 1747 epi~tolae,quae
1275 1719 1341 1740 cum
1354 1709 1433 1740 nulla
1445 1710 1586 1749 temporis
1597 1713 1664 1741 nota
1676 1710 1794 1749 signi-n-

979 1759 1025 1783 tur
1044 1762 1145 1783 earum
1177 1753 1313 1784 ordinem
1339 1763 1373 1784 ex
1399 1754 1471 1794 ipsis
1500 1753 1601 1791 rebus,
1619 1755 1656 1784 de
1682 1754 1792 1793 quibus

975 1801 1074 1836 agunt,
1092 1798 1288 1837 repetendum
1305 1799 1454 1829 duximus.
1482 1799 1557 1830 Aliae
1575 1800 1653 1830 enim
1678 1800 1793 1838 egregia

977 1851 1090 1872 morum
1100 1846 1247 1883 praecepta
1255 1843 1690 1884 tradunt,alizepropinquorum
1700 1849 1794 1874 morte

976 1887 1100 1918 atﬂictos
1109 1888 1378 1925 consolantur,aliai
1385 1889 1672 1919 commendationem
1685 1898 1791 1928 egeno-

975 1932 1131 1971 rum,aliae
1154 1933 1282 1973 denique
1299 1933 1421 1965 amicam
1449 1934 1558 1964 habent
1572 1933 1792 1964 salutationem.

1016 1977 1110 2016 Digna
1124 1978 1185 2009 visa
1209 1982 1253 2009 est
1275 1988 1342 2017 quae
1357 1987 1461 2018 agmen
1476 1979 1599 2009 duceret
1614 1979 1739 2018 epistola
1755 1979 1791 2010 ad

976 2022 1139 2053 Palladium
1149 2032 1255 2053 recens
1266 2023 1545 2063 baptizatum,quem
1559 2023 1684 2053 Basilius
1696 2023 1793 2054 horta-

979 2072 1036 2103 tur,
1053 2072 1083 2098 ut
1099 2068 1214 2099 ﬁdelem
1230 2077 1262 2099 se
1279 2068 1407 2099 thesauri
1430 2069 1583 2099 custodem
1605 2067 1744 2107 praebeat,
1761 2077 1796 2098 ac

978 2112 1059 2142 omni
1071 2122 1141 2143 cura
1150 2113 1316 2153 depositum
1326 2113 1441 2152 regium
1459 2111 1712 2143 conservetJllius
1723 2122 1796 2143 uxor

977 2157 1117 2188 inviserat
1127 2157 1279 2188 Basilium.
1294 2157 1344 2197 qui
1358 2157 1515 2187 dimidium
1533 2161 1642 2188 tantum
1656 2156 1797 2187 desiderii

979 2201 1025 2232 sui
1055 2201 1249 2242 adimpletum
1275 2201 1412 2239 ducebat,
1430 2201 1500 2240 quia
1520 2210 1578 2231 non
1592 2200 1689 2240 ipsum
1707 2203 1793 2231 etiam

113 2245 260 2293 virginem
277 2259 337 2285 tota
352 2245 629 2294 urbe'decnntaret,
648 2263 682 2286 ac
697 2254 808 2284 famoso
834 2245 934 2285 libello
945 2245 1140 2294 υΡᾶυξειίίξυξι]
1158 2246 1277 2294 Vide?“-

114 2300 254 2331 ecclesiw
262 2299 351 2331 valvis
362 2300 447 2330 affixo
460 2300 616 2330 laceraret.
630 2299 663 2330 lu
674 2299 811 2330 exsilium
825 2301 935 2330 missus

114 2350 162 2375 est
177 2345 216 2375 ob
245 2346 322 2376 hanc
348 2345 532 2384 nequitiam:
551 2345 601 2376 sed
632 2344 755 2375 rediens
781 2344 936 2375 maledicta

113 2399 168 2420 sua
178 2390 341 2427 renovavit,
353 2394 383 2420 et
398 2390 555 2420 calumniis
571 2390 599 2419 in
615 2388 786 2429 pudicitiam
803 2389 934 2428 virginis,

113 2436 225 2473 forum,
241 2434 401 2474 gymnasia,
417 2434 529 2465 theatra
543 2438 572 2465 et
583 2434 661 2464 mdes
674 2433 878 2473 improborum
890 2433 935 2464 sui

113 2479 258 2510 similium
275 2478 418 2519 implevit.
429 2479 515 2510 Hunc
532 2478 683 2509 hominem
701 2479 824 2508 Basilius
841 2478 934 2517 poenis

113 2524 144 2554 in
152 2523 285 2564 episcopi
295 2528 437 2563 potestate
445 2524 548 2563 positis
555 2524 717 2560 coercuit,a
726 2524 934 2554 communione

113 2569 199 2600 illum
217 2568 417 2600 ecclesiastica
433 2577 611 2599 removens:
627 2567 776 2608 simulque
790 2567 932 2606 virginem

113 2614 248 2644 hortatus
264 2618 319 2649 est,
333 2618 365 2643 ut
387 2622 420 2643 se
437 2623 497 2644 non
515 2614 723 2649 ulcisceretur,
739 2613 789 2643 sed
807 2612 932 2643 Domino

113 2658 256 2689 ultionem
271 2659 466 2698 permitteret.
476 2660 513 2689 At
524 2658 603 2696 virgo
615 2659 808 2690 vehementer
819 2667 883 2688 cum
898 2668 932 2688 eo

111 2703 401 2744 expostulavit,quod
413 2712 513 2734 secum
531 2707 652 2744 paterno
664 2703 764 2732 animo
776 2712 835 2733 non
846 2703 930 2734 dole-

110 2753 166 2788 ret,
180 2758 214 2779 ac
231 2748 317 2779 famre
337 2749 497 2788 jacturam,
515 2757 580 2788 quae
596 2748 684 2778 totius
700 2747 770 2778 cieri
788 2747 930 2779 damnum

110 2793 341 2833 erat,neg|igcre
354 2793 590 2832 juberet.ltaque
599 2791 708 2823 instare
721 2792 825 2831 virgini
838 2792 932 2824 noluit

109 2838 250 2875 Basilius,
267 2841 296 2869 et
311 2842 415 2878 postea
438 2837 475 2868 ab
496 2837 596 2877 aliquo
620 2837 807 2876 sycophantas
834 2837 929 2869 amico

1018 2291 1212 2323 Christianam
1225 2291 1254 2321 in
1265 2290 1375 2321 morbis
1382 2294 1410 2320 et
1421 2289 1509 2321 rebus
1520 2289 1651 2320 adversis
1662 2293 1797 2321 constan-

979 2336 1047 2366 tiam
1061 2336 1294 2366 laudatBasilius
1305 2335 1333 2365 in
1345 2334 1468 2374 epistola
1478 2335 1513 2365 ad
1526 2334 1726 2374 Julianum,de
1738 2344 1796 2374 quo

978 2382 1056 2411 scire
1067 2385 1132 2411 avet
1143 2390 1179 2411 an
1193 2389 1299 2410 manus
1312 2389 1396 2410 usum
1409 2379 1608 2419 reccperit,an
1620 2379 1661 2408 illi
1673 2379 1796 2418 reliqua:

977 2435 1026 2456 res
1042 2425 1107 2456 vitae
1124 2435 1160 2456 ex
1177 2425 1324 2456 sententia
1339 2425 1446 2455 ﬂuant.
1463 2423 1589 2454 Videtur
1601 2423 1626 2453 is
1641 2423 1796 2455 Basiliivi-

978 2471 1067 2501 deudi
1083 2480 1171 2502 causa
1187 2471 1351 2502 Caesaream
1376 2472 1504 2508 venisse,
1520 2469 1570 2498 sed
1593 2468 1675 2498 illum
1689 2468 1797 2499 Basilio

977 2525 1030 2556 per
1043 2516 1158 2555 negotia
1174 2520 1283 2546 tantum
1299 2515 1400 2545 videre
1423 2512 1516 2554 lieuit,
1535 2518 1673 2549 quantum
1695 2514 1743 2553 qui
1765 2522 1798 2543 se

975 2558 1012 2593 in
1025 2560 1099 2591 mari
1112 2561 1235 2591 invicem
1250 2563 1440 2600 praetereunt.
1462 2559 1534 2589 Eum
1548 2564 1646 2588 tamen
1659 2557 1793 2594 Basilius,

975 2606 1054 2636 velut
1067 2615 1100 2636 ex
1111 2605 1345 2644 ungueleonem,
1360 2614 1394 2634 ex
1407 2603 1488 2634 brevi
1504 2603 1706 2643 eiperimento
1722 2602 1794 2632 satis

973 2654 1159 2690 cognoverat.

1014 2697 1053 2728 Ex
1066 2696 1191 2736 epistola
1202 2695 1275 2730 994,
1290 2694 1364 2725 duos
1383 2693 1573 2733 cognoscitnu
1591 2692 1709 2722 sBasilii
1727 2692 1799 2723 disci

975 2742 1071 2783 pulos,
1082 2742 1201 2772 Festum
1215 2745 1243 2770 et
1252 2740 1358 2778 Magnu
1367 2749 1406 2779 ει),
1419 2746 1548 2783 quorum»
1559 2739 1669 2768 teneris
1681 2737 1797 2783 anima—

974 2781 1027 2819 bus
1039 2796 1106 2817 cum
1129 2785 1270 2825 pietatem
1292 2783 1460 2820 insevisset,
1473 2781 1591 2822 optabat
1607 2791 1670 2812 eam
1686 2781 1721 2812 ad
1734 2790 1796 2812 ma-

972 2838 1052 2865 turos
1067 2831 1180 2862 fructus
1197 2829 1368 2870 perductam
1386 2828 1499 2859 videre.
