2018 3142
776 129 869 162 νιΤΑ
893 128 922 159 S.
950 126 1088 159 BASILII

104 199 207 230 mundi
219 198 366 240 sapientia
379 203 494 230 tantum
506 199 661 237 distitisse,
674 201 816 237 quantum
824 195 859 227 ad
871 205 921 227 re-
934 206 949 223 Α

103 254 167 275 rum
184 253 320 275 verarum
338 243 492 274 scientiam
506 241 846 283 appropinquabatﬁam
859 250 923 271 san—

104 293 182 319 ctum
200 289 363 320 Eusebium
376 297 525 319 sacrarum
535 288 655 328 quidem
669 287 834 316 liberarum
849 285 924 325 peri-

105 333 250 363 tissimum
270 333 360 363 fuisse
372 333 482 363 scimus
501 343 510 370 ',
525 337 554 362 at
569 332 600 362 in
617 331 745 362 externis
757 330 923 367 disciplinis

103 378 210 417 hospes
222 377 314 408 fuisse
328 386 386 408 non
401 375 668 416 perhibetur.Nihil
680 385 751 414 ergo
760 380 925 413 vetat,quo-

102 423 198 453 minus
217 422 351 460 ignotum
367 421 452 452 nobis
465 431 529 457 esse
546 420 651 461 Syrum
679 420 760 450 illum
786 419 922 449 fateatur.

145 468 381 498 tll.t‘romiserat
398 466 525 497 Basilius
534 467 574 506 (α)
591 475 624 496 se
636 465 861 504 explanaturum
875 464 925 493 ho-

104 511 192 542 minis
207 512 456 551 generationem:
489 511 539 542 sed
566 515 662 540 tamen
684 509 838 550 promissis
867 518 924 538 non

104 557 218 587 videtur
233 556 365 587 stetisse.
384 556 456 586 Nam
475 565 579 586 novem
595 559 706 585 tantum
722 553 873 584 orationes
893 555 924 582 tn

103 601 309 632 Hexaemeron
334 604 529 630 numerantur
558 599 593 630 ab
615 599 797 637 Hieronymo
830 597 870 637 (b)
896 601 924 627 et

103 646 277 678 Cassiodoro
289 646 340 681 (ε).
356 645 491 675 Testatur
502 646 638 676 Socrates
664 643 705 683 td)
721 653 794 683 opus
810 641 922 679 Basilii,

101 699 167 721 cum
184 689 395 728 imperfectum
411 695 501 725 esset,
519 699 535 719 a
549 688 692 728 Gregorio
710 687 804 727 ipsius
834 687 923 717 fratre

101 735 269 766 absolutum
286 734 390 765 fuisse.
403 736 504 772 Atque
516 734 580 773 ipse
597 734 684 763 etiam
711 732 872 770 Gregorius
884 732 923 771 (θ)

101 779 172 810 hanc
187 779 245 809 sibi
262 779 301 809 de
315 778 445 809 hominis
471 777 589 818 opiﬁcio
621 776 771 807 scribendi
803 785 922 806 causam

100 833 163 854 esse
180 823 329 859 declarat,
356 823 434 863 quod
459 827 600 853 vereatur
622 831 659 852 ne
675 821 800 852 Basilius
816 830 922 860 repre-
936 841 953 865 Β

103 868 280 899 hensionem
300 877 357 898 non
374 867 501 906 etl‘ugiat,
519 867 543 897 si
558 867 637 897 illius
653 867 683 897 in
699 875 772 906 opus
788 875 837 896 sex
861 865 922 896 die-

98 921 164 942 rum
178 912 397 942 elucubrationi
412 912 488 942 desit
507 921 622 947 eorum,
637 920 702 951 quae
719 911 756 940 ad
772 910 922 940 hominem

99 961 245 996 spectant,
260 957 471 987 consideratio.

141 1000 259 1032 Exstant
277 1000 318 1040 (fi
331 1005 429 1031 tamen
442 1001 520 1030 inter
533 1009 624 1040 opera
638 999 738 1030 Basilii
750 999 815 1029 duae
826 998 924 1029 homi-

99 1046 148 1076 liaa
163 1046 199 1076 de
212 1046 343 1075 hominis
358 1050 518 1076 structura.
533 1044 642 1083 quibus
659 1045 747 1075 tertia
774 1043 810 1074 de
839 1052 926 1083 para-

99 1090 165 1121 diso
179 1089 362 1129 adjungitur.
384 1089 458 1120 Sunt
476 1090 521 1119 hee
532 1092 681 1119 orationes
697 1088 732 1118 ad
745 1088 845 1119 Basilii
860 1097 925 1128 pro-

100 1135 191 1165 missa
204 1134 385 1174 perﬁcienda
401 1138 471 1164 satis
493 1134 645 1173 appositae,
676 1143 709 1163 ac
724 1134 762 1163 ita
793 1134 871 1164 inter
894 1142 926 1163 se

103 1188 198 1217 nexae,
217 1183 247 1209 ut
262 1188 329 1219 quae
344 1179 374 1208 in
389 1188 447 1209 una
462 1183 634 1214 tractantur,
653 1178 681 1208 in
696 1177 834 1217 sequenti
851 1187 925 1208 con-

102 1226 268 1254 tinuentur.
285 1223 389 1253 Basilio
405 1223 573 1253 tribuuntur
589 1232 605 1252 a
631 1222 807 1253 Combeﬁsio
822 1227 850 1252 et
866 1222 925 1253 Du-

101 1270 172 1309 pino
186 1279 194 1306 ;
207 1268 259 1298 sed
272 1278 323 1298 cas
333 1268 541 1298 Tillemontius
552 1266 589 1298 ab
600 1267 698 1306 aliquo
711 1267 836 1306 scriptas
846 1267 926 1297 exis-

100 1313 197 1349 timat,
214 1313 438 1343 exercitationis
450 1321 549 1347 causa,
576 1321 635 1342 non
660 1320 712 1351 per
738 1311 853 1348 dolum,
877 1316 928 1342 aut

100 1360 213 1390 malum
231 1358 322 1389 alieni
340 1359 414 1389 t'etus
428 1358 535 1389 Basilio
549 1358 736 1397 supponendi
755 1357 925 1388 consilium.

141 1403 267 1434 Difﬁcile
278 1406 323 1433 est.
334 1403 464 1442 profecto
477 1403 529 1433 has
550 1402 688 1432 homilias
702 1405 803 1432 sancto
818 1400 926 1432 Basilio

103 1448 278 1484 attribuere,
292 1457 359 1477 cum
376 1447 500 1478 accedat
513 1447 550 1478 ad
562 1447 729 1477 certissima
742 1451 874 1477 veterum
886 1449 927 1475 te-

1692 133 1784 158 CLXIII

965 195 1000 226 ad
1013 194 1124 235 ingenii
1138 195 1380 226 exercitationem
1395 193 1529 233 eligeret;
1540 203 1607 225 cum
1620 195 1782 234 praesertim

965 240 1062 270 statim
1081 246 1145 280 post
1159 249 1284 271 mortem
1297 242 1390 270 sancti
1403 239 1502 270 Basilii
1520 249 1595 280 opus
1613 239 1783 274 illius,teste

965 285 1079 325 Niceta,
1093 285 1182 316 frater
1193 285 1368 316 absolverit.
1387 284 1462 315 Hinc
1473 283 1563 315 etiam
1578 288 1638 314 tres
1655 283 1785 313 homilias

965 329 1157 368 reperiuntur
1167 330 1285 370 quidem
1294 329 1347 359 sub
1356 329 1476 360 nomine
1488 330 1518 360 S.
1531 328 1629 359 Basilii
1643 328 1670 358 in
1683 337 1785 358 recen<

967 374 1090 404 tioribus
1105 374 1260 405 codicibus
1279 383 1363 411 mss.,
1380 378 1408 404 at
1426 383 1570 414 nusquam
1597 376 1741 413 apparent
1754 372 1784 402 in

966 419 1192 458 antiquioribus.
1210 419 1276 450 Non
1292 421 1369 449 enim
1391 418 1523 449 eruditos
1553 417 1691 448 librarios
1706 417 1785 448 fraus

969 463 1122 494 manifesta
1138 463 1282 494 latuisset.
1300 463 1574 500 Atrecentioribus,
1589 472 1655 492 cum
1673 462 1784 493 doctis-

967 508 1034 538 simi
1052 518 1110 538 non
1121 512 1374 546 essenl,atque.ut
1383 507 1543 538 verisimile
1555 507 1787 546 est,ignorarent

967 552 1068 583 Basilii
1080 562 1180 592 opusa
1192 553 1281 583 l'ratre
1292 552 1424 593 Nysseno
1434 552 1600 582 absolutum
1613 551 1787 591 tuisse,pro-

965 597 1038 628 clive
1049 597 1102 627 fuit.
1115 597 1263 636 homilias,
1276 607 1341 637 quae
1351 597 1387 628 ad
1400 597 1470 628 illud
1486 607 1561 638 opus
1569 597 1784 628 absolvendum

965 646 1041 682 aptae
1057 642 1242 679 videbantur,
1259 642 1361 673 Basilii
1377 643 1487 672 nomini
1506 642 1658 681 efﬁngere.

1005 687 1037 716 ρο
1052 688 1126 718 Tres
1134 687 1262 718 homilize
1274 696 1332 719 non
1342 697 1394 717 sua
1406 691 1510 727 sponte
1522 687 1609 717 simul
1620 687 1786 726 conjuncta;

965 736 1046 771 sunt,
1061 732 1111 762 sed
1125 732 1187 762 hzec
1197 741 1213 762 a
1231 731 1357 763 librariis
1373 732 1507 762 instituta
1521 731 1784 771 conjunctio.Nam

965 776 1105 806 secunda:
1112 776 1236 807 orationi
1245 776 1357 807 nullum
1367 780 1441 807 inest
1450 777 1606 807 consilium
1614 776 1786 806 absolvendi

965 821 993 850 id
1011 821 1089 860 quod
1106 821 1136 851 in
1150 823 1243 861 prima
1269 821 1377 852 disseri
1394 825 1525 862 emptum
1543 821 1649 852 fuerat.
1680 820 1786 851 Habita

967 864 1046 895 enim
1054 869 1099 895 est
1108 865 1170 896 haec
1185 866 1316 896 secunda
1328 866 1452 896 homilia
1463 867 1498 896 ad
1506 866 1693 897 occasionem
1707 865 1786 896 Scri-

967 914 1073 949 ptum,
1091 920 1155 950 quae
1168 910 1216 941 illo
1232 910 1282 941 die
1298 912 1373 941 tecta
1389 911 1495 942 luerat:
1514 920 1638 951 eamque
1655 910 1696 940 sic
1713 919 1785 940 con-

966 954 1059 985 cludit
1069 955 1120 986 isa
1135 964 1191 995 quo
1208 957 1395 994 pronuntiata
1419 960 1475 992 est,
1493 961 1524 986 ut
1539 965 1571 986 se
1587 955 1623 986 ad
1647 964 1786 985 necessa-

966 998 1043 1029 rium
1059 1000 1114 1030 iter
1131 1005 1340 1040 properantem
1353 1001 1520 1032 auditorum
1534 999 1787 1040 precibusdeduci

969 1043 1104 1082 postulet.
1124 1043 1224 1075 Tertia
1238 1046 1303 1076 sine
1315 1045 1374 1076 ullo
1388 1054 1509 1085 prorsus
1518 1045 1641 1076 exordio
1666 1044 1787 1084 incipite

967 1089 1112 1119 versiculo
1124 1089 1431 1130 Scripturaa,quamvis
1444 1090 1574 1130 praefatio
1586 1089 1719 1130 quaedam
1731 1090 1787 1121 ad-

968 1133 1065 1164 hiberi
1079 1133 1241 1171 debuisset,
1260 1134 1286 1165 si
1301 1135 1326 1164 is
1339 1135 1388 1174 qui
1404 1137 1567 1165 secundant
1581 1135 1788 1175 pronuntiave-

968 1183 1023 1217 rat,
1043 1180 1156 1209 tertiam
1170 1189 1203 1209 ex
1220 1179 1327 1210 itinere
1342 1179 1435 1210 redux
1465 1180 1698 1219 pronuntiasset.
1715 1179 1788 1210 Tota

968 1231 1018 1252 res
1034 1232 1103 1262 ergo
1118 1223 1147 1253 in
1165 1223 1318 1254 librarium
1336 1223 1464 1264 aliquem
1478 1223 1707 1264 rejicienda,qui
1720 1233 1786 1254 cum

970 1276 1044 1306 opus
1055 1268 1149 1298 sancti
1174 1268 1275 1298 Basilii
1290 1267 1455 1300 absolutum
1473 1273 1539 1308 post
1554 1269 1632 1298 illius
1661 1273 1787 1299 mortem

969 1312 1061 1343 fuisse
1075 1313 1213 1349 nesciret,
1226 1313 1315 1344 simul
1326 1314 1479 1353 conjunxit
1490 1319 1551 1344 tres
1561 1313 1625 1344 illas
1637 1313 1786 1350 homilias,

968 1366 1035 1397 quas
1051 1357 1166 1388 idoneae
1179 1357 1216 1388 ad
1231 1357 1303 1388 illud
1320 1358 1531 1389 absolvendum
1549 1358 1734 1389 videbantur.

1009 1402 1044 1432 3°
1056 1402 1165 1433 Addita
1181 1412 1248 1433 esse
1264 1407 1293 1433 et
1308 1408 1422 1440 assuta,
1439 1405 1538 1443 quaain
1550 1403 1644 1443 prima
1655 1403 1788 1433 oratione

969 1447 1126 1478 consilium
1144 1447 1276 1478 indicant
1291 1447 1463 1478 absolvendi
1478 1449 1578 1488 operis
1589 1447 1702 1485 Basilii,
1719 1447 1789 1478 inde

101 1493 241 1523 stimonia
249 1491 608 1532 stylidissimihtudoSed
620 1491 832 1531 inquirendum
842 1490 927 1521 nobis
937 1509 957 1534 α
971 1491 1243 1531 perspicitur,quod
1250 1502 1316 1522 cum
1324 1497 1488 1532 suasponte
1500 1494 1562 1524 haec
1572 1492 1664 1524 oratio
1675 1492 1787 1523 nullam

100 1543 159 1574 est,
173 1547 209 1568 an
223 1538 331 1568 merito
343 1536 491 1567 existimet
501 1535 711 1567 Tillemontius
721 1536 850 1576 aliquem
861 1544 927 1566 sese
971 1535 1076 1567 habeat
1088 1545 1155 1567 cum
1168 1535 1281 1567 duabus
1293 1537 1360 1568 aliis
1370 1538 1670 1578 necessitudinem,“
1678 1538 1716 1568 de
1726 1538 1789 1574 ptu-

99 1583 133 1613 in
143 1583 187 1612 his
199 1582 332 1612 homiiiis
343 1581 397 1612 sub
411 1581 511 1611 Basilii
523 1581 645 1612 nomine
655 1580 868 1611 elucubrandis
878 1588 927 1610 ex-

102 1627 350 1657 ercitasse,Favet
359 1626 429 1656 huic
439 1626 595 1656 sententia
605 1630 709 1656 auctor
721 1626 822 1665 primae
835 1625 929 1655 homi-

103 1671 238 1706 liaa,dum
250 1671 381 1701 declarat
393 1669 548 1710 (pag.3“24)
557 1679 590 1701 se
601 1674 682 1701 vetus
693 1669 928 1709 debitum,cujus

102 1716 283 1748 solutionem
296 1724 374 1754 mgra
381 1715 518 1745 valetudo
528 1715 734 1754 impediverat,
748 1714 866 1745 tandem
876 1714 927 1744 ali-

102 1760 223 1799 quando
240 1761 419 1800 persolvere.
446 1759 593 1799 lm'quum
605 1760 685 1790 enim
697 1760 801 1799 fuerit,
819 1758 926 1798 inquit,

101 1809 138 1836 ut
149 1814 216 1836 cum
228 1805 342 1840 bestiis,
355 1805 451 1844 deque
474 1804 656 1835 natatilibus
681 1809 707 1835 et
724 1805 876 1844 jumentis
892 1811 928 1833 ac

970 1581 1053 1613 ribus
1068 1580 1199 1612 aBasilio
1209 1582 1361 1621 promissis
1369 1591 1462 1621 pauca
1473 1588 1680 1621 persequatur.
1692 1582 1790 1613 minus

970 1626 1079 1656 idonea
1094 1625 1133 1656 sit
1146 1625 1183 1655 ad
1195 1624 1411 1656 absolvendum
1424 1635 1497 1666 opus
1512 1626 1541 1656 in
1570 1626 1787 1657 Hexaemeron.

970 1670 1066 1706 Quare
1081 1669 1246 1701 verisimile
1262 1675 1305 1700 est
1321 1671 1456 1710 eum,qui
1467 1680 1533 1701 cum
1548 1671 1602 1702 hac
1613 1671 1708 1708 prima
1718 1672 1790 1702 duas

970 1715 1043 1746 alias
1057 1714 1221 1754 conjunxit,
1244 1724 1279 1745 ea
1293 1715 1382 1745 etiam
1399 1716 1436 1746 de
1456 1724 1509 1748 suo
1537 1716 1699 1754 addidisse,
1724 1725 1792 1755 quae

970 1762 1000 1792 S.
1019 1759 1128 1792 Basilio
1144 1769 1309 1798 congruere
1327 1759 1511 1790 videbantur.

1011 1805 1060 1837 IV.
1077 1806 1148 1835 Cum
1165 1804 1271 1835 decem
1285 1809 1314 1835 et
1329 1809 1445 1845 septem
1459 1806 1589 1836 liomilize
1610 1805 1640 1836 in
1656 1804 1791 1836 Psalmos

103 1849 295 1886 volucribus,
307 1850 343 1880 de
358 1850 430 1880 cwlo
447 1852 516 1880 item
531 1854 558 1879 et
577 1849 623 1880 his
639 1858 707 1889 quae
722 1853 754 1879 in
769 1849 839 1880 creto
855 1858 865 1887 ,'
892 1848 928 1878 de
971 1850 1044 1881 nihil
1055 1858 1174 1890 prorsus
1182 1849 1421 1889 suppeditant,ex
1434 1860 1491 1890 quo
1504 1851 1720 1882 Basiliumtunc
1731 1849 1791 1891 epi-

101 1899 193 1925 lerra
207 1898 235 1925 et
246 1893 478 1934 slirpibus,quw
490 1894 523 1924 in
534 1897 710 1931 lerrasunt,
720 1893 927 1929 didicarimus,
970 1904 1093 1934 scopum
1103 1893 1204 1931 fuisse,
1214 1895 1328 1934 autjam
1340 1895 1487 1935 prodiisse
1499 1896 1635 1926 hmresim
1648 1897 1792 1927 pneuma.

103 1948 166 1970 non
182 1940 273 1970 etiam
285 1940 324 1969 de
334 1946 437 1970 nostra
447 1941 646 1979 generatione
660 1948 697 1970 ex
707 1938 877 1978 Scriptum
885 1938 930 1969 di-
972 1939 1176 1970 tomachot‘um
1191 1939 1405 1979 perSpiciamus
1424 1950 1431 1979 ;
1450 1945 1510 1971 tum
1524 1949 1596 1971 vero
1606 1940 1673 1971 duae
1684 1950 1719 1970 ex
1732 1939 1791 1971 illis

102 1985 186 2015 vinas
199 1985 263 2014 luce
279 1984 467 2014 cdoceamur.
491 1984 616 2014 Mirifice
632 1984 694 2014 hinc
718 1983 827 2014 Basilio
855 1992 929 2013 con-
971 1984 1074 2015 decem
1092 1987 1121 2015 et
1136 1984 1394 2024 septemhomiliis
1404 1986 1609 2026 presbyterum
1627 1985 1710 2016 illum
1724 1991 1792 2015 tunc

102 2034 225 2068 gruunt.
242 2028 409 2064 Quinetiam
435 2038 501 2059 cum
519 2029 563 2060 ait
589 2038 622 2059 se
648 2033 735 2059 antea
764 2029 930 2058 ostendisse
972 2029 1062 2060 fuisse
1076 2028 1266 2069 probant.Sic
1279 2030 1357 2060 enim
1370 2030 1708 2070 loquiturinhomiliain
1719 2030 1794 2070 psal—

103 2074 174 2114 quis
191 2074 307 2113 dixerit,
325 2073 494 2104 Faciamus
510 2074 565 2113 (g),
583 2078 610 2104 et
629 2074 667 2103 ad
696 2083 785 2113 quem
811 2074 924 2110 dixerit,

975 2084 1022 2104 mo
1039 2082 1088 2104 XIV
1099 2079 1142 2114 (ρ.
1162 2074 1230 2114 ΗΟ)
1252 2085 1258 2105 1
1275 2075 1329 2103 Ἐνὶ
1345 2077 1430 2111 τούτῳ
1455 2075 1611 2116 δικφὲρομεαι
1638 2076 1689 2104 τῶν
1708 2075 1794 2103 πλου-

104 2129 167 2149 non
184 2117 310 2150 obscure
328 2118 439 2148 indicat
451 2120 615 2149 orationem
644 2128 751 2149 nonam
777 2118 807 2148 in
830 2118 924 2148 Hexa-

973 2120 1088 2147 τούντων
1104 2120 1127 2146 υἱ
1142 2119 1268 2160 πένητες,
1278 2123 1313 2158 τῇ
1329 2120 1483 2159 ἆμεριμνίᾳ.
1498 2121 1564 2151 Hac
1575 2129 1638 2151 una
1650 2129 1682 2151 re
1693 2120 1796 2151 diviti-

103 2167 244 2202 emeront
260 2163 290 2193 in
302 2173 359 2203 qua
372 2163 435 2194 haec
450 2163 486 2193 ad
503 2164 609 2194 Filium
626 2164 705 2194 dicta
729 2172 795 2194 esse
825 2166 929 2193 osten—
943 2151 962 2176 ο
973 2164 1026 2195 bus
1037 2173 1090 2195 nos
1104 2173 1253 2203 pauperes
1261 2151 1614 2204 ᾦνὰιεὶαίηὶιεξεαναναηι
1628 2166 1792 2195 vacuitate.

103 2208 198 2238 ditur.
212 2207 268 2238 Sed
287 2213 386 2238 tamen
403 2217 461 2238 non
478 2208 587 2238 desunt
603 2208 744 2249 rationes,
762 2217 815 2238 cur
830 2207 930 2237 malim
972 2209 1130 2248 Nunquam
1148 2218 1221 2239 sane
1236 2218 1349 2249 pauper
1360 2219 1427 2240 esse
1443 2210 1530 2241 desiit
1554 2209 1692 2246 Basilius,
1706 2212 1794 2239 etiam

104 2255 173 2282 nam
186 2262 202 2282 a
217 2253 346 2283 librariis
371 2253 542 2284 recentibus
567 2258 667 2284 assuta
688 2253 825 2291 credere,
844 2262 930 2293 quam
974 2254 1053 2284 inter
1067 2253 1181 2293 amplos
1193 2254 1307 2284 reditus
1320 2255 1510 2294 episcopatus
1522 2254 1725 2294 Caesariensis;
1741 2254 1795 2285 sed

102 2301 170 2327 tres
180 2297 245 2327 illas
267 2298 405 2329 homilias
415 2298 528 2328 homini
541 2299 672 2329 tribuere
688 2299 797 2329 otioso.
977 2304 1075 2330 tamen
1086 2299 1178 2328 multo
1190 2299 1305 2338 aequius
1315 2302 1449 2330 etverius
1459 2299 1536 2330 inter
1559 2308 1704 2340 pauperes
1729 2308 1796 2330 sese

150 2343 185 2372 1ο
200 2344 385 2383 t’erantiquaa
396 2347 465 2373 sunt
476 2343 534 2373 ίιιω
546 2344 724 2384 homilias,“
735 2344 924 2374 veterumPa-

974 2353 1133 2374 numerare
1149 2343 1327 2384 potuit,cum
1339 2353 1408 2375 eum
1420 2345 1558 2375 omnibus
1571 2345 1661 2376 rebus
1679 2345 1793 2375 nudum

104 2392 189 2417 trum
205 2387 524 2418 disserendirationem
535 2389 656 2419 omnino
672 2389 818 2420 referunt.
836 2389 928 2419 Porro
971 2389 1130 2429 propinqui
1146 2393 1175 2418 et
1198 2389 1281 2419 chari
1295 2393 1508 2427 sustentarent,
1533 2400 1620 2430 quam
1641 2400 1708 2421 cum
1727 2390 1793 2430 ipse

103 2431 262 2463 nemiuem
270 2433 440 2472 exanliquis
450 2433 536 2472 paulo
546 2433 716 2473 peritiorem
727 2433 817 2464 fuisse
829 2433 930 2464 existi.
970 2433 1380 2474 opi’busadalioruminopiam
1387 2435 1608 2466 sustentandam
1615 2435 1795 2467 abundaret.

103 2485 201 2514 mem,
215 2477 266 2517 qui
281 2487 355 2516 opus
377 2477 477 2508 Basilii
492 2479 525 2508 in
549 2478 761 2509 Hexaemeron
785 2478 927 2518 Gregorio
1015 2477 1169 2518 SupraUt)
1184 2478 1339 2510 attulimus
1361 2479 1441 2510 aliud
1459 2481 1660 2512 testimonium
1678 2489 1713 2511 ex
1738 2480 1794 2510 ho-

102 2521 247 2561 Nysseno
255 2521 421 2552 absolutum
431 2521 522 2553 fuisse
532 2522 775 2559 nesciret.Quare
783 2524 888 2554 debuit
899 2532 934 2554 ea
976 2522 1058 2553 milia
1071 2524 1100 2554 in
1116 2523 1221 2563 psalm.
1238 2532 1315 2556 cxrv.
1332 2524 1403 2556 Cum
1422 2526 1547 2566 populus
1562 2535 1578 2556 a
1595 2525 1692 2557 media
1708 2529 1795 2556 nocte

102 2574 158 2596 res
168 2566 335 2607 deterrere,
348 2567 507 2606 quominus
519 2571 676 2608 quisquam
690 2569 766 2599 hanc
778 2572 933 2600 materiam
977 2577 1070 2608 usque
1088 2568 1124 2598 ad
1139 2568 1294 2602 meridiem
1310 2569 1341 2600 in
1353 2570 1480 2611 quadam
1493 2574 1653 2611 martyrum
1670 2570 1797 2601 ecclesia

151 2651 192 2687 (α)
209 2649 320 2682 Homil.
335 2651 363 2686 9,
385 2661 413 2691 p.
431 2651 481 2684 88.

157 2691 200 2730 (ὁ)
211 2692 251 2721 De
267 2693 408 2731 scriptor.
431 2693 549 2724 Ecclus.

151 2736 198 2811 ti!)

1018 2654 1062 2691 (ε)
1081 2653 1168 2694 Tom.
1181 2654 1211 2694 AI,
1231 2664 1258 2694 p.
1277 2654 1308 2684 4.

1033 2694 1062 2732 f)
1080 2693 1164 2725 Tom.
1180 2692 1203 2734 Ι,
1220 2692 1362 2735 append.,
1378 2705 1406 2735 p.
1420 2696 1490 2728 324.

1034 2737 1060 2772 gl
1075 2735 1150 2765 Gen.
1167 2742 1188 2772 ι,
1205 2735 1255 2767 26.

209 2731 397 2775 qunstitut.
410 2732 508 2775 divin.
526 2734 587 2775 tit,
602 2743 667 2774 cap.
688 2735 714 2766 1.

1022 2774 1065 2814 (Ii)
1083 2775 1154 2815 Cap.
1171 2775 1217 2815 t0,
1231 2785 1260 2806 n.
1279 2776 1309 2809 2.

218 2771 283 2802 Lib.
301 2781 343 2812 Iv,
360 2781 387 2803 c.
403 2772 452 2804 26.
