2018 3142
253 124 345 152 CLXIV

252 187 519 228 psalmiscanendis
531 191 691 227 occupatus
700 186 940 222 fuisset,advenit
950 189 1067 219 tandem
1079 191 1098 215 Α

254 233 388 268 Basilius,
403 236 490 272 atque
507 232 561 262 hac
573 231 761 262 excusatione
769 232 871 271 utitur,
882 241 936 263 cur
946 233 996 263 diu
1010 241 1070 262 mo-

251 283 331 309 ratus
344 277 464 308 luisset:
481 279 506 306 ι*ξῖ
523 277 549 304 δὲ
567 276 608 304 δεῖ
623 278 665 304 καὶ
690 278 761 313 ἡμᾶς
782 277 847 316 ὑπὲρ
873 279 949 314 ἡμῶν
985 277 1069 305 αὐτῶν

250 323 481 362 ἆπολογήσισθαι,
512 321 559 354 τῆς
601 320 738 359 ἓιατριϐἠς
770 321 857 349 ἕνεκεν
881 323 924 349 καὶ
949 326 997 355 τῆς
1026 322 1069 349 ἐπὶ

249 368 376 396 πλεῖς-κον
402 367 565 403 ἁπολείψεως
598 366 683 405 ὑμῶν,
715 366 824 404 ἐροῦμεν
847 366 895 399 τὴν
911 367 1004 402 αἰτίαν,
1028 366 1068 394 ὅτι

250 412 334 445 ἄλλην
346 413 474 449 ὁμότιμον
499 411 580 447 τειύτῃ
608 414 654 438 τοῦ
680 414 745 439 Θειῦ
774 410 932 444 Ἐκκλησίαν
961 412 1065 440 οἰκονο-

250 462 359 494 μοῦντες
375 456 423 484 οὺχ
437 455 518 494 ὀλίγῳ
531 456 589 493 πρὸὶ
604 455 670 492 ὑμᾶς
688 453 872 494 διειργομένην
900 459 938 492 τῷ
952 455 1063 490 διαστή-

250 513 324 539 ματι,
342 502 387 529 τὸν
403 500 499 540 χρόνον
513 504 605 528 τοῦτον
621 502 670 533 τῆς
697 500 799 539 ἡμέρας
822 500 1063 537 χαιινωλώσαιμεν,

249 545 323 574 Ἐπεὶ
345 549 387 573 οὖν
423 544 519 573 ἔδωκεν
546 546 559 572 ὁ
585 545 676 583 Κύριος
702 545 832 577 κάκείνως
849 545 988 583 πληρῶσιι
1017 546 1066 579 τὴν

248 591 421 629 λειτουργῖαν,
442 591 485 618 [αὶ
510 591 548 626 μὴ
565 588 722 628 διαμαρτεῖν
739 590 788 622 τῆς
799 590 925 628 ὑμετέρας
947 590 1064 629 ἀγάπης,

247 634 359 663 ἀπόδοτε
377 636 434 673 μεθ’
446 635 520 665 ἡμῶν
538 635 585 667 τὴν
601 635 771 673 εὔχαρις·τίαν
789 638 827 671 τῷ
857 634 993 674 εὒεργέτῃ,
1029 638 1067 671 τῷ

247 681 296 713 τήν
311 680 448 718 ὁρωμένην
464 680 561 712 ταύτην
578 682 622 706 τοῦ
640 679 763 715 σώματος
780 680 858 715 ἡμῶν
884 679 1019 706 ἀαθένειχν
1034 683 1067 718 τῇ

247 726 350 764 ἆοράῖῳ
372 725 449 753 αὐτοῦ
471 724 575 761 δυνάμει
591 724 813 763 χειριγωγοῦντι,
830 724 919 761 Quo/1
935 725 963 754 .ςί
979 724 1066 755 nobis

245 771 435 801 excusatione
450 777 524 808 opus
537 772 591 805 est,
617 769 697 808 quod
722 770 834 799 morati
861 769 965 806 simus,
996 774 1023 800 et
1049 781 1067 803 α

246 816 329 846 vobis
340 815 526 853 abfuerimus
537 813 656 852 perdiu,
668 812 745 843 hanc
756 813 918 852 offeramus
929 822 1065 850 causam,

246 859 337 898 quod,
351 867 417 888 tum
432 858 525 888 aliam
545 858 597 887 Dei
613 857 780 893 ecclesiam,
798 857 865 888 huic
882 858 994 888 honore
1008 867 1065 897 ραν
1081 876 1096 899 ί,

245 903 583 943 rem,adm1‘nistremus,
597 911 658 932 non
671 902 814 932 mediocri
825 912 841 932 (ι
859 903 939 932 vobis
954 903 1067 933 (listun.

246 952 303 979 tem
317 947 487 987 intervallo,
505 947 558 978 hnc
574 951 687 985 tempus
701 947 763 977 diei
778 951 1063 986 consummet-imus.

244 992 319 1023 Cum
330 994 426 1031 igitur
440 992 553 1023 dederit
572 993 730 1030 Dominus,
749 996 779 1022 ul
795 995 823 1022 et
834 991 896 1022 illis
911 992 1065 1031 implerem

245 1037 414 1077 liturgiam,
438 1046 491 1067 nec
502 1039 609 1067 castra:
620 1036 747 1067 deessem
765 1036 919 1076 chm'itati,
950 1046 1064 1068 mecum

243 1083 369 1122 beneﬁca
384 1082 523 1120 largitori
537 1082 657 1121 gratias
668 1082 757 1120 agite.
789 1085 841 1120 qui
868 1081 946 1112 hanc
972 1090 1064 1120 quam

243 1128 357 1158 videsis
385 1127 516 1166 corporis
551 1126 649 1156 nostri
695 1125 878 1156 debilitatem
915 1126 1064 1157 invisibili

245 1180 300 1201 sua
315 1171 453 1211 potentia
463 1170 602 1201 deduxit.
619 1170 659 1200 Ex
669 1170 715 1200 his
730 1175 808 1210 patet
820 1179 907 1200 unam
921 1179 955 1200 ex
966 1170 1064 1201 Caesa-

244 1215 392 1246 riensibus
409 1214 544 1246 ecclesiis
557 1214 665 1244 Basilio
689 1216 877 1245 commissam
907 1215 1010 1251 fuisse,
1028 1225 1062 1246 ac

246 1260 368 1300 proinde
383 1260 514 1290 nondum
529 1258 702 1299 episcopum
718 1258 819 1290 fuisse.
835 1258 896 1289 Non
923 1259 1002 1290 enim
1019 1260 1060 1290 sic

244 1305 380 1345 loquatur
394 1304 551 1344 episcopus
561 1303 597 1333 ad
613 1312 702 1342 quem
715 1303 847 1333 omnium
865 1304 1002 1334 diaeresis
1015 1314 1060 1334 ec-

244 1349 399 1380 clesiarum
416 1357 487 1379 cura
501 1348 647 1388 pertinet;
665 1352 714 1378 aut
730 1348 753 1377 si
771 1348 941 1389 ecclesiam,
958 1349 989 1380 in
1002 1359 1060 1390 qua

243 1393 391 1432 liturgiam
408 1393 560 1423 celebrare
575 1393 661 1430 solet,
679 1392 736 1422 sibi
751 1392 788 1422 ad
804 1393 968 1432 regendum
986 1403 1046 1433 prae

242 1437 330 1478 cipue
345 1437 534 1468 commissam
550 1436 651 1467 dicere
667 1437 769 1476 possit,
788 1447 846 1468 non
868 1442 965 1468 tamen
992 1439 1059 1469 huic

243 1482 377 1513 ecclesia
392 1481 466 1512 alias
482 1481 511 1511 in
533 1482 611 1520 agris
623 1486 672 1512 aut
695 1481 731 1512 ad
749 1482 853 1513 urbem
876 1488 1061 1514 constructas

245 1526 358 1557 honore
374 1531 402 1557 et
417 1526 558 1566 dignitate
570 1535 655 1566 pares
670 1526 829 1558 existimet.
1069 1556 1088 1580 Ο

281 1611 312 1643 Si
345 1611 488 1642 Basilium
515 1610 550 1641 ad
569 1611 622 1641 has
637 1610 711 1641 duas
727 1611 876 1644 bomilias.
895 1622 1003 1652 nempe
1027 1613 1058 1644 in

240 1656 347 1697 psalm.
365 1664 413 1688 XIV
429 1660 458 1686 et
467 1663 546 1693 συν,
564 1656 628 1695 ipso
645 1655 826 1696 psalmorum
842 1657 949 1688 ordine
960 1657 1055 1688 addu-

239 1706 318 1732 ctum
332 1710 398 1732 esse
413 1705 572 1737 constaret,
589 1705 718 1731 statuere
748 1710 901 1740 possemus
938 1707 1058 1732 cmteras

241 1755 357 1786 quoque
374 1748 402 1774 in
420 1746 550 1784 psalmos
563 1744 775 1775 homiliasante
784 1745 989 1786 episcopatum
1002 1747 1056 1777 ha-

239 1789 316 1820 bitas
331 1789 495 1819 fuisse.Sed
509 1789 631 1819 homilia
642 1790 670 1818 in
685 1789 862 1828 psalm.cnv
876 1790 906 1820 in
918 1790 1054 1828 ecclesia,

238 1835 268 1864 in
284 1843 340 1874 qua
355 1833 483 1865 Basilius
494 1835 663 1864 conuii-nari
677 1843 735 1863 non
748 1833 914 1871 solebat,ad
926 1837 1056 1866 occasio-

240 1888 308 1909 nem
326 1877 505 1919 psalmi,qui
526 1877 717 1917 ingrediente
741 1878 851 1909 Basilio
881 1879 1053 1921 cauebatur,

238 1923 426 1964 pronuntiata
442 1927 498 1953 est.
529 1923 615 1959 Quod
644 1927 756 1962 spectat
784 1924 820 1954 ad
853 1924 1004 1955 homiliam
1027 1926 1056 1956 in

239 1969 343 2008 psalm.
360 1976 418 2003 xiv.
434 1967 513 1998 illam
532 1967 651 2008 quidem
663 1968 765 1998 habuit
777 1968 949 2006 Basilius,ut
960 1969 1055 2001 absol-

236 2019 318 2043 veret
331 2021 396 2052 quin
409 2012 505 2052 pridie
518 2011 555 2042 de
563 2012 668 2042 eodem
677 2012 789 2052 psalmo
801 2013 1055 2045 disseruerat.Sed

236 2066 302 2088 cum
321 2057 441 2088 dubium
458 2057 495 2087 sit
510 2066 546 2087 an
559 2057 801 2088 homiliamillam
815 2057 911 2097 pridie
922 2068 1054 2098 pronun-

237 2103 335 2133 tiatam
359 2101 532 2141 habeamus,
545 2101 690 2131 incertum
707 2102 795 2132 etiam
809 2107 962 2133 estutrum
979 2105 1009 2134 in
1023 2113 1057 2134 ea

236 2147 362 2178 Basilius
376 2150 544 2186 susceptam
561 2145 805 2186 explicandorum
819 2147 997 2185 psalmorum
1010 2157 1056 2179 sc-

953 118 1247 151 PROLEGOMENA.

1110 191 1224 223 rentur,
1240 186 1269 218 id
1281 187 1359 228 quod
1374 187 1506 220 secundo
1520 187 1622 220 Basilii
1649 186 1839 228 episcopatus
1853 195 1942 217 anno

1111 231 1233 270 contigit

1151 276 1276 307 Videtur
1284 276 1445 316 Gregorius
1462 277 1661 309 Nazianzenus
1677 277 1815 308 bomilias
1831 276 1945 306 Basilii

1111 320 1276 352 inPsalmos
1288 322 1503 361 indicare,cum
1517 322 1701 354 laudatillius
1713 321 1943 358 enarrationes,

1111 366 1140 396 in
1154 365 1262 405 quibus
1277 367 1460 406 Scripturam
1488 368 1535 405 iis,
1557 368 1607 408 qui
1637 366 1838 406 simpliciores
1853 369 1945 397 sunt.

1108 410 1251 440 trifariam
1273 411 1457 451 explanabat.
1478 411 1507 442 [d
1535 412 1646 452 optime
1662 411 1801 443 convenit
1831 410 1881 440 his
1912 409 1943 439 in

1108 455 1238 494 psalmos
1247 455 1458 487 homiliis.Non
1468 457 1547 487 enim
1561 456 1689 488 Basilius
1701 456 1730 486 in
1743 455 1848 486 litterae
1858 462 1941 484 cor-

1109 502 1176 534 tice,
1194 504 1226 530 ut
1251 501 1290 530 ait
1310 499 1482 541 Gregorius,
1501 501 1607 541 pedem
1624 501 1700 540 ﬁgit,
1715 500 1768 531 sed
1784 504 1943 540 praeterea

1110 544 1250 574 moralem
1267 554 1389 576 sensum
1405 550 1435 575 et
1448 546 1609 585 διηυΜά
1618 546 1769 576 Christum
1781 548 1941 585 spectant,

1109 588 1276 628 investigat.
1291 589 1444 620 Existimat
1459 590 1667 621 Tillemontius
1677 590 1805 630 psalmos
1821 589 1943 619 ordine

1108 641 1125 663 a
1135 639 1236 663 sancto
1250 634 1357 665 Basilio
1369 635 1539 674 explanatos
1550 634 1653 674 fuisse,
1667 640 1755 673 atque
1770 644 1805 665 ex
1822 643 1944 673 magno

1108 677 1158 708 illo
1177 678 1363 708 homiliarum
1389 687 1513 710 numero
1531 688 1694 719 perpaucas
1708 679 1743 709 ad
1761 688 1813 709 nos
1826 687 1945 718 perve-

1110 722 1201 753 nisse.
1218 721 1270 753 His
1284 723 1449 754 rationibus
1462 723 1564 754 nititur
1581 723 1770 754 doctissimus
1786 723 1943 762 scriptor,

1109 767 1186 806 quod
1204 767 1283 798 nulla
1297 768 1410 798 videtur
1420 768 1568 799 exstitisse
1579 777 1678 805 causa,
1696 777 1748 799 cur
1759 768 1812 798 hos
1830 767 1944 807 potius

1109 821 1196 851 quam
1205 812 1269 842 illos
1276 813 1311 843 ad
1317 822 1350 843 ex
1356 812 1660 853 planandumBasilius
1667 813 1943 852 elegisset,deinde

1109 856 1187 896 quod
1200 857 1410 888 nonnullorum
1438 857 1675 896 explanationem
1701 867 1760 888 non
1775 856 1916 888 absolvit
1931 868 1940 894 ;

1109 907 1169 932 tum
1180 902 1268 932 etiam
1278 902 1347 942 quia
1359 903 1387 932 in
1399 902 1556 932 homiliain
1580 902 1684 941 psalm.
1701 910 1800 933 xxxvu
1819 904 1943 933 citatur

1108 946 1230 978 homilia
1241 947 1269 976 in
1288 947 1391 986 psalm.
1421 955 1458 986 γι,
1475 952 1503 977 et
1526 946 1603 986 apud
1628 948 1802 986 Symeonem
1831 948 1940 977 Meta-

1109 993 1258 1030 phrastem
1275 991 1406 1021 homiliae
1422 991 1451 1021 in
1470 991 1598 1031 psalmos
1622 999 1662 1031 XI,
1679 999 1777 1028 xxxiv,
1802 999 1940 1030 xxxvm,

1107 1044 1142 1067 Lv
1158 1037 1294 1066 citantur.
1322 1035 1506 1066 Sententiam
1535 1035 1719 1066 Tillemontii
1748 1036 1940 1067 conﬁrmare

1108 1090 1263 1120 possumus
1272 1089 1308 1110 ex
1323 1080 1483 1110 homiliain
1501 1081 1607 1120 psalm.
1623 1089 1700 1119 xxix,
1729 1080 1780 1111 nbi
1798 1080 1941 1111 Basilius

1106 1125 1184 1156 velut
1199 1125 1227 1155 in
1242 1125 1328 1163 longo
1345 1125 1472 1164 quodam
1490 1133 1522 1155 ac
1533 1134 1591 1154 non
1602 1124 1772 1155 intermisso
1783 1134 1882 1164 opere
1896 1126 1941 1156 ci-

1105 1173 1144 1200 tat
1160 1180 1224 1210 quaa
1233 1170 1262 1200 in
1276 1169 1481 1210 superioribus
1494 1169 1624 1200 homiliis
1635 1178 1713 1209 saepe
1723 1169 1850 1201 dixerat.
1866 1170 1938 1202 Se-

1102 1224 1139 1254 pe
1145 1216 1260 1246 diclum
1270 1214 1473 1254 est,inquit,de
1482 1215 1618 1245 clamore
1627 1214 1937 1254 adDomiuum,quod

1102 1259 1381 1298 siteiussoli’us,qui
1388 1267 1499 1298 magna
1505 1259 1668 1290 etcwlestia
1676 1259 1933 1298 cupit,clamare.

1102 1304 1224 1334 Scilicet
1241 1304 1332 1343 hujus
1347 1303 1427 1334 vocis
1439 1312 1518 1342 saepe
1533 1302 1715 1342 explicandas
1731 1303 1932 1336 occasionem

1101 1350 1258 1379 attulerant
1268 1347 1410 1388 psalmiin
1423 1348 1533 1387 quibus
1540 1357 1618 1387 saepe
1629 1347 1856 1384 occurrit.Quod
1869 1358 1933 1380 au—

1102 1398 1160 1423 tem
1171 1397 1285 1433 spectat
1299 1392 1336 1423 ad
1353 1392 1490 1423 bomilias
1506 1401 1523 1422 a
1550 1393 1697 1432 Symeone
1718 1393 1931 1433 Metaphraste

1101 1437 1217 1474 citatas,
1237 1441 1296 1468 tota
1306 1446 1355 1468 res
1370 1437 1472 1467 nititur
1483 1437 1562 1468 falsis
1574 1437 1718 1473 numeris,
1731 1437 1782 1477 qui
1793 1438 1831 1468 ad
1843 1447 1933 1469 inar—

1101 1483 1200 1521 ginem
1206 1482 1379 1513 Parisiensis
1390 1481 1529 1512 editionis
1539 1481 1666 1521 appositi
1677 1481 1808 1514 fuerant.
1820 1482 1934 1514 Errata

1101 1527 1362 1558 emendavimusin
1370 1526 1424 1557 hac
1436 1525 1640 1557 editione.Ubi
1649 1527 1936 1558 enimindicabatur

1102 1571 1223 1602 homilia
1247 1572 1342 1602 sancti
1367 1571 1468 1602 Basilii
1492 1572 1520 1602 in
1543 1571 1650 1611 psalm.
1676 1579 1703 1601 xi
1732 1574 1933 1611 reposuimus

1101 1617 1206 1656 psalm.
1218 1625 1280 1652 xiv,
1295 1616 1418 1646 homilia
1430 1616 1460 1646 in
1477 1615 1583 1656 psalm.
1602 1623 1696 1647 xxxiv
1719 1615 1870 1648 citabatur
1899 1618 1932 1648 in

1099 1670 1238 1692 sermone
1253 1661 1356 1701 quinto
1372 1669 1453 1691 num.
1481 1662 1498 1692 5
1511 1664 1539 1691 et
1555 1661 1585 1690 in
1607 1661 1734 1700 septimo
1748 1669 1778 1690 η.
1805 1662 1834 1690 6.
1863 1662 1930 1693 Sed

1100 1705 1166 1736 haec
1183 1706 1241 1736 duo
1255 1706 1319 1736 loca
1333 1705 1524 1744 reperiuntur
1538 1705 1568 1735 in
1599 1704 1732 1736 homiliis
1758 1704 1862 1735 Basilii
1896 1707 1929 1737 in

1100 1750 1206 1790 psalm.
1228 1759 1319 1781 xxxiii
1335 1755 1365 1780 et
1379 1759 1446 1781 XLV.
1474 1749 1618 1781 Similiter
1632 1758 1697 1789 quae
1726 1749 1755 1779 in
1780 1758 1929 1782 sermone

1104 1795 1150 1830 13.
1166 1804 1247 1827 num.
1261 1795 1292 1835 4,
1310 1795 1485 1836 deprompta
1501 1795 1678 1825 videbantur
1693 1803 1730 1825 ex
1748 1794 1873 1825 homilia
1894 1796 1926 1826 in

1099 1840 1206 1879 psalm.
1222 1848 1270 1880 LV,
1289 1844 1316 1870 et
1328 1839 1357 1870 in
1370 1849 1509 1871 sermone
1527 1840 1574 1880 14,
1592 1849 1622 1870 n.
1643 1840 1672 1876 3,
1689 1847 1725 1869 ex
1741 1838 1867 1869 homilia
1896 1840 1928 1871 in

1099 1884 1204 1924 psalm.
1219 1893 1341 1922 xxxvni,
1358 1894 1393 1915 ea
1403 1884 1568 1924 reperimus
1582 1883 1612 1914 in
1627 1882 1759 1914 homiliis
1769 1883 1800 1913 in
1811 1883 1925 1923 psalm.

1100 1936 1149 1960 LIX
1163 1934 1191 1959 et
1205 1937 1263 1959 LVI.

1140 1973 1306 2009 Quinetiam
1320 1973 1357 2004 de
1371 1973 1431 2004 illis
1446 1982 1512 2013 quae
1522 1972 1748 2003 exstantdecem
1763 1975 1794 2002 et
1803 1976 1926 2012 septem

1099 2018 1230 2049 homiliis
1239 2018 1439 2048 controversia
1451 2023 1496 2048 est
1507 2027 1543 2048 an
1557 2018 1665 2048 Basilio
1675 2026 1779 2047 omnes
1788 2017 1931 2049 tribuen-

1099 2062 1142 2093 die
1156 2062 1230 2093 sint.
1247 2062 1377 2098 Quatuor
1388 2063 1509 2101 rejecta:
1526 2068 1596 2092 sunt
1611 2061 1642 2092 in
1655 2061 1876 2101 Appendicem,
1894 2067 1930 2092 ut

1099 2108 1206 2146 spuriaa
1222 2115 1256 2137 ac
1270 2106 1379 2138 Basilio
1393 2115 1513 2146 prorsus
1528 2107 1668 2146 indignae,
1694 2114 1803 2145 nempe
1824 2107 1927 2146 prima

1098 2151 1220 2181 homilia
1235 2151 1265 2181 in
1282 2151 1387 2190 psalm.
1405 2160 1465 2191 xw,
1492 2151 1623 2182 secunda
1651 2151 1681 2180 in
1694 2149 1799 2190 psalm.
1816 2159 1924 2191 xxvtu,

235 2192 324 2230 riem,
340 2200 378 2222 an
393 2191 521 2222 oblatam
534 2190 662 2229 aliquam
676 2191 863 2236 occasionem
877 2196 996 2222 secutus
1004 2193 1053 2225 sit.
1068 2196 1228 2226 Dhomiliae
1241 2196 1271 2226 in
1286 2196 1415 2236 psalmos
1424 2204 1523 2227 xxxvu
1535 2201 1563 2226 et
1573 2203 1639 2227 cxv.
1652 2194 1800 2225 Praeterea
1814 2190 1926 2226 auctor

235 2237 332 2273 Quare
344 2236 487 2276 temporis
498 2240 661 2276 nota},quas
687 2235 716 2266 in
740 2235 868 2266 homiliis
895 2237 925 2267 in
947 2238 1052 2276 psalm.

235 2291 281 2312 xiv
298 2286 326 2312 et
337 2289 404 2312 cxw
418 2281 682 2320 deprehendimus,
712 2280 748 2310 ad
763 2280 836 2311 alias
865 2281 895 2311 in
926 2282 1054 2322 psalmos

235 2326 372 2356 bomilias
387 2334 446 2356 non
458 2325 608 2364 pertinent
621 2335 628 2355 ;
646 2334 719 2365 quas
727 2328 826 2355 tamen
839 2325 999 2357 verisimile
1008 2332 1054 2358 est

234 2377 304 2403 ante
319 2372 522 2412 episcopatum
537 2370 651 2401 habitas
666 2371 770 2410 fuisse,
784 2376 942 2412 propterea
958 2373 1051 2412 quod,

235 2421 336 2457 utiam
353 2416 425 2454 dixi,
442 2415 554 2446 nullam
566 2415 755 2456 episcopatus
769 2421 880 2453 notam,
910 2417 985 2448 nihil
999 2418 1054 2448 ad-

235 2471 336 2493 versus
348 2461 634 2492 Pneumatomachos
645 2461 768 2492 habent.
781 2462 948 2498 Quinetiam
960 2463 991 2493 in
1003 2463 1057 2494 ho-

236 2507 317 2538 milia
332 2506 363 2537 in
380 2506 484 2547 psalm.
500 2513 602 2546 xxvtu,
615 2515 646 2536 n.
658 2505 688 2543 3,
706 2509 736 2536 et
756 2506 811 2536 sub
823 2506 913 2537 ﬁnem
927 2507 1056 2539 homiliae

233 2553 264 2583 in
282 2553 386 2593 psalm.
399 2559 464 2592 cxv,
480 2552 644 2582 vehemens
659 2550 855 2591 reprehensio
870 2561 984 2588 eorum,
1002 2553 1054 2592 qui

235 2598 339 2629 relicta
350 2596 489 2634 ecclesia,
497 2604 619 2636 synaxes
630 2595 660 2626 in
672 2595 793 2636 privatis
799 2596 912 2627 aedibus
921 2596 1054 2627 celebra-

235 2642 446 2684 bant,probare
455 2641 547 2682 possit
557 2641 612 2672 has
623 2640 759 2671 bomilias
772 2644 839 2672 ante
851 2640 967 2672 habitas
977 2641 1053 2672 luis-

234 2697 369 2728 se,quam
386 2688 553 2728 persecutio
570 2686 599 2716 in
615 2685 739 2718 Oriente
750 2684 885 2716 Valentis
895 2687 1053 2726 praesentia

234 2733 464 2772 ingravesceret,
481 2740 515 2762 ac
531 2730 668 2771 pluribus
682 2729 713 2760 in
729 2730 804 2761 locis
814 2729 956 2761 Catholici
969 2735 1053 2762 extra

235 2786 338 2810 muros
352 2776 397 2808 vel
414 2777 443 2807 in
469 2775 587 2817 privatis
614 2774 728 2806 aedibus
758 2775 928 2815 congregari
961 2784 1051 2816 coge-

1098 2239 1277 2280 prml’ationis
1294 2240 1325 2270 in
1340 2245 1451 2271 tomum
1468 2240 1596 2280 primum
1613 2239 1757 2270 nonnulla
1767 2239 1866 2279 rejicit
1891 2241 1924 2271 in

1095 2285 1162 2315 aliis
1174 2285 1313 2324 homiliis,
1326 2294 1392 2325 qua;
1403 2294 1437 2315 ex
1450 2284 1580 2316 Eusebio
1590 2294 1606 2315 a
1617 2284 1747 2315 librariis
1758 2283 1924 2324 desumpta

1095 2329 1405 2369 existimat;nempein
1419 2329 1556 2360 homil.in
1573 2329 1678 2370 psalm.
1691 2329 1827 2366 xxxu,ad
1838 2330 1924 2360 hunc

1096 2373 1287 2411 versiculum,
1309 2373 1402 2405 Verbo
1430 2373 1554 2404 Domini
1573 2374 1641 2404 coeli
1663 2374 1780 2410 ﬁrmati
1794 2378 1868 2404 sunt
1894 2379 1924 2405 ει

1095 2419 1207 2458 spiritu
1222 2419 1284 2450 oris
1302 2419 1367 2458 eius
1378 2419 1477 2450 omnis
1492 2419 1590 2450 virtus
1603 2427 1721 2456 eorum,
1732 2419 1848 2449 initium
1861 2418 1923 2449 ho-

1099 2463 1187 2494 miliae
1202 2463 1232 2494 in
1250 2463 1357 2504 psalm.
1373 2471 1450 2501 xuv,
1469 2463 1590 2502 longum
1601 2463 1799 2503 fragmentum
1810 2463 1842 2493 in
1858 2463 1922 2494 ﬁne

1097 2508 1228 2539 homilia;
1237 2507 1268 2538 in
1286 2507 1393 2548 psalm.
1406 2515 1483 2539 cxtv.

1137 2551 1171 2584 V.
1184 2552 1251 2584 Scio
1260 2553 1444 2584 eruditorum
1461 2553 1614 2584 hominum
1625 2560 1686 2585 non
1698 2552 1803 2593 paucis
1813 2551 1920 2593 displi-

1095 2598 1205 2638 cuisse,
1222 2598 1301 2638 quod
1317 2599 1348 2630 S.
1364 2598 1473 2629 Basilio
1483 2598 1514 2629 in
1525 2597 1642 2629 duobus
1654 2597 1808 2638 prioribus
1829 2599 1920 2628 tomis

1095 2648 1155 2673 tam
1166 2643 1260 2673 multa
1271 2642 1439 2682 adjudicata
1449 2643 1509 2673 sint
1519 2643 1771 2683 opera.Uteorum
1783 2643 1918 2683 querelis

1095 2686 1271 2717 satisfaciam
1289 2696 1344 2717 nec
1353 2687 1382 2717 in
1395 2688 1574 2719 contrariam
1585 2687 1735 2718 incurram
1747 2687 1918 2728 reprehen-

1095 2731 1332 2772 sionem,quanta
1339 2736 1442 2772 potero
1450 2732 1579 2764 maxima
1586 2732 1632 2762 his
1642 2732 1673 2763 in
1680 2731 1771 2763 rebus
1777 2732 1919 2763 cautione

1094 2775 1244 2806 versabar.
1263 2776 1349 2812 Quod
1365 2780 1481 2817 spectat
1494 2777 1532 2808 ad
1543 2781 1671 2818 quatuor
1681 2776 1834 2818 bomilias,
1849 2786 1919 2818 quae
