2018 3142
759 152 851 182 VITA
874 152 903 182 S.
926 152 1076 201 BASILll.

1661 160 1753 188 αιιιχι

67 220 114 251 die
125 224 313 256 autem,cum
326 218 532 250 celebraretur
543 217 607 248 dies
616 217 888 249 festussanctieJu-
900 222 919 246 Α
931 217 1014 257 quasi
1031 228 1106 248 unus
1133 229 1168 250 ex
1198 219 1386 251 miserrimis.
1404 219 1485 250 Alias
1515 219 1593 250 illius
1617 207 1754 252 vocesiet

69 264 142 296 littas
150 265 303 305 martyris,
316 273 406 304 quem
419 263 484 302 ipse
494 262 624 294 Basilius
632 266 719 292 antea
734 262 894 293 annuntia-

68 314 162 349 verat,
180 313 295 339 sanctas
309 308 449 348 martyris
462 307 630 348 passionem
644 306 773 338 breviter
780 307 895 338 descri-

70 354 123 390 bit,
142 363 178 384 ac
193 354 369 384 hesternam
393 351 548 383 materiam
566 351 803 391 reprehendens,
820 360 896 390 quo-

70 399 161 429 modo
191 406 313 438 semper
342 406 428 428 orare
453 396 603 437 possimus
632 404 666 426 ac
695 395 727 425 in
757 395 896 426 omnibus

69 443 180 482 gratias
194 451 284 482 agere
296 443 494 473 demonstrat.

110 487 198 524 Quod
215 492 332 526 spectat
346 486 381 516 ad
399 485 571 526 martyrium
585 489 694 515 sancite
709 483 829 520 Iulium,
841 493 897 515 cu-

65 533 117 572 jus
127 532 237 562 festum
249 531 298 562 die
307 530 380 562 Julii
393 530 544 560 tricesimo
557 528 738 569 celebratur,
755 528 798 558 sic
807 532 896 559 totam

69 585 135 607 rem
152 586 167 606 a
184 580 286 607 sancto
301 575 413 606 Basilio
438 574 593 605 discimus.
611 572 741 613 Spoliata
757 573 899 603 omnibus

70 621 162 652 bonis
178 631 194 652 a
210 620 379 661 potentiore
394 619 524 660 quodam
541 618 623 649 urbis
636 618 710 650 cive.
731 617 758 648 id
775 622 820 648 est
833 617 899 648 Cae-

70 675 180 704 sareae,
193 665 345 696 hominem
360 665 388 694 in
399 665 449 703 jus
460 662 778 703 vocavit,etquomodo
789 671 843 693 sua
854 671 899 693 es-

69 716 140 741 sent
154 711 216 741 haec
230 711 317 745 bona,
331 708 481 749 quomodo
494 717 548 748 per
561 708 618 738 vim
629 711 656 738 et
668 707 897 748 impressionem

71 760 158 794 rapta
169 754 392 785 ostendit.Tum
405 753 454 784 ille
462 756 549 792 negat
561 752 652 783 licere
665 752 826 782 mulieriex
834 752 900 791 lege

73 809 178 830 secum
204 808 292 839 agere
310 810 316 830 :
335 807 433 838 neque
448 797 527 828 enim
544 797 587 827 fas
602 805 670 827 esse
683 802 714 826 ut
729 797 899 827 communis

71 844 155 884 juris
170 844 331 883 participes
342 843 401 873 sint
411 842 461 883 qui
472 843 684 882 imperatorum
696 841 769 871 deos
780 850 838 871 non
850 851 898 872 co-

73 891 214 923 lunt,nec
225 889 313 919 fidem
326 888 523 920 Christianam
535 888 661 925 ejurant.
674 885 712 931 Et:
725 886 833 925 quibus
843 896 896 926 pa-
910 906 928 931 Β

75 939 118 965 iet
131 934 195 964 haec
212 941 295 973 gesta
311 942 378 963 esse
389 932 444 962 sub
463 931 646 962 Diocletiano
657 930 720 970 qui,
731 934 762 960 ut
775 934 899 961 testatur

74 978 308 1017 Lactantius(a),
317 977 544 1016 vetueratnejus
556 975 897 1007 Christianisdiceretur.

75 1024 168 1054 Visus
185 1028 230 1053 est
240 1023 337 1063 judici
349 1022 477 1053 nafarius
491 1021 542 1052 ille
554 1024 599 1051 vir
613 1029 698 1059 aequa
713 1019 827 1060 dicere,
843 1024 886 1051 sta

76 1069 196 1108 timque
209 1068 278 1098 thus
290 1072 318 1098 et
331 1067 413 1098 focus
425 1066 541 1097 mulieri
551 1065 713 1106 proposita,
726 1065 751 1095 si
761 1065 847 1096 vellet
860 1065 899 1096 le-

75 1123 144 1153 gum
163 1112 314 1143 beneﬁcio
330 1111 454 1152 perfrui.
467 1110 504 1142 At
518 1110 650 1142 Julittam
669 1110 790 1140 minime
806 1118 902 1140 move-

76 1162 146 1188 runt
158 1157 338 1188 deliciarum
353 1155 511 1187 illecebrae.
525 1164 616 1194 seque
627 1154 824 1185 Christianam
837 1163 902 1185 esse

78 1203 212 1242 professa
228 1206 285 1233 est.
302 1203 439 1241 Cumque
452 1210 531 1240 saape
543 1200 723 1239 interrogata
735 1199 813 1230 idem
827 1209 901 1230 con-

75 1252 193 1278 stanter
206 1247 417 1287 responderet,
433 1245 470 1277 ab
487 1245 589 1285 iniquo
611 1244 714 1284 judice
729 1254 788 1275 non
804 1244 900 1274 solum

78 1292 177 1328 bonis,
191 1292 243 1322 sed
256 1292 346 1323 etiam
361 1292 417 1321 vita
433 1290 590 1330 spoliatur,
603 1299 637 1320 ac
655 1289 714 1328 igni
730 1289 899 1320 damnatur.

75 1337 123 1367 Sic
133 1341 235 1366 autem
248 1337 286 1366 ad
300 1335 447 1375 suppliciu
454 1345 480 1365 m
490 1343 645 1375 progressa
654 1333 900 1370 est,utinternum

76 1381 168 1411 animi
184 1381 327 1420 gaudium
345 1380 552 1412 elllorescente
563 1378 711 1409 hilaritate
725 1377 901 1413 declararet,

73 1435 107 1456 ac
124 1426 270 1456 mulieres
286 1429 417 1456 astantes
442 1425 478 1455 ad
500 1423 695 1455 constantiam
723 1423 901 1453 hortaretur.

72 1471 152 1501 Tum
172 1470 291 1510 prosilit
306 1470 336 1500 in
355 1479 471 1508 rogum,
490 1470 556 1508 πρὸς
581 1469 630 1502 τὴν
655 1468 737 1506 πυρὰν
761 1467 853 1503 ἥλατο,
873 1466 901 1496 id

72 1521 131 1547 est.
152 1521 184 1546 ut
200 1515 417 1555 interpretatur
433 1513 642 1544 Tillemontius
658 1512 708 1548 (bl,
722 1511 785 1542 laeta
797 1520 901 1550 rogum

937 263 1023 293 latam
1036 263 1072 293 de
1089 263 1140 294 illo
1155 263 1333 294 sententiam
1347 263 1486 294 similiter
1500 265 1650 304 explanat.

977 307 1061 337 Initin
1077 308 1212 348 septimae
1228 309 1370 339 orationis
1391 313 1604 340 commemorat
1618 309 1752 350 Basilius,

939 361 1005 391 qua:
1015 357 1100 382 antea
1109 353 1139 384 in
1147 353 1274 392 quadam
1287 354 1433 384 concione
1439 353 1551 384 dixerat
1561 354 1598 384 de
1606 354 1696 385 divite
1705 355 1755 386 illo

938 396 1138 437 adulescente,
1150 397 1200 438 qui
1212 397 1371 428 Dominum
1387 397 1425 427 de
1436 397 1495 428 vita
1506 403 1619 428 aeterna
1630 398 1755 429 interro-

938 442 1024 480 gavit.
1032 443 1114 472 Nunc
1125 442 1311 472 demonstrat
1322 451 1410 480 quam
1421 441 1509 473 stulte
1519 441 1694 474 adolescens
1705 444 1756 476 ille

939 485 1053 515 divitias
1066 486 1181 517 Christo
1196 487 1374 526 praetulerat,
1386 486 1523 527 idemque
1534 496 1586 517 eos
1597 488 1694 519 facere
1705 489 1742 520 de
1750 507 1757 514 -

939 530 1093 570 clarat,qui
1107 531 1164 561 alia
1175 531 1296 571 quidem
1310 534 1457 570 praecepta
1465 531 1631 569 adimplere
1642 534 1754 574 volunt,

939 575 992 606 sed
1006 576 1030 606 el
1046 581 1390 616 semosynmprmceptum
1402 575 1664 607 violant.Pluribus
1672 579 1756 609 casti-

940 624 988 658 gat
1002 621 1055 650 hcc
1071 622 1184 660 vitium,
1197 625 1226 651 et
1239 620 1344 652 inanes
1356 620 1464 651 refellit
1476 622 1702 662 causas,quibus
1714 625 1755 654 uti

940 665 1086 700 solebant,
1100 675 1166 696 cum
1180 665 1235 696 sibi
1248 665 1360 696 liberos
1368 675 1447 705 esse,
1460 675 1494 696 ac
1505 665 1561 696 sibi
1574 666 1610 696 ad
1621 676 1755 699 necessa-

940 709 998 739 rios
1011 719 1081 738 usus
1093 709 1227 741 dicerent
1241 710 1454 750 providendum
1472 719 1550 748 esse,
1560 720 1653 751 seque
1665 713 1756 744 multa

941 754 1122 793 pauperibus
1138 754 1288 793 legaturos
1304 756 1521 795 promitterent.

980 800 1073 838 Supra
1083 800 1181 830 conati
1190 808 1293 830 sumus
1300 799 1426 840 probare
1436 800 1601 831 orationem
1612 807 1755 842 octavam,

940 851 1006 881 qua:
1015 848 1059 872 est
1068 843 1095 872 in
1108 843 1215 874 famem
1226 848 1254 874 et
1262 844 1570 881 siccitatem,habitam
1582 845 1672 877 fuisse
1680 857 1758 879 anno

940 887 1007 919 368.
1023 898 1089 918 rum
1108 889 1258 919 horrenda
1271 889 1363 920 fames
1375 889 1590 930 Cappadociam
1601 891 1756 932 afﬂigeret.

943 933 1128 963 Demonstrat
1141 933 1228 972 hujus
1239 933 1413 965 calamitatis
1424 943 1543 964 causam
1556 944 1590 965 ex
1603 935 1756 967 hominum

941 977 1071 1016 peccatis
1083 978 1275 1017 repetendam
1288 987 1472 1018 esse,eorum
1483 978 1677 1018 maxime,qui
1689 990 1756 1012 cum

940 1020 1215 1059 abundarent,uihi|
1224 1031 1258 1052 ex
1272 1022 1452 1053 suisacervis
1462 1022 1680 1055 emetiebantur
1690 1035 1759 1065 pau-

943 1065 1072 1105 peribus.
1091 1066 1185 1096 Aliam
1203 1067 1288 1098 affert
1304 1073 1436 1105 causam,
1454 1077 1562 1107 nempe
1578 1073 1608 1099 ut
1623 1068 1759 1102 homines

943 1110 1115 1150 probentur,
1131 1111 1193 1141 sive
1208 1111 1325 1148 divites,
1340 1113 1401 1142 sive
1416 1121 1572 1152 pauperes.
1590 1113 1759 1146 Postremus

943 1155 1086 1191 hortatur,
1101 1160 1132 1185 ut
1147 1155 1206 1186 Deo
1217 1156 1378 1196 confidant,
1391 1165 1425 1187 ac
1433 1157 1470 1187 de
1485 1166 1536 1187 sua
1552 1162 1680 1197 egestate
1690 1169 1744 1199 pau
1752 1177 1760 1183 ι

944 1199 1296 1239 perioribussuccurrant
1311 1200 1450 1232 Omnium
1465 1201 1545 1232 enim
1558 1202 1756 1235 calamitatum

944 1245 1099 1274 maximam
1112 1254 1178 1276 esse
1189 1245 1349 1285 famem,ac
1356 1246 1528 1286 eorum,qui
1536 1246 1593 1277 hoc
1603 1247 1679 1278 malo
1689 1258 1758 1288 per-

943 1294 1025 1324 eunt,
1041 1290 1116 1319 :ideo
1129 1289 1330 1320 miserabilem
1342 1299 1408 1320 esse
1421 1294 1558 1330 mortem,
1571 1295 1602 1321 ut
1618 1291 1759 1323 interim-

945 1334 1133 1364 manissimas
1150 1334 1264 1365 belluas
1277 1335 1479 1365 numerandus
1503 1335 1551 1371 sit,
1569 1336 1620 1374 qui
1643 1339 1761 1377 corpori

944 1378 1023 1409 fame
1040 1379 1174 1418 pereunti
1187 1388 1245 1409 non
1264 1383 1427 1410 succurrat.
1441 1378 1586 1411 Omnibus
1596 1383 1759 1421 generatim

945 1424 1084 1463 proponit
1102 1423 1239 1464 exempla
1265 1423 1444 1464 belluarum,
1462 1424 1660 1463 ethnicorum,
1677 1436 1711 1457 ac
1730 1427 1760 1458 in

945 1469 987 1508 pri
994 1471 1048 1497 mis
1067 1469 1226 1507 primorum
1251 1467 1501 1500 Christianorum.

987 1514 1131 1543 Videntur
1141 1513 1266 1553 publica;
1276 1513 1409 1553 quaedam
1421 1523 1524 1553 preces
1534 1520 1619 1546 extra
1628 1516 1764 1548 ordinem

74 1560 268 1598 conscendit,
282 1560 333 1599 qui
345 1559 464 1599 quidem
476 1558 565 1588 veluti
578 1557 695 1597 fulgens
707 1556 830 1595 quidam
843 1556 933 1586 tha-C
946 1558 1065 1588 indirlm
1080 1558 1184 1595 fuisse,
1201 1563 1231 1588 ut
1250 1559 1292 1588 ira
1307 1557 1418 1594 divina,
1434 1559 1519 1598 cujus
1540 1560 1684 1591 indicium
1702 1566 1765 1593 erat

76 1607 187 1638 lamus.
203 1604 338 1635 mulieris
347 1608 458 1634 sanctae
467 1601 900 1643 corpuscumplexus,animam
945 1603 1050 1639 fames,
1069 1603 1245 1642 placaretur.
1264 1603 1312 1634 Ait
1328 1604 1408 1634 enim
1426 1603 1552 1634 Basilius
1566 1604 1607 1644 (η.
1621 1605 1767 1646 3νρυετοε

76 1652 105 1681 in
120 1651 279 1690 regionem
293 1649 447 1680 cmlestem
459 1646 840 1682 transmisit.venerandum
852 1655 901 1676 au-
945 1647 1057 1678 relictis
1072 1652 1100 1678 in
1118 1647 1260 1678 litterario
1270 1647 1340 1679 ludo
1353 1648 1460 1679 tabulis
1476 1648 1507 1679 in
1522 1649 1650 1680 ecclesia
1665 1650 1702 1680 ad
1715 1660 1763 1681 re-

75 1701 134 1726 tem
152 1689 268 1734 corpus
285 1693 463 1733 propinquis
477 1692 624 1730 integrum
639 1689 859 1731 servavit,quod
873 1689 903 1720 in
948 1693 1120 1723 missionem
1136 1692 1227 1723 animi
1239 1696 1267 1723 et
1279 1692 1529 1725 oblectamentum
1543 1694 1707 1731 vociferari.
1719 1695 1764 1726 fe—

76 1738 309 1779 przei-larissimo
317 1738 352 1768 ad
363 1738 468 1768 urbem
478 1742 536 1767 tem
543 1737 590 1776 plo
602 1736 780 1767 collocatum
788 1736 906 1766 .Narrat

77 1785 207 1816 Basilius
225 1788 334 1814 terram
348 1787 458 1813 sanctae
467 1781 594 1812 adventu
606 1780 826 1816 benedictam,e
837 1779 905 1810 sinu

76 1840 129 1860 suo
149 1828 363 1860 suavissimam
391 1836 475 1867 mque
500 1831 634 1857 naturam
652 1824 801 1860 emisisse,
818 1824 859 1854 ita
874 1828 906 1854 ut

77 1879 180 1905 sancta
197 1873 249 1904 illa
270 1877 389 1912 martyr,
409 1874 500 1903 instar
529 1871 642 1909 matris,
661 1879 712 1900 eos
727 1869 776 1909 qui
801 1869 904 1899 urbem

79 1920 217 1950 incolunt
234 1917 326 1948 veluti
351 1916 478 1957 quodam
507 1915 657 1946 communi
672 1915 750 1945 lacte
766 1914 904 1950 nutriret,

79 1973 156 2002 aqua
168 1962 323 1999 videlicet,
337 1971 402 2001 quin
412 1966 441 1992 et
451 1961 531 1991 sanis
543 1960 633 1991 tutela
644 1963 744 1990 eratet
757 1958 843 1996 agris
853 1967 903 1988 so-

79 2009 191 2039 latium.
213 2007 254 2038 Eo
271 2006 381 2046 gratias
395 2005 450 2036 fuit
467 2004 701 2037 Caesariensibus
717 2003 773 2034 hoc
791 2002 904 2034 dulcis-

79 2054 143 2083 simi
158 2053 253 2083 fontis
264 2051 454 2085 beneficium.
469 2050 561 2090 quod,
575 2054 606 2079 ut
617 2048 657 2079 ait
667 2047 805 2083 Basilius,
820 2056 904 2077 com-

82 2099 159 2128 muni
172 2106 320 2137 aquarum
333 2096 411 2126 circa
419 2096 498 2126 hunc
509 2095 606 2124 locum
615 2093 830 2124 naturaeinsitaa
843 2099 905 2125 erat

78 2136 210 2182 salsugo:
228 2141 354 2171 Videtur
369 2142 399 2171 S.
412 2140 516 2171 Julitta
528 2148 586 2168 non
600 2138 629 2169 in
642 2137 715 2169 urbe
727 2136 904 2168 Caesariensi

76 2181 196 2226 sepulta
212 2186 319 2223 fuisse,
337 2185 388 2215 sed
407 2194 464 2214 non
482 2184 568 2222 longe
587 2182 623 2213 ab
644 2192 680 2214 ea
695 2183 723 2212 in
741 2182 805 2212 loco
820 2181 905 2221 aquis

76 2231 221 2266 scatenti.
237 2230 316 2260 unde
328 2234 428 2260 sancta
445 2233 554 2268 martyr
567 2237 619 2259 eos
636 2226 686 2267 qui
697 2227 727 2257 in
737 2226 811 2256 urbe
820 2229 905 2256 erant

74 2277 166 2307 veluti
184 2276 315 2315 quodam
330 2275 404 2305 lacte
421 2274 584 2304 nutriebat.

117 2320 170 2352 Ill.
184 2320 260 2350 Tres
273 2319 406 2350 humilia;
416 2322 701 2358 sequentes,nempe
711 2316 761 2353 6,7
775 2321 804 2347 et
816 2316 834 2347 8
846 2325 905 2346 nta-

947 1741 991 1768 stu
998 1747 1085 1777 inquo
1094 1737 1150 1767 illis
1157 1737 1373 1776 quodammodo
1381 1737 1460 1769 diem
1468 1747 1536 1769 esse
1543 1738 1690 1777 publicam
1699 1749 1766 1771 mce-

947 1782 1140 1822 stitiam,qum
1155 1782 1212 1812 illis
1223 1782 1351 1822 aliquam
1363 1791 1379 1812 a
1390 1782 1554 1813 studiorum
1566 1783 1707 1815 molestiis
1718 1785 1766 1815 in-

947 1827 1167 1857 termissionem
1185 1827 1333 1857 concedit.
1349 1826 1490 1863 Queritur
1499 1828 1577 1868 quod
1595 1828 1664 1858 dum
1682 1829 1765 1869 ejus—

948 1872 1025 1902 modi
1040 1872 1158 1912 pueriin
1170 1871 1325 1902 ecclesiam
1337 1872 1566 1909 ventitant,dum
1575 1872 1703 1904 infantes
1715 1874 1765 1915 qui

949 1926 1002 1946 nec
1021 1916 1134 1956 precari
1152 1920 1296 1947 noverunt
1313 1925 1366 1946 nec
1389 1921 1523 1958 possunt,
1539 1917 1576 1948 ad
1601 1918 1763 1949 confession

948 1971 1015 1991 neu-
1047 1962 1177 1998 veniunt,
1195 1961 1223 1991 id
1252 1966 1297 1992 est
1325 1962 1359 1991 ad
1389 1970 1504 2002 preces,
1522 1962 1630 2002 quibus
1658 1972 1675 1994 a
1704 1963 1766 1995 Deo

948 2011 1135 2046 peu'atorum
1152 2005 1238 2036 venia
1269 2005 1469 2046 poscebatur;
1487 2006 1623 2047 plerique
1651 2007 1704 2038 viri
1732 2018 1767 2039 ac

948 2051 1089 2081 mulieres
1105 2051 1222 2090 negotia
1238 2050 1376 2090 precibus
1401 2051 1560 2090 praeferant
1574 2061 1607 2082 ac
1625 2053 1764 2092 perpauci

947 2105 1047 2126 secum
1069 2101 1239 2135 precentur,
1259 2095 1338 2135 iique
1356 2095 1515 2126 oscitantes
1543 2105 1576 2126 ac
1605 2105 1683 2127 nunc
1708 2097 1766 2127 huc

947 2150 985 2170 nu
991 2151 1024 2170 nu
1036 2140 1105 2170 illuc
1113 2149 1179 2170 sese
1187 2139 1554 2178 convertentes,avidequc
1561 2145 1766 2180 exspectantes

946 2185 1016 2215 dum
1033 2190 1135 2215 cantor
1151 2185 1331 2224 psalmorum
1361 2184 1524 2215 versiculos
1550 2185 1722 2226 absolverit,
1736 2190 1768 2216 ut

946 2239 981 2260 ex
1001 2230 1127 2259 ecclesia
1142 2234 1278 2269 tanquam
1297 2239 1312 2259 e
1328 2238 1447 2260 carcere
1457 2228 1570 2259 dimissi
1588 2229 1766 2261 necessitate

947 2276 1086 2315 precandi
1108 2274 1286 2304 eximantur.

986 2319 1049 2349 Non
1060 2319 1175 2348 videtur
1187 2319 1264 2348 hanc
1276 2317 1313 2348 de
1325 2318 1402 2348 fame
1413 2322 1439 2348 et
1452 2317 1588 2349 siccitate
1599 2319 1764 2350 orationem

76 2366 163 2396 terim
174 2364 376 2396 similitudine
387 2363 554 2403 conjuncta:
564 2361 812 2392 sunLlnsrctatur
822 2361 903 2392 Basi-
946 2364 1078 2394 indicare
1105 2364 1267 2402 Gregorius
1281 2364 1328 2400 (ci.
1348 2371 1414 2393 cum
1441 2362 1563 2393 divitum
1581 2363 1699 2401 horrea,
1717 2365 1768 2405 qui

76 2411 134 2441 lius
157 2409 310 2440 avaritiam
337 2409 472 2444 divitum,
488 2412 516 2437 et
540 2407 571 2437 in
584 2406 822 2437 commendando
839 2405 903 2436 ele-
947 2416 1227 2439 sunmmniannonm
1236 2407 1409 2439 charitatem
1425 2407 1567 2447 aucupari
1579 2411 1608 2438 et
1621 2409 1767 2440 calamita-

75 2464 230 2496 emosynaa
243 2458 391 2494 praecepto
404 2461 511 2483 omnes
521 2451 633 2491 ingenii
646 2452 725 2481 vires
738 2450 902 2490 profundit.
946 2457 1006 2484 tum
1022 2462 1171 2489 caupones
1183 2461 1249 2483 esse
1260 2451 1357 2483 solent
1385 2451 1522 2482 Basilium
1533 2452 1696 2484 hortatibus
1704 2454 1766 2485 suis

78 2500 272 2530 Demonstrat
285 2500 315 2528 in
329 2503 410 2529 sexta
425 2497 534 2537 duplex
548 2506 614 2527 esse
638 2496 834 2527 tentationum
848 2504 902 2535 ge-
945 2499 1098 2538 aperuisse
1118 2502 1225 2528 narrat.
1240 2496 1270 2528 In
1284 2497 1338 2528 hac
1355 2497 1433 2527 enim
1449 2496 1584 2526 oratione
1601 2507 1660 2528 non
1673 2499 1766 2537 magis

77 2554 148 2581 nus,
165 2554 215 2575 res
231 2544 374 2574 adversas
390 2547 420 2572 et
436 2550 603 2581 prosperas.
617 2540 797 2572 Posterioris
811 2544 901 2570 tenta-
945 2543 1050 2573 divites
1062 2543 1195 2572 hortatur
1206 2542 1343 2579 Basilius,
1357 2550 1445 2581 quam
1457 2542 1539 2581 ipsos
1549 2541 1637 2572 etiam
1653 2552 1766 2583 paupe-

77 2590 169 2620 tionis
183 2588 355 2627 exemplum
370 2587 443 2626 petit
458 2586 495 2616 ab
513 2586 562 2617 illo
580 2585 681 2625 divite,
698 2584 749 2622 qui
764 2584 904 2615 omnibus
947 2585 1766 2623 res,utaliissucrurrantﬂuareIibentiuscrederemin-

75 2634 169 2665 rebns
181 2633 410 2668 circumﬂuens,
421 2631 540 2662 dicebat
555 2634 666 2664 tamen,
685 2629 767 2666 ()uid
777 2629 901 2669 faciam,
944 2632 1032 2660 dicari
1051 2641 1063 2659 si
1082 2632 1220 2665 ῦτμςοιηο
1233 2633 1392 2660 orationem
1404 2631 1434 2658 in
1447 2628 1518 2658 illud
1529 2631 1617 2658 Lucae:
1630 2630 1767 2658 Dauniam

120 2713 263 2773 “olant.
281 2713 326 2773 ea
343 2714 596 2773 mortenpgrsecul.
986 2709 1025 2745 (ιλ,
1040 2707 1108 2739 Nat
1126 2717 1170 2738 οτ,
1189 2706 1240 2738 20,

152 2761 158 2773 ι
197 2763 246 2773 ΛΜ
336 2761 391 2773 una

120 2752 159 2790 ξω
172 2755 260 2785 Tom.
281 2752 319 2783 V.
336 2761 403 2792 pag.
429 2752 499 2783 διν.
