2018 3142
656 151 690 182 Ι).
714 150 790 182 IUL.
813 150 1003 182 GARNERII
1026 152 1235 184 PBEFATIO.

1654 163 1777 195 CLXXV“

104 218 287 258 reprehendat
299 217 380 258 quod
393 227 472 259 saepe
483 218 686 249 aTilIemnntii
696 218 839 249 sententia
851 218 910 249 dis-
923 226 938 250 Α
951 218 1019 250 bras
1034 219 1187 250 oﬁundere
1201 230 1207 252 :
1220 219 1271 250 sed
1284 219 1355 251 satis
1367 224 1430 251 erat
1441 220 1623 253 Tillemontii
1635 233 1774 263 premere

104 263 205 297 cedam,
224 268 346 293 caeteros
362 267 458 293 autem
476 263 596 294 criticos
609 263 705 294 rarius
719 263 804 294 citem
818 267 845 294 et
859 273 909 293 re-

105 308 206 342 I'eliam;
224 308 312 346 hujus
324 308 367 338 rei
381 309 483 346 paucis
496 307 647 338 reddenda
659 308 910 340 ratio.Tilleiuou-

105 353 164 391 tius,
184 361 319 390 magnum
342 352 412 382 illud
429 352 560 383 historim
576 352 784 383 ecclesiasticae
800 353 910 387 lumen.

103 396 221 427 omnium
235 397 462 427 accuratissime
471 397 509 427 de
516 397 605 427 rebus
614 397 704 436 gestis
711 397 811 427 Basilii
823 397 913 428 disse-

103 441 163 480 ruit,
175 450 206 471 ac
218 441 378 472 innumera
391 441 515 471 aliorum
530 446 625 472 errata
635 441 913 477 emendavit.Quare

104 495 214 516 necesse
224 495 281 515 non
294 485 350 516 fuit.
359 486 913 526 variisaliorumopinionibusreferen-

103 531 142 560 dis
155 534 180 560 et
191 530 365 561 refellendis
378 535 495 571 tempus
508 531 714 568 extrahere,ac
726 530 815 562 rebus
826 536 912 562 teuc-

952 264 1117 303 vestigia,et
1128 264 1152 295 si
1162 264 1232 305 quid
1244 274 1361 295 summo
1374 264 1415 295 illi
1428 265 1489 296 viro
1499 267 1775 308 exciilisset,nbser-

953 318 1020 355 vare
1029 313 1061 355 et
1070 309 1240 355 emendare.
1247 309 1304 340 Nec
1314 310 1427 341 idcirco
1435 310 1565 342 eximius
1572 312 1621 343 ille
1628 314 1774 355 secriptor

955 353 1142 400 brevioribus
1158 353 1237 400 foliis
1259 355 1421 395 ornandus,
1438 356 1515 396 quod
1533 356 1561 387 in
1579 358 1643 397 ejus
1657 353 1775 400 scriptis

956 398 1104 428 interdum
1118 399 1239 429 maculae
1249 404 1416 433 occurrant;
1429 400 1540 441 quippe
1552 412 1619 433 cum
1632 412 1666 434 eo
1679 398 1773 436 facem

956 443 1131 489 praeferente
1144 452 1240 474 naevos
1253 443 1400 489 ejusmodi
1413 444 1718 489 deprehendamus,et
1727 459 1776 481 ac-

954 487 1047 526 ccptis
1071 486 1107 517 ab
1131 496 1164 517 eo
1191 488 1332 527 prasidiis
1356 490 1408 519 lios
1433 489 1462 519 in
1488 491 1662 531 antiquitate
1674 486 1773 526 eccle-

954 533 1072 563 siastica
1087 541 1263 572 progressus
1278 543 1506 574 consequamur.

106 618 1745 642 Ἃ

698 703 1180 770 ΡΡιλἘῈΑΤΙΟ.

139 926 159 955 1.
173 923 263 954 Hodie
275 925 378 964 vigent
392 924 519 954 maxime
527 924 672 954 editiones
687 932 788 962 novre;
802 932 856 953 nec
870 927 913 953 est
925 925 1029 960 Bnica,
1048 925 1207 964 scriptores
1224 929 1253 954 et
1269 924 1364 955 Grmci
1392 929 1420 956 et
1441 925 1535 956 Latini
1547 928 1658 968 scripta
1674 931 1774 964 Basilii

100 969 153 1000 fere
165 973 261 999 nostra
285 973 372 1000 {etate
390 968 480 1012 ullum
499 969 670 1000 litteraturae
685 977 789 1007 genus.
807 968 836 998 in
853 977 910 1007 quo
949 969 1032 1008 quasi
1042 969 1769 1009 certatimquantismaximislaudibusextulerint:

101 1014 156 1052 plus
165 1013 292 1053 positum
305 1018 343 1044 sit
354 1023 452 1054 opera;
463 1023 497 1044 ac
509 1013 598 1044 studii
609 1014 645 1044 ab
658 1013 791 1043 eruditis.
806 1013 867 1044 Nec
883 1012 910 1042 id
953 1023 1077 1053 quorum
1105 1014 1275 1044 testimonia
1299 1014 1414 1044 notiora
1438 1019 1517 1055 sunt,
1532 1026 1618 1056 quam
1634 1023 1665 1049 ut
1686 1029 1720 1050 ea
1742 1021 1773 1052 in

101 1059 194 1088 mirum
207 1061 348 1099 cuiquam
361 1058 454 1089 videri
467 1058 637 1098 debet,cum
651 1058 723 1088 nihil
734 1057 808 1087 forte
819 1057 914 1097 aptius

99 1107 140 1133 aut
155 1103 252 1133 utilius
268 1104 308 1133 a-I
328 1103 404 1134 bona
429 1103 526 1133 studia
541 1103 742 1143 promovenda
758 1101 914 1140 excogitari

100 1148 189 1185 possit.
206 1147 367 1178 Hominem
385 1148 472 1188 quiid
491 1154 587 1187 neget,
598 1147 727 1178 arbitror
743 1147 804 1178 fore
823 1146 916 1177 nemi-

101 1192 198 1228 nem,si
210 1201 314 1223 secum
330 1193 416 1233 paulo
427 1193 566 1223 attentius
578 1192 915 1232 reputaverit,primum,

98 1242 194 1276 quanta
209 1237 325 1268 utilitas
341 1247 375 1268 ex
397 1237 480 1268 novis
504 1237 685 1267 editionilius
701 1236 841 1267 accedat:
860 1236 914 1267 (le-

99 1281 169 1322 inde,
186 1292 272 1322 quam
288 1281 457 1321 jucundum
475 1283 512 1312 sit
527 1282 558 1312 in
580 1281 671 1312 libros
696 1286 732 1312 ab
750 1281 915 1312 innumeris

100 1327 211 1358 maculis
239 1332 420 1367 expurgatus
456 1327 599 1358 incidero.
628 1326 703 1357 Hinc
733 1326 855 1363 factum,
886 1325 914 1355 ni

98 1370 182 1412 fallor,
197 1377 226 1402 ut
237 1372 296 1403 hoc
305 1371 478 1412 scriptionis
490 1381 583 1411 genus
595 1376 652 1402 tam
666 1372 800 1411 impense
813 1369 916 1401 laude-

99 1420 138 1446 tur
147 1416 180 1446 ab
196 1416 352 1453 omnibus,
367 1416 449 1455 quasi
462 1425 545 1446 suum
558 1416 683 1456 quisque
694 1416 825 1446 laborem
838 1415 914 1445 alte-

97 1459 151 1490 rius
166 1461 266 1492 labore
284 1461 378 1491 minui
395 1457 532 1498 gaudeat,
551 1460 679 1500 velitque
695 1460 844 1491 studiosos
859 1460 915 1490 hac

98 1504 306 1536 benevolentiae
316 1505 533 1543 signiﬁcatione
545 1505 636 1545 magis
643 1514 677 1536 ac
687 1506 778 1545 magis
788 1504 823 1534 ad
836 1504 914 1544 ejus-

99 1549 170 1581 modi
180 1550 312 1580 studium
332 1549 467 1581 incitare.

132 1594 160 1625 2.
175 1596 245 1626 Haec
262 1604 383 1625 mecum
397 1604 463 1625 cum
483 1598 665 1635 reputarem,
683 1594 758 1633 ccepi
782 1596 813 1625 et
837 1594 910 1633 ipse,

98 1638 247 1670 multorum
260 1639 413 1678 exemplo,
426 1638 463 1669 de
477 1648 550 1670 nova
561 1638 660 1679 aliqua
676 1638 808 1670 editione
823 1638 912 1668 ador-

98 1684 185 1714 nanda
199 1688 345 1722 cogitare.
365 1683 415 1714 Vix
439 1686 539 1715 autem
558 1683 643 1720 mihi,
661 1692 726 1714 cum
757 1682 850 1713 semel
874 1682 914 1712 ita

97 1729 219 1759 animum
230 1728 417 1759 induxissem
431 1728 585 1763 meum.de
595 1738 684 1768 opere
695 1727 848 1768 seligendo
857 1728 912 1759 de-

99 1772 217 1804 liberare
235 1773 336 1804 licuit.
354 1773 396 1804 Ea
411 1777 456 1804 est
471 1773 549 1803 enim
566 1772 667 1804 Basilii
696 1781 818 1813 operum
838 1772 916 1802 fama

97 1822 176 1858 atque
189 1818 383 1854 existimatio,
401 1822 432 1848 ut
444 1817 557 1858 impetu
571 1817 699 1858 quodam
723 1816 813 1856 magis
827 1825 914 1856 quam

98 1861 203 1893 delectu
213 1863 248 1893 ad
263 1871 300 1894 ea
314 1871 418 1893 rursus
430 1862 547 1892 edenda
562 1862 707 1903 impulsus
719 1861 916 1892 sim.Deside-

96 1907 164 1937 rium
181 1908 312 1948 augebat
329 1906 472 1947 quidquid
490 1907 638 1947 legebam,
654 1905 797 1947 quidquid
814 1906 918 1936 audie-

98 1951 155 1982 bam
167 1952 203 1983 de
212 1952 327 1983 Basilio
345 1954 459 1991 Magno.
474 1951 604 1983 Mirabar
630 1961 696 1982 eum
711 1951 758 1981 vel
773 1955 917 1990 praestan—

96 1996 208 2028 tissimis
219 1996 346 2028 Graeciaa
357 1996 525 2027 oratoribus
532 1995 915 2037 anteponi.Pericli,Lysiae,

97 2041 222 2079 lsocrati,
237 2041 400 2079 Phalereo,
419 2041 623 2073 Demostheni.
651 2041 687 2072 Et
713 2045 793 2071 certe
808 2039 916 2071 Basilio

96 2091 199 2123 nostro,
217 2096 289 2117 cum
307 2086 376 2126 ejus
390 2087 500 2127 scripta
516 2087 552 2117 ad
584 2091 717 2126 posteros
743 2085 917 2116 transmissa

96 2135 166 2171 sunt,
184 2131 299 2172 optime
315 2130 483 2162 consultum
514 2131 606 2162 fuisse
629 2130 768 2161 arbitror.
782 2129 823 2160 Ea
837 2131 916 2160 enim

95 2176 174 2206 tantis
192 2176 334 2206 laudibus
349 2176 514 2206 extulerant
531 2184 567 2206 ex
582 2175 710 2215 antiquis
723 2174 869 2212 nonnulli,
886 2178 917 2205 ut

956 1058 1084 1088 medium
1101 1059 1234 1098 proferre
1250 1067 1374 1089 necesse
1389 1059 1435 1090 sit.

993 1103 1023 1133 4.
1035 1103 1137 1142 Neque
1155 1111 1223 1133 vero
1240 1103 1399 1142 putandum
1418 1108 1462 1134 est
1477 1114 1525 1136 res
1537 1106 1614 1138 solas
1631 1111 1658 1138 in
1676 1108 1774 1141 Basilii

957 1147 1074 1186 Scriptis
1091 1147 1203 1177 laudari
1219 1157 1225 1178 :
1245 1147 1379 1177 laudatur
1390 1152 1418 1178 et
1430 1151 1491 1187 ipsa
1503 1159 1622 1191 quoque
1631 1154 1775 1186 orationis

956 1191 1112 1230 elegantia,
1137 1191 1276 1228 suavitas,
1295 1191 1500 1231 perspicuitas,
1520 1195 1705 1229 incredibilis
1732 1200 1774 1230 vis

958 1236 1167 1275 persuadendi,
1185 1235 1328 1267 doctrinm
1344 1236 1508 1279 integritas,
1522 1248 1570 1270 ars
1587 1241 1710 1274 miriﬁca
1725 1244 1773 1274 di-

957 1280 1041 1310 cendi
1054 1280 1118 1310 sine
1130 1280 1188 1311 ulla
1201 1280 1272 1311 artis
1288 1281 1512 1320 signiﬁcatione,
1529 1293 1647 1317 summa
1662 1286 1691 1317 in
1708 1293 1768 1319 tra-

957 1325 1070 1373 ctandis
1081 1325 1429 1373 religionisghristiaufe
1441 1329 1586 1367 mysteriis
1601 1340 1670 1362 cura
1685 1337 1774 1373 atque

957 1369 1116 1415 diligentia,
1133 1370 1176 1400 sic
1186 1375 1216 1400 ut
1229 1370 1303 1400 nihil
1316 1370 1360 1400 vel
1373 1380 1390 1400 a
1400 1371 1559 1404 fastidiosis
1572 1374 1601 1404 ia
1612 1375 1677 1415 ejus
1689 1369 1773 1409 lib-ris

956 1412 1116 1445 desiderari
1135 1423 1222 1454 posse
1240 1414 1380 1446 videatur.

997 1460 1023 1489 5.
1039 1458 1113 1494 Quid
1132 1459 1225 1493 enim.
1243 1469 1354 1500 quaeso,
1371 1461 1470 1500 expeti
1487 1466 1582 1501 potest
1598 1464 1626 1495 in
1641 1465 1775 1500 Basilio?

956 1501 1039 1539 Nam,
1057 1507 1086 1533 ut
1102 1504 1138 1534 de
1155 1504 1292 1535 facundia
1308 1505 1421 1542 sileam,
1441 1505 1468 1536 in
1484 1508 1580 1539 Basilii
1595 1511 1714 1551 scriptis
1725 1512 1774 1543 in-

924 1551 944 1576 α
956 1549 1053 1578 venias
1069 1557 1127 1578 non
1146 1557 1247 1589 pauca,
1267 1559 1332 1589 quae
1341 1550 1377 1580 ad
1388 1549 1665 1590 interpretationem
1673 1565 1775 1588 sacra-

953 1601 1028 1640 Γαιη-
1042 1592 1262 1640 _Scripturarum
1288 1599 1434 1634 spectant.
1453 1595 1565 1627 Dixisse
1591 1608 1693 1638 parum
1715 1606 1771 1640 est,

955 1637 1118 1686 traditionis
1141 1638 1323 1686 monimenta
1346 1644 1376 1669 et
1392 1639 1483 1670 multa
1499 1645 1528 1671 et
1539 1637 1668 1683 insignia
1694 1637 1773 1686 apud

956 1681 1092 1712 Basilium
1111 1687 1225 1713 exstare
1243 1694 1250 1714 :
1281 1683 1337 1714 dici
1363 1688 1458 1723 potest
1471 1685 1580 1724 verius,
1595 1681 1674 1720 hunc
1689 1681 1774 1721 sum-

958 1736 1037 1774 mum
1049 1727 1140 1758 virum
1152 1728 1318 1759 traditionis
1329 1729 1531 1761 auctoritatem
1550 1734 1698 1774 praecipue
1713 1740 1773 1767 sta-

957 1771 1095 1820 bilivisse,
1110 1782 1176 1803 cum
1194 1782 1258 1804 eam
1277 1774 1425 1805 haereticis
1439 1771 1577 1815 tanquam
1595 1771 1776 1820 inexpugna-

958 1815 1048 1846 bilem
1062 1826 1174 1847 murum
1194 1827 1313 1858 semper
1325 1820 1474 1860 opposuit.
1485 1822 1576 1857 Quam
1594 1815 1685 1856 multa
1696 1815 1776 1860 sunt.

961 1870 1027 1900 qua:
1041 1861 1191 1892 historiam
1212 1867 1378 1903 temporum
1389 1864 1508 1895 illorum
1521 1866 1686 1900 illustrant!
1701 1861 1777 1906 Quot

960 1909 1009 1936 aut
1024 1906 1236 1938 Catholicorum
1259 1913 1309 1939 aut
1326 1908 1532 1941 bzereticorum
1555 1911 1630 1943 facta
1644 1915 1776 1947 tenebris

960 1949 1067 1997 obruta
1082 1950 1238 1997 latitarent,
1257 1952 1423 1997 siBasilius
1438 1964 1472 1984 ea
1488 1955 1592 1987 litteris
1602 1967 1660 1988 non
1669 1960 1774 1997 prodi-

958 1995 1134 2042 disset‘lllle
1147 2000 1191 2027 est
1201 1996 1365 2042 acerrimus
1381 1998 1442 2029 veri
1457 1999 1607 2039 defensor,
1621 1995 1774 2042 quivarios

958 2039 1091 2087 Sabellii,
1116 2041 1187 2078 Arii,
1205 2041 1400 2083 Marcedonii,
1417 2042 1566 2084 Eunoniii,
1583 2039 1773 2087 Apollinarii,

958 2088 988 2114 et
1000 2085 1121 2115 aliorum
1137 2090 1278 2126 quotquot
1290 2087 1433 2118 hactenus
1445 2085 1774 2125 fueranthaereticorum

959 2137 1077 2160 errores
1088 2130 1315 2163 utinvictissitne
1326 2132 1543 2172 confutavit,ita
1553 2135 1776 2170 evidentissima

958 2173 1170 2220 catholicorum
1187 2175 1323 2215 dogmata
1337 2176 1489 2208 stabilivit.
1506 2178 1607 2220 Neque
1618 2189 1686 2212 vero
1703 2183 1775 2214 stri-

95 2220 169 2251 credi
187 2221 357 2261 potuissent
376 2220 495 2251 modum
511 2229 631 2251 omnem
642 2218 800 2259 excedere,
813 2224 841 2249 et
858 2219 916 2250 ﬁde
928 2219 1026 2257 octim
1043 2222 1093 2249 aut
1106 2219 1231 2250 obscure
1247 2221 1284 2250 de
1311 2221 1402 2252 rebus
1428 2218 1577 2262 loquitur‘:
1593 2225 1644 2256 sed
1669 2226 1734 2257 fuse
1747 2231 1777 2258 et

96 2265 202 2304 majora
218 2265 385 2306 praedicare
398 2276 405 2297 :
422 2265 473 2296 sed
491 2264 570 2306 quod
585 2275 602 2295 a
615 2265 673 2296 ﬁde
688 2264 854 2296 abhorrere
868 2264 913 2294 vi-

94 2308 153 2340 deri
164 2314 294 2351 poterat,
310 2310 338 2340 id
351 2310 521 2341 lectitandis
532 2309 628 2341 Patris
637 2308 801 2349 gravissimi
817 2308 912 2346 libris,

94 2357 119 2383 et
130 2355 319 2385 verissimum
331 2364 409 2396 esse,
420 2354 494 2386 etab
506 2354 588 2385 omni
602 2354 772 2385 adulatione
788 2353 913 2385 alienis-

94 2396 209 2439 simum,
226 2399 292 2430 suis
308 2399 434 2440 quisque
453 2399 546 2430 oculis
561 2399 669 2431 cernit.

131 2442 200 2475 3.Et
209 2442 294 2474 aliud
306 2444 342 2475 ad
351 2444 427 2475 hanc
438 2443 617 2484 previnciam
635 2442 857 2484 suscipiendam
868 2452 916 2474 me

95 2490 190 2525 movit,
202 2489 388 2528 exspectatio
397 2487 598 2520 eruditorum.
615 2487 675 2519 Nec
686 2488 835 2519 immerito
846 2496 916 2518 sane

95 2541 165 2564 nova
178 2532 284 2564 Basilii
299 2543 422 2574 operum
442 2533 534 2565 editio
550 2536 609 2566 tam
626 2532 712 2564 avide
723 2543 740 2564 a
754 2532 848 2564 doctis
863 2542 916 2563 ex-

93 2582 252 2618 spectatur.
279 2579 402 2610 Cdnstat
426 2582 518 2619 enim,
534 2588 718 2618 quaecunque
737 2577 865 2609 maxime
881 2577 916 2609 ad

93 2631 240 2654 sacrarum
259 2623 426 2654 litterarum
449 2624 578 2654 studium
595 2623 756 2664 pertinent,
769 2623 915 2662 dogmata,

92 2667 196 2708 ethica,
217 2668 354 2708 traditio,
371 2668 504 2709 historia,
521 2668 688 2709 disciplina,
705 2677 806 2699 eorum
823 2667 918 2698 scien-

92 2711 155 2754 tiam
173 2722 232 2743 non
249 2711 373 2743 aliunde
388 2714 485 2752 potius
512 2723 596 2753 quam
612 2722 629 2744 e
653 2712 755 2743 Basilii
780 2712 917 2752 scriptis-

92 2754 210 2786 hauriri.
224 2755 262 2787 Et
283 2757 363 2787 hanc
382 2757 474 2797 ipsam
497 2767 564 2788 esse
579 2767 697 2788 causam
714 2757 853 2793 arbitror,
865 2765 917 2787 cur

92 2801 253 2838 gravissimi
272 2801 412 2832 En‘lesia:
434 2804 547 2841 l’atres,
564 2803 627 2842 ipsa
641 2802 769 2833 concilia
781 2810 915 2832 acume-

959 2262 1096 2294 distincte
1112 2264 1139 2294 in
1153 2265 1215 2295 suis
1232 2265 1365 2304 epistolis
1393 2266 1547 2307 antiquum
1574 2268 1774 2303 Ecclesiarum

957 2312 1063 2339 statum
1076 2309 1157 2355 quasi
1170 2309 1208 2340 ob
1223 2310 1326 2341 oculos
1343 2311 1434 2355 ponit,
1446 2312 1489 2342 sic
1504 2317 1537 2343 ut
1551 2323 1599 2345 res
1612 2314 1691 2355 ipsas
1705 2326 1775 2348 cor-

957 2362 1103 2402 nere,n_on
1114 2353 1224 2402 legere,
1235 2354 1350 2402 credas.
1361 2354 1445 2387 Nunc
1457 2361 1557 2388 autem
1570 2359 1607 2390 de
1619 2353 1777 2402 disciplina

957 2397 1159 2446 ecclesiastica
1172 2398 1242 2440 quid
1256 2400 1361 2431 attinet
1376 2400 1489 2443 dicere,
1500 2410 1566 2434 cum
1584 2413 1671 2436 nemo
1686 2397 1775 2446 paulo

958 2441 1114 2473 humanior
1128 2446 1241 2483 ignoret
1256 2451 1400 2484 quantum
1417 2445 1473 2478 ista
1481 2441 1621 2480 scientia:
1637 2441 1776 2483 ecclesia-

959 2487 1039 2517 sticae
1056 2496 1122 2528 pars
1138 2489 1251 2535 debeat
1273 2489 1383 2520 Basilio
1396 2491 1410 2520 ?
1433 2491 1568 2532 Denique
1582 2494 1607 2523 si
1623 2498 1688 2535 quis
1705 2497 1776 2527 velit

960 2541 1074 2562 morum
1102 2532 1253 2564 scientiam
1284 2544 1468 2575 comparare,
1487 2542 1537 2567 aut
1558 2542 1622 2569 vitae
1632 2532 1774 2573 ascetiw

959 2579 1092 2624 instituta
1108 2577 1232 2624 discere,
1249 2581 1273 2609 is
1284 2580 1434 2611 volvendis
1450 2582 1522 2612 tanti
1535 2585 1771 2624 magistrilibris,

960 2621 1036 2661 quod
1053 2625 1143 2662 cupit.
1160 2622 1238 2653 brevi
1250 2630 1459 2664 consequetur.

999 2667 1028 2696 6.
1043 2665 1192 2698 Hactenus
1203 2667 1239 2699 de
1250 2668 1349 2699 Basilii
1365 2679 1487 2709 operum
1504 2674 1682 2712 praestantia:
1698 2684 1776 2707 nunc

959 2711 996 2741 de
1007 2712 1180 2760 earumdem
1194 2712 1372 2744 editiombus
1388 2711 1581 2749 disseramus.
1597 2717 1775 2760 Editio,qum

958 2759 1089 2805 omnium
1107 2756 1208 2805 prima
1217 2762 1342 2805 putatur,
1360 2768 1468 2791 excusa
1491 2766 1536 2792 est
1562 2763 1683 2795 llasileze
1696 2756 1774 2805 apud

958 2800 1169 2840 Hieronymum
1187 2800 1304 2833 Froben
1321 2812 1397 2834 anno
1414 2805 1501 2838 1535.
1517 2805 1547 2836 ln
1566 2809 1620 2839 hac
1645 2800 1776 2840 editione
