2018 3142
262 155 365 181 CLXXX

960 143 1162 176 PROLEGOM
1167 143 1243 176 ENA
1251 168 1257 174 .

263 219 360 246 tomos
371 213 559 253 divisum,cui
585 212 700 244 titulum
718 211 940 247 fecit,Basilt'us
954 211 1084 252 Magnus
1096 214 1113 238 Α
1126 210 1204 248 quod
1216 209 1494 249 sciam,compareat
1510 209 1658 249 Equidem
1668 217 1727 239 non
1737 207 1837 248 ignoro
1847 218 1936 249 quam-

261 269 299 291 ea:
312 262 433 297 integro
444 261 623 296 recensitus,
640 257 732 288 Paris.
754 257 838 290 1679.
853 257 882 288 in
898 257 930 289 8°
946 266 955 294 ;
970 266 1028 297 quo
1045 256 1082 287 de

262 313 353 344 opere
362 304 422 344 jam
431 303 551 342 quidem
562 303 677 333 locutus
684 302 816 339 sum,sed
829 302 866 332 de
877 311 912 332 eo
923 301 971 333 hic
981 309 1084 332 rursus

262 349 341 389 loqui
355 348 448 378 visum
466 353 522 379 est.
537 347 624 378 Certe
638 347 738 377 mirari
761 346 905 377 subitviri
922 345 1084 376 doctissimi

263 392 430 433 .mprobum
448 392 592 422 laborem:
607 391 700 429 quiin
725 391 771 421 his
795 390 909 421 duebus
930 390 1016 420 tomis
1028 399 1086 420 non

262 439 351 468 modo
365 437 470 467 multas
487 436 582 466 varias
598 435 742 466 lectiones
754 445 770 465 a
782 445 814 466 se
841 445 857 465 e
873 435 960 466 variis
974 435 1082 465 codici

262 482 317 513 bns
329 482 467 512 collectas
475 480 580 517 edidit,
591 481 642 510 sed
658 481 738 519 ipsas
749 481 837 510 etiam
849 481 984 520 antiquas
997 480 1083 510 inter-

282 527 442 558 retationes
451 525 604 556 sexcentis
616 525 690 555 locis
703 524 921 555 emendavit.ltl
933 533 1008 562 opus
1018 533 1084 554 cum

282 536 442 558 relationes
451 536 604 556 sexcentis
617 536 690 555 IOCIS
703 536 921 555 emenuavumt
933 536 1008 562 opus
1018 536 1084 554 Clllll

261 536 404 607 regerem,
422 566 518 596 notavi
535 565 613 606 quod
638 565 759 604 aliijam
778 568 926 602 notarant,
942 564 1086 595 Combeti-

261 612 336 642 sium
347 611 474 650 linguam
487 609 606 650 quidem
618 608 749 640 Graecam
762 609 990 648 diligentissime
999 616 1082 639 exco-

262 656 365 690 luisse.
383 660 412 686 et
427 655 539 694 optime
552 654 686 685 scivisse:
701 653 752 684 sed
770 653 864 684 videri
880 653 1012 684 Latinam
1026 662 1086 683 non

260 702 299 734 ita
318 700 443 731 multum
458 699 494 729 ab
511 708 546 728 eo
563 698 653 728 fuisse
670 697 828 729 excultam.
841 697 876 728 Et
889 697 1006 738 quidem
1020 706 1087 736 quae

262 746 364 776 Latine
379 744 508 784 scripsit,
527 752 562 773 eo
579 747 694 773 constat
712 746 741 773 et
766 742 894 773 obscura
909 751 985 779 esse,
1004 746 1032 772 et
1048 741 1085 772 ab

262 790 385 830 antiqua
400 788 451 819 illa
466 788 594 819 Romani
611 788 759 819 sermonis
782 788 950 827 integritate
965 796 1086 827 prorsus

261 835 368 866 aliena.
385 833 485 869 Quare
504 832 554 862 ubi
573 832 661 863 etiam
696 833 810 872 priscas
826 832 1086 872 interpretationes

1126 254 1192 285 dam
1205 254 1305 285 Basilii
1315 253 1495 295 Vilam,qute
1504 253 1735 284 celeberrimum
1747 252 1934 292 Amphilochii

1128 309 1236 330 nomen
1254 299 1382 339 przefert,
1401 309 1459 329 non
1472 301 1512 330 ita
1529 298 1643 338 pridem
1659 307 1676 328 a
1693 296 1868 328 Combeﬁsio
1879 298 1934 328 edt-

1130 348 1188 374 tam
1210 343 1302 374 luisse
1320 354 1327 383 ;
1346 343 1396 374 sed
1412 343 1475 374 haec
1493 343 1560 373 Vita
1579 351 1631 382 pro
1642 341 1744 382 spuria
1753 346 1840 382 atque
1850 342 1935 372 subdi-

1129 387 1221 418 titiaa
1237 387 1408 418 doctissimo
1427 396 1547 427 quoque
1571 387 1710 421 habetur,
1743 395 1798 417 nec
1825 386 1932 426 injuria.

1129 431 1194 462 Scio
1211 442 1329 472 quoque
1346 432 1526 463 mentionem
1549 432 1613 462 ﬁeri
1642 435 1671 462 et
1696 431 1773 471 apud
1804 431 1931 462 Joannem

1128 476 1343 507 Damascenum
1353 477 1389 507 de
1402 477 1459 506 alia
1479 476 1543 507 Vita
1555 476 1665 512 Basilii,
1677 485 1742 516 quas
1753 476 1933 515 ejussucces-

1128 522 1189 552 sori
1204 521 1339 552 [lelladio
1356 521 1506 552 tribuitur:
1524 521 1575 551 sed
1591 525 1786 561 prasterquam
1803 521 1933 560 quoddu-

1129 565 1215 596 bitari
1232 566 1337 596 merito
1350 569 1447 606 potest
1463 575 1500 596 an
1516 574 1644 605 unquam
1652 564 1873 605 exstiterit,ipsa
1885 574 1933 595 non

1127 609 1254 649 amplius
1264 610 1292 640 in
1305 610 1470 641 litterarum
1481 610 1682 641 monumentis
1691 609 1935 645 invenltur.Quare

1127 659 1158 684 ut
1172 655 1227 685 hoc
1243 654 1384 685 damnum
1411 655 1549 686 resarciri
1575 654 1705 693 quodam
1731 654 1821 685 modo
1843 654 1933 694 possit,

1127 708 1231 729 novam
1248 699 1346 730 Basilii
1366 698 1466 730 Vitam
1487 699 1651 740 praesertim
1675 708 1710 730 ex
1740 699 1806 739 ejus
1832 699 1934 739 scriptis

1127 743 1281 774 collectam
1300 743 1490 774 conscribere
1507 743 1606 774 statui.

1169 791 1199 819 Η
1209 810 1216 818 .
1236 788 1315 828 Opus
1332 792 1423 818 totum
1435 789 1479 819 sic
1492 788 1718 820 distribuemus.
1728 787 1933 829 Complectetur

1128 837 1224 864 tomus
1240 832 1503 873 primnsllomiiias
1513 835 1546 865 in
1557 835 1774 865 Hexaemeron
1786 838 1815 864 et
1829 834 1933 864 inPsaI-

261 878 401 913 c0rrexit,
417 877 458 907 ibi
472 877 529 907 alia
557 878 655 917 phrasi
671 878 710 907 uti
728 882 850 907 coactus
864 886 929 906 sum
945 887 953 906 :
969 876 1021 907 sed
1039 881 1083 906 ta-
1098 876 1115 901 Β
1126 886 1202 917 mos,
1216 877 1308 908 libros
1321 877 1818 913 inEunomium,Commentarium
1832 879 1862 909 in
1876 877 1933 909 Isai-

262 933 330 954 men
348 923 442 952 virum
459 921 692 952 eruditissimum
710 926 779 952 tunc
807 930 927 961 quoque
957 921 1084 951 maximo

263 968 334 998 mihi
347 967 517 1007 adjumento
535 967 625 997 fuisse
642 966 771 1005 ingenue
786 966 912 1003 fatebor,
932 975 999 996 cum
1014 965 1084 996 mihi

263 1012 308 1042 his
322 1013 352 1042 in
368 1011 443 1042 locis
456 1011 550 1041 facem
568 1011 722 1051 praeferret
735 1010 770 1041 ad
795 1012 963 1042 Graecarum
981 1019 1083 1041 vocem

262 1056 457 1096 detegendam
484 1055 674 1086 sententiam.
708 1054 779 1086 Cum
797 1055 977 1086 audivissem
1003 1064 1083 1092 eum,

260 1111 349 1142 quem
365 1101 474 1140 saepius
490 1100 652 1135 nominavi,
665 1100 758 1130 virum
774 1100 981 1130 doctissimum
998 1100 1086 1130 Com-

262 1145 398 1177 heﬁsium
407 1155 440 1175 ex
454 1154 525 1176 mss.
538 1144 693 1176 codicibus
701 1154 861 1185 excerpere
874 1145 993 1175 solitum
1006 1143 1084 1184 quod

263 1191 378 1227 liberet,
392 1190 562 1230 relinquere
578 1189 657 1229 quod
682 1189 865 1228 displiceret,
899 1189 1021 1220 collatos
1048 1192 1084 1218 ab

262 1235 326 1275 ipso
340 1239 454 1266 veteres
475 1234 566 1265 libros
590 1243 694 1265 rursus
718 1238 768 1264 aut
790 1234 902 1264 contuli
927 1234 1003 1274 ipse,
1032 1240 1084 1263 aut

260 1279 458 1311 conferendas
475 1279 596 1315 curavi;
613 1287 669 1309 nec
688 1287 772 1316 sane,
803 1282 835 1308 ut
864 1278 936 1314 dixi,
967 1282 1084 1318 tempus

261 1324 459 1365 perdidimus.

302 1369 332 1399 9.
350 1369 435 1400 Nunc
449 1368 487 1398 de
497 1367 662 1407 anecdotis,
675 1367 771 1407 deque
784 1366 887 1397 Basilii
909 1365 976 1396 Vita
997 1365 1082 1406 paulo

262 1414 355 1444 fusius
369 1411 589 1443 disserendum.
602 1413 645 1443 Ita
653 1417 858 1451 comparatum
870 1415 914 1441 est
927 1411 1082 1441 hominum

262 1467 367 1498 genus,
386 1461 417 1487 ut
441 1456 612 1487 existiment
627 1465 732 1486 novam
761 1456 891 1494 aliquam
922 1455 1081 1486 editionem

263 1503 423 1543 plurimum
433 1501 636 1532 commendari
644 1501 728 1540 copia
741 1499 1024 1531 anecdotoruni.Aio
1032 1499 1084 1539 igi-

1125 931 1187 957 am;
1205 921 1366 957 secundus,
1388 921 1532 953 Homilias
1546 923 1583 953 de
1597 922 1735 958 diversis,
1754 922 1933 962 Ascetica,li-

1127 966 1212 997 brum
1228 966 1270 996 De
1285 967 1480 1007 virginitate,
1493 966 1585 998 libr03
1601 968 1643 998 De
1658 967 1829 1008 baptismo;
1845 966 1933 997 tertius

1127 1009 1234 1041 librum
1252 1011 1416 1051 Despiritu
1438 1015 1555 1049 sancto,
1589 1011 1744 1051 Epistolas,
1775 1011 1931 1051 Liturgiam,

1129 1055 1228 1095 viginti
1244 1061 1370 1095 quatuor
1397 1065 1552 1087 sermones
1577 1056 1726 1087 Simeonis
1756 1056 1883 1096 magistri
1907 1064 1932 1085 ac

1126 1100 1309 1138 Lsgothetaz,
1326 1099 1422 1131 Vitam
1438 1101 1550 1132 Basilii.

1169 1144 1217 1176 t2.
1235 1145 1400 1175 Commune
1413 1145 1533 1185 quidem
1546 1145 1679 1176 omnium
1692 1154 1801 1176 munus
1817 1150 1859 1176 est
1871 1144 1932 1175 bene

1127 1189 1164 1220 de
1180 1198 1212 1219 se
1223 1189 1337 1220 meritis
1351 1190 1461 1229 justam
1473 1189 1666 1230 debitamque
1687 1190 1813 1229 gratiam
1835 1188 1933 1231 persol-

1125 1242 1196 1264 vere
1208 1244 1215 1251 ·
1232 1235 1395 1264 hoctameu
1411 1236 1510 1266 nescio
1523 1235 1672 1275 quomodo
1689 1236 1782 1273 magis
1799 1234 1931 1275 proprium

1124 1278 1243 1308 videtur
1250 1279 1563 1319 scriptorum.Ergo,ut
1573 1279 1641 1310 huic
1649 1279 1748 1310 ofﬁcio
1758 1279 1859 1310 faciam
1866 1281 1932 1314 satis,

1125 1322 1253 1353 libenter
1262 1323 1429 1362 praedicabo
1444 1323 1588 1355 beneﬁcia
1599 1325 1769 1364 eorum,qui
1779 1323 1883 1364 aliquid
1891 1322 1933 1352 mi-

1125 1367 1154 1397 hi
1168 1367 1231 1407 opis
1241 1368 1277 1398 ad
1295 1377 1399 1398 novam
1417 1368 1516 1399 Basilii
1543 1369 1705 1399 editionem
1732 1367 1930 1409 perﬁciendam

1124 1412 1289 1443 contulere.
1304 1412 1436 1443 Primum
1449 1413 1853 1444 laudandusDom.Henricus
1861 1414 1932 1443 Caro-

1126 1456 1170 1486 lus
1183 1457 1222 1487 du
1231 1457 1374 1488 Cambout
1384 1457 1607 1495 deCoislin,dux
1618 1462 1647 1488 et
1659 1467 1711 1491 nar
1722 1456 1933 1496 Franciie,epis-

1124 1510 1216 1541 copus
1231 1501 1382 1538 Metensis,
1397 1502 1447 1541 qui
1475 1502 1685 1533 bibliothecam
1701 1511 1785 1533 suam
1809 1511 1872 1532 cum
1882 1500 1933 1531 aliis

262 1552 310 1579 tur
320 1547 349 1578 id
366 1545 533 1577 ornamenti
550 1546 578 1576 in
596 1555 669 1576 nova
684 1545 785 1576 Basilii
803 1554 927 1585 operum
947 1544 1111 1582 editionec
1125 1546 1338 1586 manuscriptis
1354 1551 1415 1576 tum
1432 1546 1542 1578 Graecis
1561 1546 1791 1577 refertissimam
1807 1545 1879 1586 apud
1891 1553 1933 1575 nos

262 1595 383 1623 minime
399 1590 664 1621 defuturum.Nova
676 1590 755 1621 enim
767 1589 1082 1629 veteribusaddentur,

261 1637 425 1676 fragmenta
449 1635 597 1676 quaedam,
624 1636 774 1665 orationes
801 1634 923 1674 aliquot,
955 1633 1087 1674 epistolae

262 1681 424 1712 nonnullae.
442 1679 519 1716 Quin
535 1680 623 1710 etiam
641 1689 676 1710 ea
687 1678 788 1710 Basilii
804 1678 947 1719 opuscula
961 1687 1026 1718 quae
1038 1679 1086 1709 hic

262 1725 322 1756 illic
338 1733 440 1765 sparsa
455 1723 660 1764 inveniuntur,
673 1724 736 1763 ipsa
747 1732 866 1763 quoque
879 1732 933 1753 suo
942 1721 1047 1753 ordine
1056 1727 1086 1753 et

263 1771 327 1801 loco
342 1778 444 1799 rursus
457 1768 578 1808 vulgare
593 1777 651 1798 non
667 1766 948 1806 gravabiinur.Scio
964 1767 1082 1807 quidem

262 1823 336 1855 opus
348 1812 484 1844 Eunomii
496 1813 618 1852 dignum
632 1822 698 1843 esse
711 1811 845 1842 tenebris
866 1815 969 1851 magis,
996 1821 1083 1851 quam

263 1859 329 1890 luce
347 1869 353 1888 :
372 1860 513 1898 quoniam
536 1861 632 1887 tamen
649 1857 685 1887 ad
701 1856 910 1887 dilucidandos
936 1856 1036 1887 Basilii
1051 1857 1084 1888 in

263 1904 449 1935 Eunomium
461 1901 552 1932 libros
564 1902 630 1931 usui
645 1910 711 1932 esse
725 1905 832 1941 potest,
846 1901 874 1931 id
891 1910 1010 1941 quoque
1020 1910 1084 1931 rur-

262 1958 313 1979 sus
329 1947 463 1978 edemus.
476 1947 586 1978 Notum
603 1948 651 1976 est
673 1945 811 1976 Ruﬁnum
838 1949 867 1976 et
895 1945 1081 1976 Eustathium

262 1993 395 2033 quaedam
412 1991 671 2031 Basiliiscriptain
693 1990 823 2030 lingu-cm
849 1990 982 2022 Latinam
1010 1990 1080 2020 olim

262 2037 449 2068 transtulisse
467 2046 474 2066 :
491 2043 618 2076 quorum
639 2035 916 2075 interpretationem
946 2034 983 2065 ad
1009 2043 1081 2065 exa-

263 2086 343 2113 ratos
354 2089 442 2112 manu
458 2080 549 2111 libros
564 2080 745 2120 recognitam
762 2079 837 2119 typis
852 2079 973 2119 quidem
995 2088 1080 2110 man-

262 2127 334 2158 dare
348 2126 443 2156 visum
459 2130 514 2162 est,
532 2125 583 2155 sed
598 2124 653 2162 sic,
671 2128 703 2154 ut
717 2123 753 2154 ad
769 2124 869 2164 operis
884 2124 995 2154 calcem
1008 2124 1081 2163 reji-

262 2172 366 2203 ciatur.
382 2171 460 2202 Loco
476 2170 581 2201 eodem
598 2169 732 2209 ejusdem
747 2167 846 2199 Ruﬁni
873 2168 1015 2200 ineditam
1034 2170 1081 2199 in-

261 2215 503 2257 terpretationem
518 2216 717 2255 quarumdam
731 2214 900 2243 orationum
920 2213 1020 2244 licebit
1031 2213 1081 2243 in-

262 2261 352 2292 tueri.

305 2306 353 2337 10.
365 2306 452 2336 Certe
466 2304 492 2334 si
502 2303 568 2343 quis
579 2302 706 2334 idoneus
721 2302 848 2343 scriptor
863 2302 964 2333 Basilii
985 2302 1083 2334 Vitam

263 2350 395 2390 proxime
406 2348 580 2390 postipsius
596 2352 721 2378 mortem
752 2346 860 2378 litteris
889 2346 1071 2386 prodidisset

264 2395 352 2426 modo
360 2393 396 2424 ad
408 2402 462 2423 nos
469 2401 562 2432 usque
568 2392 751 2431 pervenisset
763 2395 822 2421 tam
835 2391 1011 2431 praeclarum
1026 2401 1086 2422 mo-

1075 2371 1084 2388 ν

264 2443 518 2477 numentum,rem
537 2436 658 2467 fecisset
669 2435 805 2466 etutilem
824 2441 853 2466 et
865 2440 975 2474 gratam
989 2440 1088 2476 poste-

262 2484 353 2515 ritati.
370 2482 497 2513 Basilius
508 2480 673 2518 enim,dum
685 2479 807 2520 viveret,
824 2479 862 2510 ita
878 2480 972 2510 modis
982 2480 1082 2511 omni-

263 2531 319 2560 bus
348 2526 467 2566 claruit,
490 2527 558 2556 vitaa
579 2524 748 2564 sanctitate,
770 2533 885 2554 morum
904 2525 1080 2564 integritate,

262 2568 861 2614 prudentia,eruditioue,facundia,animi
869 2570 1080 2608 magnitudine,

263 2619 399 2650 laborum
410 2625 463 2657 pro
474 2614 608 2646 Ecclesia
629 2619 835 2653 susceptorum
866 2614 1035 2652 tolerantia,
1051 2619 1084 2645 ut

262 2673 364 2694 eorum
374 2670 441 2701 quae
451 2665 501 2691 aut
510 2659 600 2699 gessit
611 2663 661 2689 aut
672 2659 791 2699 scripsit
808 2663 945 2689 accurata
956 2659 1083 2698 cognitio

263 2718 326 2740 rem
338 2706 511 2737 litterariam
523 2704 651 2734 maxime
661 2702 893 2734 illustraret.Sed
902 2704 1002 2735 nescio
1014 2713 1084 2744 quo-

263 2753 351 2783 modo
367 2750 535 2789 cuntigit,ut
551 2757 651 2780 rerum
668 2757 685 2778 a
700 2753 779 2778 tanto
794 2749 853 2778 viro
865 2753 1014 2787 gestarum
1029 2758 1082 2788 pe-

263 2798 383 2828 culiaris
396 2796 518 2827 historia
535 2798 634 2824 nostro
651 2792 778 2823 maximo
798 2793 907 2822 damno
923 2801 1080 2832 nusquam,

1128 1590 1275 1630 deposuit,
1284 1595 1315 1621 ut
1327 1600 1360 1621 ea
1371 1590 1468 1628 nobis,
1486 1601 1551 1631 qua;
1561 1591 1625 1630 ejus
1637 1591 1667 1621 in
1680 1597 1813 1622 nostram
1825 1598 1932 1629 congre-

1127 1635 1276 1673 gationem
1287 1634 1496 1666 benevolentia
1510 1640 1566 1673 est,
1583 1636 1697 1666 facilius
1714 1645 1751 1667 ac
1762 1634 1931 1666 commodius

1127 1679 1169 1710 uti
1182 1679 1436 1711 liceret~Laudabo
1449 1683 1478 1711 et
1488 1680 1721 1711 illustrissimum
1731 1678 1930 1711 abbatemD.de

1128 1724 1262 1761 Louvois,
1278 1724 1467 1755 bibliothecae
1478 1725 1579 1765 Regina
1591 1724 1931 1766 praefectum,quimagno

1127 1768 1295 1799 litterarum
1312 1771 1342 1799 et
1356 1768 1553 1799 litteratorum
1574 1770 1682 1800 damno
1699 1769 1818 1800 duobus
1841 1767 1932 1798 abhinc

1125 1813 1222 1851 annis,
1236 1818 1372 1844 recusato
1394 1814 1565 1854 episcopatu
1581 1814 1823 1851 Claromontano,
1849 1822 1864 1844 e
1886 1811 1931 1842 vita

1126 1857 1265 1888 excessit.
1282 1857 1430 1888 Faverunt
1443 1858 1531 1888 nobis
1542 1867 1664 1898 quoque
1681 1858 1820 1894 maxime,
1843 1855 1930 1896 optimi

1125 1906 1155 1932 et
1167 1901 1360 1933 illustrissimi
1376 1902 1492 1932 abbatis
1507 1903 1656 1942 exemplo,
1670 1902 1724 1933 viri
1737 1899 1930 1941 spectatissimi

1125 1947 1259 1986 ejusdem
1271 1946 1461 1978 bibliothecae,
1472 1947 1572 1986 Regiaa
1583 1946 1763 1980 custodes.D
1786 1945 1931 1977 Ludovicus

1124 1990 1162 2021 de
1172 1991 1455 2032 Targnis,Sorbonae
1463 1992 1566 2022 doctor
1575 1991 1929 2029 celeberrimus,idemque

1123 2035 1153 2066 in
1169 2036 1281 2066 amicos
1306 2037 1553 2072 ofﬁciosissimus,
1572 2041 1602 2067 et
1627 2038 1758 2067 Joannes
1784 2034 1929 2069 Boivinius,

1123 2089 1201 2111 unus
1212 2081 1344 2111 omnium
1354 2081 1702 2119 urbanissimus,etidem
1717 2081 1839 2122 scriptis
1851 2077 1929 2121 publi-

1125 2125 1167 2155 cis
1178 2126 1206 2155 in
1221 2129 1280 2156 toto
1293 2125 1365 2157 orbe
1381 2126 1525 2157 litterario
1538 2125 1870 2160 clarissimus.Laudem
1884 2130 1930 2154 non

1124 2170 1305 2201 mediocrem
1317 2171 1428 2211 pariter
1435 2175 1566 2201 meretur
1572 2169 1794 2201 illustrissimus
1801 2176 1894 2201 comes
1902 2167 1931 2197 de

1124 2213 1289 2255 Seignelay,
1308 2215 1395 2255 cujus
1418 2215 1602 2255 amplissima
1632 2214 1815 2246 bibliotheca
1829 2217 1932 2252 semper

1124 2263 1226 2298 aperta
1236 2264 1280 2290 est
1294 2260 1446 2298 studiosis,
1460 2259 1543 2300 quasi
1560 2259 1687 2290 fructum
1698 2258 1879 2289 uberrimum
1893 2256 1930 2286 lu-

1125 2312 1269 2344 crumque
1286 2304 1446 2335 maximum
1458 2313 1524 2335 esse
1537 2303 1705 2344 putaret,de
1721 2303 1857 2335 litteratis
1870 2302 1931 2332 bene

1127 2349 1247 2379 mereri.
1263 2348 1297 2379 In
1313 2349 1402 2389 hujus
1418 2348 1514 2379 laudis
1526 2348 1697 2380 societatem
1713 2356 1787 2380 voco
1805 2348 1930 2388 optimum

1127 2398 1156 2424 et
1167 2393 1400 2425 eruditissimum
1415 2394 1508 2424 virum
1519 2393 1658 2425 Carolum
1683 2393 1722 2423 du
1738 2392 1864 2428 Chesne,
1878 2389 1931 2429 ejus

1127 2447 1214 2478 quam
1230 2447 1296 2469 mox
1312 2438 1372 2470 dixi
1387 2438 1578 2469 bibliotheca
1598 2437 1782 2478 praefectum,
1798 2436 1857 2477 qui,
1872 2435 1930 2465 dum

1127 2482 1210 2523 vixit,
1222 2483 1362 2522 singulari
1375 2487 1404 2513 et
1418 2491 1521 2514 amore
1536 2487 1566 2514 et
1580 2483 1789 2514 benevolentia
1801 2489 1854 2512 nos
1868 2486 1931 2525 δρω-

1125 2535 1180 2567 per
1195 2532 1370 2567 prosecutus
1380 2531 1436 2558 est.
1447 2526 1501 2557 llic
1513 2537 1631 2568 quoque
1645 2523 1930 2558 honoriﬁcentissime

1125 2572 1319 2611 appellandus
1334 2573 1379 2602 vir
1395 2572 1495 2612 magni
1506 2567 1648 2609 nominis,
1663 2581 1698 2602 ac
1712 2570 1836 2602 inﬁnitze
1846 2567 1930 2600 lectio-

1125 2616 1397 2654 nis,JoannesHard
1403 2616 1500 2656 uinus,
1511 2616 1700 2648 bibliothecae
1712 2616 1930 2647 Ciaromontana

1126 2659 1347 2702 praeiectus,qui
1360 2661 1531 2692 Graecorum
1541 2661 1656 2700 aliquot
1666 2661 1802 2693 codicum
1815 2657 1883 2690 mihi
1892 2665 1929 2687 co-

1127 2705 1205 2745 piam
1220 2706 1296 2736 haud
1314 2707 1422 2736 invitus
1433 2706 1512 2737 fecit.
1529 2705 1609 2737 Inter
1622 2707 1752 2746 ingratos
1762 2706 1832 2744 jure
1842 2708 1928 2734 nume-

1125 2758 1208 2780 rari-r
1220 2750 1244 2780 si
1258 2750 1390 2780 meritam
1407 2750 1524 2781 laudem
1537 2759 1595 2782 non
1612 2751 1774 2782 tribuerem
1791 2748 1850 2779 viro
1862 2747 1926 2777 inte-

1125 2793 1255 2833 gerrimo
1263 2799 1350 2835 atque
1360 2793 1928 2836 sapientissiino,Achiltillarlaiosenalﬂ!
