2018 3142
296 147 423 177 CLXXXI]

1005 169 1007 171 .
1014 140 1216 173 PROLEGOM
1219 141 1269 173 EN
1272 142 1295 172 Α
1300 165 1307 172 .

298 214 342 241 tes
356 214 387 240 et
398 207 593 240 Cassiodorus
608 214 749 247 expresse
774 206 895 238 tradunt
920 217 994 247 opus
1021 208 1120 239 Basilii
1133 211 1153 235 Α
1163 208 1345 247 scipulorum
1363 217 1451 240 nemo
1467 209 1522 239 hac
1536 208 1566 239 in
1578 212 1659 248 parte
1670 209 1849 248 perﬁcienda
1857 219 1961 249 operam

298 254 508 294 imperfectum
521 252 678 289 esse,adeo
691 255 721 281 ut
733 255 844 282 tantum
858 261 916 283 non
933 253 1035 283 dicant
1045 253 1122 283 Basi-

296 300 368 330 lium
381 299 455 329 duas
469 298 522 328 has
536 297 573 327 de
589 296 698 337 quibus
721 296 883 336 ambigitur
897 297 1048 328 orationes
1062 307 1121 328 non

296 341 656 384 conscripsisse.Expedit
667 341 1002 382 utrumqueaudire.llle
1011 343 1053 372 sic
1066 343 1120 373 ha-

296 391 347 422 bet
371 389 424 420 lib.
441 395 484 425 IV,
511 396 538 418 c.
568 387 626 417 26:
659 386 804 426 Γρηγόριος
830 386 855 414 δὲ
872 388 902 415 τὸ
935 386 1120 416 διδασκαλικὸν

294 435 435 474 τοῦλόγου
451 430 621 473 [ἐζήλωσενΓ
640 430 668 460 ὅς
697 432 742 459 ml
771 432 820 465 τὴν
849 433 1009 465 ποιηθεῖσαν
1037 437 1116 460 Βασι-

294 481 357 517 λείῳ
383 478 557 516 Ἐξαήμερον,
586 476 633 503 ἅτε
674 475 701 503 δὲ
737 475 971 515 καταλειφθεῖσαν,
999 488 1111 515 προσαιρ-

294 525 435 564 ιπλήρωσε
450 523 518 560 μετὰ
546 521 657 550 θάνατον
687 524 733 549 τοῦ
761 520 885 560 ἂόελφοῦ,
919 532 929 548 ι
958 521 1117 560 Gregorius

292 579 364 602 vero
375 568 529 600 aemulatus
542 569 588 597 est
599 564 699 595 Basilii
710 565 740 596 in
752 564 887 596 docendo
903 565 1117 605 eloquentiam,

293 615 344 655 qui
357 618 386 645 et
399 612 508 644 librum
531 610 635 642 Basilii
650 610 687 640 de
707 618 800 650 opere
815 619 869 640 sex
885 609 1015 650 dierum,
1029 620 1118 651 quem

292 660 344 692 ille
366 658 573 698 imperfectum
602 655 776 695 reliquerat,
792 658 858 695 post
881 655 993 685 obitum
1020 656 1120 686 fratris

293 701 530 744 supplevit.»llic
537 709 608 732 vero
619 700 663 730 sic
675 699 805 740 loquitur
817 699 916 730 lib.De
927 701 1120 731 institutione

291 750 353 781 div.
366 749 425 785 lit.,
439 757 504 788 cap.
521 748 530 778 l
549 757 555 778 :
570 758 584 774 α
598 745 654 782 Qui
666 744 816 784 (Basilius)
832 754 924 785 usque
936 744 972 775 ad
989 745 1118 775 hominis

290 794 493 826 conditionem
510 800 614 822 novem
632 790 725 821 libros
741 789 885 820 tetendit:
905 789 953 820 ubi
970 794 999 820 et
1009 790 1077 821 cceli
1089 796 1117 821 et

289 844 378 871 terra:
393 842 541 874 naturam,
555 835 634 867 aeris
651 839 680 865 et
693 844 837 874 aquarum
855 835 901 865 vel
912 839 1113 866 creaturarum

290 893 368 924 pene
384 882 517 913 omnium
535 880 691 921 qualitates
705 879 833 919 aperuit.
854 891 865 908 ιι
885 878 1010 910 Basilius
1026 879 1115 919 igitur
1127 896 1144 920 Β

289 937 326 959 ex
337 929 444 959 horum
455 930 610 957 auctorum
620 925 857 964 eententia,opus
871 933 959 954 suum
972 933 1031 954 non
1045 934 1111 964 per-

289 972 373 1004 duxit
383 972 419 1002 ad
434 969 676 1001 umbilicumzsed
689 969 718 999 id
729 969 970 1008 idimpert‘ectum
981 968 1110 1009 reliquit.

290 1016 361 1057 Sed,
374 1016 399 1047 si
413 1015 504 1046 semel
523 1013 699 1054 constiterit,
713 1017 745 1043 ut
755 1023 789 1044 ex
805 1013 893 1044 dictis
905 1018 1041 1043 constare
1056 1014 1111 1044 de-

289 1061 428 1102 bet,opus
441 1060 541 1092 Basilii
554 1059 648 1090 fuisse
659 1058 869 1099 imperfectum
886 1068 894 1094 ;
906 1057 976 1089 inde
985 1067 1043 1088 non
1056 1058 1111 1088 ob-

288 1115 375 1137 scure
387 1105 559 1140 ctﬁcitur,ut
571 1103 696 1134 Basilius
708 1112 806 1143 neque
818 1102 855 1133 de
867 1102 996 1133 hominis
1006 1103 1113 1133 condi-

288 1152 482 1189 tione,nequo
494 1149 531 1179 de
543 1148 607 1188 ejus
618 1152 764 1179 structura
773 1148 1027 1183 disseruerit,cum
1038 1147 1112 1178 alio—

288 1197 359 1237 quin
382 1194 561 1227 sanctissimi
577 1193 673 1224 Patris
699 1202 774 1233 opus
789 1192 952 1232 perfectum
968 1192 1070 1223 fuisset
1085 1197 1114 1222 et

286 1242 425 1272 omnibus
437 1239 499 1271 suis
516 1241 650 1269 numeris
665 1247 699 1269 ac
716 1237 848 1277 partibus
865 1237 1026 1277 expletum.
1037 1237 1109 1268 Nam

287 1286 312 1317 si
324 1285 524 1317 conditionem
538 1283 667 1314 hominis
677 1287 764 1323 atque
774 1286 952 1313 structuram
965 1282 1109 1322 excipias,

285 1331 403 1371 reliqua
417 1330 519 1361 omnia
544 1328 696 1368 eleganter
715 1337 748 1358 ac
775 1327 898 1364 capiose
913 1326 943 1357 in
961 1326 1111 1366 prioribus

286 1385 393 1407 novem
404 1373 590 1405 orationibus
601 1372 799 1414 explicantur.
814 1372 865 1402 Vix
878 1371 967 1410 igitur
980 1371 1110 1401 dubitari

286 1424 384 1461 potest
397 1419 467 1460 quin
493 1418 611 1449 decima
626 1422 656 1448 et
672 1417 831 1448 undecima
851 1417 943 1447 oratio
958 1416 989 1446 in
1002 1415 1112 1456 spuriis

285 1469 374 1505 atque
390 1463 552 1495 subdititiis
569 1461 715 1502 ponendae
730 1461 800 1492 sint.
826 1461 900 1492 Nam
925 1461 1002 1501 quod
1029 1461 1112 1492 aiunt

285 1509 481 1541 eruditissimi
490 1508 544 1538 viri
557 1506 752 1539 Combeﬁsius
764 1511 792 1537 et
801 1505 1019 1546 Dupinus,ideo
1034 1505 1109 1536 mul--

1164 252 1358 292 impendisset
1366 253 1723 291 suam,habuissetcausze
1735 254 1867 284 nonnihil
1875 254 1963 285 adver-

1163 306 1214 327 sus
1242 297 1378 328 eximiam
1396 297 1450 328 viri
1467 298 1590 336 gloriam
1609 298 1858 338 reprehensorum
1874 298 1962 338 libido,

1163 342 1246 381 quasi
1258 342 1308 382 qui
1319 342 1355 373 ad
1376 351 1427 373 res
1437 343 1536 373 animo
1552 343 1733 382 indagandos
1748 343 1894 373 auditores
1907 353 1963 374 suos

1163 386 1374 418 consuefacere
1385 387 1539 418 noluiSSet.
1550 386 1634 418 Nunc
1645 397 1712 418 cum
1726 396 1760 418 ea
1770 397 1833 424 nos,
1846 396 1907 427 qua:
1919 388 1962 418 de-

1161 431 1432 471 sunt,explananda
1440 432 1593 472 suscipere
1604 432 1667 462 ausi
1678 441 1812 467 sumus»
1819 437 1874 463 etc.
1881 432 1963 463 «Nihil

1160 476 1320 516 quidquam
1337 476 1437 507 atl'erri
1450 486 1537 516 posse
1553 477 1680 507 arbitror
1696 482 1745 507 aut
1758 476 1964 513 dilucidius,aut

1160 521 1338 560 expressius.
1352 521 1400 552 Ait
1414 522 1492 552 enim
1507 522 1668 561 Gregorius
1683 523 1837 561 suscipere
1848 531 1880 552 se
1893 531 1962 552 suum

1161 575 1234 605 opus
1245 566 1282 596 de
1297 565 1428 597 hominis
1449 571 1554 597 natura
1569 571 1657 606 atque
1671 566 1854 603 conditione,
1873 576 1925 596 non
1941 572 1963 596 ut

1161 610 1223 640 fuse
1232 615 1251 639 ti
1259 615 1336 641 actet
1344 620 1407 651 quae
1418 611 1661 651 compendiosius
1674 615 1847 642 tractaverat
1859 611 1962 643 Basilius

1163 655 1241 695 (quae
1255 655 1372 686 videtur
1380 665 1446 686 esse
1457 656 1558 695 opinio
1570 655 1751 690 Combetisii)
1769 665 1827 686 non
1840 661 1869 686 ut
1879 655 1962 686 absol-

1164 704 1208 730 vat
1222 709 1287 739 quae
1302 700 1454 731 inchoarat
1469 701 1591 732 Basilius
1605 710 1611 732 :
1629 701 1680 731 sed
1698 700 1808 731 idcirco
1824 701 1927 731 addere
1938 709 1962 731 se

1160 744 1232 774 dicit
1246 753 1281 774 ea
1292 754 1357 784 quae
1367 745 1402 775 ad
1416 745 1566 776 hominem
1583 750 1718 780 attinent,
1735 746 1814 785 quod
1832 745 1961 776 «hominis

1159 789 1359 820 consideratio
1373 801 1387 816 ι
1402 791 1431 819 in
1448 790 1548 820 Basilii
1565 800 1654 830 opere
1668 803 1680 817 ι
1694 791 1784 822 desit.
1799 803 1810 819 ι
1827 791 1930 822 Possim
1941 795 1961 820 el

1157 833 1237 864 aliud
1252 834 1451 864 testimonium
1461 835 1593 874 proferre
1604 844 1638 866 ex
1650 836 1756 866 eodem
1770 836 1960 876 Gregorio,qui

1157 879 1213 910 hoc
1227 877 1308 909 idem
1327 878 1376 909 lib.
1396 880 1440 909 De
1457 880 1577 918 opiﬁcio
1592 879 1733 917 hominis,
1753 890 1820 920 pag.
1836 881 1884 916 43,
1894 890 1951 920 aper

1156 923 1269 954 tissime
1285 923 1461 954 confirmat:
1481 925 1532 954 sed
1546 924 1592 955 his
1608 925 1717 955 diutius
1733 926 1885 955 immorari
1902 925 1958 955 nihil

1155 977 1280 998 necesse
1295 973 1352 1008 est,
1363 978 1428 998 cum
1445 969 1471 999 si
1488 969 1560 999 nihil
1573 969 1666 1006 aliud,
1679 971 1773 1010 ipsum
1786 976 1866 1001 certe
1876 971 1960 1001 dictio.

1156 1015 1201 1042 nis
1218 1022 1310 1052 genus
1336 1013 1410 1043 duas
1437 1015 1490 1044 has
1519 1015 1719 1045 oratiunculas
1742 1015 1862 1054 spurias
1888 1022 1959 1054 atque

1156 1058 1358 1097 Supposititias
1374 1067 1440 1088 esse
1453 1064 1555 1099 aperte
1571 1060 1754 1091 ostenderet.

1199 1102 1247 1134 16.
1259 1102 1297 1133 Et
1307 1102 1427 1141 quidem
1440 1103 1546 1134 adduci
1558 1104 1601 1134 vix
1611 1113 1729 1144 possum
1743 1110 1773 1135 ut
1786 1106 1903 1137 credam
1918 1106 1958 1135 hoc

1156 1148 1258 1187 operis
1274 1147 1352 1178 serio
1369 1147 1459 1178 tribui
1478 1158 1563 1188 posse
1586 1159 1692 1188 magno
1708 1150 1749 1180 illi
1766 1149 1887 1181 Basilio.
1902 1150 1957 1181 Nam

1155 1192 1305 1222 scribendi
1315 1195 1389 1222 ratio
1400 1192 1438 1223 ita
1450 1203 1466 1223 a
1480 1193 1625 1224 Basiliana
1640 1194 1776 1235 dissidet,
1794 1200 1827 1225 ut
1841 1205 1901 1226 eam
1911 1195 1957 1225 dis-

1154 1236 1338 1275 crepantiam
1351 1237 1401 1277 qui
1415 1247 1472 1267 non
1491 1238 1580 1274 videt,
1593 1238 1731 1269 raecutire
1741 1241 1868 1269 omnino
1881 1239 1957 1269 videa-

1154 1285 1211 1312 tur.
1226 1281 1270 1312 Ad
1285 1281 1421 1321 exempla
1433 1281 1668 1322 veniamus,quae
1679 1285 1873 1324 peterejuvat
1887 1293 1917 1314 ex
1932 1287 1957 1313 iis

1152 1335 1225 1365 quas
1240 1326 1437 1357 Combeﬁsius
1453 1326 1547 1357 edidit
1570 1328 1764 1366 orationibus,
1780 1338 1851 1360 cum
1866 1329 1934 1368 ipsas
1945 1338 1956 1358 a

1152 1379 1185 1400 se
1201 1371 1333 1411 pristinae
1349 1380 1409 1402 sua)
1425 1371 1586 1410 integritati
1603 1373 1753 1403 restitutas
1768 1383 1838 1404 esse
1850 1378 1955 1404 conten-

1154 1416 1214 1446 dat.
1233 1415 1338 1446 Nostro
1357 1425 1440 1446 more
1456 1417 1570 1456 vulgata
1586 1417 1834 1458 interpretatione
1847 1423 1954 1450 utemur.

1154 1459 1203 1491 Sic
1220 1460 1309 1500 igitur
1334 1460 1433 1500 legere
1449 1466 1494 1491 est
1513 1471 1595 1492 num.
1613 1463 1653 1493 ἓξ
1671 1463 1796 1492 Θάλασσα
1813 1466 1855 1492 καὶ
1870 1464 1955 1500 πελάγη

1154 1504 1264 1542 ἄπειρα,
1292 1507 1335 1533 καὶ
1364 1510 1502 1545 προσταγῇ
1525 1508 1653 1547 παρήχθη
1678 1509 1714 1540 εἰς
1744 1510 1773 1536 τὸ
1802 1510 1884 1537 εἶναι.
1910 1508 1955 1537 V01

284 1559 330 1585 tos
338 1555 498 1594 scriptores
509 1553 646 1593 antiquos
658 1552 696 1583 de
708 1551 825 1582 decima
835 1555 864 1582 et
874 1551 1030 1582 undecima
1041 1559 1110 1581 ora-
1122 1558 1140 1582 c
1153 1550 1272 1590 quidem
1287 1552 1446 1590 πρόσταγμα
1462 1556 1494 1581 ιιι
1504 1552 1581 1592 apud
1595 1552 1718 1583 idoneos
1730 1553 1863 1593 reliquos
1876 1558 1955 1585 aucto-

283 1599 364 1631 tione
378 1600 521 1635 tacuisse,
545 1598 684 1638 quoniam
702 1605 837 1627 seorsum
854 1600 902 1635 pot
917 1596 989 1626 alias
1006 1604 1111 1627 novem

284 1645 394 1676 habitae
408 1648 488 1681 sunt,
505 1643 533 1674 id
550 1643 672 1684 quidem
691 1641 799 1673 faterer
826 1641 938 1681 aliquid
967 1639 1110 1671 momenti

283 1689 437 1725 l.abere.si
450 1688 653 1719 testimonium
662 1687 829 1726 proferrent
838 1685 882 1716 vel
891 1685 1094 1726 uniusscripto

282 1735 324 1765 ris
337 1733 462 1774 antiqui,
479 1732 529 1773 qui
545 1742 577 1763 se
593 1733 646 1763 has
661 1731 734 1762 duas
752 1730 933 1771 posteriores
948 1730 1108 1760 conciones

283 1779 392 1809 vidisse
412 1783 572 1809 testaretur
586 1786 592 1808 :
611 1776 663 1807 sed
679 1785 747 1806 cum
762 1775 836 1806 nihil
853 1775 911 1805 tale
927 1775 1105 1814 proferatur,

283 1822 434 1863 ejusmodi
460 1822 606 1852 rationem
623 1820 748 1861 probare
770 1820 852 1850 nullo
868 1820 956 1850 modo
974 1828 1104 1859 possum.

322 1868 373 1900 15.
391 1867 434 1898 Ad
452 1866 633 1907 propositum
660 1874 714 1896 nos
739 1864 914 1895 referamus.
932 1863 992 1894 Etsi
1018 1863 1108 1903 igitur

282 1911 465 1950 argumentis
478 1911 515 1941 iis
526 1919 592 1951 quae
608 1911 758 1940 ducuntur
769 1918 803 1939 ex
816 1909 991 1940 auctoritate
1003 1908 1107 1939 Hiero-

282 1957 375 1997 nymi,
391 1956 533 1994 Socratis,
551 1954 698 1986 Eustathii
727 1960 756 1984 et
781 1953 959 1991 Cassiodori,
977 1953 1048 1983 insit
1064 1953 1106 1984 vis

283 2002 423 2042 maxima,
443 2007 540 2032 tamen
569 1999 643 2031 levia
664 1999 758 2029 videri
774 2003 908 2039 possunt,
926 1998 951 2028 si
977 2008 1044 2028 cum
1071 2007 1105 2028 eo

281 2051 456 2086 argumento
472 2044 552 2084 quod
566 2053 599 2075 ex
617 2044 793 2074 auctoritate
822 2042 957 2082 Gregorii
981 2042 1104 2082 Nysseni

281 2091 422 2132 petimus,
439 2092 660 2130 comparentur.
679 2087 794 2119 Etenim
811 2088 890 2118 clare
903 2087 1054 2118 etdiserte
1065 2087 1106 2118 ait

279 2136 452 2176 Gregorius,
466 2139 577 2174 partem
596 2142 661 2164 eam
677 2142 744 2172 quae
758 2133 794 2163 ad
811 2132 941 2163 hominis
952 2132 1102 2171 opiﬁcium

279 2185 409 2222 Spectat,
424 2181 454 2211 in
466 2179 567 2211 Basilii
583 2187 674 2218 opere
690 2177 866 2222 desiderari,
879 2180 910 2207 ut
921 2176 1021 2222 mirari
1031 2176 1104 2222 sub-

279 2220 325 2257 eat
342 2233 524 2265 aquoquam
556 2223 611 2254 has
637 2221 837 2253 oratiunculas
865 2220 973 2252 Basilio
1001 2220 1102 2252 tribui.

278 2271 402 2301 Praestat
412 2269 502 2300 verba
514 2268 650 2308 Gregorii
661 2266 840 2305 exscribere,
855 2275 921 2306 quae
931 2265 957 2296 si
969 2265 1104 2304 legantur

278 2318 398 2352 attente,
417 2323 453 2345 ea
467 2314 504 2344 de
520 2322 553 2344 re
570 2322 628 2343 non
643 2312 771 2352 amplius
783 2311 999 2342 dubitationem
1011 2310 1102 2341 ullam

277 2358 341 2389 fore
352 2358 543 2389 conﬁdimus.
557 2357 606 2388 Sic
622 2357 712 2396 igitur
728 2356 858 2396 loquitur
873 2354 1032 2395 Gregorius
1047 2355 1099 2386 lib.

279 2402 320 2433 De
333 2403 464 2434 hominis
472 2402 673 2442 opiﬁci0,pag.
696 2401 735 2432 45
751 2412 757 2430 :
772 2402 798 2429 Ei
821 2401 871 2440 γὰρ
886 2400 1030 2433 λειπούσης
1053 2403 1101 2433 τῆς

277 2446 453 2486 Ἐξαημέρου,
483 2447 530 2480 τῆς
555 2448 591 2478 εἱς
619 2447 665 2474 τὸν
692 2445 829 2484 ἄνθρωπον
857 2445 978 2484 θεωρίας,
1009 2444 1101 2482 μηδεὶς

276 2495 330 2520 τῶν
359 2491 581 2529 μαθητευσάντων
611 2491 682 2526 αὐτῷ
711 2488 828 2524 σπουδήν
876 2501 934 2517 τινα
963 2490 1028 2528 πρὸς
1052 2490 1101 2524 τὴ)

276 2540 321 2565 τοῦ
350 2536 487 2567 λείποντος
518 2534 708 2573 ἀναπλήρωσιν
738 2533 927 2572 εἶσινέγκπιιτω
959 2533 1040 2573 ἔσχεν
1070 2533 1101 2562 ἂν

276 2581 386 2613 εἱκότως
399 2581 467 2609 χιιτὰ
484 2582 532 2613 τῆς
549 2578 671 2618 μεγάλης
688 2580 766 2607 αὖτοῦ
793 2577 869 2612 δόξης
885 2579 899 2606 ὁ
926 2581 1019 2616 μῶμος
1048 2578 1100 2607 λοι-

275 2625 335 2663 ϐὴν,
353 2627 388 2658 ὡς
405 2625 443 2663 μὴ
474 2623 648 2662 βουληθέντος
664 2622 716 2655 ἕξιν
743 2623 802 2651 τινὰ
824 2622 1022 2656 χατκνοητικὴν
1043 2629 1102 2655 τοῖς

275 2671 422 2710 ἀκροαταῖς
439 2670 640 2708 ἐνεργάσασθαι,
658 2669 718 2697 Νυνὶ
738 2667 765 2696 δὲ
794 2668 862 2696 κατὰ
890 2666 997 2704 δύνῑμιν
1021 2670 1099 2705 ἡμῶν

274 2715 514 2752 ἐπιτολμησάντων
545 2717 578 2751 τῇ
606 2713 732 2752 ἐξηγήσει
769 2716 816 2741 τοῦ
859 2712 1010 2752 λείποντος,
1038 2715 1096 2743 etc.

276 2772 287 2788 ι
309 2759 382 2790 Nam
399 2768 465 2791 cum
484 2758 514 2788 in
531 2759 717 2789 enarratione
733 2766 855 2798 operum
873 2766 938 2797 quae
954 2757 1032 2787 Deus
1046 2765 1097 2787 sex

272 2803 380 2835 diebus
391 2803 664 2844 absolvit,hoiuinis
683 2802 883 2834 consideratio
895 2801 972 2832 desit
986 2812 994 2839 ;
1010 2801 1033 2831 si
1048 2801 1096 2831 di-

1154 1603 1213 1629 res.
1233 1595 1272 1625 ita
1296 1595 1374 1636 apud
1400 1595 1540 1626 Basilium
1558 1598 1664 1628 usitata
1685 1602 1739 1629 est.
1757 1598 1819 1629 Sed
1838 1603 1956 1639 praestare

1152 1640 1245 1670 ausim
1262 1649 1364 1670 vocem
1381 1643 1518 1680 προσταγή
1536 1642 1565 1672 in
1582 1642 1692 1673 Basilio
1705 1652 1762 1673 non
1775 1644 1901 1683 reperiri
1913 1652 1954 1679 ;an

1152 1683 1320 1716 inveniatur
1336 1686 1365 1715 in
1383 1685 1448 1716 aliis
1459 1684 1545 1716 bona;
1558 1691 1634 1717 nota
1643 1687 1854 1728 scriptoribus,
1867 1698 1953 1723 necne,

1151 1738 1209 1760 non
1225 1729 1390 1767 alﬁrmabo,
1402 1730 1528 1761 dixerim
1546 1732 1681 1762 tamenin
1698 1733 1882 1772 amplissimo
1890 1733 1955 1764 Hen-

1149 1774 1204 1805 rici
1221 1774 1363 1814 Stephani
1384 1775 1537 1807 Th'vsauro
1555 1786 1614 1808 non
1632 1776 1701 1817 legi.
1719 1776 1797 1808 Nnm
1815 1781 1854 1810 6:
1871 1779 1910 1807 Ἐν
1924 1780 1955 1807 οἷς

1150 1821 1226 1852 ’ὦτος
1249 1820 1327 1848 εἶπεν
1342 1819 1370 1852 ἐξ
1392 1821 1508 1859 ὑπογύου
1524 1823 1536 1849 ὁ
1554 1826 1631 1858 Θεος,
1651 1833 1662 1850 I
1682 1823 1713 1853 In
1730 1822 1766 1853 iis
1782 1822 1954 1858 nimirum,in

1149 1863 1256 1904 quibus
1268 1864 1331 1904 ipse
1343 1864 1420 1895 Deus
1432 1865 1568 1904 proxime
1580 1867 1662 1897 dixit.
1674 1879 1686 1896 ι
1703 1868 1755 1897 Vix
1768 1868 1842 1899 mihi
1853 1877 1955 1908 persua-

1147 1908 1211 1939 deri
1224 1909 1332 1948 poterit
1341 1908 1481 1940 Basilium
1499 1910 1554 1941 hac
1567 1911 1710 1951 loquendi
1722 1912 1852 1950 ratione,
1863 1914 1888 1946 ὲξ
1901 1914 1953 1940 ὐπο-

1147 1954 1219 1997 γύσο,
1238 1963 1367 1992 unquam
1386 1963 1471 1984 usum
1488 1954 1590 1986 fuisse.
1605 1957 1749 1996 Reperias
1763 1958 1874 1997 saepius
1888 1957 1952 1996 apud

1147 1996 1287 2028 Basilium
1313 1998 1370 2029 hoc
1393 1998 1459 2039 ipso
1488 2001 1635 2036 sensu,év
1663 2009 1721 2033 τοῖς
1750 1996 1867 2031 κατόπιν
1893 2003 1952 2035 εἶπε,

1150 2054 1162 2069 α
1179 2045 1318 2083 superius
1333 2043 1426 2074 dixit:
1448 2053 1461 2072 ι
1478 2044 1529 2074 sed
1546 2044 1661 2081 illud,é£
1675 2047 1953 2087 omydou,nusquam,

1146 2087 1263 2127 opinor,
1278 2087 1422 2119 invenias.
1439 2086 1515 2118 Num
1548 2089 1566 2120 8
1580 2098 1586 2120 ;
1605 2090 1724 2119 ’Ἕπειτᾶ
1739 2092 1785 2119 καὶ
1799 2086 1828 2126 νὴ
1845 2086 1952 2131 napaea—

1146 2143 1192 2177 σου
1222 2132 1467 2170 συνεπεδαψιλεὺθη
1492 2134 1649 2172 ἀπόλαυσις,
1671 2147 1684 2163 α
1701 2135 1776 2166 Tum
1795 2141 1826 2167 et
1842 2134 1953 2177 paradisi

1146 2176 1331 2208 liberalitatis
1346 2177 1464 2207 cumulo
1481 2177 1515 2208 ad
1516 2178 1605 2217 jectie
1620 2179 1744 2210 deliciae.
1765 2193 1778 2207 ι
1809 2180 1894 2218 Illud,
1906 2192 1952 2208 w-

1146 2221 1349 2260 επιδκψιλεύθη,
1366 2221 1484 2259 frustra,
1506 2222 1562 2252 nisi
1579 2232 1626 2254 me
1638 2224 1712 2254 fallit
1727 2224 1860 2262 animus,
1873 2225 1900 2256 in
1910 2226 1953 2256 Ba-

1145 2266 1213 2297 silio
1232 2266 1395 2306 quaesieris.
1414 2265 1506 2298 Num.
1523 2266 1558 2297 12
1574 2278 1580 2298 :
1611 2269 1654 2300 Τίς
1669 2270 1683 2297 ὁ
1697 2273 1730 2307 τῇ
1746 2270 1888 2308 ἀραιότητι
1912 2270 1952 2298 τῶν

1145 2313 1286 2348 στημόνων
1313 2311 1419 2339 ἐκείνων
1449 2310 1556 2344 ξυλίνων
1587 2313 1636 2346 τὴν
1664 2313 1801 2347 ἀναπνοὴν
1831 2319 1868 2352 τῷ
1887 2315 1952 2353 lapte--

1143 2355 1292 2393 χλεισμένῳ
1306 2357 1389 2396 θηρίῳ
1411 2367 1625 2396 πιρχσχευεισας,
1645 2367 1659 2386 ‹
1684 2358 1756 2394 Quis
1770 2367 1856 2390 raros
1871 2367 1952 2390 cavete

1144 2399 1606 2438 ligneacancellosinclusazferaa
1614 2402 1951 2444 exstruxit,quorespira-

1144 2449 1200 2476 ret.
1219 2457 1228 2473 ι
1249 2444 1340 2484 Illud,
1354 2446 1475 2485 στήμων,
1489 2449 1522 2475 ιιι
1538 2446 1576 2476 de
1593 2446 1717 2487 reliquis
1730 2449 1952 2486 taceam,aBasi-

1145 2489 1224 2520 liano
1239 2489 1314 2529 stylo
1326 2489 1414 2529 longe
1429 2489 1577 2521 dissidere
1587 2491 1728 2523 arbitror.
1740 2493 1816 2523 Nam
1827 2494 1950 2533 vowel-

1144 2546 1213 2572 μων,
1231 2534 1395 2575 impropria
1411 2538 1467 2574 est,
1486 2543 1542 2565 nec
1560 2534 1636 2566 bena
1651 2536 1721 2567 huic
1737 2536 1803 2567 loco
1813 2538 1950 2568 convenit.

1144 2579 1297 2619 Signiﬁcat
1320 2579 1441 2619 quidem
1469 2579 1588 2617 usitate,
1607 2593 1617 2608 ι
1638 2584 1763 2622 stamen,
1782 2594 1795 2610 ιι
1817 2586 1869 2613 aut
1885 2586 1951 2622 (ipsa

1143 2633 1209 2664 quin
1218 2633 1234 2654 e
1243 2624 1318 2654 coelo
1330 2624 1480 2654 ducuntur
1492 2623 1569 2654 ﬁlazn
1584 2625 1635 2656 sed
1645 2626 1724 2665 apud
1740 2635 1816 2664 quos
1827 2632 1950 2658 auctores

1143 2677 1196 2698 vox
1212 2668 1323 2705 στήμων
1349 2668 1499 2707 signiﬁcet
1517 2681 1528 2696 ιι
1546 2677 1677 2707 caveam,
1693 2680 1706 2700 ι
1726 2671 1813 2702 velim
1842 2671 1950 2703 dixisset

1140 2712 1346 2743 Gombeﬁsius.
1363 2713 1494 2743 Numero
1512 2713 1567 2744 ΜΣ
1587 2718 1673 2754 Μικρᾷ
1694 2717 1859 2754 προσψκύσει
1879 2717 1947 2755 ἐχρά-

1139 2768 1204 2790 τητε
1220 2759 1250 2785 τὸ
1266 2758 1435 2797 ἂεροπορουν,
1455 2769 1466 2786 α
1484 2757 1556 2789 Levi
1574 2763 1681 2790 attactu
1706 2769 1759 2800 per
1773 2769 1844 2791 aera
1860 2761 1949 2792 volan-

1139 2806 1198 2832 tem
1213 2801 1357 2833 aviculam
1384 2802 1491 2834 tenuit.
1511 2815 1525 2831 ι
1546 2802 1677 2835 Verbum
1695 2805 1815 2846 quidem
1847 2806 1948 2846 ἂεροποα
