  <div class='ocr_page' id='page_1' title='image "/cluster/home/n/w/nwhite01/storage/ocr_20150623/29/njp.32101013202583/198.png"; bbox 0 0 2018 3142; ppageno 0'>
   <div class='ocr_carea' id='block_1_1' title="bbox 594 165 1181 201">
    <p class='ocr_par' dir='ltr' id='par_1_1' title="bbox 594 165 1181 201">
     <span class='ocr_line' id='line_1_1' title="bbox 594 165 1181 201; baseline -0.003 0"><span class='ocrx_word' id='word_1_1' title='bbox 594 170 631 201; x_wconf 88' lang='lat' dir='ltr'><strong>D.</strong></span> <span class='ocrx_word' id='word_1_2' title='bbox 653 169 733 201; x_wconf 77' lang='lat' dir='ltr'><strong>IUL.</strong></span> <span class='ocrx_word' id='word_1_3' title='bbox 757 168 945 200; x_wconf 76' lang='lat' dir='ltr'><strong>GARNERII</strong></span> <span class='ocrx_word' id='word_1_4' title='bbox 967 165 1181 200; x_wconf 65' lang='lat' dir='ltr'><strong>PREFATIO.</strong></span> 
     </span>
    </p>
   </div>
   <div class='ocr_carea' id='block_1_2' title="bbox 55 235 886 276">
    <p class='ocr_par' dir='ltr' id='par_1_2' title="bbox 55 235 886 276">
     <span class='ocr_line' id='line_1_2' title="bbox 55 235 886 276; baseline -0.005 -10"><span class='ocrx_word' id='word_1_5' title='bbox 55 239 95 266; x_wconf 54' lang='lat' dir='ltr'><strong>an»</strong></span> <span class='ocrx_word' id='word_1_6' title='bbox 115 242 163 266; x_wconf 79' lang='grc' dir='ltr'><strong>τῶν</strong></span> <span class='ocrx_word' id='word_1_7' title='bbox 192 237 282 276; x_wconf 74' lang='grc' dir='ltr'>Σύρων</span> <span class='ocrx_word' id='word_1_8' title='bbox 309 237 396 276; x_wconf 48' lang='lat' dir='ltr'><strong>ea)th</strong></span> <span class='ocrx_word' id='word_1_9' title='bbox 417 235 635 275; x_wconf 51' lang='lat' dir='ltr'><strong>eugattzwtépzv</strong></span> <span class='ocrx_word' id='word_1_10' title='bbox 651 246 680 263; x_wconf 79' lang='grc' dir='ltr'>τε</span> <span class='ocrx_word' id='word_1_11' title='bbox 697 235 781 274; x_wconf 66' lang='lat' dir='ltr'><strong>arm,</strong></span> <span class='ocrx_word' id='word_1_12' title='bbox 814 235 886 262; x_wconf 67' lang='grc' dir='ltr'><strong>κιὶΑ</strong></span> 
     </span>
    </p>
   </div>
   <div class='ocr_carea' id='block_1_3' title="bbox 55 279 861 321">
    <p class='ocr_par' dir='ltr' id='par_1_3' title="bbox 55 279 861 321">
     <span class='ocr_line' id='line_1_3' title="bbox 55 279 861 321; baseline -0.001 -11"><span class='ocrx_word' id='word_1_13' title='bbox 55 283 87 311; x_wconf 68' lang='grc' dir='ltr'><strong>διὰ</strong></span> <span class='ocrx_word' id='word_1_14' title='bbox 111 284 155 316; x_wconf 73' lang='grc' dir='ltr'><strong>τὴν</strong></span> <span class='ocrx_word' id='word_1_15' title='bbox 177 283 242 321; x_wconf 77' lang='grc' dir='ltr'>πρὸς</span> <span class='ocrx_word' id='word_1_16' title='bbox 273 283 323 316; x_wconf 74' lang='grc' dir='ltr'><strong>τὴν</strong></span> <span class='ocrx_word' id='word_1_17' title='bbox 351 280 480 320; x_wconf 66' lang='grc' dir='ltr'>Ἐὅριῖδα</span> <span class='ocrx_word' id='word_1_18' title='bbox 510 281 653 319; x_wconf 72' lang='grc' dir='ltr'><strong>γειτνίασιν</strong></span> <span class='ocrx_word' id='word_1_19' title='bbox 678 279 779 317; x_wconf 79' lang='grc' dir='ltr'><strong>μᾶλλόν</strong></span> <span class='ocrx_word' id='word_1_20' title='bbox 805 290 861 309; x_wconf 74' lang='grc' dir='ltr'><strong>πως</strong></span> 
     </span>
    </p>
   </div>
   <div class='ocr_carea' id='block_1_4' title="bbox 55 324 861 366">
    <p class='ocr_par' dir='ltr' id='par_1_4' title="bbox 55 324 861 366">
     <span class='ocr_line' id='line_1_4' title="bbox 55 324 861 366; baseline -0.005 -11"><span class='ocrx_word' id='word_1_21' title='bbox 55 328 169 364; x_wconf 51' lang='lat' dir='ltr'><strong>ﬁni-moi;</strong></span> <span class='ocrx_word' id='word_1_22' title='bbox 193 330 246 354; x_wconf 75' lang='grc' dir='ltr'><strong>τῶν</strong></span> <span class='ocrx_word' id='word_1_23' title='bbox 273 329 382 366; x_wconf 69' lang='grc' dir='ltr'><strong>Γρπφῶν</strong></span> <span class='ocrx_word' id='word_1_24' title='bbox 409 325 601 364; x_wconf 75' lang='grc' dir='ltr'><strong>προσεγγίζειν.</strong></span> <span class='ocrx_word' id='word_1_25' title='bbox 644 324 720 353; x_wconf 65' lang='grc' dir='ltr'><strong>Εἶναι</strong></span> <span class='ocrx_word' id='word_1_26' title='bbox 744 328 788 353; x_wconf 78' lang='grc' dir='ltr'><strong>οὖν</strong></span> <span class='ocrx_word' id='word_1_27' title='bbox 814 324 861 357; x_wconf 67' lang='grc' dir='ltr'><strong>τὴν</strong></span> 
     </span>
    </p>
   </div>
   <div class='ocr_carea' id='block_1_5' title="bbox 56 369 860 409">
    <p class='ocr_par' dir='ltr' id='par_1_5' title="bbox 56 369 860 409">
     <span class='ocr_line' id='line_1_5' title="bbox 56 369 860 409; baseline -0.005 -10"><span class='ocrx_word' id='word_1_28' title='bbox 56 372 152 399; x_wconf 65' lang='grc' dir='ltr'><strong>διάνοιαν</strong></span> <span class='ocrx_word' id='word_1_29' title='bbox 176 376 222 400; x_wconf 81' lang='grc' dir='ltr'><strong>τοῦ</strong></span> <span class='ocrx_word' id='word_1_30' title='bbox 248 371 329 409; x_wconf 74' lang='grc' dir='ltr'><strong>ῥητοῦ</strong></span> <span class='ocrx_word' id='word_1_31' title='bbox 364 370 500 403; x_wconf 71' lang='grc' dir='ltr'><strong>τειιύτην,</strong></span> <span class='ocrx_word' id='word_1_32' title='bbox 529 371 565 398; x_wconf 82' lang='grc' dir='ltr'><strong>Τὸ</strong></span> <span class='ocrx_word' id='word_1_33' title='bbox 588 369 743 409; x_wconf 73' lang='grc' dir='ltr'><strong>ἐπεφέρετο,</strong></span> <span class='ocrx_word' id='word_1_34' title='bbox 769 369 860 407; x_wconf 73' lang='grc' dir='ltr'>φησὶν,</span> 
     </span>
    </p>
   </div>
   <div class='ocr_carea' id='block_1_6' title="bbox 57 414 860 455">
    <p class='ocr_par' dir='ltr' id='par_1_6' title="bbox 57 414 860 455">
     <span class='ocr_line' id='line_1_6' title="bbox 57 414 860 455; baseline -0.002 -12"><span class='ocrx_word' id='word_1_35' title='bbox 57 416 202 455; x_wconf 62' lang='grc' dir='ltr'><strong>ἐξνηοῦνζιι,</strong></span> <span class='ocrx_word' id='word_1_36' title='bbox 222 415 279 443; x_wconf 68' lang='grc' dir='ltr'>ἀντὶ</span> <span class='ocrx_word' id='word_1_37' title='bbox 310 421 356 445; x_wconf 75' lang='grc' dir='ltr'><strong>τοῦ</strong></span> <span class='ocrx_word' id='word_1_38' title='bbox 387 415 531 442; x_wconf 53' lang='lat' dir='ltr'><strong>mvelisz</strong></span> <span class='ocrx_word' id='word_1_39' title='bbox 555 415 598 441; x_wconf 66' lang='grc' dir='ltr'><strong>καὶ</strong></span> <span class='ocrx_word' id='word_1_40' title='bbox 628 414 767 453; x_wconf 79' lang='grc' dir='ltr'><strong>ἐζωο-(όνει</strong></span> <span class='ocrx_word' id='word_1_41' title='bbox 811 414 860 447; x_wconf 74' lang='grc' dir='ltr'><strong>τὴν</strong></span> 
     </span>
    </p>
   </div>
   <div class='ocr_carea' id='block_1_7' title="bbox 58 459 860 501">
    <p class='ocr_par' dir='ltr' id='par_1_7' title="bbox 58 459 860 501">
     <span class='ocr_line' id='line_1_7' title="bbox 58 459 860 501; baseline -0.004 -12"><span class='ocrx_word' id='word_1_42' title='bbox 58 460 205 489; x_wconf 73' lang='grc' dir='ltr'><strong>τιῖι-ιῦδάτων</strong></span> <span class='ocrx_word' id='word_1_43' title='bbox 220 462 309 501; x_wconf 62' lang='grc' dir='ltr'><strong>φύσιν,</strong></span> <span class='ocrx_word' id='word_1_44' title='bbox 334 461 402 488; x_wconf 74' lang='grc' dir='ltr'><strong>κατὰ</strong></span> <span class='ocrx_word' id='word_1_45' title='bbox 429 460 477 493; x_wconf 76' lang='grc' dir='ltr'><strong>τὴν</strong></span> <span class='ocrx_word' id='word_1_46' title='bbox 497 459 584 487; x_wconf 76' lang='grc' dir='ltr'>εἰκόνα</span> <span class='ocrx_word' id='word_1_47' title='bbox 613 462 661 492; x_wconf 81' lang='grc' dir='ltr'><strong>τῆς</strong></span> <span class='ocrx_word' id='word_1_48' title='bbox 687 459 860 494; x_wconf 71' lang='grc' dir='ltr'><strong>ὲπωειζούσης</strong></span> 
     </span>
    </p>
   </div>
   <div class='ocr_carea' id='block_1_8' title="bbox 59 503 862 545">
    <p class='ocr_par' dir='ltr' id='par_1_8' title="bbox 59 503 862 545">
     <span class='ocr_line' id='line_1_8' title="bbox 59 503 862 545; baseline -0.005 -11"><span class='ocrx_word' id='word_1_49' title='bbox 59 506 153 545; x_wconf 64' lang='grc' dir='ltr'><strong>ὄρνιθος,</strong></span> <span class='ocrx_word' id='word_1_50' title='bbox 182 506 222 532; x_wconf 65' lang='grc' dir='ltr'><strong>καὶ</strong></span> <span class='ocrx_word' id='word_1_51' title='bbox 267 504 384 540; x_wconf 70' lang='grc' dir='ltr'><strong>ζωτικήν</strong></span> <span class='ocrx_word' id='word_1_52' title='bbox 399 516 456 533; x_wconf 74' lang='grc' dir='ltr'><strong>τινι</strong></span> <span class='ocrx_word' id='word_1_53' title='bbox 471 503 579 540; x_wconf 70' lang='grc' dir='ltr'><strong>δύνπιμιν</strong></span> <span class='ocrx_word' id='word_1_54' title='bbox 595 504 708 537; x_wconf 74' lang='grc' dir='ltr'><strong>ἐνιείσης</strong></span> <span class='ocrx_word' id='word_1_55' title='bbox 725 510 783 535; x_wconf 70' lang='grc' dir='ltr'><strong>τοῖς</strong></span> <span class='ocrx_word' id='word_1_56' title='bbox 798 504 862 531; x_wconf 73' lang='grc' dir='ltr'>ὑπο-</span> 
     </span>
    </p>
   </div>
   <div class='ocr_carea' id='block_1_9' title="bbox 59 548 861 588">
    <p class='ocr_par' dir='ltr' id='par_1_9' title="bbox 59 548 861 588">
     <span class='ocr_line' id='line_1_9' title="bbox 59 548 861 588; baseline -0.005 -10"><span class='ocrx_word' id='word_1_57' title='bbox 59 551 228 586; x_wconf 70' lang='grc' dir='ltr'><strong>Βιλπιιμὲνοις,</strong></span> <span class='ocrx_word' id='word_1_58' title='bbox 266 549 390 578; x_wconf 65' lang='grc' dir='ltr'><strong>Τῡιοῦτόν</strong></span> <span class='ocrx_word' id='word_1_59' title='bbox 423 549 483 576; x_wconf 63' lang='grc' dir='ltr'><strong>τινά</strong></span> <span class='ocrx_word' id='word_1_60' title='bbox 518 559 596 588; x_wconf 73' lang='grc' dir='ltr'>φατιν</span> <span class='ocrx_word' id='word_1_61' title='bbox 619 549 669 576; x_wconf 80' lang='grc' dir='ltr'>ὑπὸ</span> <span class='ocrx_word' id='word_1_62' title='bbox 695 549 742 582; x_wconf 72' lang='grc' dir='ltr'><strong>τῆς</strong></span> <span class='ocrx_word' id='word_1_63' title='bbox 772 548 861 587; x_wconf 67' lang='grc' dir='ltr'>φωιῆς</span> 
     </span>
    </p>
   </div>
   <div class='ocr_carea' id='block_1_10' title="bbox 60 592 863 633">
    <p class='ocr_par' dir='ltr' id='par_1_10' title="bbox 60 592 863 633">
     <span class='ocr_line' id='line_1_10' title="bbox 60 592 863 633; baseline -0.002 -12"><span class='ocrx_word' id='word_1_64' title='bbox 60 596 140 627; x_wconf 59' lang='lat' dir='ltr'><strong>tri-.11;</strong></span> <span class='ocrx_word' id='word_1_65' title='bbox 168 593 382 633; x_wconf 58' lang='grc' dir='ltr'><strong>πιριδτλλοῦπθχι</strong></span> <span class='ocrx_word' id='word_1_66' title='bbox 414 594 458 621; x_wconf 71' lang='grc' dir='ltr'><strong>τὸν</strong></span> <span class='ocrx_word' id='word_1_67' title='bbox 499 597 569 630; x_wconf 59' lang='grc' dir='ltr'>νοῦν,</span> <span class='ocrx_word' id='word_1_68' title='bbox 608 594 643 623; x_wconf 76' lang='grc' dir='ltr'><strong>ὡς</strong></span> <span class='ocrx_word' id='word_1_69' title='bbox 674 592 863 632; x_wconf 70' lang='grc' dir='ltr'><strong>ἒπιφερομένου</strong></span> 
     </span>
    </p>
   </div>
   <div class='ocr_carea' id='block_1_11' title="bbox 61 637 864 677">
    <p class='ocr_par' dir='ltr' id='par_1_11' title="bbox 61 637 864 677">
     <span class='ocr_line' id='line_1_11' title="bbox 61 637 864 677; baseline -0.002 -11"><span class='ocrx_word' id='word_1_70' title='bbox 61 643 97 667; x_wconf 67' lang='grc' dir='ltr'><strong>τώ</strong></span> <span class='ocrx_word' id='word_1_71' title='bbox 108 640 263 677; x_wconf 60' lang='grc' dir='ltr'><strong>Πνεύμιτος,</strong></span> <span class='ocrx_word' id='word_1_72' title='bbox 295 638 428 677; x_wconf 59' lang='grc' dir='ltr'><strong>τουτέιγτι,</strong></span> <span class='ocrx_word' id='word_1_73' title='bbox 459 638 524 676; x_wconf 72' lang='grc' dir='ltr'><strong>πρὸς</strong></span> <span class='ocrx_word' id='word_1_74' title='bbox 554 637 696 676; x_wconf 70' lang='grc' dir='ltr'><strong>ζωογονίπν</strong></span> <span class='ocrx_word' id='word_1_75' title='bbox 738 638 786 670; x_wconf 63' lang='grc' dir='ltr'><strong>τὴν</strong></span> <span class='ocrx_word' id='word_1_76' title='bbox 819 638 864 665; x_wconf 70' lang='grc' dir='ltr'><strong>τοῧ</strong></span> 
     </span>
    </p>
   </div>
   <div class='ocr_carea' id='block_1_12' title="bbox 60 681 863 722">
    <p class='ocr_par' dir='ltr' id='par_1_12' title="bbox 60 681 863 722">
     <span class='ocr_line' id='line_1_12' title="bbox 60 681 863 722; baseline 0 -11"><span class='ocrx_word' id='word_1_77' title='bbox 60 683 135 711; x_wconf 59' lang='grc' dir='ltr'><strong>τὲειτςκ</strong></span> <span class='ocrx_word' id='word_1_78' title='bbox 157 684 229 722; x_wconf 54' lang='lat' dir='ltr'><strong>oﬁaw</strong></span> <span class='ocrx_word' id='word_1_79' title='bbox 255 683 516 722; x_wconf 68' lang='grc' dir='ltr'><strong>ππιραισκευέζοντος.</strong></span> <span class='ocrx_word' id='word_1_80' title='bbox 552 694 565 708; x_wconf 66' lang='lat' dir='ltr'><strong>ei</strong></span> <span class='ocrx_word' id='word_1_81' title='bbox 597 681 698 712; x_wconf 85' lang='lat' dir='ltr'><strong>Dicam</strong></span> <span class='ocrx_word' id='word_1_82' title='bbox 727 681 779 711; x_wconf 78' lang='lat' dir='ltr'><strong>tibi</strong></span> <span class='ocrx_word' id='word_1_83' title='bbox 805 689 863 711; x_wconf 88' lang='lat' dir='ltr'><strong>non</strong></span> 
     </span>
    </p>
   </div>
   <div class='ocr_carea' id='block_1_13' title="bbox 61 727 866 767">
    <p class='ocr_par' dir='ltr' id='par_1_13' title="bbox 61 727 866 767">
     <span class='ocr_line' id='line_1_13' title="bbox 61 727 866 767; baseline 0 -11"><span class='ocrx_word' id='word_1_84' title='bbox 61 737 152 758; x_wconf 75' lang='lat' dir='ltr'><strong>meam.</strong></span> <span class='ocrx_word' id='word_1_85' title='bbox 169 728 219 758; x_wconf 83' lang='lat' dir='ltr'><strong>sed</strong></span> <span class='ocrx_word' id='word_1_86' title='bbox 236 727 294 757; x_wconf 83' lang='lat' dir='ltr'><strong>viri</strong></span> <span class='ocrx_word' id='word_1_87' title='bbox 321 727 385 767; x_wconf 75' lang='lat' dir='ltr'><strong>Syri</strong></span> <span class='ocrx_word' id='word_1_88' title='bbox 414 727 604 762; x_wconf 85' lang='lat' dir='ltr'><strong>sententiam,</strong></span> <span class='ocrx_word' id='word_1_89' title='bbox 636 727 685 766; x_wconf 79' lang='lat' dir='ltr'><strong>qui</strong></span> <span class='ocrx_word' id='word_1_90' title='bbox 715 730 825 756; x_wconf 85' lang='lat' dir='ltr'><strong>tantum</strong></span> <span class='ocrx_word' id='word_1_91' title='bbox 849 735 866 756; x_wconf 92' lang='lat' dir='ltr'><strong>a</strong></span> 
     </span>
    </p>
   </div>
   <div class='ocr_carea' id='block_1_14' title="bbox 61 771 864 811">
    <p class='ocr_par' dir='ltr' id='par_1_14' title="bbox 61 771 864 811">
     <span class='ocr_line' id='line_1_14' title="bbox 61 771 864 811; baseline -0.004 -8"><span class='ocrx_word' id='word_1_92' title='bbox 61 772 146 803; x_wconf 84' lang='lat' dir='ltr'><strong>mundi</strong></span> <span class='ocrx_word' id='word_1_93' title='bbox 157 772 286 802; x_wconf 85' lang='lat' dir='ltr'><strong>distabat</strong></span> <span class='ocrx_word' id='word_1_94' title='bbox 298 772 455 811; x_wconf 81' lang='lat' dir='ltr'><strong>sapientia,</strong></span> <span class='ocrx_word' id='word_1_95' title='bbox 469 776 609 811; x_wconf 87' lang='lat' dir='ltr'><strong>quantum</strong></span> <span class='ocrx_word' id='word_1_96' title='bbox 620 771 656 800; x_wconf 87' lang='lat' dir='ltr'><strong>ad</strong></span> <span class='ocrx_word' id='word_1_97' title='bbox 668 779 767 801; x_wconf 91' lang='lat' dir='ltr'><strong>rerum</strong></span> <span class='ocrx_word' id='word_1_98' title='bbox 779 779 864 800; x_wconf 88' lang='lat' dir='ltr'><strong>vera-</strong></span> 
     </span>
    </p>
   </div>
   <div class='ocr_carea' id='block_1_15' title="bbox 60 815 864 856">
    <p class='ocr_par' dir='ltr' id='par_1_15' title="bbox 60 815 864 856">
     <span class='ocr_line' id='line_1_15' title="bbox 60 815 864 856; baseline -0.002 -10"><span class='ocrx_word' id='word_1_99' title='bbox 60 827 112 846; x_wconf 86' lang='lat' dir='ltr'><strong>rum</strong></span> <span class='ocrx_word' id='word_1_100' title='bbox 121 817 269 847; x_wconf 80' lang='lat' dir='ltr'><strong>scicntiam</strong></span> <span class='ocrx_word' id='word_1_101' title='bbox 281 816 659 856; x_wconf 60' lang='lat' dir='ltr'><strong>appropinquabatAiebat</strong></span> <span class='ocrx_word' id='word_1_102' title='bbox 668 815 756 853; x_wconf 82' lang='lat' dir='ltr'><strong>igitur</strong></span> <span class='ocrx_word' id='word_1_103' title='bbox 763 823 864 845; x_wconf 84' lang='lat' dir='ltr'><strong>vocem</strong></span> 
     </span>
    </p>
   </div>
   <div class='ocr_carea' id='block_1_16' title="bbox 61 860 864 901">
    <p class='ocr_par' dir='ltr' id='par_1_16' title="bbox 61 860 864 901">
     <span class='ocr_line' id='line_1_16' title="bbox 61 860 864 901; baseline -0.004 -9"><span class='ocrx_word' id='word_1_104' title='bbox 61 863 182 901; x_wconf 70' lang='lat' dir='ltr'><strong>Syrorum</strong></span> <span class='ocrx_word' id='word_1_105' title='bbox 200 867 227 891; x_wconf 69' lang='lat' dir='ltr'><strong>et</strong></span> <span class='ocrx_word' id='word_1_106' title='bbox 239 861 509 900; x_wconf 71' lang='lat' dir='ltr'><strong>signiﬁcantiorem</strong></span> <span class='ocrx_word' id='word_1_107' title='bbox 524 868 601 899; x_wconf 88' lang='lat' dir='ltr'><strong>esse,</strong></span> <span class='ocrx_word' id='word_1_108' title='bbox 613 865 641 890; x_wconf 81' lang='lat' dir='ltr'><strong>et</strong></span> <span class='ocrx_word' id='word_1_109' title='bbox 656 860 693 890; x_wconf 90' lang='lat' dir='ltr'><strong>ob</strong></span> <span class='ocrx_word' id='word_1_110' title='bbox 705 869 788 890; x_wconf 87' lang='lat' dir='ltr'><strong>suam</strong></span> <span class='ocrx_word' id='word_1_111' title='bbox 798 868 864 890; x_wconf 90' lang='lat' dir='ltr'><strong>cum</strong></span> 
     </span>
    </p>
   </div>
   <div class='ocr_carea' id='block_1_17' title="bbox 62 903 896 945">
    <p class='ocr_par' dir='ltr' id='par_1_17' title="bbox 62 903 896 945">
     <span class='ocr_line' id='line_1_17' title="bbox 62 903 896 945; baseline -0.004 -9"><span class='ocrx_word' id='word_1_112' title='bbox 62 906 186 937; x_wconf 83' lang='lat' dir='ltr'><strong>Hebraica</strong></span> <span class='ocrx_word' id='word_1_113' title='bbox 202 906 305 945; x_wconf 82' lang='lat' dir='ltr'><strong>lingua</strong></span> <span class='ocrx_word' id='word_1_114' title='bbox 325 906 542 945; x_wconf 81' lang='lat' dir='ltr'><strong>cognationem,</strong></span> <span class='ocrx_word' id='word_1_115' title='bbox 561 904 687 945; x_wconf 87' lang='lat' dir='ltr'><strong>quodam</strong></span> <span class='ocrx_word' id='word_1_116' title='bbox 715 906 803 934; x_wconf 86' lang='lat' dir='ltr'><strong>modo</strong></span> <span class='ocrx_word' id='word_1_117' title='bbox 829 903 865 934; x_wconf 90' lang='lat' dir='ltr'><strong>ad</strong></span> <span class='ocrx_word' id='word_1_118' title='bbox 879 921 896 945; x_wconf 71' lang='grc' dir='ltr'><strong>Β</strong></span> 
     </span>
    </p>
   </div>
   <div class='ocr_carea' id='block_1_18' title="bbox 62 949 865 990">
    <p class='ocr_par' dir='ltr' id='par_1_18' title="bbox 62 949 865 990">
     <span class='ocr_line' id='line_1_18' title="bbox 62 949 865 990; baseline -0.002 -9"><span class='ocrx_word' id='word_1_119' title='bbox 62 950 259 990; x_wconf 86' lang='lat' dir='ltr'><strong>Scripturarum</strong></span> <span class='ocrx_word' id='word_1_120' title='bbox 277 960 401 981; x_wconf 85' lang='lat' dir='ltr'><strong>sensum</strong></span> <span class='ocrx_word' id='word_1_121' title='bbox 414 950 535 990; x_wconf 85' lang='lat' dir='ltr'><strong>propius</strong></span> <span class='ocrx_word' id='word_1_122' title='bbox 546 949 809 989; x_wconf 79' lang='lat' dir='ltr'><strong>accedereJtaque</strong></span> <span class='ocrx_word' id='word_1_123' title='bbox 820 953 865 979; x_wconf 89' lang='lat' dir='ltr'><strong>ta-</strong></span> 
     </span>
    </p>
   </div>
   <div class='ocr_carea' id='block_1_19' title="bbox 63 993 866 1034">
    <p class='ocr_par' dir='ltr' id='par_1_19' title="bbox 63 993 866 1034">
     <span class='ocr_line' id='line_1_19' title="bbox 63 993 866 1034; baseline -0.001 -10"><span class='ocrx_word' id='word_1_124' title='bbox 63 995 108 1024; x_wconf 78' lang='lat' dir='ltr'><strong>lem</strong></span> <span class='ocrx_word' id='word_1_125' title='bbox 123 995 231 1026; x_wconf 80' lang='lat' dir='ltr'><strong>dicebat</strong></span> <span class='ocrx_word' id='word_1_126' title='bbox 250 1004 320 1026; x_wconf 90' lang='lat' dir='ltr'><strong>esse</strong></span> <span class='ocrx_word' id='word_1_127' title='bbox 336 994 424 1034; x_wconf 85' lang='lat' dir='ltr'><strong>hujus</strong></span> <span class='ocrx_word' id='word_1_128' title='bbox 439 994 510 1024; x_wconf 89' lang='lat' dir='ltr'><strong>dicti</strong></span> <span class='ocrx_word' id='word_1_129' title='bbox 527 994 716 1025; x_wconf 86' lang='lat' dir='ltr'><strong>sententiam.</strong></span> <span class='ocrx_word' id='word_1_130' title='bbox 734 993 866 1031; x_wconf 82' lang='lat' dir='ltr'><strong>lllud,in-</strong></span> 
     </span>
    </p>
   </div>
   <div class='ocr_carea' id='block_1_20' title="bbox 64 1038 870 1080">
    <p class='ocr_par' dir='ltr' id='par_1_20' title="bbox 64 1038 870 1080">
     <span class='ocr_line' id='line_1_20' title="bbox 64 1038 870 1080; baseline -0.002 -10"><span class='ocrx_word' id='word_1_131' title='bbox 64 1040 176 1080; x_wconf 84' lang='lat' dir='ltr'><strong>quiebat,</strong></span> <span class='ocrx_word' id='word_1_132' title='bbox 193 1041 332 1076; x_wconf 78' lang='lat' dir='ltr'><strong>verbum,</strong></span> <span class='ocrx_word' id='word_1_133' title='bbox 351 1039 610 1078; x_wconf 58' lang='lat' dir='ltr'><strong>sup-*rferebalm‘,</strong></span> <span class='ocrx_word' id='word_1_134' title='bbox 638 1038 870 1078; x_wconf 70' lang='lat' dir='ltr'><strong>interpretantes</strong></span> 
     </span>
    </p>
   </div>
   <div class='ocr_carea' id='block_1_21' title="bbox 65 1083 868 1124">
    <p class='ocr_par' dir='ltr' id='par_1_21' title="bbox 65 1083 868 1124">
     <span class='ocr_line' id='line_1_21' title="bbox 65 1083 868 1124; baseline -0.001 -11"><span class='ocrx_word' id='word_1_135' title='bbox 65 1090 163 1114; x_wconf 86' lang='lat' dir='ltr'><strong>sumunt</strong></span> <span class='ocrx_word' id='word_1_136' title='bbox 178 1094 228 1124; x_wconf 89' lang='lat' dir='ltr'><strong>pro</strong></span> <span class='ocrx_word' id='word_1_137' title='bbox 243 1085 349 1124; x_wconf 89' lang='lat' dir='ltr'><strong>verbo,</strong></span> <span class='ocrx_word' id='word_1_138' title='bbox 366 1083 548 1123; x_wconf 79' lang='lat' dir='ltr'><strong>confovebat,</strong></span> <span class='ocrx_word' id='word_1_139' title='bbox 562 1087 591 1113; x_wconf 90' lang='lat' dir='ltr'><strong>et</strong></span> <span class='ocrx_word' id='word_1_140' title='bbox 602 1087 714 1114; x_wconf 60' lang='lat' dir='ltr'><strong>natura;</strong></span> <span class='ocrx_word' id='word_1_141' title='bbox 725 1091 868 1123; x_wconf 88' lang='lat' dir='ltr'><strong>aquarum</strong></span> 
     </span>
    </p>
   </div>
   <div class='ocr_carea' id='block_1_22' title="bbox 65 1127 873 1167">
    <p class='ocr_par' dir='ltr' id='par_1_22' title="bbox 65 1127 873 1167">
     <span class='ocr_line' id='line_1_22' title="bbox 65 1127 873 1167; baseline 0.001 -10"><span class='ocrx_word' id='word_1_142' title='bbox 65 1130 109 1158; x_wconf 86' lang='lat' dir='ltr'><strong>vim</strong></span> <span class='ocrx_word' id='word_1_143' title='bbox 122 1129 263 1160; x_wconf 88' lang='lat' dir='ltr'><strong>tribuebat</strong></span> <span class='ocrx_word' id='word_1_144' title='bbox 279 1129 455 1165; x_wconf 86' lang='lat' dir='ltr'><strong>fetiﬁcandi,</strong></span> <span class='ocrx_word' id='word_1_145' title='bbox 475 1127 747 1158; x_wconf 83' lang='lat' dir='ltr'><strong>instarincubantis</strong></span> <span class='ocrx_word' id='word_1_146' title='bbox 758 1127 830 1167; x_wconf 83' lang='lat' dir='ltr'><strong>avis,</strong></span> <span class='ocrx_word' id='word_1_147' title='bbox 843 1132 873 1158; x_wconf 89' lang='lat' dir='ltr'><strong>et</strong></span> 
     </span>
    </p>
   </div>
   <div class='ocr_carea' id='block_1_23' title="bbox 65 1172 872 1213">
    <p class='ocr_par' dir='ltr' id='par_1_23' title="bbox 65 1172 872 1213">
     <span class='ocr_line' id='line_1_23' title="bbox 65 1172 872 1213; baseline -0.002 -10"><span class='ocrx_word' id='word_1_148' title='bbox 65 1174 162 1204; x_wconf 84' lang='lat' dir='ltr'><strong>vitalem</strong></span> <span class='ocrx_word' id='word_1_149' title='bbox 185 1174 348 1213; x_wconf 88' lang='lat' dir='ltr'><strong>quamdam</strong></span> <span class='ocrx_word' id='word_1_150' title='bbox 361 1173 530 1204; x_wconf 84' lang='lat' dir='ltr'><strong>facultatem</strong></span> <span class='ocrx_word' id='word_1_151' title='bbox 547 1172 584 1203; x_wconf 89' lang='lat' dir='ltr'><strong>iis</strong></span> <span class='ocrx_word' id='word_1_152' title='bbox 609 1181 675 1213; x_wconf 62' lang='lat' dir='ltr'><strong>quae</strong></span> <span class='ocrx_word' id='word_1_153' title='bbox 697 1172 872 1202; x_wconf 86' lang='lat' dir='ltr'><strong>fovebantur</strong></span> 
     </span>
    </p>
   </div>
   <div class='ocr_carea' id='block_1_24' title="bbox 64 1216 872 1258">
    <p class='ocr_par' dir='ltr' id='par_1_24' title="bbox 64 1216 872 1258">
     <span class='ocr_line' id='line_1_24' title="bbox 64 1216 872 1258; baseline -0.002 -10"><span class='ocrx_word' id='word_1_154' title='bbox 64 1219 255 1257; x_wconf 63' lang='lat' dir='ltr'><strong>imparlientis.</strong></span> <span class='ocrx_word' id='word_1_155' title='bbox 265 1218 370 1249; x_wconf 86' lang='lat' dir='ltr'><strong>Talem</strong></span> <span class='ocrx_word' id='word_1_156' title='bbox 379 1218 538 1258; x_wconf 84' lang='lat' dir='ltr'><strong>quamdam</strong></span> <span class='ocrx_word' id='word_1_157' title='bbox 552 1216 778 1257; x_wconf 74' lang='lat' dir='ltr'><strong>intelligentiam</strong></span> <span class='ocrx_word' id='word_1_158' title='bbox 790 1216 872 1246; x_wconf 90' lang='lat' dir='ltr'><strong>aiunt</strong></span> 
     </span>
    </p>
   </div>
   <div class='ocr_carea' id='block_1_25' title="bbox 65 1262 870 1302">
    <p class='ocr_par' dir='ltr' id='par_1_25' title="bbox 65 1262 870 1302">
     <span class='ocr_line' id='line_1_25' title="bbox 65 1262 870 1302; baseline -0.001 -10"><span class='ocrx_word' id='word_1_159' title='bbox 65 1263 107 1292; x_wconf 58' lang='lat' dir='ltr'><strong>har</strong></span> <span class='ocrx_word' id='word_1_160' title='bbox 117 1272 181 1294; x_wconf 84' lang='lat' dir='ltr'><strong>voce</strong></span> <span class='ocrx_word' id='word_1_161' title='bbox 193 1263 321 1294; x_wconf 86' lang='lat' dir='ltr'><strong>indicari</strong></span> <span class='ocrx_word' id='word_1_162' title='bbox 344 1262 488 1293; x_wconf 88' lang='lat' dir='ltr'><strong>Nimirum</strong></span> <span class='ocrx_word' id='word_1_163' title='bbox 500 1263 661 1302; x_wconf 77' lang='lat' dir='ltr'><strong>ferebatur</strong></span> <span class='ocrx_word' id='word_1_164' title='bbox 674 1262 811 1301; x_wconf 79' lang='lat' dir='ltr'><strong>Spiritus</strong></span> <span class='ocrx_word' id='word_1_165' title='bbox 821 1270 870 1291; x_wconf 83' lang='lat' dir='ltr'><strong>su-</strong></span> 
     </span>
    </p>
   </div>
   <div class='ocr_carea' id='block_1_26' title="bbox 62 1307 868 1348">
    <p class='ocr_par' dir='ltr' id='par_1_26' title="bbox 62 1307 868 1348">
     <span class='ocr_line' id='line_1_26' title="bbox 62 1307 868 1348; baseline 0 -12"><span class='ocrx_word' id='word_1_166' title='bbox 62 1316 106 1346; x_wconf 75' lang='lat' dir='ltr'><strong>per</strong></span> <span class='ocrx_word' id='word_1_167' title='bbox 114 1317 213 1348; x_wconf 84' lang='lat' dir='ltr'><strong>aquas,</strong></span> <span class='ocrx_word' id='word_1_168' title='bbox 224 1309 278 1339; x_wconf 86' lang='lat' dir='ltr'><strong>hoc</strong></span> <span class='ocrx_word' id='word_1_169' title='bbox 292 1312 352 1344; x_wconf 89' lang='lat' dir='ltr'><strong>est,</strong></span> <span class='ocrx_word' id='word_1_170' title='bbox 365 1313 497 1338; x_wconf 81' lang='lat' dir='ltr'><strong>naturam</strong></span> <span class='ocrx_word' id='word_1_171' title='bbox 512 1316 597 1345; x_wconf 75' lang='lat' dir='ltr'><strong>aqum</strong></span> <span class='ocrx_word' id='word_1_172' title='bbox 608 1307 643 1337; x_wconf 86' lang='lat' dir='ltr'><strong>ad</strong></span> <span class='ocrx_word' id='word_1_173' title='bbox 656 1307 779 1337; x_wconf 86' lang='lat' dir='ltr'><strong>feturam</strong></span> <span class='ocrx_word' id='word_1_174' title='bbox 791 1314 868 1345; x_wconf 70' lang='lat' dir='ltr'><strong>prte—</strong></span> 
     </span>
    </p>
   </div>
   <div class='ocr_carea' id='block_1_27' title="bbox 65 1350 867 1391">
    <p class='ocr_par' dir='ltr' id='par_1_27' title="bbox 65 1350 867 1391">
     <span class='ocr_line' id='line_1_27' title="bbox 65 1350 867 1391; baseline -0.002 -9"><span class='ocrx_word' id='word_1_175' title='bbox 65 1353 176 1391; x_wconf 75' lang='lat' dir='ltr'><strong>parabat.</strong></span> <span class='ocrx_word' id='word_1_176' title='bbox 189 1365 205 1383; x_wconf 84' lang='grc'>›</span> <span class='ocrx_word' id='word_1_177' title='bbox 219 1354 336 1384; x_wconf 80' lang='lat' dir='ltr'><strong>Addam</strong></span> <span class='ocrx_word' id='word_1_178' title='bbox 350 1359 379 1383; x_wconf 90' lang='lat' dir='ltr'><strong>et</strong></span> <span class='ocrx_word' id='word_1_179' title='bbox 393 1352 466 1383; x_wconf 89' lang='lat' dir='ltr'><strong>illud</strong></span> <span class='ocrx_word' id='word_1_180' title='bbox 484 1352 654 1391; x_wconf 77' lang='lat' dir='ltr'><strong>Augustini,</strong></span> <span class='ocrx_word' id='word_1_181' title='bbox 675 1363 685 1378; x_wconf 74' lang='grc' dir='ltr'>α</span> <span class='ocrx_word' id='word_1_182' title='bbox 704 1350 867 1381; x_wconf 90' lang='lat' dir='ltr'><strong>secundum</strong></span> 
     </span>
    </p>
   </div>
   <div class='ocr_carea' id='block_1_28' title="bbox 64 1394 865 1437">
    <p class='ocr_par' dir='ltr' id='par_1_28' title="bbox 64 1394 865 1437">
     <span class='ocr_line' id='line_1_28' title="bbox 64 1394 865 1437; baseline -0.002 -12"><span class='ocrx_word' id='word_1_183' title='bbox 64 1399 128 1436; x_wconf 61' lang='lat' dir='ltr'><strong>Syre</strong></span> <span class='ocrx_word' id='word_1_184' title='bbox 138 1398 238 1436; x_wconf 74' lang='lat' dir='ltr'><strong>linguae</strong></span> <span class='ocrx_word' id='word_1_185' title='bbox 249 1398 447 1433; x_wconf 90' lang='lat' dir='ltr'><strong>intellectum,</strong></span> <span class='ocrx_word' id='word_1_186' title='bbox 456 1406 521 1437; x_wconf 88' lang='lat' dir='ltr'><strong>quae</strong></span> <span class='ocrx_word' id='word_1_187' title='bbox 534 1397 626 1427; x_wconf 87' lang='lat' dir='ltr'><strong>vicina</strong></span> <span class='ocrx_word' id='word_1_188' title='bbox 644 1400 688 1426; x_wconf 89' lang='lat' dir='ltr'><strong>est</strong></span> <span class='ocrx_word' id='word_1_189' title='bbox 702 1394 845 1430; x_wconf 74' lang='lat' dir='ltr'><strong>Hebraeae,</strong></span> <span class='ocrx_word' id='word_1_190' title='bbox 855 1406 865 1422; x_wconf 80' lang='grc' dir='ltr'>ι</span> 
     </span>
    </p>
   </div>
   <div class='ocr_carea' id='block_1_29' title="bbox 63 1441 681 1481">
    <p class='ocr_par' dir='ltr' id='par_1_29' title="bbox 63 1441 681 1481">
     <span class='ocr_line' id='line_1_29' title="bbox 63 1441 681 1481; baseline 0.002 -11"><span class='ocrx_word' id='word_1_191' title='bbox 63 1442 92 1470; x_wconf 79' lang='lat' dir='ltr'><strong>ad</strong></span> <span class='ocrx_word' id='word_1_192' title='bbox 105 1443 215 1472; x_wconf 82' lang='lat' dir='ltr'><strong>verbum</strong></span> <span class='ocrx_word' id='word_1_193' title='bbox 229 1452 245 1473; x_wconf 89' lang='lat' dir='ltr'><strong>e</strong></span> <span class='ocrx_word' id='word_1_194' title='bbox 259 1442 365 1474; x_wconf 59' lang='lat' dir='ltr'><strong>Graeco</strong></span> <span class='ocrx_word' id='word_1_195' title='bbox 385 1441 478 1472; x_wconf 88' lang='lat' dir='ltr'><strong>videri</strong></span> <span class='ocrx_word' id='word_1_196' title='bbox 494 1450 681 1481; x_wconf 87' lang='lat' dir='ltr'><strong>expressum.</strong></span> 
     </span>
    </p>
   </div>
   <div class='ocr_carea' id='block_1_30' title="bbox 80 1485 849 1527">
    <p class='ocr_par' dir='ltr' id='par_1_30' title="bbox 80 1485 849 1527">
     <span class='ocr_line' id='line_1_30' title="bbox 80 1485 849 1527; baseline -0.001 -11"><span class='ocrx_word' id='word_1_197' title='bbox 80 1487 91 1525; x_wconf 64' lang='grc' dir='ltr'><strong>ξ</strong></span> <span class='ocrx_word' id='word_1_198' title='bbox 107 1487 148 1517; x_wconf 75' lang='grc' dir='ltr'><strong>ιγ.</strong></span> <span class='ocrx_word' id='word_1_199' title='bbox 165 1488 202 1518; x_wconf 75' lang='lat' dir='ltr'><strong>De</strong></span> <span class='ocrx_word' id='word_1_200' title='bbox 220 1488 312 1527; x_wconf 81' lang='lat' dir='ltr'><strong>aquis</strong></span> <span class='ocrx_word' id='word_1_201' title='bbox 335 1496 404 1527; x_wconf 69' lang='lat' dir='ltr'><strong>qua:</strong></span> <span class='ocrx_word' id='word_1_202' title='bbox 418 1495 506 1526; x_wconf 77' lang='lat' dir='ltr'><strong>super</strong></span> <span class='ocrx_word' id='word_1_203' title='bbox 522 1485 605 1517; x_wconf 58' lang='lat' dir='ltr'><strong>corios</strong></span> <span class='ocrx_word' id='word_1_204' title='bbox 617 1494 680 1516; x_wconf 79' lang='lat' dir='ltr'><strong>esse</strong></span> <span class='ocrx_word' id='word_1_205' title='bbox 695 1485 849 1516; x_wconf 80' lang='lat' dir='ltr'><strong>dicuntur.</strong></span> 
     </span>
    </p>
   </div>
   <div class='ocr_carea' id='block_1_31' title="bbox 95 1528 870 1569">
    <p class='ocr_par' dir='ltr' id='par_1_31' title="bbox 95 1528 870 1569">
     <span class='ocr_line' id='line_1_31' title="bbox 95 1528 870 1569; baseline -0.001 -9"><span class='ocrx_word' id='word_1_206' title='bbox 95 1532 139 1562; x_wconf 72' lang='lat'><strong>&#39;33.</strong></span> <span class='ocrx_word' id='word_1_207' title='bbox 156 1532 295 1563; x_wconf 79' lang='lat' dir='ltr'><strong>Convenit</strong></span> <span class='ocrx_word' id='word_1_208' title='bbox 307 1532 387 1562; x_wconf 87' lang='lat' dir='ltr'><strong>inter</strong></span> <span class='ocrx_word' id='word_1_209' title='bbox 399 1531 531 1562; x_wconf 91' lang='lat' dir='ltr'><strong>eruditos</strong></span> <span class='ocrx_word' id='word_1_210' title='bbox 546 1531 704 1569; x_wconf 81' lang='lat' dir='ltr'><strong>Origenem</strong></span> <span class='ocrx_word' id='word_1_211' title='bbox 719 1528 870 1560; x_wconf 83' lang='lat' dir='ltr'><strong>indicaria</strong></span> 
     </span>
    </p>
   </div>
   <div class='ocr_carea' id='block_1_32' title="bbox 65 1575 898 1619">
    <p class='ocr_par' dir='ltr' id='par_1_32' title="bbox 65 1575 898 1619">
     <span class='ocr_line' id='line_1_32' title="bbox 65 1575 898 1619; baseline 0.001 -16"><span class='ocrx_word' id='word_1_212' title='bbox 65 1576 154 1607; x_wconf 75' lang='lat' dir='ltr'><strong>Basilio</strong></span> <span class='ocrx_word' id='word_1_213' title='bbox 161 1579 290 1609; x_wconf 76' lang='lat' dir='ltr'><strong>oratione</strong></span> <span class='ocrx_word' id='word_1_214' title='bbox 304 1577 392 1607; x_wconf 70' lang='lat' dir='ltr'><strong>tertia</strong></span> <span class='ocrx_word' id='word_1_215' title='bbox 404 1576 574 1607; x_wconf 71' lang='lat' dir='ltr'><strong>inﬂexacm</strong></span> <span class='ocrx_word' id='word_1_216' title='bbox 591 1575 869 1619; x_wconf 81' lang='lat' dir='ltr'><strong>,num.9.0rigenes</strong></span> <span class='ocrx_word' id='word_1_217' title='bbox 879 1605 898 1619; x_wconf 49' lang='grc' dir='ltr'>ρ</span> 
     </span>
    </p>
   </div>
   <div class='ocr_carea' id='block_1_33' title="bbox 66 1618 898 1660">
    <p class='ocr_par' dir='ltr' id='par_1_33' title="bbox 66 1618 898 1660">
     <span class='ocr_line' id='line_1_33' title="bbox 66 1618 898 1660; baseline -0.001 -11"><span class='ocrx_word' id='word_1_218' title='bbox 66 1620 141 1657; x_wconf 82' lang='lat' dir='ltr'><strong>enim,</strong></span> <span class='ocrx_word' id='word_1_219' title='bbox 160 1632 222 1660; x_wconf 72' lang='lat' dir='ltr'><strong>qua:</strong></span> <span class='ocrx_word' id='word_1_220' title='bbox 237 1626 301 1653; x_wconf 86' lang='lat' dir='ltr'><strong>erat</strong></span> <span class='ocrx_word' id='word_1_221' title='bbox 319 1621 372 1651; x_wconf 89' lang='lat' dir='ltr'><strong>viri</strong></span> <span class='ocrx_word' id='word_1_222' title='bbox 401 1621 527 1657; x_wconf 84' lang='lat' dir='ltr'><strong>indoles,</strong></span> <span class='ocrx_word' id='word_1_223' title='bbox 555 1618 687 1650; x_wconf 86' lang='lat' dir='ltr'><strong>trahebat</strong></span> <span class='ocrx_word' id='word_1_224' title='bbox 707 1620 807 1649; x_wconf 85' lang='lat' dir='ltr'><strong>omnia</strong></span> <span class='ocrx_word' id='word_1_225' title='bbox 832 1618 898 1648; x_wconf 63' lang='lat' dir='ltr'><strong>ad&quot;</strong></span> 
     </span>
    </p>
   </div>
   <div class='ocr_carea' id='block_1_34' title="bbox 66 1663 868 1708">
    <p class='ocr_par' dir='ltr' id='par_1_34' title="bbox 66 1663 868 1708">
     <span class='ocr_line' id='line_1_34' title="bbox 66 1663 868 1708; baseline -0.001 -14"><span class='ocrx_word' id='word_1_226' title='bbox 66 1666 210 1707; x_wconf 80' lang='lat' dir='ltr'><strong>allegorias,</strong></span> <span class='ocrx_word' id='word_1_227' title='bbox 225 1678 258 1698; x_wconf 85' lang='lat' dir='ltr'><strong>ex</strong></span> <span class='ocrx_word' id='word_1_228' title='bbox 272 1677 332 1708; x_wconf 79' lang='lat' dir='ltr'><strong>quo</strong></span> <span class='ocrx_word' id='word_1_229' title='bbox 343 1666 432 1697; x_wconf 90' lang='lat' dir='ltr'><strong>ﬁebat</strong></span> <span class='ocrx_word' id='word_1_230' title='bbox 443 1670 475 1696; x_wconf 90' lang='lat' dir='ltr'><strong>ut</strong></span> <span class='ocrx_word' id='word_1_231' title='bbox 486 1674 591 1704; x_wconf 76' lang='lat' dir='ltr'><strong>magno</strong></span> <span class='ocrx_word' id='word_1_232' title='bbox 605 1664 747 1696; x_wconf 82' lang='lat' dir='ltr'><strong>Ecclesiae</strong></span> <span class='ocrx_word' id='word_1_233' title='bbox 760 1663 868 1694; x_wconf 87' lang='lat' dir='ltr'><strong>damno</strong></span> 
     </span>
    </p>
   </div>
   <div class='ocr_carea' id='block_1_35' title="bbox 67 1708 869 1752">
    <p class='ocr_par' dir='ltr' id='par_1_35' title="bbox 67 1708 869 1752">
     <span class='ocr_line' id='line_1_35' title="bbox 67 1708 869 1752; baseline -0.001 -13"><span class='ocrx_word' id='word_1_234' title='bbox 67 1709 212 1750; x_wconf 70' lang='lat' dir='ltr'><strong>Scripturas</strong></span> <span class='ocrx_word' id='word_1_235' title='bbox 228 1722 281 1743; x_wconf 86' lang='lat' dir='ltr'><strong>suo</strong></span> <span class='ocrx_word' id='word_1_236' title='bbox 299 1712 426 1752; x_wconf 86' lang='lat' dir='ltr'><strong>quisque</strong></span> <span class='ocrx_word' id='word_1_237' title='bbox 450 1710 592 1741; x_wconf 83' lang='lat' dir='ltr'><strong>arbitratu</strong></span> <span class='ocrx_word' id='word_1_238' title='bbox 615 1714 644 1739; x_wconf 91' lang='lat' dir='ltr'><strong>et</strong></span> <span class='ocrx_word' id='word_1_239' title='bbox 659 1708 826 1748; x_wconf 81' lang='lat' dir='ltr'><strong>intelligere</strong></span> <span class='ocrx_word' id='word_1_240' title='bbox 841 1712 869 1739; x_wconf 91' lang='lat' dir='ltr'><strong>et</strong></span> 
     </span>
    </p>
   </div>
   <div class='ocr_carea' id='block_1_36' title="bbox 68 1753 868 1796">
    <p class='ocr_par' dir='ltr' id='par_1_36' title="bbox 68 1753 868 1796">
     <span class='ocr_line' id='line_1_36' title="bbox 68 1753 868 1796; baseline 0.001 -13"><span class='ocrx_word' id='word_1_241' title='bbox 68 1755 232 1794; x_wconf 82' lang='lat' dir='ltr'><strong>interpretari</strong></span> <span class='ocrx_word' id='word_1_242' title='bbox 251 1761 364 1796; x_wconf 85' lang='lat' dir='ltr'><strong>posset.</strong></span> <span class='ocrx_word' id='word_1_243' title='bbox 382 1756 541 1794; x_wconf 80' lang='lat' dir='ltr'><strong>Origenem</strong></span> <span class='ocrx_word' id='word_1_244' title='bbox 557 1758 655 1784; x_wconf 88' lang='lat' dir='ltr'><strong>autem</strong></span> <span class='ocrx_word' id='word_1_245' title='bbox 673 1754 710 1783; x_wconf 87' lang='lat' dir='ltr'><strong>ita</strong></span> <span class='ocrx_word' id='word_1_246' title='bbox 739 1753 868 1784; x_wconf 76' lang='lat' dir='ltr'><strong>sensisse</strong></span> 
     </span>
    </p>
   </div>
   <div class='ocr_carea' id='block_1_37' title="bbox 68 1798 868 1841">
    <p class='ocr_par' dir='ltr' id='par_1_37' title="bbox 68 1798 868 1841">
     <span class='ocr_line' id='line_1_37' title="bbox 68 1798 868 1841; baseline -0.001 -13"><span class='ocrx_word' id='word_1_247' title='bbox 68 1799 139 1830; x_wconf 83' lang='lat' dir='ltr'><strong>docet</strong></span> <span class='ocrx_word' id='word_1_248' title='bbox 149 1801 329 1841; x_wconf 70' lang='lat' dir='ltr'><strong>Epiphanius</strong></span> <span class='ocrx_word' id='word_1_249' title='bbox 340 1801 370 1830; x_wconf 92' lang='lat' dir='ltr'><strong>in</strong></span> <span class='ocrx_word' id='word_1_250' title='bbox 382 1799 510 1840; x_wconf 88' lang='lat' dir='ltr'><strong>Epistola</strong></span> <span class='ocrx_word' id='word_1_251' title='bbox 521 1799 556 1829; x_wconf 89' lang='lat' dir='ltr'><strong>ad</strong></span> <span class='ocrx_word' id='word_1_252' title='bbox 568 1801 713 1829; x_wconf 86' lang='lat' dir='ltr'><strong>Joannem</strong></span> <span class='ocrx_word' id='word_1_253' title='bbox 722 1798 868 1838; x_wconf 81' lang='lat' dir='ltr'><strong>Jerosoly-</strong></span> 
     </span>
    </p>
   </div>
   <div class='ocr_carea' id='block_1_38' title="bbox 71 1843 871 1886">
    <p class='ocr_par' dir='ltr' id='par_1_38' title="bbox 71 1843 871 1886">
     <span class='ocr_line' id='line_1_38' title="bbox 71 1843 871 1886; baseline 0.001 -13"><span class='ocrx_word' id='word_1_254' title='bbox 71 1844 238 1883; x_wconf 80' lang='lat' dir='ltr'><strong>milanuui,ut</strong></span> <span class='ocrx_word' id='word_1_255' title='bbox 253 1847 357 1886; x_wconf 67' lang='lat' dir='ltr'><strong>legere</strong></span> <span class='ocrx_word' id='word_1_256' title='bbox 369 1849 414 1876; x_wconf 92' lang='lat' dir='ltr'><strong>est</strong></span> <span class='ocrx_word' id='word_1_257' title='bbox 424 1844 728 1884; x_wconf 79' lang='lat' dir='ltr'><strong>apudHieronyuium,</strong></span> <span class='ocrx_word' id='word_1_258' title='bbox 747 1843 871 1882; x_wconf 85' lang='lat' dir='ltr'><strong>epistola</strong></span> 
     </span>
    </p>
   </div>
   <div class='ocr_carea' id='block_1_39' title="bbox 69 1887 868 1928">
    <p class='ocr_par' dir='ltr' id='par_1_39' title="bbox 69 1887 868 1928">
     <span class='ocr_line' id='line_1_39' title="bbox 69 1887 868 1928; baseline -0.001 -10"><span class='ocrx_word' id='word_1_259' title='bbox 69 1888 126 1919; x_wconf 84' lang='lat' dir='ltr'><strong>olim</strong></span> <span class='ocrx_word' id='word_1_260' title='bbox 136 1890 180 1925; x_wconf 78' lang='lat'><strong>70,</strong></span> <span class='ocrx_word' id='word_1_261' title='bbox 195 1901 273 1921; x_wconf 90' lang='lat' dir='ltr'><strong>nunc</strong></span> <span class='ocrx_word' id='word_1_262' title='bbox 296 1891 352 1922; x_wconf 83' lang='grc' dir='ltr'><strong>ΗΟ</strong></span> <span class='ocrx_word' id='word_1_263' title='bbox 382 1894 459 1920; x_wconf 85' lang='lat' dir='ltr'><strong>tome</strong></span> <span class='ocrx_word' id='word_1_264' title='bbox 478 1889 526 1925; x_wconf 83' lang='grc' dir='ltr'><strong>ιν,</strong></span> <span class='ocrx_word' id='word_1_265' title='bbox 545 1898 609 1928; x_wconf 82' lang='lat' dir='ltr'><strong>pag.</strong></span> <span class='ocrx_word' id='word_1_266' title='bbox 626 1887 695 1924; x_wconf 69' lang='lat'><strong>8‘20,</strong></span> <span class='ocrx_word' id='word_1_267' title='bbox 711 1887 868 1927; x_wconf 78' lang='lat' dir='ltr'><strong>Postquam</strong></span> 
     </span>
    </p>
   </div>
   <div class='ocr_carea' id='block_1_40' title="bbox 70 1932 871 1975">
    <p class='ocr_par' dir='ltr' id='par_1_40' title="bbox 70 1932 871 1975">
     <span class='ocr_line' id='line_1_40' title="bbox 70 1932 871 1975; baseline -0.005 -9"><span class='ocrx_word' id='word_1_268' title='bbox 70 1932 100 1970; x_wconf 78' lang='lat' dir='ltr'><strong>igi</strong></span> <span class='ocrx_word' id='word_1_269' title='bbox 114 1945 143 1963; x_wconf 82' lang='lat' dir='ltr'><strong>ur</strong></span> <span class='ocrx_word' id='word_1_270' title='bbox 155 1936 339 1975; x_wconf 79' lang='lat' dir='ltr'><strong>Epiphanius</strong></span> <span class='ocrx_word' id='word_1_271' title='bbox 352 1934 510 1964; x_wconf 74' lang='lat' dir='ltr'><strong>nonnullos</strong></span> <span class='ocrx_word' id='word_1_272' title='bbox 525 1932 662 1972; x_wconf 81' lang='lat' dir='ltr'><strong>Origenis</strong></span> <span class='ocrx_word' id='word_1_273' title='bbox 675 1941 793 1962; x_wconf 86' lang='lat' dir='ltr'><strong>errores</strong></span> <span class='ocrx_word' id='word_1_274' title='bbox 806 1941 871 1972; x_wconf 88' lang='lat' dir='ltr'><strong>per-</strong></span> 
     </span>
    </p>
   </div>
   <div class='ocr_carea' id='block_1_41' title="bbox 70 1978 866 2020">
    <p class='ocr_par' dir='ltr' id='par_1_41' title="bbox 70 1978 866 2020">
     <span class='ocr_line' id='line_1_41' title="bbox 70 1978 866 2020; baseline 0.003 -15"><span class='ocrx_word' id='word_1_275' title='bbox 70 1978 182 2020; x_wconf 82' lang='lat' dir='ltr'><strong>strinxit,</strong></span> <span class='ocrx_word' id='word_1_276' title='bbox 197 1982 239 2011; x_wconf 90' lang='lat' dir='ltr'><strong>sic</strong></span> <span class='ocrx_word' id='word_1_277' title='bbox 250 1983 453 2020; x_wconf 83' lang='lat' dir='ltr'><strong>persequitur,</strong></span> <span class='ocrx_word' id='word_1_278' title='bbox 479 1978 656 2018; x_wconf 81' lang='lat' dir='ltr'><strong>Hieronymo</strong></span> <span class='ocrx_word' id='word_1_279' title='bbox 679 1978 842 2017; x_wconf 86' lang='lat' dir='ltr'><strong>interprete</strong></span> <span class='ocrx_word' id='word_1_280' title='bbox 860 1986 866 2008; x_wconf 92' lang='lat'>:</span> 
     </span>
    </p>
   </div>
   <div class='ocr_carea' id='block_1_42' title="bbox 73 2022 868 2065">
    <p class='ocr_par' dir='ltr' id='par_1_42' title="bbox 73 2022 868 2065">
     <span class='ocr_line' id='line_1_42' title="bbox 73 2022 868 2065; baseline 0 -13"><span class='ocrx_word' id='word_1_281' title='bbox 73 2034 81 2047; x_wconf 77' lang='grc' dir='ltr'>ι</span> <span class='ocrx_word' id='word_1_282' title='bbox 98 2023 153 2054; x_wconf 90' lang='lat' dir='ltr'><strong>Illas</strong></span> <span class='ocrx_word' id='word_1_283' title='bbox 164 2034 228 2055; x_wconf 85' lang='lat' dir='ltr'><strong>vero</strong></span> <span class='ocrx_word' id='word_1_284' title='bbox 245 2025 408 2065; x_wconf 63' lang='lat' dir='ltr'><strong>praestigias</strong></span> <span class='ocrx_word' id='word_1_285' title='bbox 424 2023 492 2062; x_wconf 85' lang='lat' dir='ltr'><strong>quis</strong></span> <span class='ocrx_word' id='word_1_286' title='bbox 511 2033 568 2053; x_wconf 86' lang='lat' dir='ltr'><strong>non</strong></span> <span class='ocrx_word' id='word_1_287' title='bbox 583 2023 678 2053; x_wconf 86' lang='lat' dir='ltr'><strong>statim</strong></span> <span class='ocrx_word' id='word_1_288' title='bbox 691 2022 811 2062; x_wconf 85' lang='lat' dir='ltr'><strong>abjiciat</strong></span> <span class='ocrx_word' id='word_1_289' title='bbox 822 2026 868 2052; x_wconf 88' lang='lat' dir='ltr'><strong>at—</strong></span> 
     </span>
    </p>
   </div>
   <div class='ocr_carea' id='block_1_43' title="bbox 70 2067 868 2107">
    <p class='ocr_par' dir='ltr' id='par_1_43' title="bbox 70 2067 868 2107">
     <span class='ocr_line' id='line_1_43' title="bbox 70 2067 868 2107; baseline 0 -9"><span class='ocrx_word' id='word_1_290' title='bbox 70 2077 116 2105; x_wconf 84' lang='lat' dir='ltr'><strong>que</strong></span> <span class='ocrx_word' id='word_1_291' title='bbox 128 2073 316 2101; x_wconf 82' lang='lat' dir='ltr'><strong>contemnat?</strong></span> <span class='ocrx_word' id='word_1_292' title='bbox 333 2070 450 2100; x_wconf 77' lang='lat' dir='ltr'><strong>d:cente</strong></span> <span class='ocrx_word' id='word_1_293' title='bbox 471 2068 611 2107; x_wconf 82' lang='lat' dir='ltr'><strong>Origene,</strong></span> <span class='ocrx_word' id='word_1_294' title='bbox 634 2067 671 2098; x_wconf 86' lang='lat' dir='ltr'><strong>de</strong></span> <span class='ocrx_word' id='word_1_295' title='bbox 693 2067 776 2107; x_wconf 82' lang='lat' dir='ltr'><strong>aquis</strong></span> <span class='ocrx_word' id='word_1_296' title='bbox 804 2076 868 2105; x_wconf 61' lang='lat' dir='ltr'><strong>quae</strong></span> 
     </span>
    </p>
   </div>
   <div class='ocr_carea' id='block_1_44' title="bbox 70 2113 871 2154">
    <p class='ocr_par' dir='ltr' id='par_1_44' title="bbox 70 2113 871 2154">
     <span class='ocr_line' id='line_1_44' title="bbox 70 2113 871 2154; baseline 0.002 -13"><span class='ocrx_word' id='word_1_297' title='bbox 70 2122 144 2152; x_wconf 82' lang='lat' dir='ltr'><strong>super</strong></span> <span class='ocrx_word' id='word_1_298' title='bbox 158 2116 375 2147; x_wconf 79' lang='lat' dir='ltr'><strong>ﬁrmamentum</strong></span> <span class='ocrx_word' id='word_1_299' title='bbox 393 2120 471 2152; x_wconf 90' lang='lat' dir='ltr'><strong>sunt,</strong></span> <span class='ocrx_word' id='word_1_300' title='bbox 487 2124 546 2145; x_wconf 89' lang='lat' dir='ltr'><strong>non</strong></span> <span class='ocrx_word' id='word_1_301' title='bbox 560 2123 625 2144; x_wconf 88' lang='lat' dir='ltr'><strong>esse</strong></span> <span class='ocrx_word' id='word_1_302' title='bbox 639 2113 796 2154; x_wconf 86' lang='lat' dir='ltr'><strong>aquas,sed</strong></span> <span class='ocrx_word' id='word_1_303' title='bbox 813 2113 871 2143; x_wconf 59' lang='lat' dir='ltr'><strong>for»</strong></span> 
     </span>
    </p>
   </div>
   <div class='ocr_carea' id='block_1_45' title="bbox 71 2158 869 2201">
    <p class='ocr_par' dir='ltr' id='par_1_45' title="bbox 71 2158 869 2201">
     <span class='ocr_line' id='line_1_45' title="bbox 71 2158 869 2201; baseline 0.003 -16"><span class='ocrx_word' id='word_1_304' title='bbox 71 2158 191 2190; x_wconf 54' lang='lat' dir='ltr'><strong>litudines</strong></span> <span class='ocrx_word' id='word_1_305' title='bbox 201 2161 345 2201; x_wconf 86' lang='lat' dir='ltr'><strong>quasdam</strong></span> <span class='ocrx_word' id='word_1_306' title='bbox 363 2159 504 2199; x_wconf 60' lang='lat' dir='ltr'><strong>angelica;</strong></span> <span class='ocrx_word' id='word_1_307' title='bbox 521 2159 691 2197; x_wconf 84' lang='lat' dir='ltr'><strong>potestatis:</strong></span> <span class='ocrx_word' id='word_1_308' title='bbox 708 2161 738 2188; x_wconf 86' lang='lat' dir='ltr'><strong>et</strong></span> <span class='ocrx_word' id='word_1_309' title='bbox 752 2167 869 2188; x_wconf 88' lang='lat' dir='ltr'><strong>rursum</strong></span> 
     </span>
    </p>
   </div>
   <div class='ocr_carea' id='block_1_46' title="bbox 70 2202 868 2245">
    <p class='ocr_par' dir='ltr' id='par_1_46' title="bbox 70 2202 868 2245">
     <span class='ocr_line' id='line_1_46' title="bbox 70 2202 868 2245; baseline 0.001 -14"><span class='ocrx_word' id='word_1_310' title='bbox 70 2211 146 2241; x_wconf 76' lang='lat' dir='ltr'><strong>aquas</strong></span> <span class='ocrx_word' id='word_1_311' title='bbox 159 2214 222 2244; x_wconf 73' lang='lat' dir='ltr'><strong>quae</strong></span> <span class='ocrx_word' id='word_1_312' title='bbox 237 2214 331 2245; x_wconf 84' lang='lat' dir='ltr'><strong>super</strong></span> <span class='ocrx_word' id='word_1_313' title='bbox 342 2209 448 2235; x_wconf 84' lang='lat' dir='ltr'><strong>terram</strong></span> <span class='ocrx_word' id='word_1_314' title='bbox 466 2208 546 2241; x_wconf 87' lang='lat' dir='ltr'><strong>sunt,</strong></span> <span class='ocrx_word' id='word_1_315' title='bbox 560 2203 615 2234; x_wconf 91' lang='lat' dir='ltr'><strong>hoc</strong></span> <span class='ocrx_word' id='word_1_316' title='bbox 629 2207 684 2242; x_wconf 83' lang='lat' dir='ltr'><strong>est,</strong></span> <span class='ocrx_word' id='word_1_317' title='bbox 700 2202 755 2232; x_wconf 87' lang='lat' dir='ltr'><strong>sub</strong></span> <span class='ocrx_word' id='word_1_318' title='bbox 769 2202 868 2233; x_wconf 85' lang='lat' dir='ltr'><strong>ﬁrma-</strong></span> 
     </span>
    </p>
   </div>
   <div class='ocr_carea' id='block_1_47' title="bbox 71 2247 869 2289">
    <p class='ocr_par' dir='ltr' id='par_1_47' title="bbox 71 2247 869 2289">
     <span class='ocr_line' id='line_1_47' title="bbox 71 2247 869 2289; baseline 0 -13"><span class='ocrx_word' id='word_1_319' title='bbox 71 2253 166 2289; x_wconf 84' lang='lat' dir='ltr'><strong>mento,</strong></span> <span class='ocrx_word' id='word_1_320' title='bbox 178 2259 242 2280; x_wconf 79' lang='lat' dir='ltr'><strong>esse</strong></span> <span class='ocrx_word' id='word_1_321' title='bbox 253 2250 377 2280; x_wconf 83' lang='lat' dir='ltr'><strong>virtutes</strong></span> <span class='ocrx_word' id='word_1_322' title='bbox 389 2247 598 2288; x_wconf 82' lang='lat' dir='ltr'><strong>contrarias,id</strong></span> <span class='ocrx_word' id='word_1_323' title='bbox 615 2251 659 2278; x_wconf 90' lang='lat' dir='ltr'><strong>est</strong></span> <span class='ocrx_word' id='word_1_324' title='bbox 674 2247 835 2284; x_wconf 63' lang='lat' dir='ltr'><strong>daemones,</strong></span> <span class='ocrx_word' id='word_1_325' title='bbox 860 2259 869 2273; x_wconf 67' lang='grc' dir='ltr'><strong><em>ι</em></strong></span> 
     </span>
    </p>
   </div>
   <div class='ocr_carea' id='block_1_48' title="bbox 1577 172 1726 199">
    <p class='ocr_par' dir='ltr' id='par_1_48' title="bbox 1577 172 1726 199">
     <span class='ocr_line' id='line_1_48' title="bbox 1577 172 1726 199; baseline 0.007 -1"><span class='ocrx_word' id='word_1_326' title='bbox 1577 172 1726 199; x_wconf 68' lang='lat' dir='ltr'><strong>CLXXXVII</strong></span> 
     </span>
    </p>
   </div>
   <div class='ocr_carea' id='block_1_49' title="bbox 900 232 1727 273">
    <p class='ocr_par' dir='ltr' id='par_1_49' title="bbox 900 232 1727 273">
     <span class='ocr_line' id='line_1_49' title="bbox 900 232 1727 273; baseline 0.001 -10"><span class='ocrx_word' id='word_1_327' title='bbox 900 232 989 264; x_wconf 83' lang='lat' dir='ltr'><strong>liceat</strong></span> <span class='ocrx_word' id='word_1_328' title='bbox 1001 242 1070 264; x_wconf 87' lang='lat' dir='ltr'><strong>enm</strong></span> <span class='ocrx_word' id='word_1_329' title='bbox 1081 233 1186 273; x_wconf 84' lang='lat' dir='ltr'><strong>partim</strong></span> <span class='ocrx_word' id='word_1_330' title='bbox 1196 241 1263 263; x_wconf 87' lang='lat' dir='ltr'><strong>cum</strong></span> <span class='ocrx_word' id='word_1_331' title='bbox 1275 232 1364 264; x_wconf 83' lang='lat' dir='ltr'><strong>fratre</strong></span> <span class='ocrx_word' id='word_1_332' title='bbox 1373 232 1549 270; x_wconf 85' lang='lat' dir='ltr'><strong>convenire,</strong></span> <span class='ocrx_word' id='word_1_333' title='bbox 1568 233 1673 272; x_wconf 81' lang='lat' dir='ltr'><strong>partim</strong></span> <span class='ocrx_word' id='word_1_334' title='bbox 1691 232 1727 264; x_wconf 88' lang='lat' dir='ltr'><strong>ab</strong></span> 
     </span>
    </p>
   </div>
   <div class='ocr_carea' id='block_1_50' title="bbox 904 277 1729 318">
    <p class='ocr_par' dir='ltr' id='par_1_50' title="bbox 904 277 1729 318">
     <span class='ocr_line' id='line_1_50' title="bbox 904 277 1729 318; baseline 0.002 -10"><span class='ocrx_word' id='word_1_335' title='bbox 904 287 938 308; x_wconf 89' lang='lat' dir='ltr'><strong>eo</strong></span> <span class='ocrx_word' id='word_1_336' title='bbox 959 277 1287 317; x_wconf 84' lang='lat' dir='ltr'><strong>discrepare.Dissentit</strong></span> <span class='ocrx_word' id='word_1_337' title='bbox 1301 278 1331 307; x_wconf 95' lang='lat' dir='ltr'><strong>in</strong></span> <span class='ocrx_word' id='word_1_338' title='bbox 1348 287 1382 307; x_wconf 90' lang='lat' dir='ltr'><strong>eo</strong></span> <span class='ocrx_word' id='word_1_339' title='bbox 1398 286 1415 308; x_wconf 91' lang='lat' dir='ltr'><strong>a</strong></span> <span class='ocrx_word' id='word_1_340' title='bbox 1429 277 1614 317; x_wconf 83' lang='lat' dir='ltr'><strong>fratre,quod</strong></span> <span class='ocrx_word' id='word_1_341' title='bbox 1632 286 1729 318; x_wconf 78' lang='lat' dir='ltr'><strong>aquas</strong></span> 
     </span>
    </p>
   </div>
   <div class='ocr_carea' id='block_1_51' title="bbox 904 321 1728 363">
    <p class='ocr_par' dir='ltr' id='par_1_51' title="bbox 904 321 1728 363">
     <span class='ocr_line' id='line_1_51' title="bbox 904 321 1728 363; baseline 0.002 -12"><span class='ocrx_word' id='word_1_342' title='bbox 904 322 968 352; x_wconf 85' lang='lat' dir='ltr'><strong>illas</strong></span> <span class='ocrx_word' id='word_1_343' title='bbox 984 321 1092 363; x_wconf 88' lang='lat' dir='ltr'><strong>quibus</strong></span> <span class='ocrx_word' id='word_1_344' title='bbox 1107 322 1277 353; x_wconf 89' lang='lat' dir='ltr'><strong>incubuisse</strong></span> <span class='ocrx_word' id='word_1_345' title='bbox 1293 322 1402 352; x_wconf 86' lang='lat' dir='ltr'><strong>dicitur</strong></span> <span class='ocrx_word' id='word_1_346' title='bbox 1413 321 1539 362; x_wconf 89' lang='lat' dir='ltr'><strong>Spiritus</strong></span> <span class='ocrx_word' id='word_1_347' title='bbox 1552 322 1650 359; x_wconf 92' lang='lat' dir='ltr'><strong>Dei,et</strong></span> <span class='ocrx_word' id='word_1_348' title='bbox 1662 332 1728 362; x_wconf 69' lang='lat' dir='ltr'><strong>qua:</strong></span> 
     </span>
    </p>
   </div>
   <div class='ocr_carea' id='block_1_52' title="bbox 904 367 1726 408">
    <p class='ocr_par' dir='ltr' id='par_1_52' title="bbox 904 367 1726 408">
     <span class='ocr_line' id='line_1_52' title="bbox 904 367 1726 408; baseline 0 -11"><span class='ocrx_word' id='word_1_349' title='bbox 904 376 992 406; x_wconf 86' lang='lat' dir='ltr'><strong>supra</strong></span> <span class='ocrx_word' id='word_1_350' title='bbox 1003 368 1222 398; x_wconf 88' lang='lat' dir='ltr'><strong>ﬁrmamentum</strong></span> <span class='ocrx_word' id='word_1_351' title='bbox 1231 367 1726 408; x_wconf 66' lang='lat' dir='ltr'><strong>constiterunt,ccele~tesquasdam</strong></span> 
     </span>
    </p>
   </div>
   <div class='ocr_carea' id='block_1_53' title="bbox 904 412 1728 453">
    <p class='ocr_par' dir='ltr' id='par_1_53' title="bbox 904 412 1728 453">
     <span class='ocr_line' id='line_1_53' title="bbox 904 412 1728 453; baseline 0.002 -11"><span class='ocrx_word' id='word_1_352' title='bbox 904 421 970 442; x_wconf 88' lang='lat' dir='ltr'><strong>esse</strong></span> <span class='ocrx_word' id='word_1_353' title='bbox 986 412 1109 443; x_wconf 83' lang='lat' dir='ltr'><strong>virtutes</strong></span> <span class='ocrx_word' id='word_1_354' title='bbox 1126 416 1207 451; x_wconf 90' lang='lat' dir='ltr'><strong>putet</strong></span> <span class='ocrx_word' id='word_1_355' title='bbox 1225 422 1231 442; x_wconf 91' lang='lat'>:</span> <span class='ocrx_word' id='word_1_356' title='bbox 1249 415 1279 442; x_wconf 91' lang='lat' dir='ltr'><strong>in</strong></span> <span class='ocrx_word' id='word_1_357' title='bbox 1307 421 1342 442; x_wconf 83' lang='lat' dir='ltr'><strong>eo</strong></span> <span class='ocrx_word' id='word_1_358' title='bbox 1361 421 1430 443; x_wconf 89' lang='lat' dir='ltr'><strong>vero</strong></span> <span class='ocrx_word' id='word_1_359' title='bbox 1445 413 1622 448; x_wconf 86' lang='lat' dir='ltr'><strong>assentitur,</strong></span> <span class='ocrx_word' id='word_1_360' title='bbox 1650 413 1728 453; x_wconf 86' lang='lat' dir='ltr'><strong>quod</strong></span> 
     </span>
    </p>
   </div>
   <div class='ocr_carea' id='block_1_54' title="bbox 903 456 1729 497">
    <p class='ocr_par' dir='ltr' id='par_1_54' title="bbox 903 456 1729 497">
     <span class='ocr_line' id='line_1_54' title="bbox 903 456 1729 497; baseline 0 -10"><span class='ocrx_word' id='word_1_361' title='bbox 903 466 986 496; x_wconf 72' lang='lat' dir='ltr'><strong>aeque</strong></span> <span class='ocrx_word' id='word_1_362' title='bbox 1002 466 1035 487; x_wconf 89' lang='lat' dir='ltr'><strong>ac</strong></span> <span class='ocrx_word' id='word_1_363' title='bbox 1047 457 1174 487; x_wconf 85' lang='lat' dir='ltr'><strong>Basilius</strong></span> <span class='ocrx_word' id='word_1_364' title='bbox 1186 456 1343 487; x_wconf 89' lang='lat' dir='ltr'><strong>inferiores</strong></span> <span class='ocrx_word' id='word_1_365' title='bbox 1351 466 1442 497; x_wconf 84' lang='lat' dir='ltr'><strong>aquas</strong></span> <span class='ocrx_word' id='word_1_366' title='bbox 1454 457 1552 497; x_wconf 80' lang='lat' dir='ltr'><strong>abyssi</strong></span> <span class='ocrx_word' id='word_1_367' title='bbox 1564 466 1617 496; x_wconf 90' lang='lat' dir='ltr'><strong>pro</strong></span> <span class='ocrx_word' id='word_1_368' title='bbox 1627 457 1729 487; x_wconf 90' lang='lat' dir='ltr'><strong>rebel-</strong></span> 
     </span>
    </p>
   </div>
   <div class='ocr_carea' id='block_1_55' title="bbox 904 501 1726 541">
    <p class='ocr_par' dir='ltr' id='par_1_55' title="bbox 904 501 1726 541">
     <span class='ocr_line' id='line_1_55' title="bbox 904 501 1726 541; baseline 0.001 -10"><span class='ocrx_word' id='word_1_369' title='bbox 904 501 980 531; x_wconf 81' lang='lat' dir='ltr'><strong>libus</strong></span> <span class='ocrx_word' id='word_1_370' title='bbox 988 511 1020 532; x_wconf 70' lang='lat' dir='ltr'><strong>a&#39;:</strong></span> <span class='ocrx_word' id='word_1_371' title='bbox 1033 502 1167 541; x_wconf 83' lang='lat' dir='ltr'><strong>malignis</strong></span> <span class='ocrx_word' id='word_1_372' title='bbox 1179 501 1373 541; x_wconf 88' lang='lat' dir='ltr'><strong>potestatibus</strong></span> <span class='ocrx_word' id='word_1_373' title='bbox 1386 501 1524 541; x_wconf 87' lang='lat' dir='ltr'><strong>accipere</strong></span> <span class='ocrx_word' id='word_1_374' title='bbox 1533 501 1726 533; x_wconf 84' lang='lat' dir='ltr'><strong>nolit.Mirum</strong></span> 
     </span>
    </p>
   </div>
   <div class='ocr_carea' id='block_1_56' title="bbox 905 545 1729 586">
    <p class='ocr_par' dir='ltr' id='par_1_56' title="bbox 905 545 1729 586">
     <span class='ocr_line' id='line_1_56' title="bbox 905 545 1729 586; baseline 0.001 -11"><span class='ocrx_word' id='word_1_375' title='bbox 905 545 1030 576; x_wconf 78' lang='lat' dir='ltr'><strong>fortasse</strong></span> <span class='ocrx_word' id='word_1_376' title='bbox 1040 546 1189 576; x_wconf 88' lang='lat' dir='ltr'><strong>videbitur</strong></span> <span class='ocrx_word' id='word_1_377' title='bbox 1197 545 1372 585; x_wconf 78' lang='lat' dir='ltr'><strong>Gregorium</strong></span> <span class='ocrx_word' id='word_1_378' title='bbox 1385 556 1401 577; x_wconf 88' lang='lat' dir='ltr'><strong>a</strong></span> <span class='ocrx_word' id='word_1_379' title='bbox 1413 546 1626 586; x_wconf 82' lang='lat' dir='ltr'><strong>fratreBasilio,</strong></span> <span class='ocrx_word' id='word_1_380' title='bbox 1639 555 1729 584; x_wconf 89' lang='lat' dir='ltr'><strong>quem</strong></span> 
     </span>
    </p>
   </div>
   <div class='ocr_carea' id='block_1_57' title="bbox 906 590 1732 631">
    <p class='ocr_par' dir='ltr' id='par_1_57' title="bbox 906 590 1732 631">
     <span class='ocr_line' id='line_1_57' title="bbox 906 590 1732 631; baseline 0.001 -11"><span class='ocrx_word' id='word_1_381' title='bbox 906 590 993 621; x_wconf 88' lang='lat' dir='ltr'><strong>unice</strong></span> <span class='ocrx_word' id='word_1_382' title='bbox 1003 590 1120 621; x_wconf 89' lang='lat' dir='ltr'><strong>colebat</strong></span> <span class='ocrx_word' id='word_1_383' title='bbox 1129 600 1162 621; x_wconf 86' lang='lat' dir='ltr'><strong>ac</strong></span> <span class='ocrx_word' id='word_1_384' title='bbox 1178 590 1362 628; x_wconf 87' lang='lat' dir='ltr'><strong>observabat,</strong></span> <span class='ocrx_word' id='word_1_385' title='bbox 1375 591 1405 621; x_wconf 92' lang='lat' dir='ltr'><strong>in</strong></span> <span class='ocrx_word' id='word_1_386' title='bbox 1420 600 1452 623; x_wconf 84' lang='lat' dir='ltr'><strong>re</strong></span> <span class='ocrx_word' id='word_1_387' title='bbox 1464 591 1633 631; x_wconf 82' lang='lat' dir='ltr'><strong>hujusmodi</strong></span> <span class='ocrx_word' id='word_1_388' title='bbox 1646 591 1732 622; x_wconf 87' lang='lat' dir='ltr'><strong>dissi-</strong></span> 
     </span>
    </p>
   </div>
   <div class='ocr_carea' id='block_1_58' title="bbox 906 635 1733 676">
    <p class='ocr_par' dir='ltr' id='par_1_58' title="bbox 906 635 1733 676">
     <span class='ocr_line' id='line_1_58' title="bbox 906 635 1733 676; baseline 0.002 -11"><span class='ocrx_word' id='word_1_389' title='bbox 906 635 1401 676; x_wconf 81' lang='lat' dir='ltr'><strong>dere,atque0rigenisopinionem</strong></span> <span class='ocrx_word' id='word_1_390' title='bbox 1409 636 1542 675; x_wconf 91' lang='lat' dir='ltr'><strong>opinioni</strong></span> <span class='ocrx_word' id='word_1_391' title='bbox 1553 635 1650 666; x_wconf 84' lang='lat' dir='ltr'><strong>fratris</strong></span> <span class='ocrx_word' id='word_1_392' title='bbox 1659 645 1733 676; x_wconf 76' lang='lat' dir='ltr'><strong>prae-</strong></span> 
     </span>
    </p>
   </div>
   <div class='ocr_carea' id='block_1_59' title="bbox 908 680 1729 721">
    <p class='ocr_par' dir='ltr' id='par_1_59' title="bbox 908 680 1729 721">
     <span class='ocr_line' id='line_1_59' title="bbox 908 680 1729 721; baseline 0.001 -12"><span class='ocrx_word' id='word_1_393' title='bbox 908 680 1023 710; x_wconf 82' lang='lat' dir='ltr'><strong>tulisse.</strong></span> <span class='ocrx_word' id='word_1_394' title='bbox 1040 680 1121 711; x_wconf 86' lang='lat' dir='ltr'><strong>Hanc</strong></span> <span class='ocrx_word' id='word_1_395' title='bbox 1138 685 1235 711; x_wconf 84' lang='lat' dir='ltr'><strong>tamen</strong></span> <span class='ocrx_word' id='word_1_396' title='bbox 1264 680 1401 720; x_wconf 81' lang='lat' dir='ltr'><strong>Gregorii</strong></span> <span class='ocrx_word' id='word_1_397' title='bbox 1425 681 1517 712; x_wconf 89' lang='lat' dir='ltr'><strong>fuisse</strong></span> <span class='ocrx_word' id='word_1_398' title='bbox 1544 681 1729 721; x_wconf 88' lang='lat' dir='ltr'><strong>opinionem,</strong></span> 
     </span>
    </p>
   </div>
   <div class='ocr_carea' id='block_1_60' title="bbox 907 725 1732 766">
    <p class='ocr_par' dir='ltr' id='par_1_60' title="bbox 907 725 1732 766">
     <span class='ocr_line' id='line_1_60' title="bbox 907 725 1732 766; baseline 0.002 -12"><span class='ocrx_word' id='word_1_399' title='bbox 907 733 972 755; x_wconf 54' lang='lat' dir='ltr'><strong>esse</strong></span> <span class='ocrx_word' id='word_1_400' title='bbox 984 725 1134 756; x_wconf 89' lang='lat' dir='ltr'><strong>hominem</strong></span> <span class='ocrx_word' id='word_1_401' title='bbox 1153 728 1200 765; x_wconf 92' lang='lat' dir='ltr'><strong>qui</strong></span> <span class='ocrx_word' id='word_1_402' title='bbox 1219 729 1308 765; x_wconf 79' lang='lat' dir='ltr'><strong>neget</strong></span> <span class='ocrx_word' id='word_1_403' title='bbox 1323 726 1453 757; x_wconf 90' lang='lat' dir='ltr'><strong>arbitror</strong></span> <span class='ocrx_word' id='word_1_404' title='bbox 1464 726 1655 765; x_wconf 89' lang='lat' dir='ltr'><strong>neminem,si</strong></span> <span class='ocrx_word' id='word_1_405' title='bbox 1666 735 1732 766; x_wconf 78' lang='lat' dir='ltr'><strong>quae</strong></span> 
     </span>
    </p>
   </div>
   <div class='ocr_carea' id='block_1_61' title="bbox 908 768 1731 810">
    <p class='ocr_par' dir='ltr' id='par_1_61' title="bbox 908 768 1731 810">
     <span class='ocr_line' id='line_1_61' title="bbox 908 768 1731 810; baseline 0.004 -12"><span class='ocrx_word' id='word_1_406' title='bbox 908 768 1081 807; x_wconf 74' lang='lat' dir='ltr'><strong>subjicimus</strong></span> <span class='ocrx_word' id='word_1_407' title='bbox 1091 769 1223 809; x_wconf 82' lang='lat' dir='ltr'><strong>Gregorii</strong></span> <span class='ocrx_word' id='word_1_408' title='bbox 1235 769 1328 801; x_wconf 87' lang='lat' dir='ltr'><strong>verba</strong></span> <span class='ocrx_word' id='word_1_409' title='bbox 1338 770 1492 808; x_wconf 86' lang='lat' dir='ltr'><strong>aliquanto</strong></span> <span class='ocrx_word' id='word_1_410' title='bbox 1503 771 1674 810; x_wconf 77' lang='lat' dir='ltr'><strong>diligentius</strong></span> <span class='ocrx_word' id='word_1_411' title='bbox 1687 770 1731 802; x_wconf 89' lang='lat' dir='ltr'><strong>le-</strong></span> 
     </span>
    </p>
   </div>
   <div class='ocr_carea' id='block_1_62' title="bbox 907 812 1729 854">
    <p class='ocr_par' dir='ltr' id='par_1_62' title="bbox 907 812 1729 854">
     <span class='ocr_line' id='line_1_62' title="bbox 907 812 1729 854; baseline 0.006 -13"><span class='ocrx_word' id='word_1_412' title='bbox 907 816 993 850; x_wconf 84' lang='lat' dir='ltr'><strong>gerit.</strong></span> <span class='ocrx_word' id='word_1_413' title='bbox 1007 812 1161 853; x_wconf 85' lang='lat' dir='ltr'><strong>Sicitaque</strong></span> <span class='ocrx_word' id='word_1_414' title='bbox 1173 814 1471 854; x_wconf 83' lang='lat' dir='ltr'><strong>loquiturGregorius</strong></span> <span class='ocrx_word' id='word_1_415' title='bbox 1480 815 1729 852; x_wconf 78' lang='lat' dir='ltr'><strong>lib.inHe:cuem.,</strong></span> 
     </span>
    </p>
   </div>
   <div class='ocr_carea' id='block_1_63' title="bbox 909 858 1732 900">
    <p class='ocr_par' dir='ltr' id='par_1_63' title="bbox 909 858 1732 900">
     <span class='ocr_line' id='line_1_63' title="bbox 909 858 1732 900; baseline 0.002 -14"><span class='ocrx_word' id='word_1_416' title='bbox 909 866 973 896; x_wconf 83' lang='lat' dir='ltr'><strong>pag.</strong></span> <span class='ocrx_word' id='word_1_417' title='bbox 993 858 1042 888; x_wconf 81' lang='lat' dir='ltr'><strong>l5:</strong></span> <span class='ocrx_word' id='word_1_418' title='bbox 1055 859 1090 886; x_wconf 84' lang='grc' dir='ltr'><strong>Τό</strong></span> <span class='ocrx_word' id='word_1_419' title='bbox 1111 858 1140 886; x_wconf 74' lang='grc' dir='ltr'><strong>δὲ</strong></span> <span class='ocrx_word' id='word_1_420' title='bbox 1162 858 1229 899; x_wconf 74' lang='grc' dir='ltr'>ὕδωρ</span> <span class='ocrx_word' id='word_1_421' title='bbox 1259 863 1281 897; x_wconf 88' lang='grc' dir='ltr'>ᾦ</span> <span class='ocrx_word' id='word_1_422' title='bbox 1304 861 1334 888; x_wconf 82' lang='grc' dir='ltr'><strong>τό</strong></span> <span class='ocrx_word' id='word_1_423' title='bbox 1364 864 1469 898; x_wconf 82' lang='grc' dir='ltr'><strong>Πνεῦμα</strong></span> <span class='ocrx_word' id='word_1_424' title='bbox 1484 866 1530 890; x_wconf 81' lang='grc' dir='ltr'><strong>τοῦ</strong></span> <span class='ocrx_word' id='word_1_425' title='bbox 1556 865 1621 889; x_wconf 77' lang='grc' dir='ltr'><strong>Θεοῦ</strong></span> <span class='ocrx_word' id='word_1_426' title='bbox 1633 861 1732 900; x_wconf 65' lang='grc' dir='ltr'><strong>ἒπεῳέ-</strong></span> 
     </span>
    </p>
   </div>
   <div class='ocr_carea' id='block_1_64' title="bbox 907 902 1731 945">
    <p class='ocr_par' dir='ltr' id='par_1_64' title="bbox 907 902 1731 945">
     <span class='ocr_line' id='line_1_64' title="bbox 907 902 1731 945; baseline 0.005 -16"><span class='ocrx_word' id='word_1_427' title='bbox 907 912 979 940; x_wconf 73' lang='grc' dir='ltr'><strong>ρεςο,</strong></span> <span class='ocrx_word' id='word_1_428' title='bbox 998 902 1063 930; x_wconf 72' lang='grc' dir='ltr'>ἄλλο</span> <span class='ocrx_word' id='word_1_429' title='bbox 1093 914 1118 931; x_wconf 85' lang='grc' dir='ltr'><strong>τι</strong></span> <span class='ocrx_word' id='word_1_430' title='bbox 1149 905 1219 943; x_wconf 69' lang='grc' dir='ltr'><strong>πκρὰ</strong></span> <span class='ocrx_word' id='word_1_431' title='bbox 1242 905 1291 938; x_wconf 78' lang='grc' dir='ltr'><strong>τὴν</strong></span> <span class='ocrx_word' id='word_1_432' title='bbox 1313 905 1455 945; x_wconf 70' lang='grc' dir='ltr'><strong>κατωφερῆ</strong></span> <span class='ocrx_word' id='word_1_433' title='bbox 1485 906 1583 939; x_wconf 67' lang='grc' dir='ltr'><strong>ταύτην</strong></span> <span class='ocrx_word' id='word_1_434' title='bbox 1601 905 1654 933; x_wconf 77' lang='grc' dir='ltr'><strong>τῶν</strong></span> <span class='ocrx_word' id='word_1_435' title='bbox 1669 905 1731 943; x_wconf 77' lang='grc' dir='ltr'><strong>ῥευ-</strong></span> 
     </span>
    </p>
   </div>
   <div class='ocr_carea' id='block_1_65' title="bbox 908 946 1732 988">
    <p class='ocr_par' dir='ltr' id='par_1_65' title="bbox 908 946 1732 988">
     <span class='ocr_line' id='line_1_65' title="bbox 908 946 1732 988; baseline 0.005 -15"><span class='ocrx_word' id='word_1_436' title='bbox 908 949 976 974; x_wconf 81' lang='grc' dir='ltr'><strong>στών</strong></span> <span class='ocrx_word' id='word_1_437' title='bbox 1003 946 1103 975; x_wconf 68' lang='grc' dir='ltr'><strong>ὑδάτων</strong></span> <span class='ocrx_word' id='word_1_438' title='bbox 1136 949 1211 988; x_wconf 80' lang='grc' dir='ltr'>φύσιν</span> <span class='ocrx_word' id='word_1_439' title='bbox 1226 949 1306 987; x_wconf 72' lang='grc' dir='ltr'><strong>ἐστὶν,</strong></span> <span class='ocrx_word' id='word_1_440' title='bbox 1336 949 1350 977; x_wconf 82' lang='grc' dir='ltr'>ὅ</span> <span class='ocrx_word' id='word_1_441' title='bbox 1381 952 1420 986; x_wconf 82' lang='grc' dir='ltr'><strong>τῷ</strong></span> <span class='ocrx_word' id='word_1_442' title='bbox 1444 950 1606 988; x_wconf 73' lang='grc' dir='ltr'><strong>στερεώματι</strong></span> <span class='ocrx_word' id='word_1_443' title='bbox 1623 950 1688 988; x_wconf 81' lang='grc' dir='ltr'>πρός</span> <span class='ocrx_word' id='word_1_444' title='bbox 1702 949 1732 977; x_wconf 88' lang='grc' dir='ltr'><strong>τό</strong></span> 
     </span>
    </p>
   </div>
   <div class='ocr_carea' id='block_1_66' title="bbox 909 991 1732 1034">
    <p class='ocr_par' dir='ltr' id='par_1_66' title="bbox 909 991 1732 1034">
     <span class='ocr_line' id='line_1_66' title="bbox 909 991 1732 1034; baseline 0.007 -16"><span class='ocrx_word' id='word_1_445' title='bbox 909 991 973 1030; x_wconf 73' lang='grc' dir='ltr'><strong>βιρύ</strong></span> <span class='ocrx_word' id='word_1_446' title='bbox 997 1003 1025 1019; x_wconf 84' lang='grc' dir='ltr'><strong>τε</strong></span> <span class='ocrx_word' id='word_1_447' title='bbox 1048 993 1092 1020; x_wconf 62' lang='grc' dir='ltr'><strong>καὶ</strong></span> <span class='ocrx_word' id='word_1_448' title='bbox 1121 994 1271 1033; x_wconf 70' lang='grc' dir='ltr'><strong>ιατωφερὲς</strong></span> <span class='ocrx_word' id='word_1_449' title='bbox 1305 993 1372 1033; x_wconf 64' lang='grc' dir='ltr'>Ἅδωρ</span> <span class='ocrx_word' id='word_1_450' title='bbox 1417 993 1616 1034; x_wconf 68' lang='grc' dir='ltr'><strong>διατειχίζεται.</strong></span> <span class='ocrx_word' id='word_1_451' title='bbox 1646 995 1673 1024; x_wconf 83' lang='grc' dir='ltr'><strong>Εἰ</strong></span> <span class='ocrx_word' id='word_1_452' title='bbox 1705 993 1732 1022; x_wconf 71' lang='grc' dir='ltr'><strong>δὲ</strong></span> 
     </span>
    </p>
   </div>
   <div class='ocr_carea' id='block_1_67' title="bbox 910 1035 1732 1080">
    <p class='ocr_par' dir='ltr' id='par_1_67' title="bbox 910 1035 1732 1080">
     <span class='ocr_line' id='line_1_67' title="bbox 910 1035 1732 1080; baseline 0.007 -18"><span class='ocrx_word' id='word_1_453' title='bbox 910 1035 976 1075; x_wconf 68' lang='grc' dir='ltr'>ὕδωρ</span> <span class='ocrx_word' id='word_1_454' title='bbox 993 1037 1101 1065; x_wconf 60' lang='grc' dir='ltr'><strong>κάκεῖνο</strong></span> <span class='ocrx_word' id='word_1_455' title='bbox 1126 1039 1197 1077; x_wconf 70' lang='grc' dir='ltr'><strong>παρὰ</strong></span> <span class='ocrx_word' id='word_1_456' title='bbox 1222 1040 1272 1072; x_wconf 73' lang='grc' dir='ltr'><strong>τῆς</strong></span> <span class='ocrx_word' id='word_1_457' title='bbox 1303 1040 1406 1079; x_wconf 76' lang='grc' dir='ltr'>Γραφῆς</span> <span class='ocrx_word' id='word_1_458' title='bbox 1433 1040 1603 1080; x_wconf 68' lang='grc' dir='ltr'><strong>ὀνομάζεται,</strong></span> <span class='ocrx_word' id='word_1_459' title='bbox 1633 1044 1656 1077; x_wconf 85' lang='grc' dir='ltr'>ᾧ</span> <span class='ocrx_word' id='word_1_460' title='bbox 1691 1039 1732 1066; x_wconf 82' lang='grc' dir='ltr'><strong>διὰ</strong></span> 
     </span>
    </p>
   </div>
   <div class='ocr_carea' id='block_1_68' title="bbox 914 1081 1732 1123">
    <p class='ocr_par' dir='ltr' id='par_1_68' title="bbox 914 1081 1732 1123">
     <span class='ocr_line' id='line_1_68' title="bbox 914 1081 1732 1123; baseline 0.005 -15"><span class='ocrx_word' id='word_1_461' title='bbox 914 1081 959 1114; x_wconf 74' lang='grc' dir='ltr'>ςῆς</span> <span class='ocrx_word' id='word_1_462' title='bbox 989 1081 1156 1121; x_wconf 73' lang='grc' dir='ltr'><strong>ὑψηλοτέρας</strong></span> <span class='ocrx_word' id='word_1_463' title='bbox 1184 1084 1292 1121; x_wconf 71' lang='grc' dir='ltr'><strong>θεωρίας</strong></span> <span class='ocrx_word' id='word_1_464' title='bbox 1321 1086 1351 1112; x_wconf 86' lang='grc' dir='ltr'><strong>τό</strong></span> <span class='ocrx_word' id='word_1_465' title='bbox 1376 1088 1428 1112; x_wconf 79' lang='grc' dir='ltr'><strong>τῶν</strong></span> <span class='ocrx_word' id='word_1_466' title='bbox 1465 1089 1567 1118; x_wconf 76' lang='grc' dir='ltr'><strong>νοητῶν</strong></span> <span class='ocrx_word' id='word_1_467' title='bbox 1596 1084 1732 1123; x_wconf 75' lang='grc' dir='ltr'><strong>δυνάμεων</strong></span> 
     </span>
    </p>
   </div>
   <div class='ocr_carea' id='block_1_69' title="bbox 913 1125 1733 1169">
    <p class='ocr_par' dir='ltr' id='par_1_69' title="bbox 913 1125 1733 1169">
     <span class='ocr_line' id='line_1_69' title="bbox 913 1125 1733 1169; baseline 0.006 -16"><span class='ocrx_word' id='word_1_468' title='bbox 913 1125 1045 1164; x_wconf 70' lang='grc' dir='ltr'>πλήρωμι</span> <span class='ocrx_word' id='word_1_469' title='bbox 1078 1130 1249 1164; x_wconf 61' lang='grc' dir='ltr'><strong>σημπίνεσθιι</strong></span> <span class='ocrx_word' id='word_1_470' title='bbox 1275 1130 1476 1169; x_wconf 71' lang='grc' dir='ltr'><strong>στοχαζόμεθα,</strong></span> <span class='ocrx_word' id='word_1_471' title='bbox 1519 1130 1656 1166; x_wconf 80' lang='grc' dir='ltr'><strong>ξενιζὲσθω</strong></span> <span class='ocrx_word' id='word_1_472' title='bbox 1691 1129 1733 1157; x_wconf 73' lang='grc' dir='ltr'>διὰ</span> 
     </span>
    </p>
   </div>
   <div class='ocr_carea' id='block_1_70' title="bbox 912 1171 1733 1214">
    <p class='ocr_par' dir='ltr' id='par_1_70' title="bbox 912 1171 1733 1214">
     <span class='ocr_line' id='line_1_70' title="bbox 912 1171 1733 1214; baseline 0.009 -16"><span class='ocrx_word' id='word_1_473' title='bbox 912 1173 961 1204; x_wconf 77' lang='grc' dir='ltr'><strong>τῆς</strong></span> <span class='ocrx_word' id='word_1_474' title='bbox 977 1171 1129 1208; x_wconf 71' lang='grc' dir='ltr'><strong>ὁμωνυμίας</strong></span> <span class='ocrx_word' id='word_1_475' title='bbox 1143 1172 1416 1214; x_wconf 69' lang='lat' dir='ltr'><strong>u1.85i&lt;,etc.«Aqua</strong></span> <span class='ocrx_word' id='word_1_476' title='bbox 1432 1174 1563 1214; x_wconf 85' lang='lat' dir='ltr'><strong>profecto</strong></span> <span class='ocrx_word' id='word_1_477' title='bbox 1575 1183 1666 1214; x_wconf 87' lang='lat' dir='ltr'><strong>super</strong></span> <span class='ocrx_word' id='word_1_478' title='bbox 1673 1183 1733 1213; x_wconf 88' lang='lat' dir='ltr'><strong>qua</strong></span> 
     </span>
    </p>
   </div>
   <div class='ocr_carea' id='block_1_71' title="bbox 913 1215 1732 1256">
    <p class='ocr_par' dir='ltr' id='par_1_71' title="bbox 913 1215 1732 1256">
     <span class='ocr_line' id='line_1_71' title="bbox 913 1215 1732 1256; baseline 0.006 -11"><span class='ocrx_word' id='word_1_479' title='bbox 913 1215 1062 1246; x_wconf 84' lang='lat' dir='ltr'><strong>farebatur</strong></span> <span class='ocrx_word' id='word_1_480' title='bbox 1090 1216 1218 1256; x_wconf 81' lang='lat' dir='ltr'><strong>Spiritus</strong></span> <span class='ocrx_word' id='word_1_481' title='bbox 1247 1217 1308 1255; x_wconf 89' lang='lat' dir='ltr'><strong>Dei,</strong></span> <span class='ocrx_word' id='word_1_482' title='bbox 1338 1218 1456 1249; x_wconf 88' lang='lat' dir='ltr'><strong>diversa</strong></span> <span class='ocrx_word' id='word_1_483' title='bbox 1485 1222 1530 1249; x_wconf 92' lang='lat' dir='ltr'><strong>est</strong></span> <span class='ocrx_word' id='word_1_484' title='bbox 1549 1218 1585 1250; x_wconf 86' lang='lat' dir='ltr'><strong>ab</strong></span> <span class='ocrx_word' id='word_1_485' title='bbox 1609 1219 1732 1250; x_wconf 85' lang='lat' dir='ltr'><strong>istarum</strong></span> 
     </span>
    </p>
   </div>
   <div class='ocr_carea' id='block_1_72' title="bbox 912 1262 1733 1300">
    <p class='ocr_par' dir='ltr' id='par_1_72' title="bbox 912 1262 1733 1300">
     <span class='ocr_line' id='line_1_72' title="bbox 912 1262 1733 1300; baseline 0.006 -11"><span class='ocrx_word' id='word_1_486' title='bbox 912 1269 1052 1300; x_wconf 88' lang='lat' dir='ltr'><strong>aquarum</strong></span> <span class='ocrx_word' id='word_1_487' title='bbox 1068 1265 1182 1298; x_wconf 85' lang='lat' dir='ltr'><strong>natura,</strong></span> <span class='ocrx_word' id='word_1_488' title='bbox 1202 1271 1267 1299; x_wconf 69' lang='lat' dir='ltr'><strong>quae</strong></span> <span class='ocrx_word' id='word_1_489' title='bbox 1282 1262 1422 1293; x_wconf 90' lang='lat' dir='ltr'><strong>deorsum</strong></span> <span class='ocrx_word' id='word_1_490' title='bbox 1445 1263 1541 1294; x_wconf 87' lang='lat' dir='ltr'><strong>ﬂuunt</strong></span> <span class='ocrx_word' id='word_1_491' title='bbox 1572 1268 1600 1294; x_wconf 92' lang='lat' dir='ltr'><strong>et</strong></span> <span class='ocrx_word' id='word_1_492' title='bbox 1630 1264 1733 1294; x_wconf 85' lang='lat' dir='ltr'><strong>ﬁrma-</strong></span> 
     </span>
    </p>
   </div>
   <div class='ocr_carea' id='block_1_73' title="bbox 913 1304 1732 1345">
    <p class='ocr_par' dir='ltr' id='par_1_73' title="bbox 913 1304 1732 1345">
     <span class='ocr_line' id='line_1_73' title="bbox 913 1304 1732 1345; baseline 0.006 -11"><span class='ocrx_word' id='word_1_493' title='bbox 913 1308 1012 1334; x_wconf 86' lang='lat' dir='ltr'><strong>mento</strong></span> <span class='ocrx_word' id='word_1_494' title='bbox 1028 1304 1064 1335; x_wconf 88' lang='lat' dir='ltr'><strong>ab</strong></span> <span class='ocrx_word' id='word_1_495' title='bbox 1078 1314 1153 1345; x_wconf 86' lang='lat' dir='ltr'><strong>aqua</strong></span> <span class='ocrx_word' id='word_1_496' title='bbox 1169 1306 1249 1344; x_wconf 82' lang='lat' dir='ltr'><strong>gravi</strong></span> <span class='ocrx_word' id='word_1_497' title='bbox 1266 1311 1296 1337; x_wconf 86' lang='lat' dir='ltr'><strong>et</strong></span> <span class='ocrx_word' id='word_1_498' title='bbox 1308 1307 1343 1337; x_wconf 87' lang='lat' dir='ltr'><strong>ad</strong></span> <span class='ocrx_word' id='word_1_499' title='bbox 1370 1307 1514 1338; x_wconf 85' lang='lat' dir='ltr'><strong>inferiora</strong></span> <span class='ocrx_word' id='word_1_500' title='bbox 1529 1309 1671 1339; x_wconf 89' lang='lat' dir='ltr'><strong>tendente</strong></span> <span class='ocrx_word' id='word_1_501' title='bbox 1682 1317 1732 1339; x_wconf 86' lang='lat' dir='ltr'><strong>se-</strong></span> 
     </span>
    </p>
   </div>
   <div class='ocr_carea' id='block_1_74' title="bbox 907 1350 1735 1392">
    <p class='ocr_par' dir='ltr' id='par_1_74' title="bbox 907 1350 1735 1392">
     <span class='ocr_line' id='line_1_74' title="bbox 907 1350 1735 1392; baseline 0.007 -14"><span class='ocrx_word' id='word_1_502' title='bbox 907 1350 1052 1389; x_wconf 73' lang='lat' dir='ltr'><strong>juugitur.</strong></span> <span class='ocrx_word' id='word_1_503' title='bbox 1072 1350 1156 1386; x_wconf 87' lang='lat' dir='ltr'><strong>Quod</strong></span> <span class='ocrx_word' id='word_1_504' title='bbox 1171 1355 1271 1381; x_wconf 72' lang='lat' dir='ltr'><strong>autem</strong></span> <span class='ocrx_word' id='word_1_505' title='bbox 1288 1351 1318 1382; x_wconf 91' lang='lat' dir='ltr'><strong>in</strong></span> <span class='ocrx_word' id='word_1_506' title='bbox 1345 1351 1499 1392; x_wconf 87' lang='lat' dir='ltr'><strong>Scriptura</strong></span> <span class='ocrx_word' id='word_1_507' title='bbox 1523 1358 1644 1384; x_wconf 84' lang='lat' dir='ltr'><strong>vocetur</strong></span> <span class='ocrx_word' id='word_1_508' title='bbox 1659 1362 1735 1392; x_wconf 82' lang='lat' dir='ltr'><strong>aqua</strong></span> 
     </span>
    </p>
   </div>
   <div class='ocr_carea' id='block_1_75' title="bbox 911 1394 1732 1437">
    <p class='ocr_par' dir='ltr' id='par_1_75' title="bbox 911 1394 1732 1437">
     <span class='ocr_line' id='line_1_75' title="bbox 911 1394 1732 1437; baseline 0.004 -12"><span class='ocrx_word' id='word_1_509' title='bbox 911 1394 1000 1425; x_wconf 84' lang='lat' dir='ltr'><strong>etiam</strong></span> <span class='ocrx_word' id='word_1_510' title='bbox 1018 1394 1079 1434; x_wconf 86' lang='lat' dir='ltr'><strong>illa,</strong></span> <span class='ocrx_word' id='word_1_511' title='bbox 1096 1404 1154 1434; x_wconf 87' lang='lat' dir='ltr'><strong>qua</strong></span> <span class='ocrx_word' id='word_1_512' title='bbox 1169 1395 1334 1426; x_wconf 89' lang='lat' dir='ltr'><strong>sublimiori</strong></span> <span class='ocrx_word' id='word_1_513' title='bbox 1350 1397 1601 1437; x_wconf 85' lang='lat' dir='ltr'><strong>contemplatione</strong></span> <span class='ocrx_word' id='word_1_514' title='bbox 1616 1398 1732 1428; x_wconf 86' lang='lat' dir='ltr'><strong>divina-</strong></span> 
     </span>
    </p>
   </div>
   <div class='ocr_carea' id='block_1_76' title="bbox 909 1439 1732 1483">
    <p class='ocr_par' dir='ltr' id='par_1_76' title="bbox 909 1439 1732 1483">
     <span class='ocr_line' id='line_1_76' title="bbox 909 1439 1732 1483; baseline 0.006 -15"><span class='ocrx_word' id='word_1_515' title='bbox 909 1448 976 1469; x_wconf 87' lang='lat' dir='ltr'><strong>rum</strong></span> <span class='ocrx_word' id='word_1_516' title='bbox 995 1441 1136 1470; x_wconf 87' lang='lat' dir='ltr'><strong>mentium</strong></span> <span class='ocrx_word' id='word_1_517' title='bbox 1163 1439 1318 1479; x_wconf 89' lang='lat' dir='ltr'><strong>plenitudo</strong></span> <span class='ocrx_word' id='word_1_518' title='bbox 1344 1441 1536 1480; x_wconf 79' lang='lat' dir='ltr'><strong>signiﬁcatur,</strong></span> <span class='ocrx_word' id='word_1_519' title='bbox 1555 1452 1594 1473; x_wconf 89' lang='lat' dir='ltr'><strong>ne</strong></span> <span class='ocrx_word' id='word_1_520' title='bbox 1610 1442 1677 1483; x_wconf 84' lang='lat' dir='ltr'><strong>quis</strong></span> <span class='ocrx_word' id='word_1_521' title='bbox 1703 1442 1732 1474; x_wconf 90' lang='lat' dir='ltr'><strong>id</strong></span> 
     </span>
    </p>
   </div>
   <div class='ocr_carea' id='block_1_77' title="bbox 910 1483 1734 1527">
    <p class='ocr_par' dir='ltr' id='par_1_77' title="bbox 910 1483 1734 1527">
     <span class='ocr_line' id='line_1_77' title="bbox 910 1483 1734 1527; baseline 0.002 -14"><span class='ocrx_word' id='word_1_522' title='bbox 910 1483 1039 1513; x_wconf 86' lang='lat' dir='ltr'><strong>alienum</strong></span> <span class='ocrx_word' id='word_1_523' title='bbox 1056 1488 1106 1514; x_wconf 82' lang='lat' dir='ltr'><strong>aut</strong></span> <span class='ocrx_word' id='word_1_524' title='bbox 1122 1493 1229 1515; x_wconf 86' lang='lat' dir='ltr'><strong>novum</strong></span> <span class='ocrx_word' id='word_1_525' title='bbox 1246 1489 1339 1525; x_wconf 89' lang='lat' dir='ltr'><strong>putet,</strong></span> <span class='ocrx_word' id='word_1_526' title='bbox 1353 1497 1364 1512; x_wconf 78' lang='grc' dir='ltr'><strong><em>ι</em></strong></span> <span class='ocrx_word' id='word_1_527' title='bbox 1380 1486 1477 1517; x_wconf 88' lang='lat' dir='ltr'><strong>etc.Et</strong></span> <span class='ocrx_word' id='word_1_528' title='bbox 1488 1488 1574 1526; x_wconf 84' lang='lat' dir='ltr'><strong>paulo</strong></span> <span class='ocrx_word' id='word_1_529' title='bbox 1590 1491 1666 1527; x_wconf 82' lang='lat' dir='ltr'><strong>post:</strong></span> <span class='ocrx_word' id='word_1_530' title='bbox 1686 1489 1734 1516; x_wconf 80' lang='grc' dir='ltr'><strong>Καὶ</strong></span> 
     </span>
    </p>
   </div>
   <div class='ocr_carea' id='block_1_78' title="bbox 913 1528 1733 1572">
    <p class='ocr_par' dir='ltr' id='par_1_78' title="bbox 913 1528 1733 1572">
     <span class='ocr_line' id='line_1_78' title="bbox 913 1528 1733 1572; baseline 0.005 -16"><span class='ocrx_word' id='word_1_531' title='bbox 913 1539 945 1566; x_wconf 82' lang='grc' dir='ltr'>με</span> <span class='ocrx_word' id='word_1_532' title='bbox 975 1528 1066 1566; x_wconf 65' lang='grc' dir='ltr'>μηδεὶς</span> <span class='ocrx_word' id='word_1_533' title='bbox 1095 1530 1238 1558; x_wconf 78' lang='grc' dir='ltr'><strong>ὑπονοείτω</strong></span> <span class='ocrx_word' id='word_1_534' title='bbox 1253 1529 1295 1558; x_wconf 78' lang='grc' dir='ltr'>διὰ</span> <span class='ocrx_word' id='word_1_535' title='bbox 1316 1533 1368 1563; x_wconf 86' lang='grc' dir='ltr'><strong>τῶς</strong></span> <span class='ocrx_word' id='word_1_536' title='bbox 1400 1531 1574 1570; x_wconf 72' lang='grc' dir='ltr'><strong>τροπολογίαις</strong></span> <span class='ocrx_word' id='word_1_537' title='bbox 1605 1532 1733 1572; x_wconf 80' lang='grc' dir='ltr'><strong>σύγχυσιν</strong></span> 
     </span>
    </p>
   </div>
   <div class='ocr_carea' id='block_1_79' title="bbox 911 1574 1732 1616">
    <p class='ocr_par' dir='ltr' id='par_1_79' title="bbox 911 1574 1732 1616">
     <span class='ocr_line' id='line_1_79' title="bbox 911 1574 1732 1616; baseline 0.002 -15"><span class='ocrx_word' id='word_1_538' title='bbox 911 1574 1019 1612; x_wconf 67' lang='grc' dir='ltr'><strong>ἐπάγειν</strong></span> <span class='ocrx_word' id='word_1_539' title='bbox 1055 1575 1199 1612; x_wconf 60' lang='grc' dir='ltr'><strong>τῇθεωρίᾳ</strong></span> <span class='ocrx_word' id='word_1_540' title='bbox 1221 1575 1268 1608; x_wconf 77' lang='grc' dir='ltr'>τῆς</span> <span class='ocrx_word' id='word_1_541' title='bbox 1296 1574 1405 1616; x_wconf 70' lang='grc' dir='ltr'><strong>λέξεως,</strong></span> <span class='ocrx_word' id='word_1_542' title='bbox 1440 1577 1476 1607; x_wconf 79' lang='grc' dir='ltr'>ὡς</span> <span class='ocrx_word' id='word_1_543' title='bbox 1504 1583 1562 1607; x_wconf 77' lang='grc' dir='ltr'>ταῖς</span> <span class='ocrx_word' id='word_1_544' title='bbox 1599 1577 1732 1608; x_wconf 75' lang='grc' dir='ltr'>ὑπονοίαις</span> 
     </span>
    </p>
   </div>
   <div class='ocr_carea' id='block_1_80' title="bbox 911 1619 1734 1661">
    <p class='ocr_par' dir='ltr' id='par_1_80' title="bbox 911 1619 1734 1661">
     <span class='ocr_line' id='line_1_80' title="bbox 911 1619 1734 1661; baseline 0.004 -15"><span class='ocrx_word' id='word_1_545' title='bbox 911 1620 963 1646; x_wconf 73' lang='grc' dir='ltr'><strong>τῶν</strong></span> <span class='ocrx_word' id='word_1_546' title='bbox 993 1620 1043 1657; x_wconf 71' lang='grc' dir='ltr'><strong>πρὸ</strong></span> <span class='ocrx_word' id='word_1_547' title='bbox 1070 1619 1146 1656; x_wconf 74' lang='grc' dir='ltr'><strong>ἡμῶν</strong></span> <span class='ocrx_word' id='word_1_548' title='bbox 1176 1620 1208 1647; x_wconf 83' lang='grc' dir='ltr'><strong>τὰ</strong></span> <span class='ocrx_word' id='word_1_549' title='bbox 1237 1625 1345 1649; x_wconf 66' lang='grc' dir='ltr'>τοιαῦτα</span> <span class='ocrx_word' id='word_1_550' title='bbox 1374 1621 1576 1660; x_wconf 58' lang='lat' dir='ltr'><strong>retiari-spumith</strong></span> <span class='ocrx_word' id='word_1_551' title='bbox 1600 1621 1734 1661; x_wconf 68' lang='grc' dir='ltr'><strong>συμφέρε-</strong></span> 
     </span>
    </p>
   </div>
   <div class='ocr_carea' id='block_1_81' title="bbox 913 1663 1733 1703">
    <p class='ocr_par' dir='ltr' id='par_1_81' title="bbox 913 1663 1733 1703">
     <span class='ocr_line' id='line_1_81' title="bbox 913 1663 1733 1703; baseline 0.005 -12"><span class='ocrx_word' id='word_1_552' title='bbox 913 1665 981 1700; x_wconf 69' lang='grc' dir='ltr'><strong>τθαι,</strong></span> <span class='ocrx_word' id='word_1_553' title='bbox 1013 1664 1056 1691; x_wconf 61' lang='grc' dir='ltr'>καὶ</span> <span class='ocrx_word' id='word_1_554' title='bbox 1099 1663 1187 1702; x_wconf 64' lang='grc' dir='ltr'><strong>λέγειν</strong></span> <span class='ocrx_word' id='word_1_555' title='bbox 1229 1665 1276 1696; x_wconf 79' lang='grc' dir='ltr'><strong>τὰς</strong></span> <span class='ocrx_word' id='word_1_556' title='bbox 1310 1664 1358 1702; x_wconf 77' lang='grc' dir='ltr'><strong>μὲν</strong></span> <span class='ocrx_word' id='word_1_557' title='bbox 1399 1665 1577 1697; x_wconf 74' lang='grc' dir='ltr'><strong>ὰποστατικὰς</strong></span> <span class='ocrx_word' id='word_1_558' title='bbox 1611 1665 1733 1703; x_wconf 77' lang='grc' dir='ltr'><strong>δυνάμεις</strong></span> 
     </span>
    </p>
   </div>
   <div class='ocr_carea' id='block_1_82' title="bbox 913 1707 1733 1750">
    <p class='ocr_par' dir='ltr' id='par_1_82' title="bbox 913 1707 1733 1750">
     <span class='ocr_line' id='line_1_82' title="bbox 913 1707 1733 1750; baseline 0.005 -15"><span class='ocrx_word' id='word_1_559' title='bbox 913 1707 1023 1737; x_wconf 60' lang='grc' dir='ltr'><strong>ἄϐυσσον</strong></span> <span class='ocrx_word' id='word_1_560' title='bbox 1051 1708 1183 1747; x_wconf 75' lang='grc' dir='ltr'><strong>λέγεσθαι·</strong></span> <span class='ocrx_word' id='word_1_561' title='bbox 1219 1710 1263 1737; x_wconf 81' lang='grc' dir='ltr'><strong>τὸν</strong></span> <span class='ocrx_word' id='word_1_562' title='bbox 1305 1708 1331 1737; x_wconf 79' lang='grc' dir='ltr'><strong>δὲ</strong></span> <span class='ocrx_word' id='word_1_563' title='bbox 1363 1711 1565 1750; x_wconf 66' lang='grc' dir='ltr'><strong>κοσμοκράτορα</strong></span> <span class='ocrx_word' id='word_1_564' title='bbox 1592 1715 1638 1739; x_wconf 78' lang='grc' dir='ltr'><strong>τοῦ</strong></span> <span class='ocrx_word' id='word_1_565' title='bbox 1666 1711 1733 1739; x_wconf 78' lang='grc' dir='ltr'><strong>σκό-</strong></span> 
     </span>
    </p>
   </div>
   <div class='ocr_carea' id='block_1_83' title="bbox 912 1752 1735 1791">
    <p class='ocr_par' dir='ltr' id='par_1_83' title="bbox 912 1752 1735 1791">
     <span class='ocr_line' id='line_1_83' title="bbox 912 1752 1735 1791; baseline 0.006 -11"><span class='ocrx_word' id='word_1_566' title='bbox 912 1764 984 1791; x_wconf 70' lang='grc' dir='ltr'><strong>τως,</strong></span> <span class='ocrx_word' id='word_1_567' title='bbox 1000 1754 1030 1780; x_wconf 80' lang='grc' dir='ltr'>τὸ</span> <span class='ocrx_word' id='word_1_568' title='bbox 1045 1753 1134 1781; x_wconf 62' lang='grc' dir='ltr'><strong>ἐπάνω</strong></span> <span class='ocrx_word' id='word_1_569' title='bbox 1145 1756 1194 1786; x_wconf 80' lang='grc' dir='ltr'><strong>τῆς</strong></span> <span class='ocrx_word' id='word_1_570' title='bbox 1217 1752 1328 1782; x_wconf 72' lang='grc' dir='ltr'><strong>ἀϐύσσου</strong></span> <span class='ocrx_word' id='word_1_571' title='bbox 1351 1757 1468 1783; x_wconf 68' lang='grc' dir='ltr'><strong>νοεῖσθαι</strong></span> <span class='ocrx_word' id='word_1_572' title='bbox 1494 1766 1598 1787; x_wconf 78' lang='grc' dir='ltr'><strong>σκοτος.</strong></span> <span class='ocrx_word' id='word_1_573' title='bbox 1627 1768 1640 1783; x_wconf 70' lang='grc' dir='ltr'>α</span> <span class='ocrx_word' id='word_1_574' title='bbox 1674 1755 1735 1786; x_wconf 89' lang='lat' dir='ltr'><strong>Nec</strong></span> 
     </span>
    </p>
   </div>
   <div class='ocr_carea' id='block_1_84' title="bbox 912 1797 1734 1840">
    <p class='ocr_par' dir='ltr' id='par_1_84' title="bbox 912 1797 1734 1840">
     <span class='ocr_line' id='line_1_84' title="bbox 912 1797 1734 1840; baseline 0.006 -14"><span class='ocrx_word' id='word_1_575' title='bbox 912 1797 1068 1837; x_wconf 81' lang='lat' dir='ltr'><strong>quisquam</strong></span> <span class='ocrx_word' id='word_1_576' title='bbox 1085 1797 1245 1829; x_wconf 86' lang='lat' dir='ltr'><strong>arbitretur</strong></span> <span class='ocrx_word' id='word_1_577' title='bbox 1256 1808 1310 1829; x_wconf 89' lang='lat' dir='ltr'><strong>nos</strong></span> <span class='ocrx_word' id='word_1_578' title='bbox 1322 1799 1480 1830; x_wconf 85' lang='lat' dir='ltr'><strong>verborum</strong></span> <span class='ocrx_word' id='word_1_579' title='bbox 1499 1800 1734 1840; x_wconf 79' lang='lat' dir='ltr'><strong>interpretationi</strong></span> 
     </span>
    </p>
   </div>
   <div class='ocr_carea' id='block_1_85' title="bbox 912 1842 1736 1883">
    <p class='ocr_par' dir='ltr' id='par_1_85' title="bbox 912 1842 1736 1883">
     <span class='ocr_line' id='line_1_85' title="bbox 912 1842 1736 1883; baseline 0.005 -11"><span class='ocrx_word' id='word_1_580' title='bbox 912 1851 946 1872; x_wconf 82' lang='lat' dir='ltr'><strong>ex</strong></span> <span class='ocrx_word' id='word_1_581' title='bbox 964 1842 1017 1872; x_wconf 63' lang='lat' dir='ltr'><strong>hac</strong></span> <span class='ocrx_word' id='word_1_582' title='bbox 1033 1842 1136 1873; x_wconf 87' lang='lat' dir='ltr'><strong>morali</strong></span> <span class='ocrx_word' id='word_1_583' title='bbox 1150 1843 1334 1883; x_wconf 76' lang='lat' dir='ltr'><strong>expositione</strong></span> <span class='ocrx_word' id='word_1_584' title='bbox 1348 1844 1553 1875; x_wconf 86' lang='lat' dir='ltr'><strong>confusionem</strong></span> <span class='ocrx_word' id='word_1_585' title='bbox 1567 1845 1685 1883; x_wconf 79' lang='lat' dir='ltr'><strong>atferre,</strong></span> <span class='ocrx_word' id='word_1_586' title='bbox 1704 1850 1736 1876; x_wconf 92' lang='lat' dir='ltr'><strong>ut</strong></span> 
     </span>
    </p>
   </div>
   <div class='ocr_carea' id='block_1_86' title="bbox 912 1887 1732 1930">
    <p class='ocr_par' dir='ltr' id='par_1_86' title="bbox 912 1887 1732 1930">
     <span class='ocr_line' id='line_1_86' title="bbox 912 1887 1732 1930; baseline 0.006 -14"><span class='ocrx_word' id='word_1_587' title='bbox 912 1887 1103 1925; x_wconf 89' lang='lat' dir='ltr'><strong>opinionibus</strong></span> <span class='ocrx_word' id='word_1_588' title='bbox 1114 1897 1217 1918; x_wconf 91' lang='lat' dir='ltr'><strong>eorum</strong></span> <span class='ocrx_word' id='word_1_589' title='bbox 1229 1888 1279 1928; x_wconf 90' lang='lat' dir='ltr'><strong>qui</strong></span> <span class='ocrx_word' id='word_1_590' title='bbox 1294 1894 1362 1919; x_wconf 88' lang='lat' dir='ltr'><strong>ante</strong></span> <span class='ocrx_word' id='word_1_591' title='bbox 1374 1898 1428 1919; x_wconf 92' lang='lat' dir='ltr'><strong>nos</strong></span> <span class='ocrx_word' id='word_1_592' title='bbox 1455 1889 1642 1930; x_wconf 87' lang='lat' dir='ltr'><strong>interpretati</strong></span> <span class='ocrx_word' id='word_1_593' title='bbox 1653 1895 1732 1928; x_wconf 84' lang='lat' dir='ltr'><strong>sunt,</strong></span> 
     </span>
    </p>
   </div>
   <div class='ocr_carea' id='block_1_87' title="bbox 913 1932 1734 1974">
    <p class='ocr_par' dir='ltr' id='par_1_87' title="bbox 913 1932 1734 1974">
     <span class='ocr_line' id='line_1_87' title="bbox 913 1932 1734 1974; baseline 0.006 -13"><span class='ocrx_word' id='word_1_594' title='bbox 913 1932 1271 1972; x_wconf 86' lang='lat' dir='ltr'><strong>faveamus,dicamusque</strong></span> <span class='ocrx_word' id='word_1_595' title='bbox 1285 1937 1444 1973; x_wconf 81' lang='lat' dir='ltr'><strong>potestates</strong></span> <span class='ocrx_word' id='word_1_596' title='bbox 1459 1933 1525 1964; x_wconf 85' lang='lat' dir='ltr'><strong>illas</strong></span> <span class='ocrx_word' id='word_1_597' title='bbox 1535 1943 1601 1974; x_wconf 57' lang='lat' dir='ltr'><strong>qua</strong></span> <span class='ocrx_word' id='word_1_598' title='bbox 1612 1935 1734 1966; x_wconf 84' lang='lat' dir='ltr'><strong>defece—</strong></span> 
     </span>
    </p>
   </div>
   <div class='ocr_carea' id='block_1_88' title="bbox 911 1977 1734 2018">
    <p class='ocr_par' dir='ltr' id='par_1_88' title="bbox 911 1977 1734 2018">
     <span class='ocr_line' id='line_1_88' title="bbox 911 1977 1734 2018; baseline 0.005 -12"><span class='ocrx_word' id='word_1_599' title='bbox 911 1981 990 2016; x_wconf 87' lang='lat' dir='ltr'><strong>runt,</strong></span> <span class='ocrx_word' id='word_1_600' title='bbox 1008 1977 1144 2017; x_wconf 79' lang='lat' dir='ltr'><strong>abyssum</strong></span> <span class='ocrx_word' id='word_1_601' title='bbox 1163 1977 1242 2018; x_wconf 84' lang='lat' dir='ltr'><strong>dici;</strong></span> <span class='ocrx_word' id='word_1_602' title='bbox 1260 1977 1424 2018; x_wconf 75' lang='lat' dir='ltr'><strong>principem</strong></span> <span class='ocrx_word' id='word_1_603' title='bbox 1442 1987 1510 2009; x_wconf 88' lang='lat' dir='ltr'><strong>vero</strong></span> <span class='ocrx_word' id='word_1_604' title='bbox 1541 1978 1734 2011; x_wconf 84' lang='lat' dir='ltr'><strong>tenebrarum</strong></span> 
     </span>
    </p>
   </div>
   <div class='ocr_carea' id='block_1_89' title="bbox 913 2021 1730 2063">
    <p class='ocr_par' dir='ltr' id='par_1_89' title="bbox 913 2021 1730 2063">
     <span class='ocr_line' id='line_1_89' title="bbox 913 2021 1730 2063; baseline 0.005 -13"><span class='ocrx_word' id='word_1_605' title='bbox 913 2021 1036 2060; x_wconf 81' lang='lat' dir='ltr'><strong>intelligi</strong></span> <span class='ocrx_word' id='word_1_606' title='bbox 1050 2021 1190 2052; x_wconf 85' lang='lat' dir='ltr'><strong>tenebras</strong></span> <span class='ocrx_word' id='word_1_607' title='bbox 1204 2022 1351 2063; x_wconf 69' lang='lat' dir='ltr'><strong>illas,quaa</strong></span> <span class='ocrx_word' id='word_1_608' title='bbox 1361 2032 1452 2062; x_wconf 89' lang='lat' dir='ltr'><strong>super</strong></span> <span class='ocrx_word' id='word_1_609' title='bbox 1459 2023 1595 2063; x_wconf 83' lang='lat' dir='ltr'><strong>abyssum</strong></span> <span class='ocrx_word' id='word_1_610' title='bbox 1609 2029 1704 2054; x_wconf 88' lang='lat' dir='ltr'><strong>erant.</strong></span> <span class='ocrx_word' id='word_1_611' title='bbox 1716 2036 1730 2054; x_wconf 66' lang='grc' dir='ltr'><strong><em>ι</em></strong></span> 
     </span>
    </p>
   </div>
   <div class='ocr_carea' id='block_1_90' title="bbox 913 2065 1734 2108">
    <p class='ocr_par' dir='ltr' id='par_1_90' title="bbox 913 2065 1734 2108">
     <span class='ocr_line' id='line_1_90' title="bbox 913 2065 1734 2108; baseline 0.007 -13"><span class='ocrx_word' id='word_1_612' title='bbox 913 2065 994 2102; x_wconf 88' lang='lat' dir='ltr'><strong>Quod</strong></span> <span class='ocrx_word' id='word_1_613' title='bbox 1009 2076 1097 2107; x_wconf 88' lang='lat' dir='ltr'><strong>supra</strong></span> <span class='ocrx_word' id='word_1_614' title='bbox 1114 2067 1254 2108; x_wconf 87' lang='lat' dir='ltr'><strong>diximus,</strong></span> <span class='ocrx_word' id='word_1_615' title='bbox 1275 2067 1449 2108; x_wconf 78' lang='lat' dir='ltr'><strong>Gregorium</strong></span> <span class='ocrx_word' id='word_1_616' title='bbox 1466 2078 1482 2099; x_wconf 87' lang='lat' dir='ltr'><strong>a</strong></span> <span class='ocrx_word' id='word_1_617' title='bbox 1504 2068 1612 2099; x_wconf 87' lang='lat' dir='ltr'><strong>Basilio</strong></span> <span class='ocrx_word' id='word_1_618' title='bbox 1638 2070 1669 2100; x_wconf 92' lang='lat' dir='ltr'><strong>in</strong></span> <span class='ocrx_word' id='word_1_619' title='bbox 1698 2079 1734 2101; x_wconf 91' lang='lat' dir='ltr'><strong>eo</strong></span> 
     </span>
    </p>
   </div>
   <div class='ocr_carea' id='block_1_91' title="bbox 912 2111 1733 2153">
    <p class='ocr_par' dir='ltr' id='par_1_91' title="bbox 912 2111 1733 2153">
     <span class='ocr_line' id='line_1_91' title="bbox 912 2111 1733 2153; baseline 0.005 -13"><span class='ocrx_word' id='word_1_620' title='bbox 912 2111 1164 2152; x_wconf 75' lang='lat' dir='ltr'><strong>(lissentire,quod</strong></span> <span class='ocrx_word' id='word_1_621' title='bbox 1181 2122 1272 2153; x_wconf 85' lang='lat' dir='ltr'><strong>aquas</strong></span> <span class='ocrx_word' id='word_1_622' title='bbox 1287 2113 1459 2153; x_wconf 87' lang='lat' dir='ltr'><strong>eas,quibus</strong></span> <span class='ocrx_word' id='word_1_623' title='bbox 1475 2113 1647 2144; x_wconf 89' lang='lat' dir='ltr'><strong>incubuisse</strong></span> <span class='ocrx_word' id='word_1_624' title='bbox 1656 2115 1733 2145; x_wconf 89' lang='lat' dir='ltr'><strong>scri-</strong></span> 
     </span>
    </p>
   </div>
   <div class='ocr_carea' id='block_1_92' title="bbox 914 2156 1733 2198">
    <p class='ocr_par' dir='ltr' id='par_1_92' title="bbox 914 2156 1733 2198">
     <span class='ocr_line' id='line_1_92' title="bbox 914 2156 1733 2198; baseline 0.004 -13"><span class='ocrx_word' id='word_1_625' title='bbox 914 2156 991 2186; x_wconf 90' lang='lat' dir='ltr'><strong>bitur</strong></span> <span class='ocrx_word' id='word_1_626' title='bbox 1017 2156 1145 2196; x_wconf 87' lang='lat' dir='ltr'><strong>Spiritus</strong></span> <span class='ocrx_word' id='word_1_627' title='bbox 1173 2157 1239 2198; x_wconf 84' lang='lat' dir='ltr'><strong>Dei,</strong></span> <span class='ocrx_word' id='word_1_628' title='bbox 1266 2163 1294 2188; x_wconf 86' lang='lat' dir='ltr'><strong>et</strong></span> <span class='ocrx_word' id='word_1_629' title='bbox 1320 2167 1387 2196; x_wconf 65' lang='lat' dir='ltr'><strong>quas</strong></span> <span class='ocrx_word' id='word_1_630' title='bbox 1401 2167 1491 2198; x_wconf 86' lang='lat' dir='ltr'><strong>supra</strong></span> <span class='ocrx_word' id='word_1_631' title='bbox 1513 2158 1733 2188; x_wconf 83' lang='lat' dir='ltr'><strong>ﬁrmamentum</strong></span> 
     </span>
    </p>
   </div>
   <div class='ocr_carea' id='block_1_93' title="bbox 914 2201 1733 2242">
    <p class='ocr_par' dir='ltr' id='par_1_93' title="bbox 914 2201 1733 2242">
     <span class='ocr_line' id='line_1_93' title="bbox 914 2201 1733 2242; baseline 0.002 -12"><span class='ocrx_word' id='word_1_632' title='bbox 914 2201 1121 2239; x_wconf 88' lang='lat' dir='ltr'><strong>constiterunt,</strong></span> <span class='ocrx_word' id='word_1_633' title='bbox 1137 2201 1385 2242; x_wconf 81' lang='lat' dir='ltr'><strong>Origenianorum</strong></span> <span class='ocrx_word' id='word_1_634' title='bbox 1401 2211 1482 2233; x_wconf 88' lang='lat' dir='ltr'><strong>more</strong></span> <span class='ocrx_word' id='word_1_635' title='bbox 1494 2211 1547 2242; x_wconf 86' lang='lat' dir='ltr'><strong>per</strong></span> <span class='ocrx_word' id='word_1_636' title='bbox 1561 2202 1733 2241; x_wconf 81' lang='lat' dir='ltr'><strong>allegoriam</strong></span> 
     </span>
    </p>
   </div>
   <div class='ocr_carea' id='block_1_94' title="bbox 915 2245 1737 2288">
    <p class='ocr_par' dir='ltr' id='par_1_94' title="bbox 915 2245 1737 2288">
     <span class='ocr_line' id='line_1_94' title="bbox 915 2245 1737 2288; baseline 0.004 -14"><span class='ocrx_word' id='word_1_637' title='bbox 915 2245 1125 2285; x_wconf 85' lang='lat' dir='ltr'><strong>interpretatus</strong></span> <span class='ocrx_word' id='word_1_638' title='bbox 1156 2247 1205 2285; x_wconf 86' lang='lat' dir='ltr'><strong>sit,</strong></span> <span class='ocrx_word' id='word_1_639' title='bbox 1231 2247 1365 2288; x_wconf 87' lang='lat' dir='ltr'><strong>nihilque</strong></span> <span class='ocrx_word' id='word_1_640' title='bbox 1381 2256 1446 2278; x_wconf 87' lang='lat' dir='ltr'><strong>esse</strong></span> <span class='ocrx_word' id='word_1_641' title='bbox 1472 2247 1550 2278; x_wconf 87' lang='lat' dir='ltr'><strong>aliud</strong></span> <span class='ocrx_word' id='word_1_642' title='bbox 1574 2247 1737 2278; x_wconf 90' lang='lat' dir='ltr'><strong>crediderit</strong></span> 
     </span>
    </p>
   </div>
   <div class='ocr_carea' id='block_1_95' title="bbox 70 2287 1733 2335">
    <p class='ocr_par' dir='ltr' id='par_1_95' title="bbox 70 2287 1733 2335">
     <span class='ocr_line' id='line_1_95' title="bbox 70 2287 1733 2335; baseline 0.001 -14"><span class='ocrx_word' id='word_1_643' title='bbox 70 2287 247 2334; x_wconf 81' lang='lat' dir='ltr'><strong>llirronymus</strong></span> <span class='ocrx_word' id='word_1_644' title='bbox 257 2303 377 2335; x_wconf 79' lang='lat' dir='ltr'><strong>quoque</strong></span> <span class='ocrx_word' id='word_1_645' title='bbox 388 2298 417 2324; x_wconf 91' lang='lat' dir='ltr'><strong>et</strong></span> <span class='ocrx_word' id='word_1_646' title='bbox 437 2293 515 2323; x_wconf 88' lang='lat' dir='ltr'><strong>hunc</strong></span> <span class='ocrx_word' id='word_1_647' title='bbox 534 2293 628 2331; x_wconf 81' lang='lat' dir='ltr'><strong>ipsum</strong></span> <span class='ocrx_word' id='word_1_648' title='bbox 647 2301 778 2322; x_wconf 88' lang='lat' dir='ltr'><strong>errorem</strong></span> <span class='ocrx_word' id='word_1_649' title='bbox 795 2291 874 2321; x_wconf 89' lang='lat' dir='ltr'><strong>inter</strong></span> <span class='ocrx_word' id='word_1_650' title='bbox 885 2287 905 2312; x_wconf 78' lang='grc' dir='ltr'>υ</span> <span class='ocrx_word' id='word_1_651' title='bbox 918 2290 971 2319; x_wconf 90' lang='lat' dir='ltr'><strong>nisi</strong></span> <span class='ocrx_word' id='word_1_652' title='bbox 989 2293 1126 2321; x_wconf 72' lang='lat' dir='ltr'><strong>cmlestes</strong></span> <span class='ocrx_word' id='word_1_653' title='bbox 1137 2291 1278 2331; x_wconf 87' lang='lat' dir='ltr'><strong>quasdam</strong></span> <span class='ocrx_word' id='word_1_654' title='bbox 1290 2296 1377 2332; x_wconf 89' lang='lat' dir='ltr'><strong>atque</strong></span> <span class='ocrx_word' id='word_1_655' title='bbox 1390 2291 1590 2331; x_wconf 84' lang='lat' dir='ltr'><strong>intelligibiles</strong></span> <span class='ocrx_word' id='word_1_656' title='bbox 1600 2291 1733 2332; x_wconf 81' lang='lat' dir='ltr'><strong>virtutes,</strong></span> 
     </span>
    </p>
   </div>
   <div class='ocr_carea' id='block_1_96' title="bbox 70 2335 872 2378">
    <p class='ocr_par' dir='ltr' id='par_1_96' title="bbox 70 2335 872 2378">
     <span class='ocr_line' id='line_1_96' title="bbox 70 2335 872 2378; baseline -0.004 -10"><span class='ocrx_word' id='word_1_657' title='bbox 70 2342 125 2368; x_wconf 83' lang='lat' dir='ltr'><strong>octo</strong></span> <span class='ocrx_word' id='word_1_658' title='bbox 136 2339 272 2378; x_wconf 81' lang='lat' dir='ltr'><strong>Origenis</strong></span> <span class='ocrx_word' id='word_1_659' title='bbox 288 2348 404 2369; x_wconf 80' lang='lat' dir='ltr'><strong>errores</strong></span> <span class='ocrx_word' id='word_1_660' title='bbox 419 2346 576 2368; x_wconf 82' lang='lat' dir='ltr'><strong>recensere</strong></span> <span class='ocrx_word' id='word_1_661' title='bbox 589 2346 646 2366; x_wconf 92' lang='lat' dir='ltr'><strong>non</strong></span> <span class='ocrx_word' id='word_1_662' title='bbox 663 2335 772 2367; x_wconf 88' lang='lat' dir='ltr'><strong>omisit.</strong></span> <span class='ocrx_word' id='word_1_663' title='bbox 800 2335 872 2366; x_wconf 88' lang='lat' dir='ltr'><strong>Hie—</strong></span> 
     </span>
    </p>
   </div>
   <div class='ocr_carea' id='block_1_97' title="bbox 70 2380 873 2422">
    <p class='ocr_par' dir='ltr' id='par_1_97' title="bbox 70 2380 873 2422">
     <span class='ocr_line' id='line_1_97' title="bbox 70 2380 873 2422; baseline -0.001 -11"><span class='ocrx_word' id='word_1_664' title='bbox 70 2384 275 2422; x_wconf 80' lang='lat' dir='ltr'><strong>ronymiautem</strong></span> <span class='ocrx_word' id='word_1_665' title='bbox 292 2383 380 2414; x_wconf 84' lang='lat' dir='ltr'><strong>verba</strong></span> <span class='ocrx_word' id='word_1_666' title='bbox 396 2387 508 2413; x_wconf 76' lang='lat' dir='ltr'><strong>suntex</strong></span> <span class='ocrx_word' id='word_1_667' title='bbox 530 2381 654 2421; x_wconf 90' lang='lat' dir='ltr'><strong>epistola</strong></span> <span class='ocrx_word' id='word_1_668' title='bbox 667 2381 715 2417; x_wconf 82' lang='lat'><strong>38,</strong></span> <span class='ocrx_word' id='word_1_669' title='bbox 729 2380 766 2410; x_wconf 86' lang='lat' dir='ltr'><strong>ad</strong></span> <span class='ocrx_word' id='word_1_670' title='bbox 782 2381 873 2412; x_wconf 85' lang='lat' dir='ltr'><strong>Pam-</strong></span> 
     </span>
    </p>
   </div>
   <div class='ocr_carea' id='block_1_98' title="bbox 71 2426 874 2470">
    <p class='ocr_par' dir='ltr' id='par_1_98' title="bbox 71 2426 874 2470">
     <span class='ocr_line' id='line_1_98' title="bbox 71 2426 874 2470; baseline -0.002 -12"><span class='ocrx_word' id='word_1_671' title='bbox 71 2430 214 2470; x_wconf 86' lang='lat' dir='ltr'><strong>machium,</strong></span> <span class='ocrx_word' id='word_1_672' title='bbox 230 2436 308 2460; x_wconf 83' lang='lat' dir='ltr'><strong>torno</strong></span> <span class='ocrx_word' id='word_1_673' title='bbox 327 2429 375 2465; x_wconf 85' lang='lat' dir='ltr'><strong>IV,</strong></span> <span class='ocrx_word' id='word_1_674' title='bbox 395 2438 459 2469; x_wconf 83' lang='lat' dir='ltr'><strong>pag.</strong></span> <span class='ocrx_word' id='word_1_675' title='bbox 477 2429 554 2459; x_wconf 75' lang='lat'><strong>319:</strong></span> <span class='ocrx_word' id='word_1_676' title='bbox 573 2440 586 2454; x_wconf 66' lang='grc' dir='ltr'>α</span> <span class='ocrx_word' id='word_1_677' title='bbox 599 2428 719 2458; x_wconf 81' lang='lat' dir='ltr'><strong>Sextum</strong></span> <span class='ocrx_word' id='word_1_678' title='bbox 736 2426 814 2467; x_wconf 89' lang='lat' dir='ltr'><strong>quod</strong></span> <span class='ocrx_word' id='word_1_679' title='bbox 830 2427 874 2456; x_wconf 89' lang='lat' dir='ltr'><strong>sic</strong></span> 
     </span>
    </p>
   </div>
   <div class='ocr_carea' id='block_1_99' title="bbox 72 2472 872 2514">
    <p class='ocr_par' dir='ltr' id='par_1_99' title="bbox 72 2472 872 2514">
     <span class='ocr_line' id='line_1_99' title="bbox 72 2472 872 2514; baseline -0.003 -11"><span class='ocrx_word' id='word_1_680' title='bbox 72 2474 223 2510; x_wconf 74' lang='lat' dir='ltr'><strong>paradisum</strong></span> <span class='ocrx_word' id='word_1_681' title='bbox 232 2475 399 2514; x_wconf 77' lang='lat' dir='ltr'><strong>allegorizet</strong></span> <span class='ocrx_word' id='word_1_682' title='bbox 415 2479 446 2505; x_wconf 91' lang='lat' dir='ltr'><strong>ut</strong></span> <span class='ocrx_word' id='word_1_683' title='bbox 457 2472 872 2508; x_wconf 73' lang='lat' dir='ltr'><strong>historiaeauferatveritatem,</strong></span> 
     </span>
    </p>
   </div>
   <div class='ocr_carea' id='block_1_100' title="bbox 71 2517 872 2559">
    <p class='ocr_par' dir='ltr' id='par_1_100' title="bbox 71 2517 872 2559">
     <span class='ocr_line' id='line_1_100' title="bbox 71 2517 872 2559; baseline -0.002 -11"><span class='ocrx_word' id='word_1_684' title='bbox 71 2527 113 2555; x_wconf 78' lang='lat' dir='ltr'><strong>pro</strong></span> <span class='ocrx_word' id='word_1_685' title='bbox 123 2520 275 2550; x_wconf 86' lang='lat' dir='ltr'><strong>arboribus</strong></span> <span class='ocrx_word' id='word_1_686' title='bbox 286 2519 415 2559; x_wconf 75' lang='lat' dir='ltr'><strong>angelos,</strong></span> <span class='ocrx_word' id='word_1_687' title='bbox 426 2528 477 2558; x_wconf 89' lang='lat' dir='ltr'><strong>pro</strong></span> <span class='ocrx_word' id='word_1_688' title='bbox 489 2517 664 2548; x_wconf 85' lang='lat' dir='ltr'><strong>ﬂuminibus</strong></span> <span class='ocrx_word' id='word_1_689' title='bbox 675 2517 799 2547; x_wconf 85' lang='lat' dir='ltr'><strong>virtutes</strong></span> <span class='ocrx_word' id='word_1_690' title='bbox 809 2525 854 2546; x_wconf 72' lang='lat' dir='ltr'><strong>cm</strong></span> <span class='ocrx_word' id='word_1_691' title='bbox 867 2533 872 2539; x_wconf 86' lang='lat'><strong><em>-</em></strong></span> 
     </span>
    </p>
   </div>
   <div class='ocr_carea' id='block_1_101' title="bbox 71 2561 871 2604">
    <p class='ocr_par' dir='ltr' id='par_1_101' title="bbox 71 2561 871 2604">
     <span class='ocr_line' id='line_1_101' title="bbox 71 2561 871 2604; baseline -0.003 -12"><span class='ocrx_word' id='word_1_692' title='bbox 71 2562 147 2594; x_wconf 79' lang='lat' dir='ltr'><strong>testes</strong></span> <span class='ocrx_word' id='word_1_693' title='bbox 159 2565 494 2604; x_wconf 63' lang='lat' dir='ltr'><strong>inle&gt;ligens,totamque</strong></span> <span class='ocrx_word' id='word_1_694' title='bbox 512 2562 641 2602; x_wconf 79' lang='lat' dir='ltr'><strong>paradisi</strong></span> <span class='ocrx_word' id='word_1_695' title='bbox 658 2561 871 2591; x_wconf 84' lang='lat' dir='ltr'><strong>continentiam</strong></span> 
     </span>
    </p>
   </div>
   <div class='ocr_carea' id='block_1_102' title="bbox 71 2606 872 2649">
    <p class='ocr_par' dir='ltr' id='par_1_102' title="bbox 71 2606 872 2649">
     <span class='ocr_line' id='line_1_102' title="bbox 71 2606 872 2649; baseline 0.004 -16"><span class='ocrx_word' id='word_1_696' title='bbox 71 2609 236 2648; x_wconf 69' lang='lat' dir='ltr'><strong>tropologica</strong></span> <span class='ocrx_word' id='word_1_697' title='bbox 251 2609 494 2649; x_wconf 84' lang='lat' dir='ltr'><strong>interpretatione</strong></span> <span class='ocrx_word' id='word_1_698' title='bbox 510 2607 668 2637; x_wconf 87' lang='lat' dir='ltr'><strong>subvertat.</strong></span> <span class='ocrx_word' id='word_1_699' title='bbox 693 2606 872 2646; x_wconf 88' lang='lat' dir='ltr'><strong>Septimum,</strong></span> 
     </span>
    </p>
   </div>
   <div class='ocr_carea' id='block_1_103' title="bbox 71 2651 876 2693">
    <p class='ocr_par' dir='ltr' id='par_1_103' title="bbox 71 2651 876 2693">
     <span class='ocr_line' id='line_1_103' title="bbox 71 2651 876 2693; baseline 0.001 -13"><span class='ocrx_word' id='word_1_700' title='bbox 71 2653 136 2690; x_wconf 89' lang='lat' dir='ltr'><strong>quod</strong></span> <span class='ocrx_word' id='word_1_701' title='bbox 152 2663 240 2692; x_wconf 80' lang='lat' dir='ltr'><strong>aquas</strong></span> <span class='ocrx_word' id='word_1_702' title='bbox 256 2663 321 2693; x_wconf 67' lang='lat' dir='ltr'><strong>quae</strong></span> <span class='ocrx_word' id='word_1_703' title='bbox 338 2653 564 2693; x_wconf 68' lang='lat' dir='ltr'><strong>supercmlosin</strong></span> <span class='ocrx_word' id='word_1_704' title='bbox 577 2651 740 2691; x_wconf 80' lang='lat' dir='ltr'><strong>Scripturis</strong></span> <span class='ocrx_word' id='word_1_705' title='bbox 751 2661 817 2682; x_wconf 80' lang='lat' dir='ltr'><strong>esse</strong></span> <span class='ocrx_word' id='word_1_706' title='bbox 832 2652 876 2681; x_wconf 89' lang='lat' dir='ltr'><strong>di-</strong></span> 
     </span>
    </p>
   </div>
   <div class='ocr_carea' id='block_1_104' title="bbox 72 2698 873 2738">
    <p class='ocr_par' dir='ltr' id='par_1_104' title="bbox 72 2698 873 2738">
     <span class='ocr_line' id='line_1_104' title="bbox 72 2698 873 2738; baseline 0.002 -14"><span class='ocrx_word' id='word_1_707' title='bbox 72 2702 173 2734; x_wconf 71' lang='lat' dir='ltr'><strong>cuntur,</strong></span> <span class='ocrx_word' id='word_1_708' title='bbox 191 2704 308 2729; x_wconf 83' lang='lat' dir='ltr'><strong>sanctas</strong></span> <span class='ocrx_word' id='word_1_709' title='bbox 324 2707 526 2738; x_wconf 81' lang='lat' dir='ltr'><strong>supernasque</strong></span> <span class='ocrx_word' id='word_1_710' title='bbox 541 2698 665 2728; x_wconf 82' lang='lat' dir='ltr'><strong>virtutes</strong></span> <span class='ocrx_word' id='word_1_711' title='bbox 682 2708 689 2732; x_wconf 89' lang='lat'><strong>;</strong></span> <span class='ocrx_word' id='word_1_712' title='bbox 707 2706 771 2736; x_wconf 65' lang='lat' dir='ltr'><strong>quin</strong></span> <span class='ocrx_word' id='word_1_713' title='bbox 782 2705 873 2737; x_wconf 83' lang='lat' dir='ltr'><strong>super</strong></span> 
     </span>
    </p>
   </div>
   <div class='ocr_carea' id='block_1_105' title="bbox 74 2741 874 2778">
    <p class='ocr_par' dir='ltr' id='par_1_105' title="bbox 74 2741 874 2778">
     <span class='ocr_line' id='line_1_105' title="bbox 74 2741 874 2778; baseline 0.003 -9"><span class='ocrx_word' id='word_1_714' title='bbox 74 2743 165 2771; x_wconf 77' lang='lat' dir='ltr'><strong>terram</strong></span> <span class='ocrx_word' id='word_1_715' title='bbox 183 2747 211 2772; x_wconf 93' lang='lat' dir='ltr'><strong>et</strong></span> <span class='ocrx_word' id='word_1_716' title='bbox 227 2743 303 2773; x_wconf 83' lang='lat' dir='ltr'><strong>infra</strong></span> <span class='ocrx_word' id='word_1_717' title='bbox 321 2748 440 2778; x_wconf 86' lang='lat' dir='ltr'><strong>terram,</strong></span> <span class='ocrx_word' id='word_1_718' title='bbox 459 2743 619 2772; x_wconf 78' lang='lat' dir='ltr'><strong>contrarias</strong></span> <span class='ocrx_word' id='word_1_719' title='bbox 635 2746 663 2772; x_wconf 90' lang='lat' dir='ltr'><strong>et</strong></span> <span class='ocrx_word' id='word_1_720' title='bbox 675 2741 874 2772; x_wconf 85' lang='lat' dir='ltr'><strong>daemoniacas</strong></span> 
     </span>
    </p>
   </div>
   <div class='ocr_carea' id='block_1_106' title="bbox 75 2785 871 2826">
    <p class='ocr_par' dir='ltr' id='par_1_106' title="bbox 75 2785 871 2826">
     <span class='ocr_line' id='line_1_106' title="bbox 75 2785 871 2826; baseline 0.003 -12"><span class='ocrx_word' id='word_1_721' title='bbox 75 2793 128 2816; x_wconf 79' lang='lat' dir='ltr'><strong>esse</strong></span> <span class='ocrx_word' id='word_1_722' title='bbox 138 2787 304 2817; x_wconf 40' lang='lat' dir='ltr'><strong>arbitretur»</strong></span> <span class='ocrx_word' id='word_1_723' title='bbox 353 2786 512 2826; x_wconf 75' lang='lat' dir='ltr'><strong>Gregorius</strong></span> <span class='ocrx_word' id='word_1_724' title='bbox 528 2787 630 2818; x_wconf 88' lang='lat' dir='ltr'><strong>Basilii</strong></span> <span class='ocrx_word' id='word_1_725' title='bbox 655 2786 746 2817; x_wconf 88' lang='lat' dir='ltr'><strong>frater</strong></span> <span class='ocrx_word' id='word_1_726' title='bbox 761 2785 871 2816; x_wconf 54' lang='lat' dir='ltr'><strong>subob-</strong></span> 
     </span>
    </p>
   </div>
   <div class='ocr_carea' id='block_1_107' title="bbox 75 2831 876 2871">
    <p class='ocr_par' dir='ltr' id='par_1_107' title="bbox 75 2831 876 2871">
     <span class='ocr_line' id='line_1_107' title="bbox 75 2831 876 2871; baseline 0.002 -11"><span class='ocrx_word' id='word_1_727' title='bbox 75 2831 176 2862; x_wconf 78' lang='lat' dir='ltr'><strong>scurius</strong></span> <span class='ocrx_word' id='word_1_728' title='bbox 189 2841 223 2863; x_wconf 81' lang='lat' dir='ltr'><strong>ea</strong></span> <span class='ocrx_word' id='word_1_729' title='bbox 240 2834 278 2863; x_wconf 92' lang='lat' dir='ltr'><strong>de</strong></span> <span class='ocrx_word' id='word_1_730' title='bbox 295 2841 327 2862; x_wconf 83' lang='lat' dir='ltr'><strong>re</strong></span> <span class='ocrx_word' id='word_1_731' title='bbox 342 2831 474 2871; x_wconf 85' lang='lat' dir='ltr'><strong>disserit,</strong></span> <span class='ocrx_word' id='word_1_732' title='bbox 499 2831 542 2864; x_wconf 89' lang='lat' dir='ltr'><strong>sic</strong></span> <span class='ocrx_word' id='word_1_733' title='bbox 561 2837 672 2870; x_wconf 88' lang='lat' dir='ltr'><strong>tamen,</strong></span> <span class='ocrx_word' id='word_1_734' title='bbox 689 2835 720 2862; x_wconf 91' lang='lat' dir='ltr'><strong>ut</strong></span> <span class='ocrx_word' id='word_1_735' title='bbox 734 2831 876 2871; x_wconf 72' lang='lat' dir='ltr'><strong>colligere</strong></span> 
     </span>
    </p>
   </div>
   <div class='ocr_carea' id='block_1_108' title="bbox 917 2335 1735 2376">
    <p class='ocr_par' dir='ltr' id='par_1_108' title="bbox 917 2335 1735 2376">
     <span class='ocr_line' id='line_1_108' title="bbox 917 2335 1735 2376; baseline 0.002 -11"><span class='ocrx_word' id='word_1_736' title='bbox 917 2335 943 2365; x_wconf 81' lang='lat' dir='ltr'><strong>i-l</strong></span> <span class='ocrx_word' id='word_1_737' title='bbox 959 2335 1081 2366; x_wconf 88' lang='lat' dir='ltr'><strong>miriﬁce</strong></span> <span class='ocrx_word' id='word_1_738' title='bbox 1092 2345 1128 2367; x_wconf 89' lang='lat' dir='ltr'><strong>ex</strong></span> <span class='ocrx_word' id='word_1_739' title='bbox 1145 2336 1280 2376; x_wconf 74' lang='lat' dir='ltr'><strong>ejusdem</strong></span> <span class='ocrx_word' id='word_1_740' title='bbox 1297 2336 1432 2375; x_wconf 74' lang='lat' dir='ltr'><strong>Gregorii</strong></span> <span class='ocrx_word' id='word_1_741' title='bbox 1445 2336 1735 2376; x_wconf 82' lang='lat' dir='ltr'><strong>posterioribusver-</strong></span> 
     </span>
    </p>
   </div>
   <div class='ocr_carea' id='block_1_109' title="bbox 915 2379 1737 2421">
    <p class='ocr_par' dir='ltr' id='par_1_109' title="bbox 915 2379 1737 2421">
     <span class='ocr_line' id='line_1_109' title="bbox 915 2379 1737 2421; baseline 0.004 -12"><span class='ocrx_word' id='word_1_742' title='bbox 915 2379 960 2409; x_wconf 79' lang='lat' dir='ltr'><strong>bis</strong></span> <span class='ocrx_word' id='word_1_743' title='bbox 971 2381 1171 2412; x_wconf 74' lang='lat' dir='ltr'><strong>confirmatur.</strong></span> <span class='ocrx_word' id='word_1_744' title='bbox 1189 2381 1303 2412; x_wconf 86' lang='lat' dir='ltr'><strong>Etenim</strong></span> <span class='ocrx_word' id='word_1_745' title='bbox 1322 2381 1379 2412; x_wconf 87' lang='lat' dir='ltr'><strong>nisi</strong></span> <span class='ocrx_word' id='word_1_746' title='bbox 1390 2380 1550 2420; x_wconf 84' lang='lat' dir='ltr'><strong>Gregorius</strong></span> <span class='ocrx_word' id='word_1_747' title='bbox 1567 2381 1690 2421; x_wconf 88' lang='lat' dir='ltr'><strong>perinde</strong></span> <span class='ocrx_word' id='word_1_748' title='bbox 1705 2385 1737 2412; x_wconf 91' lang='lat' dir='ltr'><strong>ut</strong></span> 
     </span>
    </p>
   </div>
   <div class='ocr_carea' id='block_1_110' title="bbox 914 2423 1737 2466">
    <p class='ocr_par' dir='ltr' id='par_1_110' title="bbox 914 2423 1737 2466">
     <span class='ocr_line' id='line_1_110' title="bbox 914 2423 1737 2466; baseline 0.002 -11"><span class='ocrx_word' id='word_1_749' title='bbox 914 2423 1060 2464; x_wconf 75' lang='lat' dir='ltr'><strong>Origenes</strong></span> <span class='ocrx_word' id='word_1_750' title='bbox 1074 2426 1244 2466; x_wconf 89' lang='lat' dir='ltr'><strong>superiores</strong></span> <span class='ocrx_word' id='word_1_751' title='bbox 1259 2435 1350 2466; x_wconf 86' lang='lat' dir='ltr'><strong>aquas</strong></span> <span class='ocrx_word' id='word_1_752' title='bbox 1366 2435 1418 2466; x_wconf 92' lang='lat' dir='ltr'><strong>pro</strong></span> <span class='ocrx_word' id='word_1_753' title='bbox 1429 2426 1538 2457; x_wconf 83' lang='lat' dir='ltr'><strong>sanctis</strong></span> <span class='ocrx_word' id='word_1_754' title='bbox 1548 2436 1582 2457; x_wconf 88' lang='lat' dir='ltr'><strong>ac</strong></span> <span class='ocrx_word' id='word_1_755' title='bbox 1598 2428 1737 2466; x_wconf 88' lang='lat' dir='ltr'><strong>supernis</strong></span> 
     </span>
    </p>
   </div>
   <div class='ocr_carea' id='block_1_111' title="bbox 916 2470 1737 2511">
    <p class='ocr_par' dir='ltr' id='par_1_111' title="bbox 916 2470 1737 2511">
     <span class='ocr_line' id='line_1_111' title="bbox 916 2470 1737 2511; baseline 0.002 -12"><span class='ocrx_word' id='word_1_756' title='bbox 916 2470 1072 2500; x_wconf 70' lang='lat' dir='ltr'><strong>Virtutibus</strong></span> <span class='ocrx_word' id='word_1_757' title='bbox 1088 2471 1263 2511; x_wconf 87' lang='lat' dir='ltr'><strong>accepisset,</strong></span> <span class='ocrx_word' id='word_1_758' title='bbox 1281 2471 1382 2510; x_wconf 86' lang='lat' dir='ltr'><strong>procul</strong></span> <span class='ocrx_word' id='word_1_759' title='bbox 1400 2470 1490 2501; x_wconf 88' lang='lat' dir='ltr'><strong>dubio</strong></span> <span class='ocrx_word' id='word_1_760' title='bbox 1519 2471 1637 2502; x_wconf 89' lang='lat' dir='ltr'><strong>amoliri</strong></span> <span class='ocrx_word' id='word_1_761' title='bbox 1659 2481 1676 2501; x_wconf 89' lang='lat' dir='ltr'><strong>a</strong></span> <span class='ocrx_word' id='word_1_762' title='bbox 1704 2480 1737 2502; x_wconf 87' lang='lat' dir='ltr'><strong>se</strong></span> 
     </span>
    </p>
   </div>
   <div class='ocr_carea' id='block_1_112' title="bbox 916 2515 1736 2556">
    <p class='ocr_par' dir='ltr' id='par_1_112' title="bbox 916 2515 1736 2556">
     <span class='ocr_line' id='line_1_112' title="bbox 916 2515 1736 2556; baseline 0.002 -11"><span class='ocrx_word' id='word_1_763' title='bbox 916 2515 994 2545; x_wconf 88' lang='lat' dir='ltr'><strong>illam</strong></span> <span class='ocrx_word' id='word_1_764' title='bbox 1011 2515 1182 2555; x_wconf 78' lang='lat' dir='ltr'><strong>opinionem</strong></span> <span class='ocrx_word' id='word_1_765' title='bbox 1199 2516 1363 2553; x_wconf 79' lang='lat' dir='ltr'><strong>debuisset,</strong></span> <span class='ocrx_word' id='word_1_766' title='bbox 1381 2516 1633 2556; x_wconf 86' lang='lat' dir='ltr'><strong>quemadmodum</strong></span> <span class='ocrx_word' id='word_1_767' title='bbox 1646 2525 1736 2556; x_wconf 89' lang='lat' dir='ltr'><strong>repu-</strong></span> 
     </span>
    </p>
   </div>
   <div class='ocr_carea' id='block_1_113' title="bbox 917 2560 1738 2602">
    <p class='ocr_par' dir='ltr' id='par_1_113' title="bbox 917 2560 1738 2602">
     <span class='ocr_line' id='line_1_113' title="bbox 917 2560 1738 2602; baseline 0.002 -12"><span class='ocrx_word' id='word_1_768' title='bbox 917 2561 998 2590; x_wconf 80' lang='lat' dir='ltr'><strong>(liare</strong></span> <span class='ocrx_word' id='word_1_769' title='bbox 1014 2571 1046 2591; x_wconf 75' lang='lat' dir='ltr'><strong>se</strong></span> <span class='ocrx_word' id='word_1_770' title='bbox 1063 2565 1183 2592; x_wconf 83' lang='lat' dir='ltr'><strong>testatus</strong></span> <span class='ocrx_word' id='word_1_771' title='bbox 1198 2567 1243 2593; x_wconf 90' lang='lat' dir='ltr'><strong>est</strong></span> <span class='ocrx_word' id='word_1_772' title='bbox 1258 2562 1380 2593; x_wconf 89' lang='lat' dir='ltr'><strong>alteram</strong></span> <span class='ocrx_word' id='word_1_773' title='bbox 1397 2562 1531 2602; x_wconf 87' lang='lat' dir='ltr'><strong>ejusdem</strong></span> <span class='ocrx_word' id='word_1_774' title='bbox 1549 2560 1738 2602; x_wconf 75' lang='lat' dir='ltr'><strong>Origenianaa</strong></span> 
     </span>
    </p>
   </div>
   <div class='ocr_carea' id='block_1_114' title="bbox 917 2605 1735 2647">
    <p class='ocr_par' dir='ltr' id='par_1_114' title="bbox 917 2605 1735 2647">
     <span class='ocr_line' id='line_1_114' title="bbox 917 2605 1735 2647; baseline 0.002 -13"><span class='ocrx_word' id='word_1_775' title='bbox 917 2606 1073 2636; x_wconf 72' lang='lat' dir='ltr'><strong>sententia:</strong></span> <span class='ocrx_word' id='word_1_776' title='bbox 1102 2611 1228 2646; x_wconf 90' lang='lat' dir='ltr'><strong>partem,</strong></span> <span class='ocrx_word' id='word_1_777' title='bbox 1254 2616 1322 2647; x_wconf 74' lang='lat' dir='ltr'><strong>qua)</strong></span> <span class='ocrx_word' id='word_1_778' title='bbox 1336 2607 1493 2637; x_wconf 88' lang='lat' dir='ltr'><strong>inferiores</strong></span> <span class='ocrx_word' id='word_1_779' title='bbox 1518 2615 1607 2646; x_wconf 84' lang='lat' dir='ltr'><strong>aquas</strong></span> <span class='ocrx_word' id='word_1_780' title='bbox 1628 2605 1735 2646; x_wconf 75' lang='lat' dir='ltr'><strong>abyssi,</strong></span> 
     </span>
    </p>
   </div>
   <div class='ocr_carea' id='block_1_115' title="bbox 918 2650 1737 2691">
    <p class='ocr_par' dir='ltr' id='par_1_115' title="bbox 918 2650 1737 2691">
     <span class='ocr_line' id='line_1_115' title="bbox 918 2650 1737 2691; baseline 0.001 -12"><span class='ocrx_word' id='word_1_781' title='bbox 918 2654 1066 2689; x_wconf 84' lang='lat' dir='ltr'><strong>apostatas</strong></span> <span class='ocrx_word' id='word_1_782' title='bbox 1077 2650 1141 2681; x_wconf 90' lang='lat' dir='ltr'><strong>illas</strong></span> <span class='ocrx_word' id='word_1_783' title='bbox 1150 2654 1312 2690; x_wconf 80' lang='lat' dir='ltr'><strong>potestates</strong></span> <span class='ocrx_word' id='word_1_784' title='bbox 1325 2650 1737 2691; x_wconf 85' lang='lat' dir='ltr'><strong>interpretatur.[taque,dum</strong></span> 
     </span>
    </p>
   </div>
   <div class='ocr_carea' id='block_1_116' title="bbox 919 2695 1736 2735">
    <p class='ocr_par' dir='ltr' id='par_1_116' title="bbox 919 2695 1736 2735">
     <span class='ocr_line' id='line_1_116' title="bbox 919 2695 1736 2735; baseline 0 -11"><span class='ocrx_word' id='word_1_785' title='bbox 919 2704 1005 2725; x_wconf 85' lang='lat' dir='ltr'><strong>unam</strong></span> <span class='ocrx_word' id='word_1_786' title='bbox 1024 2699 1135 2725; x_wconf 86' lang='lat' dir='ltr'><strong>tantum</strong></span> <span class='ocrx_word' id='word_1_787' title='bbox 1147 2695 1334 2734; x_wconf 79' lang='lat' dir='ltr'><strong>Origeniame</strong></span> <span class='ocrx_word' id='word_1_788' title='bbox 1345 2695 1493 2735; x_wconf 89' lang='lat' dir='ltr'><strong>opinionis</strong></span> <span class='ocrx_word' id='word_1_789' title='bbox 1504 2700 1616 2735; x_wconf 85' lang='lat' dir='ltr'><strong>partem</strong></span> <span class='ocrx_word' id='word_1_790' title='bbox 1627 2695 1736 2733; x_wconf 85' lang='lat' dir='ltr'><strong>rejicit,</strong></span> 
     </span>
    </p>
   </div>
   <div class='ocr_carea' id='block_1_117' title="bbox 916 2739 1738 2779">
    <p class='ocr_par' dir='ltr' id='par_1_117' title="bbox 916 2739 1738 2779">
     <span class='ocr_line' id='line_1_117' title="bbox 916 2739 1738 2779; baseline 0.001 -10"><span class='ocrx_word' id='word_1_791' title='bbox 916 2739 1055 2779; x_wconf 83' lang='lat' dir='ltr'><strong>amplecti</strong></span> <span class='ocrx_word' id='word_1_792' title='bbox 1071 2748 1102 2769; x_wconf 90' lang='lat' dir='ltr'><strong>se</strong></span> <span class='ocrx_word' id='word_1_793' title='bbox 1118 2739 1240 2770; x_wconf 88' lang='lat' dir='ltr'><strong>alteram</strong></span> <span class='ocrx_word' id='word_1_794' title='bbox 1258 2749 1318 2770; x_wconf 90' lang='lat' dir='ltr'><strong>non</strong></span> <span class='ocrx_word' id='word_1_795' title='bbox 1331 2740 1458 2770; x_wconf 88' lang='lat' dir='ltr'><strong>obscure</strong></span> <span class='ocrx_word' id='word_1_796' title='bbox 1482 2739 1603 2771; x_wconf 85' lang='lat' dir='ltr'><strong>indicat.</strong></span> <span class='ocrx_word' id='word_1_797' title='bbox 1621 2739 1681 2770; x_wconf 87' lang='lat' dir='ltr'><strong>Nec</strong></span> <span class='ocrx_word' id='word_1_798' title='bbox 1694 2739 1738 2770; x_wconf 88' lang='lat' dir='ltr'><strong>in-</strong></span> 
     </span>
    </p>
   </div>
   <div class='ocr_carea' id='block_1_118' title="bbox 913 2783 1737 2823">
    <p class='ocr_par' dir='ltr' id='par_1_118' title="bbox 913 2783 1737 2823">
     <span class='ocr_line' id='line_1_118' title="bbox 913 2783 1737 2823; baseline -0.001 -8"><span class='ocrx_word' id='word_1_799' title='bbox 913 2785 1093 2823; x_wconf 79' lang='lat' dir='ltr'><strong>jucunduiu,</strong></span> <span class='ocrx_word' id='word_1_800' title='bbox 1113 2788 1191 2823; x_wconf 89' lang='lat' dir='ltr'><strong>puto,</strong></span> <span class='ocrx_word' id='word_1_801' title='bbox 1207 2793 1261 2816; x_wconf 86' lang='lat' dir='ltr'><strong>nec</strong></span> <span class='ocrx_word' id='word_1_802' title='bbox 1272 2784 1377 2816; x_wconf 87' lang='lat' dir='ltr'><strong>inutile</strong></span> <span class='ocrx_word' id='word_1_803' title='bbox 1387 2784 1478 2816; x_wconf 86' lang='lat' dir='ltr'><strong>fuerit</strong></span> <span class='ocrx_word' id='word_1_804' title='bbox 1495 2792 1628 2815; x_wconf 88' lang='lat' dir='ltr'><strong>errorem</strong></span> <span class='ocrx_word' id='word_1_805' title='bbox 1645 2783 1737 2816; x_wconf 87' lang='lat' dir='ltr'><strong>Justi-</strong></span> 
     </span>
    </p>
   </div>
   <div class='ocr_carea' id='block_1_119' title="bbox 918 2828 1736 2870">
    <p class='ocr_par' dir='ltr' id='par_1_119' title="bbox 918 2828 1736 2870">
     <span class='ocr_line' id='line_1_119' title="bbox 918 2828 1736 2870; baseline -0.001 -9"><span class='ocrx_word' id='word_1_806' title='bbox 918 2830 998 2861; x_wconf 84' lang='lat' dir='ltr'><strong>uiani</strong></span> <span class='ocrx_word' id='word_1_807' title='bbox 1013 2829 1202 2870; x_wconf 80' lang='lat' dir='ltr'><strong>imperatoris</strong></span> <span class='ocrx_word' id='word_1_808' title='bbox 1217 2829 1536 2868; x_wconf 78' lang='lat' dir='ltr'><strong>notare.Etenim,dum</strong></span> <span class='ocrx_word' id='word_1_809' title='bbox 1544 2828 1671 2861; x_wconf 86' lang='lat' dir='ltr'><strong>aliorum</strong></span> <span class='ocrx_word' id='word_1_810' title='bbox 1686 2837 1736 2860; x_wconf 77' lang='lat' dir='ltr'><strong>ar-</strong></span> 
     </span>
    </p>
   </div>
  </div>
