2018 3142
601 148 638 179 D.
659 147 740 179 JUL.
761 147 952 180 GARNERII
972 144 1184 179 PREFATIO.

94 214 251 255 reddat,sed
267 212 390 245 liberius
400 213 580 254 plerumque
590 213 781 254 interpretari
797 214 901 246 soleat.
913 216 935 241 Α
985 215 1235 247 26.Ambrosiaua
1246 214 1297 245 illa
1311 223 1328 245 e
1339 213 1393 245 lib.
1407 221 1434 244 tv
1443 213 1476 243 in
1486 212 1713 250 Hexaem.,cap.
1730 210 1760 247 3,

92 262 128 293 Ea
142 260 177 291 de
189 268 221 290 re
231 258 477 299 aliijudicabunt.
944 261 1080 298 num.10,
1097 273 1108 289 α
1123 260 1180 292 Sed
1192 259 1368 291 illuminatio
1383 258 1449 298 ejus
1461 257 1566 298 [ignis]
1583 255 1763 293 inexstingui

125 306 171 337 95.
185 304 259 337 Sunt
282 304 333 344 qui
348 303 545 335 Ambrosiana
561 303 612 334 illa
638 312 655 334 e
671 302 725 334 lib.
743 312 774 335 tu
789 305 823 335 in
838 303 900 335 He-
943 305 1012 336 bilis
1022 310 1065 337 est
1075 306 1111 337 ad
1126 305 1358 346 perium-tionem
1371 300 1651 338 bonorum,exustio
1665 300 1761 346 vehet

92 343 405 389 mem.,cap.lO,num.
421 349 459 379 67
479 357 485 377 :
502 361 514 376 «
529 347 631 388 Itaque
640 350 664 378 si
675 357 781 388 magna
794 349 902 379 virtute
944 360 1029 382 mens
1039 352 1076 382 ad
1089 343 1267 391 supplicium
1284 353 1486 390 peccatorum,
1500 361 1513 376 ι)
1532 350 1672 377 revocant
1688 343 1762 391 mihi

94 396 136 427 Dei
147 395 276 425 sterilem
291 393 437 424 brucbum
450 396 530 423 terra
549 393 717 432 generavit,
735 406 745 421 ι
764 398 835 431 etc.,
852 403 901 424 cu-
943 395 974 425 in
985 390 1158 426 memoriam
1170 399 1268 426 notam
1281 394 1439 434 quamdam
1450 394 1622 432 Ducis-Lque
1632 390 1761 420 similem

93 440 187 470 riosius
198 439 325 470 scrutari
342 447 376 469 ac
387 438 579 477 interpretari
590 437 749 468 voluerunt
762 449 768 469 :
783 438 859 478 quod
871 438 902 468 in
943 440 1094 471 Ambrosii
1111 440 1208 471 locum
1221 449 1238 470 e
1264 440 1318 470 lib.
1337 447 1369 470 ιιι
1395 438 1529 479 ejusdem
1546 437 1580 468 in
1599 437 1760 473 Hexaem.,

93 494 167 515 causa
182 484 246 520 fuit,
261 492 318 514 cur
341 483 371 513 in
397 491 531 513 errorem
556 482 631 522 lapsi
648 491 714 513 esse
730 483 899 513 videantur.
941 494 1007 525 cap.
1025 484 1075 521 t3,
1091 489 1140 515 aut
1155 484 1336 521 emendavit,
1354 490 1403 514 aut
1430 487 1512 514 certe
1533 480 1687 512 emendari
1703 479 1762 525 sibi

93 528 312 568 Legeruutenim
323 528 374 559 lib.
387 537 415 558 tv
424 527 560 567 ejusdem
571 528 603 558 in
617 527 764 559 Hexaem.
775 538 840 568 cap.
855 528 869 559 1
890 536 897 558 :
941 523 1023 560 visus
1032 534 1086 561 est.
1104 531 1264 569 Postquam
1274 529 1366 569 igitur
1377 528 1480 559 retulit
1495 526 1539 557 vir
1555 527 1660 557 doctus
1671 523 1762 555 verba

94 573 235 604 «Anterior
245 573 378 603 bruchus
389 581 476 612 quam
486 571 542 608 sol,
556 585 570 600 π
586 571 636 602 ubi
646 572 702 612 legi
713 577 898 613 oportuerat,
940 573 1163 613 Ambrosii,hoc
1174 574 1260 604 modo
1275 585 1281 605 :
1296 586 1306 601 α
1326 572 1503 612 Ρτω]ε‹;ἱιιηι
1513 571 1604 602 ramis
1614 570 1678 610 ejus
1694 569 1759 608 pal-

95 630 103 646 ι
118 618 239 648 anterior
249 617 342 648 rubus
354 626 443 655 quam
456 616 532 648 sol.»
544 616 605 647 Nec
620 617 718 654 aliter,
732 622 812 658 puto,
825 626 898 648 sen—
941 629 1056 650 marum
1067 619 1201 659 quaedam
1214 619 1295 650 velut
1309 618 1426 649 semina
1439 614 1760 654 mascularum,quibus

93 663 143 700 tiet,
158 663 205 702 qui
219 667 310 703 caput
325 661 454 700 primum
470 661 622 693 Geneseos
635 661 900 702 perlegerit,cujus
941 663 985 694 illi
1000 664 1080 695 velut
1095 665 1213 704 quidam
1238 672 1345 694 sensus
1362 661 1565 702 perfruitionis
1581 659 1757 697 infunditur,

92 717 120 738 ex
134 707 254 738 lectione
274 707 415 746 colligere
441 706 555 744 licebit,
571 711 603 736 ut
618 706 733 746 reliqua
747 706 898 748 animalia,
942 713 971 739 et
981 709 1101 749 expetiti
1112 709 1290 740 concubitus
1301 708 1393 748 gratia
1408 710 1668 747 repraesentatur,»
1682 713 1757 734 con-

91 750 266 781 itabruchum
276 760 335 781 non
348 750 404 781 nisi
417 755 483 791 post
491 750 644 781 conditum
656 750 751 781 solem
762 750 899 781 inlucem
941 753 1067 784 ﬁdenter
1081 754 1162 784 addit
1178 762 1185 783 :
1202 764 1217 784 (
1235 754 1282 785 Sic
1298 753 1378 784 enim
1399 750 1619 783 emendandum
1636 758 1758 789 censeo,

92 796 229 836 prodiisse.
248 795 291 826 Ex
320 805 378 836 quo
408 796 439 826 ﬁt
455 799 486 826 ut
501 796 526 825 si
541 795 718 826 Ambrosius
732 795 897 836 scripserit,

943 808 1007 829 cum
1024 799 1072 829 hic
1087 799 1190 830 Grace
1220 800 1343 838 legatur,
1372 798 1398 826 ἒν
1422 797 1589 830 συναισθήσει
1614 797 1663 828 τῆς
1686 793 1758 822 ἀπο-

92 841 225 872 «auterior
238 840 371 871 bruchus
386 849 474 880 quam
487 839 545 877 sol,
565 852 577 867 ιι
593 839 690 879 palam
707 840 899 871 convincatur
911 870 928 880 η
940 843 1089 875 Axonam.)
1101 844 1246 875 Ducaeana
1256 841 1484 873 hmcdeclaratio
1496 839 1606 870 dudum
1619 839 1692 870 mihi
1701 839 1762 879 pla-

90 885 152 916 falsi.
165 886 219 916 Sed
233 885 275 925 (u)
289 885 338 916 cui
350 884 526 925 persuaderi
549 884 659 925 poterit
674 888 790 915 tantum
802 885 898 915 virum
909 884 928 896 ⁹
940 888 1010 925 cuit,
1028 893 1057 919 et
1067 888 1151 919 valde
1164 888 1326 919 etiamnum
1343 887 1453 927 placet.
1471 884 1554 916 Unde
1565 884 1588 914 si
1602 884 1668 924 quis
1684 892 1759 913 con-

90 930 113 960 in
123 934 225 961 tantum
236 939 372 961 errorem
384 929 542 960 incidisse?
553 930 623 959 Puto
639 929 729 968 igitur
741 939 809 960 eum
820 929 898 960 scri—
940 932 1077 963 tenderet
1090 933 1250 972 legendum
1262 941 1327 963 esse
1338 930 1415 972 apud
1431 929 1621 961 Ambrosium
1633 928 1664 958 in
1676 932 1759 958 utro-

89 975 179 1014 psisse,
199 987 210 1003 α
228 974 366 1006 anterior
379 974 473 1006 rubus
483 984 571 1015 quam
586 974 662 1004 sol.»
679 974 784 1014 quue
801 974 899 1005 minus
940 985 997 1017 que
1011 986 1100 1017 quem
1115 977 1271 1008 citavimus
1283 977 1360 1014 loco,
1374 974 1558 1016 «perfruitio,
1578 986 1591 1001 ιι
1603 972 1655 1003 ubi
1668 984 1682 1000 κ
1694 981 1760 1017 per-

88 1019 176 1050 dubito
190 1020 260 1060 quin
271 1020 339 1050 haec
350 1019 507 1059 scriptura,
525 1031 539 1046 «
551 1019 656 1056 rubus,
678 1031 689 1049 υ
711 1028 778 1050 vera
794 1018 832 1049 sit
843 1028 897 1058 ge-
938 1015 1033 1053 functi
1051 1035 1063 1050 n
1078 1022 1186 1062 legitur
1196 1022 1226 1052 in
1243 1021 1343 1058 editis,
1355 1015 1471 1060 abiejus
1492 1019 1635 1059 opinione
1650 1015 1759 1062 noniita

90 1065 175 1102 nuina,
188 1065 264 1105 quod
279 1065 322 1095 ita
333 1069 363 1095 et
383 1064 414 1095 in
428 1063 583 1095 codicibus
604 1063 705 1094 multis
721 1067 750 1094 et
765 1064 795 1094 in
811 1063 898 1094 editis
940 1066 1064 1097 multum
1075 1061 1222 1099 abessem,
1241 1068 1277 1098 Et
1297 1070 1329 1097 ut
1347 1070 1462 1096 taceam
1474 1073 1553 1094 nunc
1566 1063 1603 1093 de
1614 1061 1759 1093 emenda-

88 1108 898 1150 omnibuslibrisscriptuminveniamus.Caveexistimes
940 1111 1021 1142 tione
1033 1111 1143 1148 Ducasi,
1160 1110 1290 1142 dubitari
1312 1110 1357 1140 vix
1382 1118 1472 1150 posse
1487 1108 1616 1138 arbitror
1630 1106 1703 1146 quin
1729 1105 1760 1137 in

88 1155 215 1186 bruchum
243 1154 280 1185 ab
310 1154 469 1185 Ambrosio
486 1163 538 1194 pro
565 1153 687 1184 arbusto
704 1153 798 1184 sterili
815 1162 896 1184 sum—
939 1156 998 1186 alio
1015 1156 1079 1187 loco
1095 1155 1155 1196 legi
1179 1159 1324 1196 oporteat,
1346 1154 1398 1186 (ad
1423 1151 1759 1196 perfruitionembono-

88 1203 154 1239 ptum
167 1208 230 1230 esse
254 1199 287 1230 in
304 1208 342 1230 eo
366 1209 457 1237 quem
484 1198 572 1230 citavi
587 1198 665 1230 loco.
690 1198 807 1229 Etenim
824 1198 899 1229 dixit
940 1209 1018 1239 rum,
1038 1213 1050 1229 ››
1067 1195 1135 1231 cum
1150 1195 1230 1231 hunc
1246 1198 1401 1231 Ambrosii
1429 1199 1526 1229 locum
1552 1197 1587 1227 ad
1604 1195 1725 1226 verbum
1744 1204 1760 1225 e

89 1245 245 1276 Ambrosius
258 1244 394 1276 sterilem
420 1244 580 1280 bruchum,
598 1253 657 1274 non
674 1243 752 1284 quod
766 1243 898 1274 bruchus
938 1245 1046 1277 Basilio
1062 1254 1236 1276 conversum
1254 1254 1320 1276 esse
1338 1244 1433 1284 palam
1462 1242 1511 1274 sit.
1529 1241 1713 1273 Proferimus
1728 1240 1759 1270 in

89 1289 225 1320 arbustum
236 1288 342 1320 sterile
353 1289 459 1329 sit,sed
471 1288 550 1329 quod
561 1288 758 1319 corrodendis
768 1288 897 1319 arbustis
939 1289 1070 1321 medium
1077 1289 1167 1321 verba
1173 1289 1314 1321 Basiliiex
1322 1288 1457 1320 oratione
1463 1291 1545 1318 sexta
1555 1287 1588 1317 in
1596 1287 1756 1321 Hexaem,

89 1333 261 1365 sterilitatem
278 1334 415 1365 inducat.
432 1334 608 1373 Quanquam
626 1337 724 1364 autem
741 1342 808 1372 quae
821 1332 894 1370 dixi,
939 1344 1011 1365 num
1033 1334 1062 1374 3,
1074 1330 1760 1373 utcumAmbrosianispossintcomparari.K11

88 1377 147 1409 satis
156 1388 303 1420 superque
313 1388 365 1418 per
387 1387 419 1409 se
432 1382 565 1419 pateant.
583 1381 708 1418 possunt
723 1381 821 1408 tamen
837 1387 897 1408 non

943 1380 969 1407 τὸ
992 1379 1040 1417 μὲν
1067 1380 1122 1421 φῶς
1154 1381 1191 1412 εἷς
1214 1379 1361 1408 ἀπόλαυσιν
1390 1385 1449 1411 τοῖς
1465 1376 1587 1411 δικαίοις,
1604 1376 1634 1404 τὸ
1658 1374 1685 1402 δὲ
1710 1376 1758 1408 τῆς

90 1432 179 1461 parum
197 1423 294 1455 verbis
311 1423 412 1454 Basilii
432 1422 615 1454 conﬁrmari.
632 1422 702 1453 Haec
716 1425 815 1453 autem
829 1426 898 1453 sunt

943 1425 1057 1457 καύσεως
1072 1424 1197 1463 ὀδυνηρὸν
1213 1431 1272 1455 τοῖς
1301 1423 1489 1460 κολκζομένοις
1510 1421 1757 1461 ἆποταχθήσεσθκι.

89 1467 179 1500 bomil.
203 1468 232 1507 6,
249 1478 336 1500 num.
350 1467 370 1498 2
385 1480 392 1497 :
423 1469 455 1497 Ἦ
482 1471 520 1508 γῆ
537 1467 699 1506 πεπλήρωτο
713 1474 774 1498 τοῖς
791 1467 897 1499 οἰκείοις

943 1467 1113 1509 uEtfore,ut
1134 1469 1182 1500 lux
1197 1468 1318 1509 quidem
1334 1468 1364 1498 in
1381 1466 1551 1498 fruitionem
1565 1465 1668 1505 justis,
1684 1464 1761 1495 adu-

88 1513 230 1550 γεννήμασι,
249 1514 279 1541 τά
293 1524 326 1540 τε
341 1513 419 1552 μυρία
435 1513 501 1552 γένη
521 1515 574 1540 τῶν
605 1513 724 1550 βοτανῶν
749 1510 898 1547 ἐκϐλαστή-

943 1513 1043 1545 stionis
1053 1522 1122 1544 vero
1137 1513 1283 1544 acerbitas
1294 1511 1454 1552 puniendis
1470 1510 1646 1541 destinetur.
1664 1522 1678 1537 »
1695 1509 1754 1539 Νο-

90 1567 156 1593 sum,
177 1558 218 1586 xxi
252 1556 436 1590 παντοδιιποῐς
466 1556 551 1586 εἴδεσι
587 1559 674 1596 φυτῶν
704 1556 894 1593 εὖθηνουμένη.

943 1562 1028 1588 stram
1045 1558 1119 1588 hanc
1145 1559 1344 1597 conjecturam
1366 1555 1503 1587 nonnihil
1529 1555 1599 1585 hinc
1628 1554 1761 1594 adjuvari

1624 151 1763 176 CLXXXII

90 1599 176 1634 ’Ἤλιος
191 1601 215 1630 δὲ
231 1602 307 1631 eam
338 1603 382 1639 ῆν,
410 1603 454 1631 καὶ
482 1602 595 1637 σελήνη.
623 1613 636 1628 «
654 1601 747 1632 Terra
769 1600 898 1641 propriis

90 1645 256 1684 germinibus
268 1651 334 1678 erat
356 1646 467 1677 referta
482 1656 488 1678 :
506 1645 750 1686 quandoquidem
768 1649 796 1676 et
812 1645 899 1676 innu-

92 1698 161 1720 mera
175 1691 337 1731 protulerat
352 1690 514 1722 herbarum
531 1700 654 1728 genera,
668 1694 698 1721 et
717 1689 898 1721 omnimodis

92 1734 239 1773 plantarum
256 1735 418 1776 speciebus
432 1735 626 1766 exuberabat.
647 1734 782 1766 Necdum
799 1739 898 1765 tamen

91 1783 143 1808 erat
154 1780 258 1820 so|,aut
270 1781 351 1811 luna.
371 1792 384 1808 ι
400 1780 518 1810 Etenim
528 1779 607 1820 quod
621 1779 749 1810 Basilius
761 1778 899 1810 universe

91 1821 190 1855 dixitde
196 1824 408 1858 fructicibus.id
416 1824 569 1865 speciatim
577 1824 688 1855 dixisse
696 1823 896 1861 Ambrosium,

92 1865 135 1899 lib.
146 1876 182 1909 tv,
200 1877 282 1901 num.
308 1869 339 1906 1,
370 1869 408 1900 de
432 1870 507 1900 rubo
531 1869 722 1909 perspicuum
747 1872 801 1899 est.
818 1868 853 1899 Et
869 1869 898 1898 in

95 1912 176 1943 verbis
190 1913 247 1945 illis
262 1923 331 1954 quae
356 1916 490 1954 proxime
516 1917 691 1954 sequuntur.
722 1925 732 1941 ι
753 1912 815 1943 noli
828 1922 898 1953 ergo

93 1955 171 1987 Deum
186 1958 322 1995 credere,
340 1958 386 1988 cui
410 1958 492 1989 vides
508 1957 562 1989 Dei
579 1966 702 1988 munera
714 1966 778 1989 esse
791 1957 898 1996 praela-

93 2005 142 2037 ta,»
151 2001 264 2042 aliquod
274 2012 395 2043 quoque
405 2003 509 2033 vitium
521 2003 621 2033 inesse
630 2001 898 2041 suspicor.Etenim

94 2046 150 2085 quid
162 2046 214 2077 sibi
225 2048 296 2078 velit
318 2047 404 2084 illud,
425 2061 437 2076 α
458 2047 518 2078 noli
533 2057 603 2087 ergo
619 2046 715 2078 Deum
731 2047 866 2087 credere,
886 2059 896 2076 υ

94 2099 143 2121 non
156 2092 225 2122 satis
237 2092 387 2132 intelligo.
399 2092 471 2123 Mibi
488 2096 585 2123 autem
611 2091 776 2123 verisimile
787 2092 831 2132 fit,
849 2101 900 2132 pro

94 2134 131 2165 bis
144 2136 246 2177 verbis,
262 2148 276 2164 ι
292 2136 354 2167 noli
369 2145 441 2176 ergo
457 2138 551 2167 Deum
568 2137 704 2173 credere,
718 2147 732 2166 ι
746 2136 802 2176 legi
815 2146 901 2177 opor-

94 2184 156 2215 tere,
176 2192 187 2209 ι
205 2181 266 2212 noli
283 2190 354 2221 ergo
370 2181 430 2212 Deo
441 2191 500 2212 non
512 2181 638 2212 credere
652 2181 728 2222 (61).
745 2194 756 2209 »
769 2181 811 2212 Ita
823 2182 901 2212 enim

940 1602 1154 1637 existimamus.
1172 1601 1250 1642 quod
1262 1601 1478 1631 admoneamur
1488 1599 1518 1630 in
1533 1598 1621 1635 notis,
1639 1597 1761 1629 codices

941 1656 1074 1677 mss.non
1086 1647 1143 1677 sibi
1154 1651 1302 1685 constare,
1316 1644 1496 1677 habentibus
1511 1643 1587 1680 aliis,
1609 1655 1620 1672 α
1637 1643 1672 1674 ad
1687 1652 1758 1683 per-

939 1693 1097 1722 fectionem
1112 1692 1270 1727 bonorum,
1287 1703 1299 1719 ι
1317 1690 1394 1722 aliis.
1413 1689 1473 1720 (ad
1487 1687 1756 1729 perfunctionema

939 1736 1196 1767 Verisimillimum
1212 1735 1291 1767 enim
1306 1735 1379 1766 mihi
1390 1734 1546 1772 videtur,si
1559 1733 1678 1764 codices
1696 1732 1759 1773 plu-

939 1790 988 1812 res
1003 1780 1356 1821 consulerentur,fore,nt
1372 1779 1507 1810 nonnulli
1523 1778 1701 1818 scripturam
1713 1786 1761 1807 ve-

940 1835 1003 1856 ram
1020 1835 1252 1866 germanamque
1264 1825 1449 1862 exhiberent,
1466 1824 1524 1855 hoc
1539 1827 1595 1863 est,
1616 1821 1760 1862 «perfrui-

941 1871 1065 1908 tionem,
1086 1883 1096 1898 ιι
1117 1880 1175 1901 non
1195 1882 1206 1898 α
1226 1869 1471 1910 perfectionem,»
1489 1878 1587 1908 neque
1604 1880 1618 1896 α
1637 1866 1759 1907 perfun-

940 1916 1082 1946 ctionem.
1103 1926 1116 1945 ι

981 1962 1032 1991 ΞἾ.
1046 1960 1234 1992 Conveniunt
1249 1960 1327 1991 inter
1340 1968 1372 1990 se
1388 1962 1418 1990 et
1430 1958 1501 1990 editi
1517 1963 1546 1990 et
1555 1957 1675 1989 codices
1685 1966 1756 1987 mss.

942 2005 971 2036 in
982 2015 1016 2036 eo
1026 2004 1290 2042 loco,ubiBasilius
1298 2013 1466 2035 sermonem
1474 2003 1602 2034 instituit
1612 2002 1650 2033 de
1662 2002 1758 2033 vultu-

942 2049 1112 2090 ribusEjus
1124 2050 1186 2081 hac
1195 2054 1263 2080 sunt
1275 2049 1364 2080 verba
1375 2048 1508 2080 oratione
1519 2048 1536 2078 8
1552 2049 1585 2079 in
1595 2048 1760 2082 Hexaem.,

943 2104 1026 2125 num.
1043 2095 1084 2126 6:
1113 2094 1203 2123 Πολλὰ
1233 2095 1285 2123 τῶν
1302 2095 1407 2132 ὀρνίθων
1429 2093 1493 2133 γένῖ
1517 2092 1590 2123 οὐδὲν
1617 2095 1682 2131 πρὸς
1713 2093 1763 2125 τὴν

943 2141 1037 2173 κύησιν
1053 2139 1139 2168 δεῖται
1154 2139 1202 2173 τῆς
1226 2142 1281 2167 τῶν
1310 2138 1422 2177 ὰῤῥένων
1450 2137 1603 2171 ἐπιπλοκῆς
1621 2148 1628 2155 '
1650 2136 1711 2165 ἀλλ’
1734 2137 1760 2165 ἐν

944 2186 993 2223 μὲν
1016 2185 1076 2217 τοῖς
1106 2184 1197 2215 ἄλλοις
1220 2183 1301 2222 ἐίγονά
1322 2183 1376 2211 ἐστι
1399 2183 1431 2211 τὰ
1459 2182 1592 2219 ὑπηνέμια
1610 2192 1617 2199 ·
1643 2183 1704 2212 τοὺς
1735 2181 1761 2209 δὲ

93 2225 192 2264 optime
201 2230 294 2257 oratio
304 2227 474 2258 cohaerebit.
494 2226 556 2257 Hoc
579 2227 657 2257 enim
671 2226 787 2257 videtur
802 2226 899 2257 dicere

944 2229 1028 2269 γύπας
1043 2229 1120 2269 ψασὶν
1145 2227 1326 2258 dou-nauium:
1349 2228 1446 2256 τίκτειν
1475 2228 1511 2258 ὡς
1536 2227 1567 2254 τὰ
1592 2225 1691 2265 πολλὰ,
1719 2228 1762 2255 καὶ

92 2269 254 2302 Ambrosius
267 2280 274 2301 :
290 2271 352 2303 Etsi
366 2271 409 2302 sol
426 2276 455 2302 et
464 2270 531 2302 aliae
539 2271 674 2312 quaedam
687 2275 830 2302 creaturae
845 2281 899 2312 pro

91 2313 141 2344 diis
152 2315 297 2356 colantur,
326 2325 455 2357 veroque
479 2315 540 2347 Deo
570 2315 776 2355 praeferantur,
808 2329 821 2344 α
839 2316 901 2347 noli

91 2363 234 2398 propterea
249 2359 312 2391 Deo
325 2370 384 2391 non
394 2360 555 2392 credere.»
568 2360 664 2400 Hujus
680 2361 903 2401 interpretatio-

91 2402 130 2432 nis
140 2408 288 2435 auctorem
304 2405 398 2436 habeo
414 2404 605 2436 Ambrosium
615 2405 780 2445 ipsum,qui
795 2405 846 2437 lib.
857 2414 900 2445 ut,

91 2455 164 2478 num.
178 2448 226 2479 27.
244 2451 289 2480 sic
301 2449 452 2490 loquitur:
470 2448 592 2481 «Solent
607 2449 687 2479 enim
704 2449 840 2489 plerique
851 2450 901 2480 di~

90 2500 167 2523 cere:
180 2493 243 2524 Nisi
251 2493 429 2525 clementior
440 2494 514 2525 solis
520 2494 601 2524 calor
611 2494 786 2534 tepefecerit
794 2500 898 2533 terras,

91 2539 116 2565 et
125 2537 338 2575 quodammodo
347 2539 438 2569 radiis
450 2539 510 2569 suis
520 2538 699 2579 foverit,non
713 2539 822 2579 poterit
834 2548 901 2579 ger-

91 2580 193 2612 minare
204 2586 285 2613 terra
300 2593 309 2621 ;
324 2588 352 2614 et
369 2588 526 2623 propterea
540 2588 643 2623 gentes
656 2583 786 2615 divinum
801 2585 899 2616 hono—

91 2633 145 2655 rem
159 2626 304 2667 deputant
321 2628 387 2668 soli,
411 2629 490 2667 quod
504 2629 612 2660 virtute
625 2628 733 2660 caloris
744 2630 790 2660 sui
806 2633 900 2660 terra-

90 2677 146 2701 tum
157 2676 294 2711 penetret
309 2673 401 2710 sinus,
422 2685 434 2700 ιι
453 2677 511 2704 etc.

125 2730 163 2771 (α)
175 2731 271 2771 Leges
284 2736 383 2763 nolam
399 2733 538 2777 primam,
557 2743 588 2774 p.
601 2733 650 2765 63.

943 2278 1025 2303 ταῦτα
1050 2273 1281 2312 μακροϐιωτάτους
1303 2272 1380 2303 ὄντας
1397 2279 1405 2286 ⁹
1430 2272 1472 2304 οἷς
1501 2282 1532 2310 γε
1554 2271 1650 2311 μέχρις
1667 2272 1762 2300 ἔχειτὸν

942 2318 1019 2354 ἑτῶν¹
1037 2319 1072 2348 ὡς
1088 2319 1121 2345 τὰ
1149 2316 1247 2353 πολλὰ,
1279 2319 1462 2353 παρατείνετιι
1483 2315 1499 2349 ἡ
1525 2317 1592 2351 ζωή.
1611 2320 1693 2345 Τοῦτο
1715 2327 1761 2353 μοι

942 2363 991 2402 ἔχε
1020 2361 1309 2402 παρασεσημειωμένον
1339 2361 1368 2388 ἐκ
1403 2361 1452 2393 τῆς
1481 2360 1540 2399 περὶ
1567 2361 1628 2390 τεὺς
1658 2359 1762 2400 ὄρνιθας

941 2407 1067 2448 ἱστορίας,
1096 2406 1135 2434 ’ἕν’
1163 2405 1266 2434 ἐπειδάν
1294 2416 1357 2433 ποτε
1387 2404 1447 2443 ἴδῃς
1474 2405 1608 2444 γελῶντας
1634 2417 1707 2437 τινας
1732 2407 1762 2434 τὸ

943 2453 1086 2491 μυστήριον
1105 2452 1191 2489 apd»,
1208 2451 1244 2482 ὡς
1257 2449 1384 2480 ἀδυνάτου
1399 2450 1474 2481 ὄντος
1497 2451 1540 2478 uti.
1565 2450 1614 2483 ἔξω
1637 2453 1686 2484 τῆς
1707 2451 1760 2491 φό-

943 2508 1010 2529 σεως
1026 2496 1153 2536 παρθένον
1178 2502 1278 2535 τεκεῖν,
1309 2495 1358 2530 τῆς
1383 2495 1522 2534 παρθενίας
1549 2495 1631 2528 αὒτῆς
1657 2495 1759 2536 φυλατ-

941 2543 1057 2581 τομένης
1074 2542 1220 2582 ἁχράντου,
1237 2541 1383 2580 ἐνθυμηθῇς
1400 2542 1440 2570 ὅτι
1464 2542 1478 2569 ἓ)
1501 2541 1646 2576 εὒὸοκήσπις
1676 2541 1701 2569 ἐν
1727 2544 1761 2580 τῇ

942 2587 1027 2626 μωρίᾳ
1042 2590 1088 2614 τοῦ
1102 2587 1273 2626 κηρύγματος
1301 2589 1385 2615 σῶσαι
1401 2587 1460 2619 τοὺς
1486 2587 1670 2622 πιστεύοντας,
1690 2586 1758 2623 ipo-

941 2633 997 2671 ρίας
1021 2632 1051 2659 ἐκ
1071 2634 1121 2665 τῆς
1143 2632 1244 2671 φύσεως
1274 2631 1395 2670 ἀφορμὰς
1421 2632 1487 2669 πρὸς
1512 2629 1562 2664 τὴν
1590 2631 1676 2658 πίστιν
1706 2632 1758 2659 τῶν

940 2675 1093 2716 παραδόξων
1111 2674 1282 2706 κατεϐάλετο.
1304 2674 1422 2707 «Multis
1436 2675 1533 2707 avium
1549 2674 1710 2713 generibus
1723 2674 1761 2705 ad

196 2810 424 2857 _Hallucina_tum
442 2823 487 2852 se,
502 2822 572 2857 eum
588 2813 653 2857 haec
666 2813 824 2857 scriberet,
847 2816 957 2849 fatetur
972 2817 1007 2847 Ι).
1024 2815 1185 2848 Garnerius
1201 2816 1231 2847 in
1250 2813 1426 2848 Praefatione
1440 2818 1514 2848 tom.
1531 2814 1555 2845 ll
1570 2814 1644 2855 [Ill],
1669 2815 1684 2855 §
1699 2824 1758 2852 xw,

91 2851 129 2880 cui
144 2851 254 2883 titulum
274 2851 367 2883 fecit':
389 2854 429 2885 De
438 2855 546 2886 erratis
565 2854 746 2895 quibusdam
759 2851 845 2895 meis,
863 2861 922 2890 etc.
937 2857 1021 2890 Eutr.
