2004 3143
215 178 273 202 ch
894 166 1190 201 PROLEGOMENA.

216 240 391 276 conceptum
408 237 480 268 nihil
496 246 570 277 opus
586 242 632 269 est
645 237 769 268 marium
786 237 891 276 copula
909 248 914 265 :
934 237 986 267 sed
1004 237 1062 267 ina
1075 236 1286 267 incarnationis
1299 235 1439 266 decorem
1452 234 1603 274 probaret,
1620 238 1649 266 et
1659 239 1804 265 astrueret
1820 235 1892 266 veri-

216 281 281 311 aliis
293 281 455 321 generibus
483 282 561 312 edita
577 283 651 313 citra
665 283 773 313 coitum
791 291 856 322 ova,
879 281 1039 312 infecunda
1081 285 1170 311 tatem
1183 282 1198 311 ?
1211 293 1224 308 »
1243 280 1339 311 Nemo
1351 289 1410 310 non
1422 279 1501 310 videt
1521 279 1710 310 Ambrosium
1723 279 1827 310 isthaac
1837 279 1894 311 fere

215 330 293 356 sunt.
308 327 418 356 Ferunt
438 331 535 357 autern
560 329 624 358 sine
634 327 711 357 coitu
727 332 759 357 ut
770 327 929 367 plurimum
949 336 1037 366 pare-
1079 325 1115 356 ad
1126 325 1246 356 verbum
1260 324 1442 356 convertisse
1454 333 1469 354 e
1485 323 1605 364 Basilio,
1621 325 1673 355 sed
1685 324 1725 355 ita
1740 329 1849 361 tamen,
1866 329 1896 355 ut

217 379 249 400 re
262 370 476 408 \'ultures,licet
488 371 616 402 maxime
632 371 780 410 longaevos
794 380 800 403 :
812 372 921 412 quippe
931 371 1038 411 quibus
1080 379 1113 400 ea
1122 370 1340 409 quodammodo
1353 378 1405 399 sua
1417 369 1524 400 fecisse
1536 369 1738 409 videatur,aut
1753 369 1893 405 ornando,

217 415 273 445 vita
284 415 319 445 ad
336 420 453 445 centum
468 424 560 455 usque
576 425 668 447 annos
686 416 861 456 plerumque
879 416 1035 455 protenda-

216 463 272 490 tur.
289 459 321 490 Id
333 460 421 490 velim
434 464 566 490 notatum
585 465 612 491 et
624 461 815 491 observatum
830 469 864 491 ex
873 461 974 490 alitum
989 460 1036 490 hi-

215 504 316 543 storia,
335 508 366 534 ut
383 504 407 534 si
423 504 540 543 quando
554 506 713 536 nonnullos
732 505 839 536 videris
865 505 1035 545 mysterium

216 551 350 579 nostrum
368 549 506 586 irridere,
517 550 600 590 quasi
613 551 677 580 fieri
688 560 765 590 nequ
772 555 863 590 eat,et
875 550 956 590 quasi
968 550 1005 580 sit
1021 559 1037 580 a

216 598 319 624 natura
334 594 479 634 alienum,
494 599 525 625 ut
540 595 632 634 virgo,
651 595 819 634 virginitate
830 595 898 634 ejus
911 598 1035 625 inteme-

215 642 275 668 rata
288 643 493 678 permanente,
508 639 770 680 pepererit,veniat
781 639 812 670 in
825 643 955 670 mentem
969 639 1033 676 tibi,

216 682 320 722 Deum,
338 683 390 723 qui
407 692 459 723 per
474 684 692 723 prmdicationis
706 684 860 715 stultitiam
877 684 1035 715 credentes

215 727 310 757 salvos
321 728 419 758 tacere
432 728 529 765 libuit,
541 730 698 760 innumera
709 729 913 766 incitamenta,
925 728 961 759 ab
972 730 1035 769 ipsa

215 775 318 802 natura
331 773 496 812 desumpta,
509 773 545 804 ad
558 773 647 806 ﬁdem
663 774 754 804 rebus
767 773 923 813 stupendis
939 773 1036 804 conci-

214 816 345 847 liandam
363 818 391 847 in
411 823 601 850 antecessum
630 820 831 859 proposuisse.
855 831 868 846 »
886 818 954 849 Hinc
971 827 1036 858 qua:

215 862 349 901 longiora
360 862 483 893 fortasse
493 864 747 900 videbuntur,non
760 864 826 894 ideo
842 864 942 897 retuli,
955 862 1035 902 quod

213 906 330 937 allatam
341 916 357 936 a
370 906 479 938 Basilio
492 908 529 939 de
539 909 703 939 vulturibus
718 908 872 939 historiam
888 907 1011 948 probem
1026 917 1033 937 :

1079 415 1320 454 autampliando.
1338 415 1381 454 Et,
1398 414 1476 454 quod
1492 414 1527 444 ad
1545 423 1608 444 rem
1626 417 1763 454 pertinet,
1783 414 1896 454 perspi-

1079 469 1167 490 cuum
1193 463 1238 489 est
1263 469 1297 490 ex
1323 458 1380 497 his,
1406 459 1597 491 Ambrosium
1614 468 1674 490 non
1689 459 1778 489 aliter
1795 459 1895 499 legisse

1079 510 1167 544 alque
1181 514 1260 534 nunc
1276 504 1384 543 legitur
1399 504 1446 534 :id
1457 504 1533 543 quod
1552 504 1717 542 suspicioni
1729 503 1896 535 Combelisii

1078 558 1136 579 non
1154 549 1252 579 minus
1277 549 1461 585 adversatur,
1493 558 1581 588 quam
1613 558 1719 588 magna
1735 549 1786 579 illa
1807 557 1895 588 quam

1077 594 1163 624 initio
1175 594 1272 624 testati
1289 603 1393 624 sumus
1409 592 1553 624 librorum
1579 594 1676 623 omnis
1690 594 1813 632 generis
1826 603 1896 624 con-

1077 638 1317 669 sensio.Accedit
1333 638 1421 668 etiam
1436 638 1515 678 quod
1531 642 1614 668 vetus
1635 638 1783 678 interpres
1797 638 1895 670 Eusta-

1077 682 1156 713 thius
1171 686 1259 719 ita,ut
1275 682 1427 723 hodieque
1444 683 1561 722 legitur,
1581 683 1684 722 legerit
1699 687 1729 714 et
1743 683 1896 723 ipse.Vide

1076 728 1294 768 Appendicem.
1313 727 1396 763 Quod
1411 727 1492 758 addit
1504 727 1711 765 Combetisius,
1730 739 1741 756 ι
1760 727 1893 759 Subven-

1078 776 1165 802 tanea
1177 772 1399 812 fecunda,quod
1416 772 1588 812 ascriptum,
1607 782 1641 803 ex
1659 773 1792 811 margine
1808 773 1896 804 obre-

1079 817 1147 857 psit,
1162 829 1175 844 »
1191 817 1218 847 id
1233 817 1341 847 mirum
1363 817 1457 846 videri
1481 821 1588 856 potest,
1606 826 1672 847 cum
1688 817 1751 847 haec
1768 821 1897 857 pugnent

1078 861 1156 892 inter
1167 871 1198 892 se
1216 871 1221 892 :
1241 861 1293 892 sed
1312 862 1468 901 scripsisse
1494 863 1591 892 virum
1622 862 1742 892 doctum
1758 861 1894 898 arbitror,

1081 917 1092 934 α
1111 906 1313 937 subventanea
1339 905 1508 942 infecunda,
1540 918 1553 933 »
1573 906 1672 936 obilla
1684 906 1798 940 Basilii,
1816 906 1896 945 ἅγονι

213 951 265 981 sed
279 950 352 982 utin
364 956 534 983 transcursu
543 953 667 984 doceam
680 954 758 984 hunc
776 944 1033 992 Basiliiiallocum
1048 944 1221 989 Βὺπηηέμη.
1240 952 1350 981 Verum
1373 961 1430 981 non
1460 951 1499 981 ita
1524 951 1610 981 facile
1632 951 1769 981 excusari
1790 944 1895 991 potest,

214 1003 318 1025 sanum
332 1005 397 1026 esse
413 1001 441 1028 et
456 997 672 1038 incorruptum.
690 998 754 1028 Non
770 1007 888 1037 possum
915 997 1004 1037 igitur
1019 1006 1036 1028 a

215 1039 393 1071 Combefisio
419 1042 506 1072 aliter
530 1043 676 1074 sentiente
707 1052 765 1072 non
782 1041 952 1072 dissentire.
976 1041 1034 1072 Sed

215 1083 310 1124 ipsum
337 1086 503 1119 audiamus.
525 1100 538 1115 α
561 1087 697 1128 Laborat,
724 1087 832 1128 inquit,
849 1091 951 1127 aperte
966 1091 1034 1117 tex-

215 1134 272 1166 tus,
290 1129 458 1169 falsumque
487 1132 594 1171 ingerit
616 1142 749 1170 sensum,
774 1141 861 1172 quem
887 1133 1035 1171 interpres

215 1175 360 1212 expressit
375 1186 382 1213 ;
399 1177 481 1216 quasi
498 1178 540 1208 sic
553 1178 713 1218 concipere
730 1178 842 1218 absque
859 1186 939 1207 mare
949 1185 1033 1207 com-

216 1227 303 1250 mune
318 1221 356 1249 sit
370 1221 506 1260 pluribus
528 1222 626 1253 avinm
643 1223 814 1262 generibus.
827 1223 858 1253 In
874 1231 931 1252 uno
947 1221 1032 1252 Basi-

215 1263 270 1293 lius
283 1265 451 1304 exemplum
467 1267 575 1307 posuit,
595 1277 648 1298 nec
661 1268 718 1298 alia
733 1265 966 1298 sollicitavit.Sic
983 1275 1031 1295 er-

214 1317 249 1346 go
265 1310 403 1347 emendo,
434 1312 499 1349 γένη
527 1313 563 1339 ὧν
591 1313 618 1340 ἓν
642 1312 711 1347 οὐδὲ,
741 1321 867 1350 quorum
882 1320 978 1342 unum
994 1319 1033 1341 ne

215 1354 344 1384 murium
372 1357 493 1394 quidem
519 1357 625 1395 copula
654 1365 731 1396 opus
755 1356 855 1395 habet,
884 1355 1032 1386 vulturum

213 1396 326 1428 scilicet
341 1406 347 1427 :
365 1400 443 1438 quod
457 1401 553 1440 ipsum
569 1401 682 1432 incerta
698 1401 774 1431 fama
788 1400 891 1431 refert.
911 1412 923 1428 ι)
953 1400 1032 1432 Sub-

212 1447 361 1473 venlanea
375 1444 518 1485 fecunda,
544 1446 622 1485 quod
643 1447 817 1485 ascriptum,
846 1454 882 1476 ex
900 1446 1032 1483 margine

213 1486 354 1527 obrepsit.
375 1501 388 1516 ν
406 1489 488 1520 Hanc
502 1494 598 1521 autem
611 1490 780 1522 Combeﬁsii
793 1489 1032 1521 emendationem

1077 1005 1145 1026 cum
1160 997 1223 1027 haec
1240 996 1306 1027 aite
1323 996 1455 1035 margine
1471 996 1642 1035 irrepsisse.
1661 996 1723 1026 Etsi
1737 996 1816 1026 enim
1838 994 1896 1025 Eu—

1077 1040 1630 1079 stathiusinsigniterhallucinatussit,
1645 1039 1895 1080 pessimequeBa-

1077 1086 1175 1117 silium
1189 1085 1413 1125 interpretatus,
1427 1080 1493 1124 ejus
1500 1089 1598 1115 tamen
1609 1085 1700 1115 verba
1709 1085 1895 1125 apertissime

1077 1130 1238 1161 ostendunt
1252 1139 1309 1160 non
1321 1138 1408 1160 secus
1417 1139 1485 1160 eum
1500 1129 1606 1168 legisse
1617 1130 1645 1160 in
1659 1129 1721 1160 suis
1731 1129 1895 1169 codicibus,

1075 1180 1163 1215 atque
1180 1184 1258 1205 nunc
1282 1176 1312 1204 in
1338 1174 1449 1204 nostris
1473 1174 1610 1213 legimus.
1638 1173 1708 1214 Ejus
1724 1174 1788 1205 haec
1803 1177 1894 1204 sunt:

1080 1230 1093 1249 (
1110 1220 1183 1250 Aliae
1198 1229 1270 1250 sane
1294 1228 1408 1259 earum,
1428 1228 1494 1259 quae
1518 1219 1605 1249 altius
1630 1219 1765 1259 volitant,
1781 1219 1897 1250 steriles

1076 1266 1197 1295 omnino
1211 1269 1290 1296 sunt.
1314 1278 1325 1293 ι
1343 1264 1383 1295 Ex
1399 1264 1506 1303 quibus
1522 1263 1696 1304 intelligitur
1708 1263 1894 1294 Eustathium

1075 1309 1105 1339 in
1125 1310 1185 1340 suis
1199 1309 1317 1349 quidem
1345 1309 1429 1339 libris
1444 1317 1545 1339 vocem
1568 1309 1702 1345 ὑπηνέμια
1717 1308 1871 1348 reperisse
1886 1318 1892 1337 :

1075 1354 1127 1384 sed
1142 1363 1206 1384 eam
1221 1355 1296 1384 male
1312 1353 1495 1390 reddidisse,
1510 1353 1593 1392 quasi
1605 1352 1745 1384 videlicet
1761 1362 1825 1384 rem
1841 1361 1894 1393 ope

1074 1403 1227 1429 ventorum
1239 1400 1298 1430 alte
1309 1398 1417 1429 elatam
1427 1397 1691 1437 signiticaret.Plus
1702 1398 1774 1428 sotis
1786 1398 1825 1428 de
1836 1399 1891 1429 his.

1074 1443 1242 1474 Redeamus
1258 1444 1293 1473 ad
1311 1443 1513 1478 Ambrosium,
1527 1443 1613 1482 cujus
1628 1442 1658 1472 in
1671 1443 1769 1473 verbis
1785 1442 1894 1483 aliquid

1076 1490 1173 1519 inesse
1185 1488 1247 1518 vitii
1261 1487 1465 1528 suspicor.Ubi
1477 1487 1555 1518 enim
1569 1487 1690 1527 legitur,
1707 1500 1720 1514 σε
1738 1487 1895 1527 indulgere

1074 1534 1245 1568 concubitu,
1263 1546 1276 1560 ι)
1298 1532 1455 1572 legendum
1472 1541 1592 1572 censeo,
1609 1543 1619 1559 α
1636 1532 1770 1570 indigere
1781 1541 1893 1563 concu-

213 1531 342 1562 arbitror
367 1543 471 1574 puram
501 1541 602 1571 put-am
631 1545 695 1566 esse
720 1536 954 1575 corruptionem.
971 1534 1032 1565 Etsi

1075 1578 1147 1614 bitu,
1166 1591 1179 1606 n
1194 1583 1255 1609 tum
1272 1578 1309 1608 ob
1327 1577 1399 1608 illud
1418 1577 1530 1614 Basilii,
1547 1577 1633 1605 δεῖτιι
1649 1580 1698 1610 τῆς
1715 1577 1766 1606 τῶν
1782 1577 1894 1616 ἀῤῥένων

213 1576 291 1607 enim
305 1578 461 1609 allirinavit
476 1579 603 1611 Basilius
617 1581 708 1611 multa
716 1590 782 1612 esse
799 1581 898 1611 avium
909 1588 1030 1618 genera,

213 1629 278 1660 quze
293 1623 465 1664 concipiunt
492 1625 556 1655 sine
584 1625 756 1662 concubitu,
776 1625 869 1664 potuit
883 1630 981 1655 tamen
995 1625 1061 1655 dec
1074 1623 1235 1663 ἐπιπλοκῆς,
1254 1628 1315 1653 tum
1329 1622 1407 1663 quod
1431 1622 1494 1662 ipsa
1511 1622 1690 1652 constructio
1703 1623 1896 1661 grammatica

212 1665 283 1695 solis
298 1666 464 1698 vulturibus
490 1669 671 1700 mentionem
690 1670 799 1706 facere,
828 1670 966 1699 videlicet
981 1673 1032 1699 aut
1074 1669 1114 1699 ita
1130 1668 1366 1708 postuletﬂecte
1378 1667 1457 1698 enim
1472 1666 1595 1704 dixeris,
1613 1679 1625 1693 α
1643 1666 1777 1706 indigere
1789 1676 1895 1698 concu-

213 1709 363 1741 brevitatis
376 1719 530 1752 causa,aut
542 1718 691 1745 oratorum
705 1724 800 1751 more,
818 1715 869 1754 qui
883 1723 931 1745 res
948 1714 1030 1753 ejus-
1074 1713 1136 1743 bitu
1151 1721 1157 1742 :
1171 1713 1326 1753 indulgere
1335 1712 1510 1746 concubitu,
1528 1724 1538 1740 ι)
1555 1720 1614 1741 non
1626 1711 1781 1748 item,cum
1794 1711 1894 1743 dicere

214 1754 362 1799 inodinon
377 1758 600 1797 tamdiligenler
614 1768 838 1799 narrare,quam
850 1767 957 1789 ornare
966 1763 1030 1788 stu-
1074 1758 1199 1795 soleant,
1220 1768 1232 1787 ι
1252 1757 1423 1788 concubitui
1437 1756 1604 1795 indulgere.
1626 1767 1637 1784 υ

213 1798 294 1830 dent.
313 1799 370 1830 Sed
383 1802 459 1840 quod
479 1803 569 1842 magis
584 1798 746 1834 confirmat
758 1804 830 1834 nihil
856 1803 885 1833 in
907 1804 1031 1842 vulgatis
1113 1803 1164 1833 ‘28.
1180 1803 1264 1833 Clara
1275 1807 1342 1833 sunt
1355 1802 1442 1832 verba
1458 1801 1557 1832 Basilii
1574 1805 1603 1831 et
1614 1809 1697 1841 sana,
1712 1810 1777 1841 quae
1792 1801 1894 1841 legun-

213 1844 321 1882 corrigi
337 1844 460 1886 debere,
477 1847 547 1877 illud
565 1853 620 1883 est,
633 1849 711 1888 quod
726 1850 762 1878 ita
781 1849 888 1887 legisse
899 1848 1029 1879 Ambro-
1075 1851 1120 1878 tur
1136 1848 1165 1878 in
1176 1847 1310 1878 oratione
1332 1848 1351 1878 8
1362 1849 1394 1877 in
1407 1847 1566 1881 Hexaem.,
1582 1855 1666 1876 num.
1680 1846 1698 1876 8
1715 1855 1723 1876 :
1737 1846 1839 1875 Ὀποῖι
1854 1848 1894 1875 καὶ

214 1887 288 1918 sium
301 1892 428 1922 constet.
443 1891 515 1931 Ejus
526 1893 588 1923 haec
603 1887 672 1923 sunt
688 1902 704 1923 e
719 1893 769 1923 lib.
787 1902 805 1923 v
822 1894 852 1924 in
869 1894 1031 1931 Ηεαεαετη..

1076 1893 1192 1932 περὶτοῦ
1217 1891 1298 1921 ’[νὸοῠ
1326 1891 1465 1925 σκώληκος
1497 1893 1642 1930 ἱστορεῖται
1658 1895 1703 1919 τοῦ
1717 1893 1892 1931 κερασφόρου,

213 1941 279 1972 cap.
299 1934 356 1966 2t):
377 1945 391 1965 (
414 1936 499 1966 Nunc
515 1938 552 1968 de
569 1938 737 1977 integritate
753 1938 898 1977 dicamus,
920 1947 986 1978 qua:
1002 1938 1031 1967 in

1076 1938 1102 1969 ἐς
1135 1939 1171 1968 εἰς
1199 1936 1309 1972 κάμπην
1330 1938 1363 1965 τὰ
1383 1936 1474 1976 πρῶτα
1497 1935 1665 1975 μετῑαιϐπιλών³
1693 1939 1751 1966 etc.
1782 1948 1796 1964 ι
1814 1936 1892 1971 Qua-

215 1978 348 2016 pluribus
363 1981 482 2020 quidem
499 1982 602 2013 avibus
619 1984 656 2013 ita
686 1992 752 2013 esse
774 1987 976 2020 asseveratur,
1000 1986 1033 2013 ut.
1074 1982 1112 2012 lia
1137 1982 1223 2013 etiam
1252 1982 1289 2012 de
1317 1981 1417 2012 lndico
1446 1989 1547 2011 verme
1585 1982 1739 2020 cornigero
1766 1990 1892 2012 narran-

215 2026 305 2068 possit
320 2025 406 2055 etiam
423 2029 452 2056 in
469 2027 635 2058 vulturibus
661 2027 857 2068 deprehendi.
881 2029 1033 2068 Negantur
1075 2032 1133 2066 tur,
1162 2028 1210 2067 qui
1228 2026 1354 2066 primum
1377 2027 1407 2056 in
1423 2034 1543 2056 erucam
1567 2028 1792 2062 transmutatus,
1808 2038 1820 2053 υ
1837 2030 1892 2056 etc.

216 2067 294 2098 enim
308 2069 441 2100 vultures
465 2071 619 2110 indulgere
635 2067 806 2109 concubitu,
836 2077 865 2104 et
885 2073 1031 2112 conjugali
1074 2072 1134 2103 Sed
1150 2072 1198 2103 hic
1214 2071 1297 2102 locus
1322 2071 1447 2101 miriﬁce
1478 2074 1506 2100 et
1520 2070 1550 2100 in
1567 2070 1721 2101 Eustathio
1734 2075 1892 2111 corruptus

212 2113 339 2151 quodam
366 2124 420 2145 usu
448 2115 648 2156 nuptialisque
673 2117 788 2157 copula).
802 2122 882 2148 sorte
899 2117 1030 2153 misceri,
1074 2120 1232 2153 invenitur,
1247 2121 1275 2147 et
1298 2117 1326 2147 in
1342 2116 1501 2147 Ambrosio
1515 2116 1571 2156 (ὁ).
1594 2115 1678 2146 Illius
1692 2115 1783 2146 verba
1796 2120 1866 2146 sunt
1882 2125 1889 2144 :

211 2161 298 2197 atque
314 2158 354 2189 ita
368 2160 432 2190 sine
445 2161 505 2192 ullo
516 2162 714 2192 masculorum
729 2163 887 2202 concipere
903 2162 1028 2200 semine,
1077 2174 1088 2191 ιι
1103 2161 1180 2198 Quid
1192 2161 1302 2201 dicitis,
1316 2161 1366 2201 qui
1380 2161 1469 2190 Paulo
1480 2160 1612 2200 apostolo
1624 2160 1662 2190 de
1672 2160 1893 2192 resurrectione

214 2206 242 2232 et
256 2202 321 2233 sine
335 2205 547 2244 conjunctione
569 2211 874 2247 generare,natosque
890 2216 923 2237 ex
940 2207 987 2238 his
1002 2208 1031 2238 in
1074 2217 1132 2238 non
1150 2207 1354 2243 creditis,cum
1367 2205 1491 2236 videatis
1503 2209 1583 2235 certa
1596 2205 1633 2235 de
1644 2206 1742 2236 aereis
1753 2205 1891 2236 animan-

213 2248 334 2278 mullatn
347 2254 463 2281 aetatem
475 2251 659 2291 longaevitate
672 2252 883 2292 procederent
892 2253 1029 2291 usquead
1041 2282 1063 2292 η
1074 2253 1152 2283 tibus
1165 2252 1289 2289 ﬁguram
1298 2250 1447 2291 propriam
1455 2253 1731 2286 commutare,sicut
1741 2250 1892 2281 lndiacum

213 2297 331 2323 centum
346 2304 439 2325 annos
452 2297 516 2327 vitae
531 2306 635 2327 eorum
655 2298 749 2328 series
767 2296 956 2336 producatur,
976 2305 1031 2327 nec
1043 2294 1270 2336 I’vermem,qui
1286 2300 1331 2326 est
1346 2294 1593 2334 eorniger,primo
1605 2294 1634 2324 in
1649 2303 1764 2324 verum
1775 2303 1807 2324 se
1823 2303 1893 2333 spe-

212 2336 298 2382 facile
310 2348 360 2368 eos
373 2341 489 2380 angusti
505 2342 558 2372 awi
571 2341 639 2372 finis
655 2340 870 2382 excipiat.Quid
885 2341 968 2372 aiunt
980 2341 1030 2381 qui
1072 2342 1148 2372 ciem
1164 2340 1457 2378 transformantem,»
1476 2343 1532 2369 etc.
1545 2348 1553 2376 ;
1566 2339 1655 2378 hujus
1673 2347 1680 2370 :
1701 2351 1710 2366 ε
1728 2339 1834 2369 Fertur
1847 2339 1892 2373 hic

212 2381 308 2429 solent
326 2389 425 2414 nostra
441 2386 567 2416 irridere
581 2381 799 2426 mysteria,cum
815 2386 939 2417 audiunt
950 2385 1029 2424 quod
1071 2386 1210 2423 corniger
1220 2385 1327 2415 vermis
1339 2383 1482 2424 (Indicus)
1495 2383 1628 2414 converti
1640 2383 1769 2423 primum
1784 2386 1812 2413 in
1821 2393 1890 2423 spe-

214 2428 292 2464 virgo
305 2429 723 2469 generavit.etimpossibilem
736 2431 967 2470 innuptas,cujus
979 2440 1030 2470 pu-
1072 2431 1148 2461 ciem
1165 2430 1362 2469 caulis,alque
1373 2428 1403 2458 in
1421 2437 1485 2459 eam
1499 2428 1604 2458 mutari
1624 2433 1793 2459 naturama
1806 2430 1891 2460 Men-

211 2470 313 2501 dorem
328 2473 407 2503 nulla
415 2474 660 2505 viriconsuetudo
670 2475 1028 2515 temerasset,existimant
1075 2475 1143 2506 dum
1154 2475 1232 2515 quod
1242 2474 1271 2504 in
1282 2472 1893 2512 interpretationeEustathiilegitur,grave

213 2520 326 2553 partum
340 2520 354 2548 ?
364 2518 553 2558 impossibile
563 2522 680 2559 putatur
692 2521 721 2549 in
734 2520 786 2550 Dei
797 2519 982 2560 matre,quod
998 2519 1028 2549 in
1075 2520 1195 2560 quidem
1209 2523 1263 2549 est:
1275 2518 1326 2549 sed
1342 2517 1414 2548 illud
1424 2517 1500 2556 quod
1518 2517 1548 2548 in
1559 2517 1719 2548 Ambrosio
1731 2517 1890 2557 invenitur,

212 2560 380 2592 vulturibus
392 2563 532 2603 possibile
542 2573 600 2594 non
613 2569 728 2602 negatur
737 2568 750 2596 ?
759 2564 828 2595 Avis
840 2564 904 2595 sine
913 2574 1028 2596 mascu-
1075 2569 1156 2597 certe
1173 2564 1264 2594 multo
1275 2562 1392 2602 gravius
1406 2562 1697 2598 videbitur.Quilibet
1706 2562 1799 2598 enim,
1812 2561 1836 2592 si
1851 2561 1889 2592 sit

211 2605 238 2635 lo
256 2607 376 2645 parit.et
391 2607 490 2639 nullus
507 2609 616 2639 refellit
635 2619 640 2638 :
655 2614 683 2640 et
695 2609 762 2649 quia
774 2609 951 2649 desponsata
965 2611 1028 2642 viro
1075 2611 1103 2641 in
1122 2607 1389 2649 liujusmodirebus
1400 2607 1486 2646 paulo
1498 2606 1789 2641 exercitatiorJ’acile
1804 2610 1888 2646 pote-

210 2649 387 2691 Mariavirgo
396 2654 1028 2694 peperit,pudoriejusfaciunlquaestionem.
1072 2659 1109 2685 rit
1126 2653 1275 2684 Eustathio
1292 2652 1418 2691 mederi,
1431 2651 1591 2682 Ambrosio
1614 2651 1749 2682 fortassis
1763 2660 1822 2681 non
1836 2651 1891 2681 nisi

210 2694 315 2726 Nonne
328 2698 510 2728 advertimus
525 2699 604 2736 quod
621 2699 764 2730 Dominus
782 2709 814 2729 ex
841 2699 905 2739 ipsa
928 2704 1031 2730 natura
1072 2699 1258 2730 diffic-illiille.
1276 2697 1309 2727 Et
1322 2705 1391 2727 vero
1407 2696 1524 2727 caecutit
1538 2696 1589 2736 qui
1616 2705 1674 2726 non
1687 2695 1766 2726 videt
1782 2696 1891 2727 Eusta-

213 2739 341 2780 plurima
355 2743 490 2781 exempla
505 2747 576 2774 ante
594 2743 748 2783 praemisit,
766 2743 874 2782 quibus
887 2749 1031 2784 susceptae
1073 2744 1205 2774 thianum
1230 2745 1358 2772 erratum
1374 2740 1526 2772 Eustathic
1547 2740 1605 2781 ipsi
1621 2740 1814 2771 tribuendum
1831 2749 1891 2770 non

252 2820 293 2862 (α)
311 2821 382 2854 Bas.
399 2831 458 2855 rec.
476 2832 506 2865 p.
523 2822 573 2856 18.

1114 2823 1152 2865 (b)
1167 2821 1309 2854 Ambros.
1325 2822 1359 2852 in
1381 2820 1471 2863 Ilua,
1488 2820 1541 2853 lib.
1560 2828 1589 2854 ν.
1607 2830 1672 2862 cap.
1690 2820 1740 2852 ΞΒ.
