2004 3143
612 165 648 197 D.
671 164 752 196 JUL.
775 162 964 199 GARNERII
985 167 1196 202 PRIEFATIO.

83 229 211 266 esse,scd
222 229 418 270 librariis,qui
434 230 513 261 aliud
523 231 686 271 cogitantes
700 243 714 259 «
727 241 867 262 verucam
879 243 892 259 ιι
906 234 925 261 Α

83 284 130 315 pro
141 287 154 302 α
169 283 280 305 eruca»
292 275 564 314 scripsere.Fateor
575 276 715 316 equidem
725 276 786 316 pari
798 276 895 308 facili-

82 327 133 353 tate
143 331 158 353 e
169 331 203 353 re
216 321 424 361 expediturum
436 323 569 363 sese,qui
584 323 740 354 lectionem
755 323 896 354 editionis

81 366 213 398 Romanae
222 366 513 398 admiserit.Etenim
525 377 592 398 cum
602 367 632 398 in
647 368 701 398 hac
712 367 843 398 editione
856 369 898 399 le-

80 416 186 450 gatum:
199 411 232 441 in
242 411 373 450 speciem
385 421 494 452 eruca,
509 413 590 452 Bjam
603 412 678 444 nihil
690 413 746 443 erit
755 412 893 452 amplius,

81 456 149 496 quod
162 455 258 495 possit
268 455 430 496 quidquam
443 456 594 488 facessere
602 457 797 496 negotii,cum
811 457 896 488 lectio

80 501 171 531 isthec
184 504 214 531 et
228 499 274 530 rei
291 501 405 540 optime
422 501 590 536 conveniat.
604 506 633 533 et
649 501 722 532 illud
736 502 850 538 Basilii,
861 504 896 536 εἷς

79 546 189 583 κάμπην.
206 545 357 584 exprimat
371 550 520 577 accurate.
531 546 591 578 Sed
607 550 748 577 constans
765 547 814 577 ille
827 547 897 577 alia-

80 598 137 619 rum
153 589 321 619 editionum
339 593 369 620 et
382 591 516 621 omnium
530 591 668 622 Codicum
685 600 774 622 manu
790 601 896 622 exara-

81 639 165 664 torum
177 634 208 665 in
225 634 346 673 vulgata
357 634 485 666 lectione
503 636 612 667 tuenda
629 645 795 666 consensus
809 646 897 667 acce-

79 678 143 709 dere
157 687 204 709 me
222 679 296 710 huic
312 680 446 719 opinioni
460 690 520 710 non
537 681 618 711 sinit.
631 680 805 719 Quanquam
818 682 896 712 enim

81 724 128 753 hoc
143 733 305 754 commune
317 724 420 755 vitium
434 730 479 755 est
494 725 637 763 librariis,
651 734 753 756 vocem
764 735 819 766 pro
827 727 896 766 alia,

79 777 136 798 cum
151 777 238 799 voces
251 768 333 799 inter
345 779 376 800 se
390 769 504 800 similes
520 774 599 807 sunt,
617 779 768 810 apponere
783 781 789 802 :
807 771 835 801 id
854 775 895 802 ta-

80 822 148 852 men,
161 813 185 843 si
201 813 261 843 sint
272 813 358 845 valde
369 810 532 845 dissimiles
548 824 646 851 voces,
660 815 758 846 facere
774 825 834 846 nou
845 825 895 846 so-

79 858 141 888 lent.
157 857 212 888 Vix
238 868 372 898 unquam
389 859 478 899 igitur
501 859 574 890 mihi
591 859 773 899 persuadere
790 865 896 899 potero

1696 177 1765 202 CXCI

936 233 1082 273 scriptura
1093 236 1260 268 habendam
1274 245 1352 277 esse,
1368 245 1437 267 cum
1454 235 1590 267 alterutri
1600 239 1702 276 aperte
1718 235 1765 266 fa-

938 284 1025 309 veant
1036 280 1178 312 lectiones
1187 281 1262 323 alite,
1279 294 1292 311 ι
1304 286 1370 321 post
1379 281 1476 319 pridie
1485 292 1498 310 ι
1514 285 1543 311 et
1558 292 1571 308 α
1585 280 1738 321 postridui.
1747 291 1759 309 »

938 323 1024 354 Nunc
1035 334 1107 365 ergo
1119 326 1293 361 videndum,
1306 330 1371 357 utra
1380 326 1526 366 scriptura
1543 325 1578 355 sit
1590 329 1618 355 et
1630 324 1727 354 verior
1734 328 1765 355 et

939 369 1270 402 convenientior.Certe
1278 371 1302 401 si
1315 380 1370 411 qua
1380 374 1529 401 exstarent
1540 369 1763 410 exempla,qui-

939 410 995 442 bus
1004 414 1098 445 evinci
1111 420 1210 454 posset
1222 410 1330 447 vocem,
1341 427 1352 444 (ι
1367 415 1522 455 postridie,
1541 427 1553 442 ιι
1569 414 1764 454 quemadmo-

939 456 1009 487 dum
1027 471 1039 485 α
1055 468 1152 496 mane,
1167 471 1180 487 »
1194 460 1353 501 aliquando
1364 460 1601 491 nominislocum
1613 458 1762 494 obtinere,

939 509 974 531 ea
990 502 1062 533 mihi
1078 503 1167 534 lectio
1179 507 1250 535 satis
1263 505 1515 544 probaretur,tum
1530 503 1607 543 quod
1621 502 1762 542 impressi

939 555 1044 577 omnes
1059 547 1126 579 libri
1143 553 1173 579 et
1188 549 1308 580 codices
1323 549 1435 589 aliquot
1451 558 1522 580 mss.
1541 547 1619 578 illam
1636 547 1759 578 totidem

939 591 1056 630 syllabis
1073 597 1221 631 tueantur,
1238 599 1297 624 tum
1320 594 1397 633 quod
1425 593 1573 632 scriptura
1586 592 1646 629 illa,
1667 604 1680 619 κ
1697 595 1762 631 post

940 635 1046 675 pridie,
1064 649 1075 663 ››
1090 637 1160 667 licet
1175 638 1248 669 falsa
1261 638 1475 678 mendosaque,
1488 638 1623 668 eamdem
1640 646 1698 667 non
1713 645 1762 675 pa-

940 688 1006 710 rum
1023 681 1191 713 conﬁrmet.
1203 682 1261 713 Sed
1275 692 1353 720 cum,
1365 683 1422 713 nisi
1433 682 1516 712 valde
1527 680 1763 720 fallor,exempla

940 725 1524 768 ejusmodifrustraquaererentur,placet
1537 727 1627 766 magis
1637 726 1761 765 scriptu-

939 778 971 799 ra
983 769 1072 806 alia,«
1084 772 1268 810 postriduum
1283 783 1288 803 :
1306 785 1316 800 ι
1331 782 1397 812 qua:
1409 777 1603 813 prieterquam
1615 770 1694 811 quod
1707 770 1765 801 ﬁde

939 818 1069 853 quatuor
1080 816 1215 847 codicum
1228 817 1411 857 nititur,ipsa
1422 826 1542 857 quoque
1553 815 1689 846 nonnihil
1703 824 1762 845 mo-

939 859 1030 888 menti
1046 863 1134 901 atque
1147 861 1263 891 roboris
1279 871 1314 892 ex
1324 862 1468 892 mendoso
1483 862 1545 900 illo,
1558 873 1568 888 ι
1586 859 1730 900 postridui
1743 872 1757 887 ιο

79 902 223 942 scripsisse
238 904 448 942 Ambrosium,
466 916 477 933 α
491 905 522 935 in
534 905 665 945 speciem
682 913 789 942 erucae,
806 917 817 935 ι
829 915 895 936 cum
909 916 928 941 β
939 903 1075 942 acquirit.
1093 905 1200 936 Latine
1215 911 1312 936 autem
1329 906 1389 937 dici
1408 919 1420 934 ι
1438 906 1634 946 postriduum,
1657 918 1666 932 ι
1683 908 1764 944 patet

79 947 100 977 si
113 947 152 978 ita
165 952 255 988 esset,
269 958 422 989 nunquam
436 948 569 980 librariis
578 950 710 981 venisset
721 950 752 980 in
768 954 897 981 mentem

80 1001 169 1022 vocem
188 1004 199 1020 ι
217 994 315 1024 caulis
333 1006 345 1021 ι)
364 994 563 1031 comminisci,
577 994 615 1025 ob
633 1004 768 1034 magnam
784 995 900 1026 scilicet

82 1036 174 1067 harum
190 1047 315 1079 vocum,
329 1050 341 1066 α
356 1047 454 1070 erucae
469 1052 481 1067 ιι
497 1043 526 1070 et
538 1051 550 1067 (ι
565 1039 669 1076 caulis,
683 1052 697 1068 »
712 1042 790 1070 inter
800 1049 831 1070 se
843 1040 889 1070 dis

84 1081 318 1114 similitudinem.
336 1082 377 1114 Ex
397 1093 456 1123 quo
485 1084 557 1114 satis
578 1082 756 1123 intelligitur
770 1084 899 1116 editores

85 1124 224 1158 Romanos
240 1127 482 1167 hujuslectionis
497 1132 634 1159 auctores
649 1137 715 1159 esse
731 1129 899 1160 etarchite-

82 1176 138 1201 ctos
151 1180 158 1209 ;
170 1171 220 1212 qui
235 1181 305 1203 cum
320 1174 456 1204 viderent
471 1173 618 1212 vulgatam
636 1173 896 1214 lectionem,ccau-

82 1215 123 1251 lis,
143 1229 153 1244 ι
172 1216 293 1248 tolerari
311 1227 370 1248 non
389 1227 485 1258 posse,
499 1218 737 1250 huncAmbrosii
751 1219 849 1249 locum
862 1229 898 1250 ex

82 1259 178 1291 Graecis
192 1261 294 1293 Basilii
321 1263 481 1293 emendare
507 1272 565 1293 non
591 1262 777 1295 dubitarunt.
793 1263 897 1304 Neque

82 1313 141 1335 vero
159 1315 212 1337 nos
237 1306 335 1346 magis
364 1307 483 1347 adjuvat
511 1307 685 1347 conjectura
711 1307 830 1348 Latinii,
846 1309 896 1348 qui

81 1349 225 1388 legendum
243 1352 425 1392 suspicatur,
439 1363 453 1382 ‹
467 1352 498 1383 in
510 1352 640 1392 speciem
653 1361 776 1392 campaa.
795 1365 804 1380 ι
821 1353 895 1384 Nam

82 1403 157 1426 voces
172 1396 226 1432 hae,
248 1408 259 1425 α
278 1397 373 1428 caulis
391 1410 404 1425 »
423 1402 453 1428 et
470 1410 480 1424 ι
502 1406 626 1437 campie,
645 1409 656 1426 ι
673 1399 765 1436 magis
778 1407 896 1438 quoque

82 1438 149 1469 inter
163 1449 196 1471 se
210 1441 372 1479 dissident,
390 1451 476 1482 quam
498 1447 529 1472 ut
553 1451 659 1472 omnes
680 1442 779 1472 omnis
802 1443 896 1474 aetatis

83 1484 264 1526 omniumque
279 1486 436 1525 regionum
454 1486 568 1518 librarii
585 1487 671 1526 quasi
688 1495 723 1517 ex
740 1492 895 1527 compacto

83 1537 127 1566 pro
143 1541 155 1556 α
171 1539 286 1570 campae
306 1543 317 1559 ι
342 1531 518 1571 scripserint
538 1543 548 1559 ι
567 1532 682 1569 caulis;
700 1545 712 1560 ι
739 1531 829 1572 idque
859 1542 894 1564 eo

83 1573 176 1614 magis,
192 1575 270 1614 quod
285 1584 343 1606 vox
368 1588 381 1604 ι
400 1576 491 1607 caulis
504 1589 517 1604 »
536 1576 751 1616 ineptissimam
769 1581 893 1608 senten-

83 1617 141 1648 tiam
151 1619 362 1652 efﬁceretJam
375 1630 441 1651 cum
453 1630 551 1661 neque
566 1630 667 1651 vocem
681 1632 695 1649 α
708 1630 803 1651 erucm
816 1634 829 1649 ι)
843 1631 894 1653 ne~

83 1670 134 1700 que
141 1672 236 1694 vocem
252 1676 265 1694 ε
275 1674 390 1704 campae
403 1678 414 1695 υ
428 1667 520 1706 recipi
535 1665 640 1696 merito
652 1674 739 1706 posse
752 1667 894 1697 ostende-

84 1706 175 1748 rimus,
192 1709 236 1740 vel
246 1709 332 1740 inviti
345 1710 491 1741 fateamur
500 1719 625 1741 necesse
638 1714 683 1741 est
694 1720 843 1741 summum
854 1712 892 1742 vi-

85 1759 140 1780 rum
149 1752 342 1785 Ambrosium
358 1754 469 1795 aliquid
482 1756 530 1785 hic
546 1755 668 1786 humani
684 1764 801 1794 passum
815 1764 892 1797 esse,

84 1798 107 1825 et
115 1796 175 1840 ideo
186 1807 391 1839 peccasse,aul
405 1801 482 1840 quod
491 1809 524 1830 re
532 1800 594 1840 ipsa
602 1800 631 1830 in
639 1799 738 1840 aliquo
752 1800 894 1832 mendoso

84 1839 173 1872 codice
184 1844 332 1883 repererit
348 1847 384 1872 εἰν
399 1839 533 1884 χράμϐην.
545 1839 563 1872 ru
575 1844 604 1874 in
617 1839 710 1874 caulis
719 1844 864 1885 speciem,
879 1859 891 1874 ι

83 1892 127 1928 pro
141 1887 173 1918 εἰς
194 1889 319 1925 κάμπην,
338 1900 351 1916 α
366 1889 395 1919 in
409 1898 505 1920 erucae
514 1889 663 1929 speciem;
681 1900 692 1917 ο
707 1893 756 1919 aut
767 1889 856 1929 quod,
869 1891 893 1920 si

83 1930 162 1960 codex
184 1932 293 1963 mendo
325 1933 456 1974 carebat,
473 1933 603 1964 nominis
619 1933 819 1964 similitudine
835 1935 890 1965 de-

83 1978 181 2015 mptus,
199 1986 250 2016 pro
279 1978 391 2016 κάμπην
407 1978 463 2008 sibi
482 1978 580 2014 legere
596 1978 675 2008 visus
701 1977 738 2008 sit
754 1979 891 2018 upipé’m.

116 2018 158 2050 29.
175 2021 298 2057 Quando
316 2027 412 2054 autem
423 2023 516 2053 semel
530 2022 719 2053 Ambrosium
737 2023 765 2053 in
788 2033 893 2055 manus

83 2065 258 2106 sumpsimus,
276 2077 337 2097 non
355 2073 411 2098 tam
428 2068 486 2099 cito
500 2067 536 2098 ab
564 2079 599 2099 eo
626 2068 788 2100 avellamur
839 2066 892 2096 sed

84 2116 265 2148 pmpouamus
278 2111 375 2142 locum
389 2113 547 2152 quemdam
561 2123 577 2145 e
590 2113 664 2145 libro
674 2111 815 2153 quintoin
830 2110 891 2141 Hea

83 2155 450 2194 xaem.,cap.95,difﬁcilem
458 2157 618 2188 admodum
628 2158 712 2190 .etita
720 2156 892 2191 obscurum,

84 2196 210 2238 utCEdipo
218 2200 320 2240 aliquo
327 2201 362 2232 ad
373 2209 503 2233 mentem
513 2203 665 2240 Ambrosii
675 2200 892 2240 assequendam

904 1602 924 1626 C

941 956 975 978 ex
988 948 1140 980 Plautinis
1157 950 1214 980 illis
1230 950 1259 980 in
1274 951 1388 982 Milite:
1408 962 1419 979 (ι
1434 950 1590 982 Postriduo
1602 954 1687 980 natus
1698 957 1763 979 sum

940 1001 994 1031 ego
1009 993 1221 1035 mulier,quam
1234 996 1349 1035 Jupiter
1358 1005 1392 1026 ex
1401 995 1464 1036 Ope
1476 1000 1560 1026 natus
1573 999 1627 1025 est.
1641 1006 1654 1022 ι)
1670 993 1763 1024 Nemo

942 1037 1022 1068 enim
1032 1038 1219 1079 ignorat,uisi
1229 1040 1267 1071 sit
1276 1050 1376 1071 rerum
1392 1040 1650 1081 grammaticarum
1661 1037 1761 1070 omni-

941 1091 978 1112 uo
995 1083 1089 1120 rudis,
1107 1084 1250 1116 vocabula
1275 1085 1337 1123 illa,
1358 1097 1369 1114 α
1387 1088 1504 1126 sponte,
1521 1085 1608 1121 forte,
1626 1087 1762 1124 repente,

941 1127 1106 1166 postriduo,
1125 1139 1140 1159 )
1165 1133 1194 1160 et
1213 1129 1271 1160 alia
1286 1131 1315 1160 id
1332 1139 1437 1171 genus,
1454 1139 1520 1170 quae
1538 1139 1591 1170 pro
1614 1128 1763 1160 adverbiis

940 1171 1017 1202 sumi
1030 1172 1136 1211 solent,
1151 1175 1270 1214 proprie
1284 1179 1381 1205 tamen
1397 1175 1536 1206 adverbia
1549 1183 1606 1206 non
1617 1183 1694 1213 esse,
1709 1172 1762 1203 sed

940 1216 1071 1256 nomina,
1088 1227 1215 1256 quorum
1225 1218 1287 1250 fere
1295 1224 1394 1249 sextus
1405 1229 1490 1250 casus
1499 1219 1580 1250 solus
1591 1221 1761 1258 usurpatur.

938 1259 1040 1301 Itaque
1055 1261 1215 1301 legendum
1245 1272 1311 1294 esse
1336 1264 1465 1295 arbitror
1480 1265 1510 1294 in
1536 1274 1571 1294 eo
1596 1272 1685 1303 quem
1702 1262 1764 1294 dixi

938 1306 1088 1338 Ambrosii
1103 1307 1180 1346 loco,
1200 1320 1213 1336 α
1233 1308 1429 1348 postriduum.
1449 1320 1460 1338 ι)
1480 1310 1541 1340 .lam
1558 1307 1639 1349 quod
1655 1307 1762 1338 attinet

938 1350 974 1380 ad
990 1350 1112 1382 alteram
1139 1354 1346 1392 quaestiinem,
1366 1354 1438 1392 quid
1461 1353 1580 1384 tandem
1598 1352 1656 1383 sibi
1670 1351 1762 1382 velint

938 1395 988 1425 illa
1001 1396 1164 1428 Ambrosii:
1180 1408 1191 1425 α
1207 1396 1295 1429 Certe
1307 1397 1385 1429 illius
1399 1398 1489 1429 tridui
1500 1403 1633 1429 nostrum
1642 1398 1698 1427 hoc
1711 1406 1761 1437 po-

937 1439 1085 1471 striduum
1097 1441 1275 1473 laboriosius
1290 1447 1346 1480 est,
1358 1455 1371 1471 »
1384 1443 1478 1474 fateor
1493 1443 1523 1473 id
1535 1442 1609 1473 mihi
1625 1441 1706 1473 dictu
1718 1440 1761 1471 vi-

936 1483 1000 1513 deri
1019 1485 1209 1522 perdifﬁcile.
1223 1485 1366 1526 Experiar
1378 1491 1487 1518 tamen.
1499 1487 1531 1518 lu
1544 1486 1648 1527 primis
1663 1490 1761 1516 autem

937 1529 1016 1559 scire
1022 1529 1107 1569 juvat
1116 1531 1168 1560 has
1178 1532 1211 1562 in
1223 1531 1371 1562 Hexaem.
1389 1533 1540 1563 orationes
1555 1531 1591 1562 ab
1601 1529 1760 1562 Ambrosio

936 1573 972 1603 ad
991 1575 1131 1613 populum
1150 1575 1263 1606 ultimis
1279 1585 1330 1607 sex
1343 1576 1583 1616 Quadragesimae
1595 1575 1700 1606 diebus
1711 1576 1760 1606 ha-

938 1617 1013 1648 bitas
1025 1628 1103 1656 esse,
1116 1620 1172 1651 hoc
1186 1623 1240 1657 est,
1256 1621 1322 1659 ipsa
1338 1622 1525 1652 hebdomade
1538 1621 1650 1660 majore
1660 1630 1676 1650 a
1687 1619 1760 1650 feria

937 1663 1070 1694 secunda
1083 1664 1119 1694 ad
1131 1664 1293 1695 Sabbatum
1304 1675 1409 1706 usque.
1423 1667 1483 1698 Nec
1495 1674 1674 1706 quemquam
1688 1668 1758 1703 puto

937 1716 971 1739 ea
993 1708 1030 1739 de
1057 1717 1090 1739 re
1106 1709 1321 1747 dubitaturum,
1339 1710 1389 1748 qui
1407 1711 1578 1750 praclarum
1596 1710 1677 1740 illam
1693 1718 1758 1749 quae

938 1753 1021 1793 operi
1030 1753 1226 1785 Ambrosiano
1236 1755 1396 1795 praeﬁgitur
1403 1755 1634 1786 admonitionem
1642 1753 1761 1794 legerit-

937 1798 967 1828 in
984 1808 1042 1838 qua
1061 1803 1092 1829 ut
1114 1799 1171 1830 alia
1187 1800 1347 1840 permulta,
1365 1800 1404 1830 ita
1420 1801 1477 1831 hoc
1496 1809 1614 1840 quoque
1631 1799 1717 1830 docte
1733 1808 1762 1834 et

935 1842 1017 1873 clare
1033 1848 1183 1875 tractatur.
1197 1843 1231 1874 Et
1241 1844 1352 1883 alioqui
1366 1845 1404 1875 de
1416 1845 1471 1875 hac
1480 1844 1624 1884 temporis
1637 1849 1704 1874 uota
1717 1852 1761 1874 sa-

937 1888 973 1918 tis
985 1889 1123 1918 convenit
1134 1889 1213 1919 inter
1225 1889 1467 1920 eruditos.Vrlini
1479 1890 1601 1930 insuper
1613 1888 1761 1919 memine—

938 1932 1032 1963 rimus
1044 1933 1152 1963 dixisse
1166 1933 1299 1964 Plautum
1315 1946 1326 1963 α
1340 1934 1504 1974 postriduo,
1521 1947 1531 1963 ll
1549 1943 1601 1974 pro
1616 1945 1629 1963 «
1643 1937 1761 1973 postero

938 1977 986 2007 die
1002 1986 1010 2014 ;
1027 1988 1040 2007 ι
1060 1977 1097 2008 ob
1113 1979 1202 2018 idque
1217 1978 1289 2009 nihil
1305 1979 1421 2016 obesse,
1440 1980 1512 2017 quin
1541 1979 1646 2010 eodem
1672 1987 1762 2008 sensu

936 2029 1012 2052 Voce
1032 2035 1043 2050 ιι
1060 2024 1244 2062 postriduum
1261 2036 1270 2052 ι
1286 2024 1406 2055 usuSsit
1420 2024 1609 2055 Ambrosius.
1625 2023 1701 2055 Hinc
1710 2031 1762 2052 au-

939 2070 998 2096 tem
1015 2068 1157 2107 colligere
1171 2068 1240 2099 licet
1267 2069 1329 2099 limo
1357 2068 1505 2100 Ambrosii
1523 2068 1624 2105 verba,
1640 2081 1652 2096 (ί
1682 2072 1762 2098 certe

937 2110 1022 2141 illius
1040 2112 1130 2143 tridui
1144 2117 1276 2143 nostrum
1304 2114 1358 2143 hoc
1384 2113 1570 2153 postriduum
1588 2111 1765 2142 laboriosius

938 2160 994 2192 est,
1009 2167 1024 2186 »
1049 2157 1153 2188 reduci
1171 2166 1257 2197 posse
1270 2157 1305 2187 ad
1323 2158 1400 2187 hanc
1412 2157 1547 2192 fortnam,
1561 2170 1572 2185 α
1588 2160 1668 2187 certe
1681 2156 1762 2186 illius

937 2200 1030 2231 tridui
1048 2206 1149 2232 noster
1164 2202 1213 2232 hic
1230 2206 1365 2241 posterus
1380 2202 1445 2232 dies
1475 2201 1652 2232 laboriosior
1674 2205 1731 2231 est.
1747 2212 1759 2227 υ

83 2249 148 2286 opus
166 2253 230 2274 esse
246 2244 391 2278 videatur.
407 2247 558 2278 Ambrosii
587 2248 681 2286 igitur
712 2247 776 2278 haec
802 2250 872 2276 sunt
885 2259 890 2278 :
903 2260 926 2286 ι)
940 2243 1004 2275 Hoc
1017 2246 1105 2285 igitur
1116 2246 1194 2277 dicet
1205 2247 1309 2277 doctor
1320 2247 1475 2286 egregius:
1491 2248 1554 2277 Jam
1570 2246 1761 2286 pervenimus

85 2285 278 2332 I_Certeillius
291 2290 381 2321 tridui
394 2295 528 2322 nostrum
543 2285 755 2332 hocipostridie
767 2291 893 2324 laborio-
904 2285 917 2286 γ
937 2290 973 2320 ad
989 2285 1556 2331 tresultimOSQuadragesimaedies,qui
1569 2285 1693 2331 reliquis
1701 2291 1760 2320 hu-

82 2329 135 2361 sius
150 2337 201 2364 est.
220 2345 236 2363 ι
252 2335 316 2365 Jam
333 2335 391 2366 duo
407 2336 498 2376 quaeri
515 2329 652 2376 possunt,
670 2338 819 2377 quomodo
834 2336 892 2376 legi
933 2334 985 2373 jus
997 2335 1191 2375 sacrijejunii
1202 2329 1312 2366 diebus
1324 2329 1703 2367 laboriosioresmultusunt
1714 2339 1760 2365 at-

82 2380 249 2415 oporteat,et
260 2379 327 2419 quis
336 2380 440 2410 horum
453 2380 609 2412 verborum
620 2391 727 2413 sensus
739 2383 786 2414 sit.
805 2382 894 2419 QUIE-

82 2419 131 2449 stio
146 2421 238 2460 prima
249 2425 359 2462 pendet
374 2425 497 2456 multum
511 2435 543 2456 ex
555 2427 741 2458 variantibus
755 2428 895 2459 lectioni—

83 2462 139 2510 bus,
151 2474 221 2505 quas
237 2468 361 2507 proinde
375 2470 487 2500 referre
499 2479 596 2510 operm
607 2471 737 2510 pretium
753 2472 895 2504 est.Difﬁ-

82 2508 164 2555 cultas
177 2511 232 2542 sita
245 2514 398 2544 esttotain
414 2524 483 2545 voce
503 2508 686 2554 «postridie,
702 2529 712 2544 ι)
731 2526 798 2555 quae
809 2517 895 2547 aliter

82 2553 173 2599 inaliis
184 2556 338 2588 codicibus
349 2553 584 2598 legitur.Vocem
601 2572 612 2588 α
627 2553 798 2599 postridie»
810 2561 895 2591 exhi-

83 2596 143 2644 bent
157 2608 260 2644 omnes
284 2601 351 2632 libri
366 2596 438 2633 editi
460 2613 528 2634 cum
545 2596 659 2644 aliquot
675 2605 841 2636 codicibus.
858 2605 894 2636 At

83 2638 375 2689 Carn.,Corb.,Th.ec
388 2648 577 2687 Rngiabent
590 2638 603 2676 τί
614 2653 679 2689 post
689 2650 816 2689 pridie.»
831 2651 891 2689 Big.

84 2688 108 2734 et
117 2687 196 2720 Gem.
215 2701 228 2717 α
244 2692 419 2730 postridui,»
433 2687 637 2734 Germ.,Colb.
652 2687 717 2724 cum
731 2693 810 2726 Vict.
822 2687 895 2725 duo-

84 2727 131 2779 bus
147 2742 161 2761 ‹
177 2727 379 2779 postriduum.
395 2727 408 2766 ᾧ
425 2738 466 2768 Ex
484 2727 593 2778 quibus
623 2739 699 2770 efﬁci
715 2739 846 2779 videtur,
869 2738 895 2769 si

85 2778 203 2808 veterum
220 2778 365 2811 librorum
383 2781 526 2814 habeatur
551 2782 639 2818 ratio.
653 2792 756 2814 vocum
775 2778 892 2820 harum,

87 2826 100 2846 ε
114 2822 250 2858 postridie
270 2836 282 2852 ι
299 2828 328 2854 et
345 2827 562 2868 cpostriduum,
577 2839 592 2855 ι
607 2827 730 2858 alterum
755 2837 808 2868 pro
826 2836 895 2858 vera

940 2389 999 2420 que
1009 2380 1310 2413 difﬁciliores.Tridui
1320 2382 1400 2412 illius
1410 2382 1487 2412 diem
1496 2382 1620 2422 primum
1629 2381 1762 2412 celebra-

940 2425 1046 2456 bamus
1055 2425 1328 2458 heri.Celebramus
1335 2427 1507 2457 hodiediem
1515 2427 1759 2464 secundam,cras

941 2470 1120 2501 celebraturi
1138 2471 1267 2510 tertiam,
1283 2472 1337 2502 hoc
1349 2478 1406 2509 est,
1419 2471 1498 2502 diem
1515 2472 1637 2503 Sabbati
1653 2471 1756 2502 sanctl.

942 2515 1051 2545 Totum
1065 2515 1136 2546 illud
1149 2516 1278 2547 triduum
1291 2516 1438 2547 laboriose
1451 2516 1570 2556 quidem
1586 2516 1757 2547 traducitur:

938 2559 990 2589 sed
1008 2563 1107 2591 tamen
1124 2560 1204 2591 illius
1216 2566 1351 2601 posteros
1365 2561 1428 2592 dies
1444 2561 1537 2592 labori
1555 2560 1659 2600 majori
1669 2560 1760 2590 obno-

938 2603 1004 2634 xius
1020 2609 1075 2634 est.
1094 2605 1131 2636 Et
1147 2614 1216 2636 vero
1233 2606 1351 2637 tametsi
1373 2611 1486 2636 constat
1504 2605 1664 2637 Sabbatum
1691 2613 1762 2635 san-

938 2652 1015 2678 ctum
1035 2649 1147 2689 ubique
1170 2654 1318 2680 terrarum
1342 2650 1419 2689 apud
1443 2649 1625 2681 Christianos
1640 2658 1706 2680 cum
1724 2648 1761 2680 ob

937 2697 1046 2724 caaleru
1055 2693 1147 2732 hujus
1157 2693 1217 2725 diei
1229 2694 1404 2731 ofﬁcia,tum
1418 2695 1545 2726 maxime
1555 2694 1591 2724 ob
1604 2694 1762 2734 baptisma-

939 2737 973 2768 tis
989 2738 1184 2768 czeremonias
1201 2737 1380 2769 laboriosum
1395 2739 1509 2770 fuisse:
1529 2739 1643 2769 videtur
1661 2744 1760 2770 tamen

937 2782 1038 2813 nescio
1049 2782 1202 2821 quomodo
1214 2783 1305 2814 fuisse
1317 2783 1496 2815 laboriosius
1512 2783 1683 2815 Mediolani.
1697 2784 1759 2814 Re-

937 2829 992 2859 fert
1008 2829 1087 2860 enim
1104 2828 1255 2868 Paulinus,
1275 2830 1354 2870 quod
1376 2839 1500 2870 magnus
1517 2829 1569 2861 ille
1583 2830 1760 2864 Ambrosius
