2004 3143
242 160 244 162 τ
290 148 302 162 υ

237 181 294 207 CCII

240 244 390 281 omisisse,
403 249 452 275 aut
462 243 582 275 brevius
593 243 778 284 explanasse:
791 243 869 284 quod
881 252 948 273 cum
959 242 1059 272 anim-
1072 242 1093 266 Α

241 289 431 320 adverterent
444 289 629 324 lilirarii,rati
640 288 715 325 fore,
726 291 759 319 ut
769 296 841 318 suus
854 287 939 319 labor
950 296 986 318 ex
997 287 1046 317 lon
1055 303 1065 309 -

242 334 376 373 gitudine
393 334 538 364 orationis
553 333 764 369 aastimaretur;
794 342 844 363 aut
858 333 937 373 quod
951 332 1064 368 deerat,

243 377 398 418 supplere,
413 382 463 408 aut
482 378 560 416 quod
578 377 697 408 brevius
710 377 888 418 explicatum
905 377 1012 413 fuerat,
1032 385 1066 406 ex

243 422 368 453 aliorum
378 422 576 462 interpretum
586 422 819 461 scriptisaugere
826 431 886 452 non
893 421 1067 452 dubitarunt

284 467 334 499 36.
353 467 454 497 Exstat
466 467 545 498 inter
556 467 657 497 Basilii
673 476 763 507 opera
775 467 923 497 enarratio
932 466 1065 506 quaedam

246 515 277 542 in
281 513 435 553 psalmum
442 512 626 543 tricesimum
632 514 897 552 scpiimumquam
905 511 935 541 in
943 510 1066 541 dubium

244 556 281 587 ab
291 556 417 587 eruditis
424 557 555 587 revocari
569 556 738 587 monuimus
747 565 830 587 num.
843 555 892 587 32.
905 555 1068 587 Tillemon-

244 601 301 632 tius
312 600 352 631 ita
361 602 400 631 de
410 610 444 631 ea
457 600 570 632 dubitat
581 605 612 631 ut
621 601 656 631 ad
669 610 733 631 eam
745 601 964 632 defendendam
976 599 1068 637 magis

248 646 433 686 propendere
446 646 591 677 videatur.
605 646 662 677 Sed
682 655 745 676 eam
759 647 889 686 spuriam
899 655 965 676 esse
980 648 1068 684 atque

245 690 442 721 adulterinam
454 691 621 722 constat.Et
637 696 719 723 certe
728 691 864 731 repetitio
875 699 977 721 vocum
989 698 1067 728 qua-

244 735 381 766 rumdam
395 735 543 775 quaeapud
555 736 693 768 Basilium
705 741 757 767 aut
766 735 913 767 inusitata)
923 738 1002 771 sunt,
1019 735 1069 764 ant

249 779 388 819 insolitae,
404 780 448 810 vel
474 780 536 810 sola
562 781 697 821 opusculi
725 781 816 821 hujus
831 781 987 811 falsitatem
1009 787 1066 808 non

246 825 374 855 obscure
390 824 510 857 indicat.
527 825 598 865 Ejus
611 826 730 865 generis
744 831 813 856 sunt
829 834 925 861 voces,
941 825 1066 865 ἔφασκεν,

247 869 321 908 γοῧν,
340 871 507 909 συναρπαιγή.
530 872 592 901 Imo
618 875 689 901 sunt
704 875 733 901 et
748 870 807 902 alia
831 869 970 900 vocabula
996 869 1035 898 ita
1051 878 1067 898 a

248 913 349 945 Basilii
361 914 448 951 genio
459 914 698 950 abhorrentiamt
709 920 849 955 praestare
859 914 954 945 ausim
969 913 994 944 si
1006 922 1065 944 non

249 958 361 995 omnia,
370 963 452 990 certe
468 968 570 989 eorum
582 960 680 999 aliqua
690 962 720 990 in
732 959 811 991 illius
826 959 909 990 libris
921 967 1065 999 nusquam
1079 967 1097 992 Β

250 1003 386 1043 reperiri.
405 1003 508 1039 Qualia
534 1010 613 1045 sunt,
637 1004 956 1045 συγκατιὼν,ἆντιϐολεῖ,
972 1005 985 1032 ὁ
1000 1005 1068 1043 ἱερὸς

251 1048 412 1087 ἀπόστολος,
436 1052 484 1082 τῆς
506 1052 597 1089 ψυχῆς
627 1051 810 1089 αἰσθητήριον,
839 1050 1066 1088 ἆναπεξιπάζεται,

250 1093 310 1123 Sed
325 1093 393 1132 quid
406 1093 511 1132 plura?
523 1093 591 1125 Haec
602 1094 640 1125 de
651 1104 708 1135 qua
718 1094 833 1134 agimus
845 1094 992 1125 enarratio
1007 1093 1068 1125 Eu-

250 1136 325 1168 sebii
341 1137 534 1169 Caesariensis
549 1138 625 1169 fetus
641 1143 698 1179 est,
716 1149 773 1170 non
790 1139 900 1170 Basilii
920 1141 995 1171 Nam
1011 1148 1068 1178 quo

249 1182 334 1222 plura
350 1183 540 1222 reperiuntur
554 1183 796 1215 inlucubratione
812 1193 846 1215 ea
859 1193 923 1224 quae
939 1184 1014 1214 male
1027 1184 1070 1213 in-

250 1231 295 1257 ter
311 1227 411 1258 Basilii
430 1238 519 1268 opera
548 1229 689 1260 Collocata
704 1235 757 1264 est,
777 1239 864 1269 quam
892 1230 920 1259 in
947 1228 1071 1267 vulgatis

250 1271 372 1303 Eusebii
391 1273 623 1310 commentariis,
640 1283 674 1304 ex
687 1283 722 1305 eo
739 1284 798 1305 non
828 1274 956 1305 efficitur
982 1277 1071 1303 totam

257 1325 320 1347 eam
333 1316 462 1348 Eusebio
476 1317 564 1348 tribui
577 1328 633 1350 non
646 1323 784 1359 oportere
797 1328 804 1349 :
818 1321 869 1350 sed
883 1318 1017 1359 sequitur
1030 1328 1073 1347 so-

255 1361 315 1392 lum
327 1362 425 1402 aliqua
437 1362 465 1392 in
477 1362 597 1393 Eusebii
612 1364 834 1395 commentariis
849 1364 956 1394 omissa
969 1363 1069 1393 fuisse.

255 1407 296 1438 ita
311 1411 408 1436 autem
436 1416 501 1438 esse
530 1408 631 1439 multis
647 1408 829 1447 argumentis
858 1408 976 1448 probari
1003 1417 1070 1437 cum

255 1451 358 1492 possit,
377 1452 434 1482 duo
446 1452 541 1483 solum
559 1453 753 1492 proferemus.
773 1454 903 1484 Primum
921 1458 975 1493 est,
992 1453 1070 1493 quod

254 1496 332 1527 hanc
347 1497 585 1528 lucubrationem
602 1508 668 1538 quae
679 1498 709 1529 in
721 1499 820 1530 Basilii
830 1499 1011 1529 editionibus
1025 1499 1071 1528 le-

254 1540 343 1581 gitur,
361 1540 397 1572 ab
409 1542 512 1572 eadem
531 1543 616 1582 plane
631 1553 718 1574 manu
731 1543 891 1584 profectam
904 1553 969 1574 esse
982 1547 1069 1573 totam

251 1585 376 1626 quilibet
389 1587 474 1626 paulo
487 1588 624 1627 sagacior
639 1588 724 1619 facile
739 1588 894 1629 intelligat,
909 1598 975 1619 cum
991 1588 1068 1618 idem

249 1630 434 1671 stylus,idem
445 1631 720 1673 ingenium,eadem
731 1634 917 1665 citandorum
927 1634 1072 1674 interpre-

254 1678 315 1705 tum
333 1676 407 1705 ratio
423 1675 451 1706 in
468 1680 528 1707 toto
543 1686 682 1708 sermone
699 1678 913 1718 perspiciatur:
933 1677 1070 1710 alterum,

252 1719 328 1759 quod
342 1719 453 1759 aliquot
467 1721 678 1753 versiculorum
688 1711 964 1762 interpretationem
974 1723 1003 1752 in
1013 1722 1073 1751 vul-
1082 1711 1102 1736 c

252 1764 327 1803 gatis
341 1764 461 1795 Eusebii
474 1764 557 1797 libris
567 1767 654 1798 desse
670 1771 795 1798 constet.
808 1766 880 1798 Puto
894 1767 984 1806 igitur
999 1776 1072 1798 cau-

253 1817 314 1839 sam
326 1810 490 1848 curpsalmi
499 1811 764 1852 tricesimiseptimi
773 1812 938 1852 explanatio
953 1812 1072 1842 brevior

252 1852 289 1883 sit
301 1853 380 1898 apud
398 1853 557 1886 Eusebium
568 1866 654 1896 quam
666 1857 743 1898 apud
756 1856 1000 1896 Basilium,aliam
1015 1866 1073 1886 non

252 1907 330 1937 esse,
343 1897 400 1929 nisi
411 1899 488 1939 quod
504 1900 615 1932 librarii
632 1897 689 1932 aut
697 1901 774 1932 nacti
786 1901 846 1931 sint
857 1901 991 1931 codicem
1006 1910 1071 1931 mu—

253 1943 348 1981 tilum,
365 1948 415 1974 aut
432 1947 620 1984 pepercerint
635 1946 739 1977 labori.

292 1987 484 2024 37.0uaedam
497 1990 601 2022 Basilii
614 1991 645 2021 in
655 1990 788 2022 Psalmos
800 1991 993 2025 orationes.in
1007 1991 1073 2031 qui-

253 2031 308 2076 bus
319 2031 482 2071 fragmenta
493 2034 611 2066 Eusebii
622 2035 656 2066 ad
669 2035 793 2067 verbum
805 2040 981 2076 transcripta
989 2045 1075 2075 repe-

252 2075 479 2115 riebamus,non
492 2089 537 2119 pax
547 2090 596 2110 um
608 2080 801 2119 nobis,utsuo
816 2081 881 2112 loco
895 2075 1074 2117 notavimus,

254 2122 418 2154 exhibuere
429 2123 592 2163 negotii.Et
602 2125 664 2155 haec
678 2134 795 2166 quoque
805 2126 835 2156 iu
846 2125 993 2166 lui/(mum
1005 2134 1078 2165 gua-

253 2167 459 2208 dragcsimum
469 2174 612 2208 quartum
624 2170 783 2210 enarratio,
798 2171 877 2208 quod
893 2170 962 2201 huic
976 2170 1073 2201 eidem

254 2212 444 2244 incommodo
454 2213 582 2245 obnoxia
592 2214 702 2255 sit,non
713 2215 812 2245 minus
823 2225 875 2246 nos
888 2216 963 2246 male
974 2215 1072 2254 habet,

255 2265 343 2297 quam
361 2257 486 2297 priores.
503 2257 602 2290 Verba
617 2258 738 2290 Eusebii
753 2260 941 2300 subjicimus,
960 2265 991 2291 ut
1007 2269 1075 2290 cum

255 2300 493 2341 Basilianis,quaa
506 2311 561 2333 suo
572 2304 677 2335 ordine
692 2305 867 2336 excudenda
876 2305 1076 2345 sunt,pessint

255 2345 397 2390 conferri.
414 2345 483 2378 Haec
497 2347 587 2387 igitur
602 2348 740 2389 leguntur
753 2350 832 2390 apud
844 2349 1003 2381 Eusebium
1016 2359 1075 2380 non

257 2389 346 2429 longe
375 2389 411 2422 ab
446 2391 553 2424 initio:
584 2395 657 2427 Τινὲς
680 2389 809 2431 ᾠήθησςιν
833 2396 870 2427 ὡς
882 2396 911 2423 ἐκ
936 2397 1079 2434 προσώπου

256 2440 302 2465 τοῦ
318 2436 418 2474 [ἰατρὸς
440 2435 622 2477 λέγεσθαιτὸν
650 2438 757 2477 ψαλμὸν
772 2439 831 2474 ἤτοι
857 2441 906 2474 τὴν
931 2441 1001 2478 ᾠδὴν
1025 2451 1084 2487 περὶ

288 2483 300 2487 _
324 2479 331 2487 .
383 2481 389 2487 .
438 2485 449 2487 _
487 2481 499 2487 ..
626 2484 630 2487 .
690 2484 706 2487 .,
731 2485 735 2487 _
819 2485 824 2487 _
917 2486 927 2487 η
973 2486 977 2487 ,
1043 2485 1055 2487 β

256 2483 302 2508 τοῦ
322 2479 350 2508 ἐν
379 2481 452 2521 ἀρχῇ
482 2481 558 2515 ὄντος
588 2484 652 2522 πρὸς
681 2484 759 2513 ἀύτὸν
787 2485 886 2525 Λόγου,
914 2486 943 2513 ὅν
971 2486 1000 2513 ἐκ
1026 2485 1073 2519 τῆς

260 2525 338 2554 οἱονεὶ
354 2525 461 2565 καρδίας
486 2527 503 2561 ἢ
532 2528 617 2556 αὐτῶν
638 2532 691 2557 τῶν
716 2529 892 2570 σπλάγχνων,
918 2531 993 2570 φησὶ,
1012 2542 1078 2570 προ-

257 2570 370 2609 ήγαγεν,
387 2571 431 2599 καὶ
449 2571 501 2600 ἀπὸ
519 2572 618 2611 ἀγαθῆς
634 2572 742 2612 καρδίας
765 2573 862 2612 ἀγαθὸς
878 2574 957 2614 λόγος
980 2575 1079 2614 προῆλ-

257 2616 311 2645 θεν.
330 2616 405 2653 Ἐμοὶ
419 2614 446 2644 δὲ
464 2615 540 2645 δοκεῖ
555 2628 637 2646 ταυτα
666 2617 709 2646 ἐπὶ
735 2619 764 2646 τὸ
789 2620 952 2659 προφητικὸν
978 2619 1078 2659 ἂναφὲ-

258 2661 348 2699 ρισθαι
376 2661 528 2699 πρόσωπον.
554 2662 591 2691 Τὰ
617 2663 667 2702 γὰρ
695 2663 790 2702 ἐφεξῆς
807 2667 853 2692 τοῦ
883 2663 963 2703 ῥητοῦ
992 2664 1077 2693 οὐκέτι

257 2704 357 2742 ὁμοίως
376 2705 523 2743 ἒςομαλίζει
549 2707 616 2744 ἡμῖν
632 2708 682 2742 τὴν
697 2709 756 2747 περὶ
774 2712 819 2737 τοῦ
848 2709 949 2748 Πατρός
977 2709 1077 2748 ἑςήγη-

256 2759 309 2779 σιν.
328 2749 393 2778 Οὔτε
408 2751 456 2790 γὰρ
472 2750 503 2779 ἂν
518 2753 639 2792 περὶτῆς
668 2753 762 2783 ἑαυτοῦ
789 2752 914 2792 γλώσσης
944 2755 958 2782 ὁ
985 2755 1076 2794 Πατὴρ

295 2827 322 2851 ⁸⁵
335 2830 420 2862 Joan.
434 2839 455 2870 ι,
471 2830 494 2865 Ι.
537 2830 565 2854 κ
577 2833 656 2865 Psal.
673 2829 751 2874 xuv,
768 2833 801 2874 2,
816 2832 849 2865 3.
891 2833 916 2856 ‘7
933 2833 1007 2867 ibid.
1025 2834 1054 2865 8.

948 171 1246 205 PROLEGOMENA.

1106 242 1195 278 εἶπεν,
1224 241 1264 270 ὅτι
1309 241 1339 271 Ἠ
1379 241 1489 281 γλῶσσά
1521 252 1574 278 μου
1603 241 1726 279 κάλαμος
1755 243 1933 281 γραμματέως

1109 287 1266 326 ὀξυ-γράφω,
1303 287 1412 326 Ὠρατος
1441 286 1534 314 κάλλει
1571 287 1642 325 παρὰ
1677 287 1738 318 τοὺς
1781 287 1851 320 υἱοὺς
1880 289 1932 317 τῶν

1109 331 1264 370 ἀνθρώπων,
1296 332 1332 360 Οὐ
1367 332 1416 371 γὰρ
1444 332 1474 359 ἐκ
1505 333 1555 364 τῆς
1589 331 1655 370 πρὸς
1686 331 1746 363 τοὺς
1780 332 1932 372 ἀνθρώπους

1109 377 1270 415 συγκρίσεως
1300 377 1349 410 τὴν
1375 376 1512 415 ὑπεροχὴν
1539 380 1585 405 τοῦ
1613 375 1728 408 κάλλους
1750 375 1849 416 ”Εχει,
1884 380 1931 407 Καὶ

1109 421 1213 459 προϊὼν
1229 420 1256 449 δέ
1266 431 1342 461 cla-nar
1362 421 1413 449 Λιὰ
1439 422 1515 449 τοῦτο
1531 420 1622 459 ἔχρισὲ
1651 431 1680 448 σε
1707 422 1721 448 ὁ
1739 421 1815 461 Θεὸς³
1833 423 1847 450 ὁ
1868 425 1931 455 Sed:

1109 476 1156 494 σου
1185 465 1273 494 ἔλαιον
1298 466 1497 505 ἀγαλλιάσεως,
1529 466 1565 494 Οὐ
1594 466 1643 504 γὰρ
1670 467 1758 493 εἶπεν·
1787 466 1880 506 ἔχριτά
1902 479 1930 496 σε

1111 511 1165 548 ἐγὼ
1181 512 1193 538 ὁ
1211 511 1288 547 Θεός,
1305 510 1376 548 ἀλλ’,
1403 509 1524 549 ’Ἒχρισὲ
1543 521 1571 537 σε
1590 519 1597 527 ·
1619 509 1688 538 ὥστε
1709 510 1741 538 ἐκ
1759 511 1850 540 τούτου
1867 524 1930 552 παρ-

1112 555 1230 583 ίςτκσθαι
1265 555 1354 595 ἕτερον
1392 555 1462 583 εἶναι
1491 555 1522 582 τὸ
1558 553 1745 592 διαλεγόμενον
1776 556 1928 595 πρόσωπον.

1112 603 1192 628 Ποῖον
1209 600 1252 628 οὖν
1268 602 1322 629 ἐστι
1338 604 1426 636 τοῦτο1
1479 600 1492 626 ὁ
1523 600 1663 639 προφήτης
1678 601 1691 627 ὁ
1723 601 1852 640 χωρήσας
1881 603 1929 635 τὴν

1109 649 1155 672 τοῦ
1183 645 1258 684 ἁγίου
1310 646 1461 682 Πνεύματος
1498 645 1535 677 εἷς
1564 644 1642 672 αὑτὸν
1683 645 1828 683 γενομένην
1858 646 1928 686 ἐιιέρ-

1110 693 1182 727 vam
1197 699 1206 727 ;
1219 691 1283 721 Hoc
1292 694 1354 720 est:
1372 702 1382 716 ει
1396 689 1521 725 Quidam
1534 688 1668 719 arbitrati
1680 693 1749 719 sunt
1759 699 1793 720 ex
1804 699 1927 730 persona

1109 734 1207 766 Patris
1214 735 1361 775 psalmum
1373 735 1435 765 sive
1446 734 1593 764 canticum
1605 734 1790 774 pronuntiari
1802 735 1840 766 de
1853 737 1927 767 Ver-

1110 779 1242 819 bo,quod
1255 780 1288 810 in
1295 780 1452 820 principio
1463 781 1530 809 erat
1542 778 1623 818 apud
1634 778 1729 809 Deam
1743 779 1784 815 45,
1795 781 1930 820 quodque

1110 824 1173 863 ipse
1185 833 1240 855 ceu
1251 833 1285 855 ex
1297 823 1466 861 corde,sive
1478 832 1514 854 ex
1528 822 1600 862 ipsis
1611 822 1774 854 visceribus
1783 825 1928 863 produxit:

1109 873 1136 898 et
1151 878 1185 899 ex
1199 869 1277 899 bono
1289 869 1381 899 corde
1389 868 1500 899 bonum
1510 867 1634 898 verbum
1643 867 1836 906 prodiitJHihi
1845 879 1930 907 porro

1109 914 1170 944 haec
1181 913 1218 944 ad
1230 913 1436 954 propheticam
1444 921 1602 952 perSonam
1615 912 1775 944 referenda
1782 913 1928 945 videntur:

1110 968 1175 999 quae
1192 959 1272 990 enim
1291 963 1356 999 post
1371 958 1482 989 dictum
1507 957 1678 997 hujusmodi
1695 957 1928 998 subsequuntur,

1111 1013 1169 1034 non
1183 1004 1220 1034 ita
1237 1004 1355 1044 planam
1375 1002 1518 1034 exhibent
1533 1001 1618 1032 nobis
1633 1001 1671 1033 de
1687 1003 1774 1033 Patre
1790 1004 1929 1035 narratio-

1112 1058 1190 1078 nem.
1207 1047 1310 1089 Neque
1337 1048 1416 1078 enim
1435 1047 1472 1078 de
1495 1047 1595 1086 lingua
1611 1055 1663 1076 sua
1690 1048 1776 1078 Pater
1802 1048 1927 1079 dixerit:

1112 1094 1214 1128 Lingua
1230 1101 1286 1121 mea
1302 1092 1423 1121 calamus
1437 1092 1530 1120 scribae
1556 1091 1681 1120 velociter
1695 1092 1845 1121 scribentis.
1869 1094 1927 1130 Spe-

1110 1137 1206 1167 ciosus
1220 1137 1317 1174 forma
1325 1144 1388 1176 prae
1399 1135 1473 1172 ﬁliis
1483 1135 1636 1166 hominum
1648 1134 1688 1164 46.
1702 1134 1856 1174 Siquidem
1869 1136 1926 1175 pul-

1112 1180 1290 1211 chritudinis
1307 1180 1506 1220 praestantiam
1518 1189 1554 1210 ex
1566 1180 1786 1219 comparatione
1800 1190 1864 1211 cum
1875 1181 1929 1211 ho-

1114 1225 1242 1256 minibus
1253 1234 1311 1256 non
1330 1229 1491 1256 mutuatur.
1515 1223 1546 1255 ln
1576 1224 1769 1263 sequentibus
1797 1235 1865 1256 vero
1880 1227 1930 1266 ait,

1115 1271 1279 1310 Propterea
1294 1271 1385 1301 unxit
1395 1274 1421 1301 te
1434 1269 1607 1306 Deus,l)eus
1617 1272 1685 1300 tuus
1695 1271 1758 1301 oleo
1769 1270 1883 1302 laetitia:
1892 1272 1931 1307 ιτς

1115 1324 1211 1355 neque
1220 1315 1298 1345 enim
1318 1315 1369 1354 ait,
1383 1314 1459 1346 Unxi
1474 1319 1502 1346 te
1519 1324 1573 1354 ego
1590 1315 1680 1355 Deus,
1692 1315 1757 1354 sed,
1777 1315 1869 1347 Unxit
1885 1322 1930 1347 le:

1116 1362 1155 1390 ita
1172 1365 1203 1390 ut
1217 1360 1287 1391 hinc
1303 1360 1446 1400 liquidum
1464 1361 1501 1390 sit
1523 1360 1776 1399 aliampersonam
1788 1369 1853 1391 esse
1868 1371 1933 1399 quae

1116 1405 1255 1445 loquitur.
1283 1406 1422 1441 Quaenam
1451 1405 1540 1444 igitur
1566 1405 1626 1442 illa,
1645 1404 1702 1434 nisi
1717 1406 1933 1445 propheta,qui

1115 1451 1249 1491 illapsam
1261 1449 1389 1490 Spiritus
1401 1450 1496 1481 sancti
1509 1449 1566 1480 vim
1578 1449 1608 1479 in
1620 1458 1651 1480 se
1663 1450 1792 1489 recepit?
1807 1462 1818 1478 η
1838 1449 1934 1481 Basilii

1114 1496 1147 1526 in
1163 1496 1244 1526 hunc
1251 1496 1403 1535 psalmum
1411 1494 1576 1525 orationem
1588 1495 1611 1524 si
1619 1494 1686 1534 quis
1695 1495 1792 1533 legere
1800 1495 1932 1533 voluerit,

1114 1540 1143 1570 in
1162 1549 1197 1570 ea
1210 1540 1267 1571 hoc
1283 1539 1405 1570 Eusebii
1435 1540 1634 1579 fragmentum
1663 1538 1781 1578 syllabis
1814 1540 1933 1570 totidem

1115 1584 1326 1625 rcperiet.Dixi
1339 1585 1517 1624 saepius,nec
1529 1583 1630 1614 dicere
1643 1583 1788 1621 desinam,
1804 1593 1851 1615 me
1859 1585 1932 1616 mihi

1116 1630 1294 1670 persuadere
1301 1640 1360 1661 non
1369 1639 1455 1669 posse
1461 1628 1612 1659 hominem
1621 1628 1933 1660 disertissimnmeum-

1116 1674 1247 1715 demque
1264 1674 1502 1715 copiosissimum
1520 1673 1661 1704 Basilium
1685 1674 1804 1713 graeculi
1829 1675 1932 1705 malam

1114 1724 1206 1750 artem
1223 1720 1369 1750 imitatum
1382 1718 1537 1755 esse.Quid
1551 1717 1630 1749 enim
1643 1718 1787 1750 attinebat
1796 1719 1933 1750 Basiliuin

1116 1764 1241 1794 induere
1257 1773 1289 1794 se
1305 1763 1411 1804 pennis
1437 1763 1556 1802 alienis,
1572 1763 1622 1803 qui
1647 1763 1708 1794 suis
1735 1764 1827 1801 magis
1851 1774 1935 1804 quam

1115 1809 1217 1840 ascilis
1233 1808 1455 1839 decorabatur?
1473 1808 1607 1839 Potuisse
1624 1807 1764 1839 Basilium
1780 1808 1816 1838 ab
1846 1811 1937 1840 Ense-

1118 1854 1164 1884 bio
1179 1853 1343 1885 sententias
1376 1853 1518 1893 quasdam
1552 1854 1692 1893 mutuari,
1710 1861 1785 1892 quas
1813 1853 1940 1893 politiori

1117 1898 1236 1930 dicendi
1255 1907 1369 1939 genere
1397 1907 1466 1928 suas
1482 1897 1613 1934 fecisset,
1628 1905 1687 1928 non
1703 1897 1789 1928 ierim
1806 1898 1937 1929 inﬁcias:

1117 1944 1167 1974 sed
1197 1953 1264 1975 eum
1293 1944 1329 1974 ab
1360 1944 1468 1975 eodem
1497 1943 1613 1982 longam
1645 1942 1802 1973 verborum
1833 1942 1936 1973 seriem

1116 1991 1329 2029 sumpsisse,ut
1341 1988 1460 2020 credam
1474 1988 1519 2018 vix
1537 1987 1666 2018 adducar
1680 1997 1687 2023 ;
1702 1987 1864 2027 praesertim
1874 1997 1938 2018 cum

1116 2035 1183 2065 sine
1202 2035 1293 2065 multo
1311 2033 1414 2065 labore
1440 2032 1622 2072 elegantiora
1639 2031 1773 2063 dixisset.
1794 2032 1939 2063 Librarios

1118 2079 1210 2118 igitur
1223 2088 1258 2109 ea
1272 2079 1301 2109 in
1316 2087 1349 2109 re
1362 2078 1440 2108 male
1452 2077 1601 2108 ofﬁciosos
1611 2077 1673 2108 haec
1685 2076 1842 2108 Basilianis
1851 2087 1939 2108 anne-

1119 2123 1219 2154 xuisse
1234 2123 1377 2154 arbitror.
1392 2123 1485 2162 Legas
1501 2121 1587 2152 velim
1602 2130 1768 2152 mumerum
1782 2122 1832 2162 35,
1846 2122 1938 2162 inquo

1120 2178 1183 2199 eam
1203 2168 1230 2198 in
1247 2167 1425 2198 sententiam
1444 2167 1536 2197 multa
1553 2175 1604 2206 pro
1621 2165 1698 2196 virili
1714 2166 1936 2206 disputavimus.

1157 2212 1361 2244 38.0rationis
1373 2212 1438 2251 eius
1452 2220 1510 2251 qua
1523 2211 1652 2251 psalmus
1665 2212 1848 2241 centesimus
1860 2211 1938 2242 deci-

1118 2267 1181 2288 mus
1199 2261 1319 2297 quartus
1335 2257 1365 2286 in
1381 2255 1538 2287 Basilianis
1554 2255 1736 2286 editionibus
1753 2255 1938 2295 explanatur,

1117 2302 1309 2341 reperiuntur
1321 2300 1441 2342 quidem
1461 2301 1625 2340 fragmenta
1647 2301 1676 2330 in
1693 2300 1875 2332 Corderiana
1891 2311 1940 2331 ca-

1121 2346 1255 2382 tena,sed
1269 2347 1392 2377 nomine
1402 2346 1662 2386 diversorum,non
1671 2345 1855 2377 Basilii.Alia
1863 2347 1938 2376 enim

1124 2392 1298 2423 tribuuntur
1316 2391 1452 2432 Didyme,
1471 2390 1530 2421 alia
1542 2390 1767 2431 Chrysostomo,
1786 2390 1940 2421 Theodoro

1125 2437 1193 2475 alia,
1206 2437 1263 2468 alia
1274 2436 1439 2476 Anonymo.
1455 2435 1513 2467 Sed
1530 2436 1613 2467 locus
1624 2435 1675 2466 ille
1690 2435 1742 2473 qui
1754 2435 1827 2465 eain
1841 2441 1942 2467 catena

1125 2483 1243 2514 cuidam
1255 2481 1340 2513 alteri
1353 2481 1565 2516 tribuitur,non
1574 2480 1603 2511 in
1615 2489 1674 2511 uno
1686 2479 1863 2520 Basilio,sed
1875 2485 1904 2510 et
1915 2481 1940 2511 in

1124 2527 1254 2559 Eusebio
1261 2535 1379 2567 quoque
1385 2524 1610 2566 reperiturUtri
1622 2530 1719 2555 autem
1727 2524 1942 2564 adjudicamlus

1121 2573 1170 2610 sit,
1185 2582 1220 2604 ex
1240 2571 1314 2611 stylo
1328 2570 1414 2601 facile
1430 2571 1568 2610 cognosci
1585 2573 1692 2610 potest.
1709 2570 1785 2601 Nam
1798 2568 1941 2608 fragmen-

1121 2622 1181 2648 tum
1195 2616 1267 2647 illud
1279 2615 1441 2647 dictionem
1454 2614 1653 2646 Ensebianam
1666 2623 1760 2654 usque
1773 2613 1847 2644 adeo
1856 2615 1940 2645 redo-

1120 2663 1172 2703 let,
1190 2666 1232 2699 ut,
1249 2661 1299 2701 qui
1317 2659 1494 2699 decipiatur,
1507 2664 1606 2700 putem
1621 2659 1683 2690 fore
1699 2658 1864 2689 neminem.
1879 2659 1939 2696 Qua

1119 2708 1156 2738 de
1169 2716 1201 2737 re
1214 2710 1246 2736 ut
1260 2714 1313 2746 per
1325 2713 1358 2735 se
1374 2704 1498 2745 quisque
1514 2707 1605 2744 possit
1614 2703 1763 2744 judicare,
1774 2703 1866 2735 verba
1877 2705 1938 2745 ipsa

1119 2751 1279 2784 ascribam.
1296 2748 1372 2789 Sunt
1386 2753 1485 2780 autem
1502 2749 1565 2780 haec
1582 2760 1589 2778 :
1608 2749 1636 2778 ’0
1652 2749 1753 2787 κόσμος
1770 2749 1846 2779 οὗτος
1863 2751 1937 2782 αὐτὸς
