2004 3143
281 171 370 199 οων

279 238 392 275 partem
405 233 562 264 maximam
579 239 693 270 eorum,
706 241 772 273 quae
784 232 1102 272 profert,eChrysosto-

278 291 326 311 mo
337 280 373 311 ad
382 279 501 310 verbum
512 283 658 319 sumptam
671 288 736 309 esse
743 288 830 309 nemo
838 288 896 308 non
905 278 1099 315 videat.Quod

278 326 303 357 si
319 324 468 365 quispiam
486 324 578 355 libros
588 324 669 354 adire
686 323 769 363 nolit,
783 323 908 354 libentes
918 324 1060 354 addemus
1073 330 1102 355 et

278 379 343 411 quae
355 369 391 400 ab
401 373 524 408 utroque
535 368 682 408 scriptore
692 368 832 399 dicuntur
841 369 870 398 in
884 369 986 398 ultima
997 365 1102 407 psalmi

278 415 377 452 verba,
389 423 447 454 quo
461 413 566 443 melius
583 413 620 442 de
635 413 750 453 reliqua
761 413 1039 453 pseudo-Theodori
1051 413 1100 443 in-

278 458 489 498 terpretatione
517 457 688 488 existitnare
712 457 815 497 possit.
834 457 901 488 Haec
919 462 986 487 sunt
1012 457 1102 495 igitur

276 502 482 543 Chrysostomi
498 502 586 532 verba
603 503 632 532 in
654 501 726 533 illud
746 512 752 533 :
770 501 925 542 Exsurge,
960 502 1098 540 Domine,

275 549 391 588 adjuva
407 547 510 578 nos“:
543 549 624 581 Στῆθι
647 546 907 585 ἀντιλαμϐανόμενος
936 548 1025 586 ἡμῶν⁷
1055 547 1100 574 καί

273 595 347 633 ῥῦσαι
363 595 434 630 ἡμᾶς
456 591 498 620 διὰ
514 593 543 620 τὸ
559 592 632 624 ἔλεός
645 603 703 623 σου.
727 592 803 631 "Op:
829 593 879 620 τιοῦ
893 593 938 620 τὸν
952 593 1031 631 A’v-{ov
1046 603 1098 620 κα-

273 638 421 667 τέκλεισαν.
461 638 533 665 Μετὰ
567 638 645 676 μυρία
675 639 759 666 ανῦτῶν
787 637 989 676 κατορθώματα,
1021 636 1099 664 πόθεν

273 683 373 716 ἀξιοῦσι
386 683 527 719 σώζεσθαις
546 681 617 710 Ἀπὶι
634 681 734 718 ἐλέους,
749 681 800 709 ἀπὸ
817 681 1012 721 φιλανθρωπίας
1070 681 1100 709 Τί

271 731 354 765 ἐστιν,
374 727 488 756 ’Ἕνεκεν
504 730 549 755 τοὺ
565 726 695 764 ὀνόματός
712 738 758 755 σου
774 736 782 766 ς
798 726 862 755 ’Ἵνα
875 727 913 763 μὴ
937 726 998 754 ενδ-,ὸ
1013 725 1098 763 βεϐη-

273 773 358 811 λωθῇ.
379 785 392 799 α
410 773 461 803 Sta
478 780 532 801 nos
547 771 722 808 defendens,
742 775 771 802 et
787 771 878 802 libera
897 780 951 801 nos
977 775 1097 810 propter

274 817 511 848 misericordiam
531 822 623 847 tuam.
638 816 713 846 Vide
727 821 875 855 quomodo
887 815 1100 846 concluserunt

273 863 449 893 orationem.
468 861 537 892 Post
552 860 782 891 innumerabilia
798 869 863 898 quae
878 860 914 890 ab
924 860 967 890 eis
977 865 1058 890 recte
1071 864 1098 889 et

273 916 308 938 ex
323 907 431 937 virtute
446 906 521 936 facta
531 905 661 942 fuerant,
678 905 827 935 undenam
841 905 965 934 salutem
977 905 1096 942 assequi

273 961 387 992 aequum
406 954 559 981 censent?
575 953 595 979 A
608 949 827 989 misericordia,
840 958 856 979 a
871 948 1053 988 benignitate
1069 954 1097 979 et

271 995 550 1031 clementia...Quid
562 995 746 1034 est,Prupter
758 1003 868 1025 nomen
880 994 976 1024 tuum?
989 994 1031 1024 Ne
1049 995 1095 1034 ip-

271 1050 335 1071 sum
354 1040 557 1081 profanetur.»
575 1038 624 1070 Sic
639 1043 738 1070 autem
754 1038 866 1069 editum
884 1038 1052 1068 invenimus
1065 1039 1094 1068 in

269 1085 508 1117 commentario:
539 1084 684 1117 Ἀνάστηθι
712 1082 973 1120 ἀντιλαμϐανόμενος
1002 1085 1092 1120 ἡμων,

269 1133 312 1159 καὶ
323 1132 398 1170 ῥῦσαι
413 1131 483 1168 ἡμᾶς
500 1129 542 1158 διὰ
557 1131 587 1156 τὸ
604 1128 678 1160 ἐλεός
693 1139 750 1159 σω,
776 1127 850 1167 "Ops
865 1132 914 1156 ποῦ
941 1129 986 1155 τὸν
1012 1127 1092 1167 λέγον

270 1175 451 1204 κατέκλεισεν.
469 1175 563 1214 Ἀφεὶς
580 1174 630 1213 γὰρ
645 1174 678 1201 τὰ
693 1173 896 1212 κειιτορθώιι.ιτπι²
930 1173 982 1200 ἀπὸ
1005 1172 1092 1202 ἐλέους

269 1222 312 1249 καὶ
327 1220 522 1260 φιλανθρωπίη
538 1218 608 1251 ἀξιοῖ
623 1218 765 1254 σώζεσθαι.
795 1218 824 1246 Τί
837 1216 863 1245 δέ
890 1217 971 1253 ἐστιν,
1005 1217 1091 1244 ’Ἕνε-

269 1277 313 1294 κεν
329 1269 375 1294 τοῦ
390 1265 519 1302 ὀνόματός
538 1275 584 1292 σοι)
604 1273 612 1301 ;
627 1263 691 1292 "iv:
703 1266 741 1300 μὴ
757 1263 831 1298 αὒτὸ,
846 1263 919 1301 φησὶ,
937 1260 1089 1299 βεϐηλωοῇ,

271 1323 284 1338 κ
302 1311 446 1349 Exsurge,
464 1312 621 1349 protegens
637 1317 702 1345 nos,
720 1311 749 1338 et
778 1306 872 1338 libera
887 1315 941 1336 nos
970 1313 1092 1346 propter

268 1353 504 1385 misericordiam
523 1358 614 1384 tuam.
642 1352 720 1384 Vide
744 1351 894 1390 quomodo
922 1359 1090 1381 sermonem

267 1399 416 1430 clauserit.
434 1397 559 1430 Omissis
585 1397 664 1429 enim
689 1396 773 1427 bonis
791 1395 944 1435 operibus,
971 1401 1092 1435 propter

268 1442 504 1474 misericordiam
526 1447 556 1473 et
584 1441 798 1481 benignitatem
822 1440 950 1480 postulat
973 1439 1090 1474 salvari,

267 1487 342 1524 Quid
358 1496 457 1528 porro,
478 1487 605 1526 Propter
613 1494 725 1517 nomen
735 1484 881 1516 tuumYNe
893 1484 1090 1525 illutl.inquit.

267 1533 495 1564 contaminetur.
516 1544 526 1560 ι
547 1533 703 1572 Potsquam
721 1530 890 1569 singillatim
906 1531 942 1560 de
972 1530 1092 1570 psalmis

265 1588 324 1608 non
336 1580 438 1616 paucis
457 1577 639 1617 disputatum
663 1580 719 1611 est,
737 1575 876 1605 universe
893 1583 970 1604 nunc
994 1574 1088 1605 dicam

267 1623 394 1663 psalmos
405 1621 665 1662 quadragesimum
677 1619 1088 1660 quartum,quadragesimum

267 1668 402 1707 quintum
410 1666 679 1707 ,quadragesimum
695 1668 809 1695 sextum
828 1663 1087 1704 quadragesimum

266 1713 439 1751 septimum,
453 1710 711 1751 quadragesimum
729 1713 864 1740 octavum
882 1713 910 1738 et
922 1708 1087 1748 quadrage-

266 1757 374 1788 simum
385 1765 496 1788 nonum
507 1755 679 1795 fragmentis
691 1754 760 1785 hinc
769 1753 851 1784 illinc
859 1753 1087 1792 eChrysostomo

266 1802 418 1841 excerptis
427 1801 574 1831 referciri.
586 1799 631 1830 Ad
647 1799 705 1829 alia
719 1797 955 1838 properabimus,
972 1797 996 1827 si
1007 1797 1089 1837 prius

267 1845 472 1876 monuerimus
498 1844 528 1874 in
556 1842 783 1879 commentario,
801 1847 879 1872 tomo
918 1842 1025 1882 pritno,
1057 1852 1085 1881 p.

265 1891 335 1927 836,
349 1890 407 1921 dici
424 1889 460 1921 ab
476 1888 590 1920 Helena
607 1887 796 1927 Eudociaque
812 1886 887 1917 etab
903 1886 969 1917 aliis
983 1895 1085 1925 regum

266 1935 384 1965 ﬁliabus
391 1934 527 1974 plurimis
535 1936 704 1963 constructa
710 1931 802 1962 fuisse
812 1931 1004 1972 Jerosolyinis
1015 1936 1088 1962 tem-

265 1980 312 2019 pla
320 1979 549 2018 magniﬁcatquo
563 1977 655 2017 magis
668 1977 759 2007 miror
776 1977 831 2006 hoc
848 1986 921 2016 opus
932 1976 1086 2006 Theodoro

264 2023 447 2055 Heracleotes
462 2022 571 2053 ascribi
590 2021 733 2062 potuisse.
751 2022 825 2052 Nam
857 2021 984 2052 libenter
1002 2030 1085 2062 quaa—

262 2078 374 2106 rerem,
392 2078 457 2108 quae
469 2067 556 2098 fuerit
582 2066 713 2098 Eudocia
726 2065 786 2096 illa.
805 2075 872 2104 quin
902 2067 1001 2097 multa;
1030 2066 1086 2096 illa:

261 2123 364 2154 regum
401 2113 479 2150 tilias,
498 2121 562 2153 quae
593 2112 703 2151 templa
732 2115 905 2150 sumptuosa
933 2111 1085 2142 Theodori

262 2163 347 2195 aetate
361 2157 558 2198 Jerosolymis
580 2156 763 2188 aedificarim.
791 2157 876 2193 Nam,
909 2159 941 2186 ut
967 2156 1083 2187 interim

261 2204 365 2235 sileam
382 2204 419 2234 de
435 2203 533 2233 multis
549 2202 608 2232 illis
635 2211 736 2241 regum
767 2200 894 2238 filiabus,
929 2211 986 2231 non
1015 2202 1084 2232 satis

259 2248 393 2287 intelligo
410 2257 468 2288 qua
480 2247 517 2277 de
533 2247 664 2278 Eudocia
676 2247 724 2276 hic
739 2255 838 2276 sermo
854 2245 1010 2277 habeatur.

301 2294 350 2324 48.
369 2294 411 2324 Ex
423 2293 459 2323 iis
470 2302 536 2331 quae
549 2292 707 2323 retulimus
718 2291 804 2323 facile
816 2291 991 2330 intelligitur
1001 2301 1081 2322 com-

261 2337 438 2368 mentarium
456 2337 505 2376 qui
525 2337 644 2367 nomine
660 2335 809 2367 Theodori
823 2335 1006 2367 Heracleotae
1018 2337 1079 2366 cir-

260 2382 434 2422 cumfertur,
448 2382 514 2421 ejus
528 2390 585 2410 non
602 2390 681 2420 esse,
698 2390 754 2411 nec
770 2381 797 2412 ei
810 2380 898 2412 tribui
915 2381 973 2412 ullo
991 2382 1078 2412 modo

258 2436 357 2467 posse.
370 2426 505 2457 Attamen
519 2435 556 2455 ne
566 2425 773 2456 Theodoretus
785 2425 951 2465 asymbolus
963 2435 1028 2456 esse
1040 2426 1079 2455 vl-

258 2471 374 2508 deatur,
391 2470 534 2501 nonnulla
549 2479 583 2500 ex
598 2479 633 2500 eo
649 2470 759 2500 addere
775 2470 855 2500 libet.
874 2469 1078 2500 Theodoretus

257 2516 346 2555 igitur
362 2514 410 2546 illa
427 2514 513 2554 primi
532 2513 638 2554 psalmi
651 2513 809 2553 verba,aEt
825 2514 927 2545 folium
944 2515 1007 2554 ejus
1019 2524 1076 2546 non

255 2561 366 2592 deiiuet
381 2559 419 2598 ⁷⁸,
438 2572 451 2587 ι)
471 2563 541 2594 etc.,
554 2559 769 2598 interpretatur
779 2559 837 2588 hoc
851 2559 950 2589 modo:
970 2561 1016 2589 Καὶ
1028 2561 1077 2599 «rip

253 2608 276 2635 οἱ
291 2607 339 2639 τῆς
358 2606 454 2645 ἀρετῆς
471 2604 582 2637 ἀθληταὶ
598 2608 650 2631 τῶν
681 2604 729 2641 μὲν
756 2605 843 2631 πόνων
864 2604 932 2632 κατὰ
947 2606 991 2632 τὸν
1008 2605 1075 2642 μέλ-

252 2651 332 2679 λοντκ
349 2651 403 2688 βίον
418 2649 574 2687 κομίσονται
588 2649 648 2680 τοὺς
665 2649 793 2688 καρποὺς,
813 2673 819 2679 ,
848 2649 891 2676 καὶ
914 2648 1011 2677 συλῶσι
1042 2653 1075 2688 τῇ

251 2696 413 2736 ψυχαγωγίᾳ
428 2696 476 2728 τὴν
499 2699 551 2723 τῶν
569 2696 657 2723 πόνων
669 2695 843 2734 βαρύττ,τά,..
863 2693 940 2724 Οὔδὲν
955 2696 1073 2724 svnt-nimo

250 2747 308 2772 τοῖς
330 2741 409 2772 (istan;
421 2741 514 2778 νόμοις
530 2738 574 2779 ὅγε
592 2743 709 2772 τοιοῦτος
725 2739 817 2779 δρᾶσαι
845 2739 1017 2778 βουλήσεται.
1033 2743 1072 2777 τῷ

287 2827 318 2852 '15
332 2824 410 2858 Psal.
428 2833 511 2864 nan,
528 2823 579 2856 26.
622 2823 655 2849 ⁷6
668 2824 750 2857 Psal.
767 2833 790 2866 ι,
806 2824 835 2856 3.
878 2824 908 2849 77
923 2823 1002 2856 Psal.
1018 2833 1061 2861 ιιι,
1078 2825 1108 2855 5.
1150 2823 1182 2848 ’18
1197 2823 1269 2855 ibid.
1287 2824 1317 2856 6.

984 162 1278 196 PROLEGOMENA.

1112 236 1131 259 A
1143 232 1203 268 θείῳ
1222 232 1297 269 νόμῳ
1311 232 1342 260 τὸ
1357 232 1457 260 οἰκεῖοι
1479 231 1583 269 θέλημα
1598 237 1795 270 συναρμόττωι.
1818 244 1831 260 <ι
1847 231 1954 264 Etenim

1131 275 1259 306 ‘virtutis
1270 276 1389 307 athletae
1403 275 1538 307 laborum
1550 276 1671 316 quidem
1697 277 1810 308 fructus
1825 277 1854 308 in
1867 278 1956 308 futura

1142 320 1199 351 vita
1217 321 1450 361 reportabunt...
1470 325 1499 351 et
1514 321 1603 352 animi
1620 321 1818 352 delectatione
1834 321 1957 352 laborum

1143 366 1308 397 molestiam
1317 366 1433 397 fallunt.
1441 389 1445 395 .
1454 366 1546 398 .Nihil
1553 366 1732 397 contrarium
1741 366 1959 406 divinislegibus

1144 411 1316 450 hujusmodi
1332 410 1420 441 homo
1434 411 1531 442 facere
1559 412 1645 452 volet,
1665 417 1696 442 ut
1712 413 1762 451 qui
1776 411 1883 442 divina;
1909 413 1958 450 legi

1145 464 1228 486 suam
1246 455 1338 495 ipsius
1351 455 1531 487 voluntatem
1544 455 1838 489 accommodetan
1846 456 1882 488 ba
1897 466 1957 488 vero

1145 499 1503 540 pseudo-Theodorith
1518 506 1594 533 sunt:
1618 503 1665 531 Καὶ
1687 503 1736 541 γὰρ
1758 503 1782 530 οἱ
1798 505 1847 535 τῆς
1871 503 1956 541 ἀρετῆς

1144 545 1254 578 ἀθληταὶ
1275 546 1336 578 τοὺς
1353 545 1401 583 μὲν
1416 550 1468 574 τῶν
1491 548 1578 575 πόνων
1600 549 1716 585 καρποὺς
1731 548 1800 575 κατὰ
1820 548 1851 574 τὸ
1867 547 1955 579 μέλλον

1141 591 1332 627 κομίζονται...
1359 592 1403 618 καὶ
1418 590 1559 619 κλέπτουσι
1580 592 1613 629 τῇ
1645 592 1807 631 ψυχαγωγίᾳ
1836 592 1884 625 τὴν
1911 595 1955 619 τῶν

1141 635 1229 663 πόνων
1244 635 1416 672 βαρὺτητα.,.
1437 635 1516 665 Οὐδὲν
1531 636 1580 675 γὰρ
1592 637 1707 664 ἐναντίον
1719 637 1862 668 τοῖςθείοις
1874 637 1954 674 νόμοις

1140 678 1317 720 διενεργήσει,
1334 683 1373 716 τῷ
1387 684 1434 708 τοῦ
1449 681 1530 718 νόμον
1554 680 1707 719 βουλήματι
1731 682 1917 719 συναρμόττων
1931 683 1954 709 τὸ

1141 724 1259 761 Θέλημα.
1285 736 1296 753 (ι
1331 725 1486 765 Siquidem
1514 726 1631 757 athletae
1661 726 1780 756 virtutis
1809 726 1841 756 in
1871 726 1954 756 futura

1141 769 1261 810 quidem
1288 769 1346 800 vita
1372 769 1506 800 laborum
1535 769 1648 801 fructus
1672 770 1846 802 referent...
1877 775 1954 810 atque

1139 814 1232 844 animi
1248 814 1401 845 alacritate
1414 815 1546 845 laborum
1563 815 1729 847 molestiam
1748 815 1854 846 fallunt
1872 839 1878 845 .
1909 816 1951 846 Ni-

1140 859 1181 889 hil
1207 859 1287 889 enim
1315 860 1422 890 divinis
1438 859 1551 899 legibus
1568 860 1749 890 contrarium
1767 860 1951 900 perpetrabit,

1110 918 1127 942 κ
1139 913 1206 935 cum
1224 904 1297 943 legis
1308 905 1430 935 decreto
1447 905 1626 935 Voluntatem
1639 905 1857 936 conformatus.»
1872 906 1951 936 Mutat

1140 949 1259 979 voculas
1275 949 1416 989 quasdam
1431 949 1734 989 pseudo-Theodorus
1746 959 1830 981 more
1841 952 1948 981 suozsetl

1138 995 1420 1033 nemo,opinor,nisi
1431 994 1531 1025 volens
1543 994 1671 1034 falletur,
1689 1004 1755 1025 cum
1769 995 1949 1035 perspicuum

1137 1038 1173 1068 sit
1185 1038 1247 1069 haec
1258 1047 1316 1068 non
1333 1038 1451 1070 aliunde
1463 1049 1549 1079 quam
1562 1049 1579 1069 e
1591 1038 1771 1070 Theodoreti
1782 1042 1951 1070 commenta-

1135 1083 1187 1113 riis
1201 1088 1317 1124 sutnpta
1334 1093 1412 1115 esse.
1425 1085 1529 1115 Sciens
1541 1088 1684 1124 praetereo
1698 1084 1798 1124 aliqua
1813 1093 1848 1115 ex
1860 1084 1949 1124 expla—

1136 1127 1254 1158 natione
1266 1129 1389 1159 secuntli
1404 1129 1518 1168 psalmi,
1528 1133 1557 1159 et
1570 1129 1712 1169 deinceps
1726 1129 1885 1169 praeteribo
1897 1139 1951 1169 qua

1134 1173 1294 1212 aquolibet
1322 1173 1351 1203 in
1382 1173 1628 1214 interpretatione
1640 1174 1764 1205 aliorum
1782 1174 1949 1213 psalmorum

1134 1217 1191 1257 legi
1205 1222 1441 1259 possunt;neque
1450 1218 1529 1249 enim
1543 1219 1615 1250 mihi
1629 1219 1815 1259 propositum
1825 1224 1872 1249 est
1885 1219 1951 1259 (quis

1134 1262 1213 1292 enim
1227 1263 1346 1302 possit?)
1363 1263 1463 1294 omnia
1478 1263 1634 1294 adnotare.
1660 1263 1782 1294 Interim
1802 1268 1910 1300 tamen,
1925 1268 1948 1293 ul

1133 1307 1206 1338 alios
1221 1307 1394 1338 difﬁcultate
1422 1309 1574 1348 quaerendi
1590 1309 1755 1342 eximanus.
1782 1308 1947 1339 nonnullae

1135 1352 1220 1382 tertio
1237 1353 1349 1392 psalmo
1365 1354 1560 1385 ascribemus.
1589 1353 1771 1384 Theodoreti
1786 1353 1879 1393 igitur
1896 1353 1946 1383 hac

1133 1401 1202 1427 sunt
1217 1398 1246 1427 iu
1263 1398 1324 1438 illa,
1345 1397 1421 1429 Voce
1435 1407 1499 1429 mea
1515 1399 1555 1429 ad
1581 1398 1742 1430 Dominum
1760 1399 1890 1430 clamavi
1907 1399 1946 1426 πε

1134 1444 1167 1471 Τὸ
1183 1441 1223 1482 δὲ,
1240 1443 1385 1478 Εἰς-’ἤκουσέ
1413 1454 1463 1476 μου
1482 1443 1507 1476 ἐξ
1535 1443 1610 1482 ὀρόυς
1626 1445 1699 1482 ἁγίου
1713 1445 1803 1483 αὐτοῦ,
1825 1445 1894 1472 κατᾶ
1907 1445 1946 1477 τήν

1133 1487 1215 1515 πάλαι
1238 1487 1409 1527 κατέχουσαν
1425 1488 1532 1527 εἴρηται
1548 1488 1634 1521 δόξαν,
1655 1490 1794 1525 Ενυμίζετο
1811 1490 1863 1528 γὰρ
1884 1489 1909 1516 ἐν
1922 1488 1947 1525 τῇ

1133 1535 1221 1570 σκηνῇ
1236 1534 1402 1561 κατοικεῖνὸ
1428 1536 1480 1560 τῶν
1506 1533 1575 1561 ὃλων
1599 1534 1674 1568 θεὸς,
1704 1532 1795 1567 ἐπειδὴ
1826 1535 1870 1562 καὶ
1897 1534 1947 1564 τοὺς

1099 1598 1119 1623 C
1134 1578 1274 1623 χρησμοὺς
1290 1578 1391 1623 ἐκεῖθεν
1415 1582 1475 1623 τοῦς
1502 1579 1613 1615 lapsis-nl
1628 1577 1720 1623 ἐξίδου,
1739 1577 1774 1608 Et.
1789 1578 1880 1617 paulo
1895 1582 1949 1618 post

1132 1621 1294 1661 explanans
1310 1621 1393 1662 illud,
1411 1622 1477 1662 Ego
1494 1623 1628 1653 dormivi
1642 1622 1680 1662 ⁷⁸,
1697 1627 1768 1662 etc.,
1787 1622 1832 1652 sic
1862 1623 1947 1661 loqui-

1132 1669 1198 1696 tur:
1217 1665 1325 1700 Ἐπειδὴ
1342 1669 1377 1697 ὡς
1400 1667 1426 1694 ἐν
1443 1670 1531 1696 σκότει
1546 1667 1645 1706 διάγειν
1666 1668 1818 1705 νομίζουσιν
1847 1669 1870 1696 οἳ
1897 1675 1947 1698 τοῖς

1130 1710 1197 1750 ἔίγαν
1214 1711 1333 1751 ἀνιαροῖς
1369 1712 1610 1750 περιπίπτοντες...
1629 1713 1753 1750 σημαίνει
1774 1714 1862 1743 τοίνυν
1889 1714 1946 1740 κατὰ

1130 1757 1224 1784 ταυτὸν
1245 1757 1292 1787 τὰς
1307 1756 1408 1794 θλίψεις
1429 1757 1472 1784 καὶ
1490 1757 1538 1790 τὴν
1554 1757 1654 1785 τούτων
1669 1756 1843 1796 ἀπαλλαγήν.
1864 1770 1875 1785 ι
1893 1757 1946 1788 Hoc

1131 1802 1245 1840 autem,
1274 1801 1445 1832 Ezaudz‘oit
1474 1810 1521 1831 me
1551 1801 1586 1832 de
1607 1805 1705 1832 monte
1719 1806 1825 1832 sancto
1847 1811 1900 1833 suo
1913 1801 1944 1838 7°,

1111 1870 1114 1871 ν
1130 1843 1238 1875 dictum
1256 1849 1300 1875 est
1314 1849 1434 1885 propter
1444 1845 1629 1885 opinionem,
1647 1855 1714 1886 qua;
1722 1846 1794 1876 olim
1811 1846 1944 1878 obtinuit.

1129 1888 1357 1920 Existimabatur
1372 1889 1451 1920 enim
1464 1890 1670 1921 universorum
1683 1890 1761 1921 Deus
1771 1892 1801 1922 in
1818 1891 1946 1923 taberna.

1128 1934 1194 1964 culo
1208 1934 1351 1974 habitare,
1368 1935 1508 1975 quoniam
1523 1939 1551 1966 et
1567 1935 1946 1968 oraculaillincsacerdoti-

1128 1978 1184 2009 bus
1201 1978 1384 2018 pandebat...
1403 1979 1476 2016 Quia
1491 1980 1570 2011 velut
1589 1980 1620 2010 in
1637 1980 1771 2011 tenebris
1790 1981 1893 2012 vivere
1917 1990 1944 2011 se

1128 2023 1297 2054 existimant
1314 2023 1368 2060 illi,
1383 2024 1433 2064 qui
1449 2024 1479 2055 in
1490 2034 1538 2055 res
1554 2025 1713 2056 admodum
1730 2026 1833 2057 tristes
1848 2026 1944 2058 incur-

1126 2067 1302 2100 runt...Una
1312 2069 1403 2108 igitur
1419 2068 1602 2101 demonstrat
1612 2069 1788 2101 afflictiones
1804 2075 1834 2102 et
1845 2071 1881 2102 ab
1892 2070 1944 2103 illis

1127 2112 1365 2144 liberationem.»
1372 2113 1469 2145 Verba
1477 2114 1760 2154 pseudo-Theodori
1770 2116 1832 2154 jam
1845 2115 1945 2146 exscri-

1127 2157 1243 2198 bamus,
1254 2167 1320 2198 quas
1333 2161 1401 2188 sunt
1416 2158 1564 2198 ejusmodi
1582 2161 1642 2190 z'rb
1654 2161 1710 2199 καὶ,
1727 2160 1881 2195 Ἐπιζκοιηέ
1902 2172 1944 2198 μου

1126 2202 1152 2235 ἐξ
1180 2201 1266 2242 ὅρους,
1284 2204 1351 2231 κατὰ
1370 2203 1419 2237 τὴν
1434 2203 1516 2232 πάλαι
1537 2204 1703 2244 κατέχουσαν
1727 2206 1834 2244 ε’ἒρηται
1862 2205 1942 2238 δόξαν,

1094 2261 1114 2286 D
1127 2246 1278 2284 Ἐνομίζετο
1294 2248 1344 2287 γὰρ
1359 2247 1386 2276 ἐν
1403 2252 1436 2286 τῇ
1459 2251 1546 2287 σκηνῇ
1561 2256 1709 2288 κατοικεῖν,
1737 2249 1831 2284 ἐπειδὴ
1847 2251 1943 2280 ἐκεῖθεν

1122 2293 1166 2320 καὶ
1179 2294 1202 2320 οἱ
1229 2293 1348 2332 χρησμοὶ
1363 2300 1421 2325 τοῖς
1437 2294 1548 2332 ἱερεῦσιν
1580 2292 1733 2326 ἐδίδοντο...
1758 2294 1806 2326 Ὠς
1838 2297 1888 2335 γὰρ
1920 2295 1942 2322 ἐν

1121 2337 1209 2373 σκότῳ
1223 2337 1266 2364 καὶ
1288 2337 1362 2374 ὕπνῳ
1392 2336 1491 2377 διάγειν
1520 2339 1668 2376 νομίζουσιν
1690 2340 1713 2367 οἱ
1729 2339 1855 2378 ἆγιαροΐς
1870 2351 1941 2379 περι-

1121 2382 1271 2419 πίπτοντες,
1295 2382 1362 2410 κατὰ
1376 2383 1471 2411 ταυτὸν
1491 2383 1534 2410 οὖν
1551 2384 1673 2420 σημαίνει
1689 2384 1731 2412 καὶ
1762 2384 1811 2416 τὰς
1828 2385 1937 2423 θλίψεις,

1120 2428 1163 2454 καὶ
1179 2426 1227 2459 τὴν
1241 2426 1341 2454 τούτων
1356 2426 1527 2466 ἀπαλλαγήν,
1550 2439 1559 2454 ι
1593 2426 1667 2458 Illud
1697 2432 1810 2466 autem,
1834 2430 1941 2460 Exau-

1120 2470 1198 2501 dimﬁt
1229 2479 1277 2501 me
1307 2470 1344 2501 de
1370 2475 1478 2510 mante,
1507 2470 1618 2502 dictum
1650 2476 1695 2503 est
1702 2473 1786 2512 juxta
1802 2479 1938 2512 veterem,

1120 2525 1185 2555 quae
1197 2521 1265 2546 tunc
1281 2514 1444 2552 obtinebat,
1464 2516 1648 2555 opinionem.
1675 2517 1838 2549 Putabatur
1867 2519 1939 2550 enim

1119 2560 1149 2590 in
1165 2559 1354 2591 tabernaculo
1371 2560 1519 2597 habitare,
1532 2562 1673 2602 quoniam
1686 2562 1726 2594 ibi
1737 2564 1942 2595 sacerdotibus

1118 2614 1238 2645 quoque
1252 2604 1374 2635 oracula
1401 2604 1583 2638 dabantur...
1614 2606 1697 2638 Sicut
1714 2608 1795 2638 enim
1813 2611 1842 2639 in
1861 2613 1941 2640 tene-

1117 2649 1179 2680 bris
1194 2654 1223 2680 et
1235 2659 1340 2680 somno
1349 2649 1459 2680 versari
1474 2659 1507 2680 se
1520 2651 1691 2683 existimant
1703 2653 1753 2692 qui
1767 2653 1799 2684 in
1814 2663 1864 2684 res
1876 2654 1940 2684 tris-

1117 2698 1160 2725 tes
1176 2694 1323 2731 incidunt,
1342 2694 1386 2725 sic
1402 2694 1490 2725 etiam
1507 2704 1524 2725 a
1549 2696 1640 2727 simili
1657 2697 1792 2737 explicat
1805 2698 1938 2729 afﬂictio-

1115 2748 1180 2779 nes,
1194 2745 1226 2770 et.
1240 2739 1345 2770 harum
1363 2739 1584 2772 liberationem.
1603 2753 1615 2770 ι
1631 2740 1689 2772 Sed
1701 2745 1730 2772 et
1745 2742 1829 2774 aliud
1846 2751 1938 2774 exem-

1361 2823 1392 2848 79
1402 2823 1479 2856 ibid.
1495 2825 1525 2858 5.
