2004 3143
245 156 325 183 CCXX

933 147 1138 181 PROLEGOM
1141 150 1229 182 ENA.

247 228 306 250 non
323 224 368 251 est
379 220 559 260 conjectare.
585 220 652 251 Haec
668 224 765 251 autem
790 223 878 251 sunt:
912 218 986 248 Ἀλλ’
1017 218 1239 250 ἀπὸλιθειιιτίι
1267 220 1299 251 in
1325 219 1553 260 commentario,
1584 223 1616 251 ut
1641 220 1804 251 satietatem
1827 229 1930 251 creare

247 266 304 296 ἰνὸς
321 265 511 304 ἁμαρτήματος
527 265 683 297 Summitti):
706 265 747 304 ἐφ’
763 264 812 293 ὅλα
827 265 859 293 τὰ
870 263 930 297 εἴδη
947 264 993 297 si:
1014 274 1065 291 v.1-

248 311 305 342 κίας
321 310 452 342 ἑξακοὺιιν
464 310 589 349 προσήκει
605 314 656 343 τῆς
669 309 778 348 ὕϐρεως.
798 311 826 338 Οἱ
841 310 902 348 γὰρ,
916 312 971 338 etc.
988 308 1066 338 Rur—

248 364 310 391 sus,
329 355 354 385 si
369 354 556 394 interpretari
573 354 655 391 velis,
667 355 703 385 ad
715 355 903 394 conjecturas
915 353 1067 391 confugias

250 408 371 430 necesse
387 404 440 430 est.
459 399 518 431 Nec
545 399 618 430 forte
636 399 712 430 male
731 398 927 439 augurabere,
945 398 969 429 si
987 397 1068 427 dicas

250 444 334 481 illud,
360 446 390 473 τὸ
405 446 562 484 ἁμάρτημα,
579 445 778 485 supplendum
791 453 857 474 esse
890 451 939 473 n'e
954 451 1066 481 vorem,

249 489 358 529 ὕϐρεως,
376 494 407 520 ut
423 489 519 521 verbis
536 490 581 521 his
597 490 646 521 hic
670 489 765 521 subsit
780 498 895 520 sensus:
917 501 928 515 α
942 487 999 519 Sed
1018 495 1069 525 par

249 538 295 565 est
309 535 495 566 contumeliae
504 540 655 575 peccatum
666 535 706 565 ita
715 533 951 573 interpretari,ut
963 532 998 562 al)
1011 541 1068 561 uno

252 583 373 618 peccato
386 579 421 610 ad
436 581 535 611 omnia
551 579 689 620 nequitiae
710 587 820 618 genera
832 578 1009 609 extendatur
1024 576 1066 606 si-

250 623 410 661 gniﬁcatio.
428 638 440 652 ι»
456 624 512 656 Sed
530 634 631 663 quaero
647 634 684 655 an
696 623 821 659 homini,
841 632 898 653 non
908 622 974 652 dico
991 623 1066 653 Grat-

250 677 297 707 co,
315 668 365 698 sed
380 669 516 708 barbaro,
535 670 575 700 ita
591 670 669 710 loqui
684 669 769 700 liceat
782 672 796 700 ?

293 713 460 745 57.Addam
477 714 581 750 etalia.
596 723 664 752 qum
674 712 1069 754 peregrinitatemitaapvrte

252 759 383 791 olent.ea
398 763 430 789 ut
441 769 541 798 nemo,
554 759 611 790 nisi
635 758 826 799 praejudicata
852 757 953 797 opinio
962 756 1068 791 obstet,

252 802 399 834 Basiliana
410 804 716 845 dixerit.thuoniam
725 803 762 833 de
771 802 876 834 ordine
886 802 914 832 in
924 800 1069 840 ejusmodi

1111 264 1214 302 possit.

1150 308 1199 340 58.
1214 308 1372 350 Postquam
1390 309 1426 340 de
1445 308 1543 340 verbis
1558 309 1654 350 deque
1670 318 1774 341 eorum
1791 313 1928 339 constru-

1109 353 1207 384 ctione
1218 353 1460 394 disceptaviuius,
1473 354 1620 394 reliquum
1632 359 1676 385 est
1685 358 1717 385 ut
1727 354 1764 385 de
1776 354 1930 385 sententiis

1111 397 1184 438 ipsis
1197 397 1311 439 aliquid
1328 399 1473 430 dicamus.
1490 399 1564 430 Sunt
1579 403 1676 429 autem
1695 399 1849 438 nonnulla,
1867 409 1931 439 quae

1109 442 1153 473 sic
1167 442 1293 473 fabulam
1306 443 1436 484 sapiunt,
1450 448 1480 474 ut
1496 453 1531 474 ea
1547 444 1624 475 Patri
1639 443 1816 484 gravissimo
1839 443 1929 474 tribui

1111 496 1168 518 non
1181 496 1268 528 posse
1284 488 1447 520 videantur.
1465 488 1583 528 insigne
1599 488 1737 529 est,quod
1751 493 1889 518 narratur
1899 488 1931 518 de

1111 531 1369 564 dwmonihusSed
1380 534 1574 573 interpretem
1585 534 1680 573 ipsum
1692 533 1797 564 audire
1805 537 1929 573 praestat.

1112 576 1281 613 illud(num.
1296 577 1360 618 25):
1374 578 1486 609 Plenus
1497 587 1562 609 sum
1574 578 1587 599 ³
1603 578 1837 618 ,explanantem.
1847 589 1858 605 ι
1870 578 1931 608 Βω-

1110 621 1338 662 monesquidem
1349 626 1449 662 utpote
1459 622 1656 662 voluptatibus
1665 622 1931 663 atfectibusqueim

1110 665 1276 705 dulgentes,
1289 676 1324 697 ex
1338 667 1466 698 victimis
1479 677 1537 698 non
1552 667 1624 698 nillil
1637 667 1761 707 capiunt
1772 667 1930 706 voluptatis

1110 720 1144 741 ac
1154 711 1360 742 emolumenti.
1373 712 1490 752 Quippe
1506 712 1575 742 dum
1593 712 1805 746 incenduntur.
1815 712 1929 752 sanguis

1114 763 1166 794 per
1180 754 1364 786 adustionem
1383 757 1566 787 convertitur
1577 757 1606 787 in
1621 766 1773 797 vaporem,
1791 757 1892 797 sicque
1902 757 1927 786 in

1113 799 1259 838 ejusmodi
1277 801 1403 831 minutas
1415 811 1459 840 pan
1471 805 1513 831 tcs
1525 801 1672 832 resolutus
1690 802 1719 831 in
1745 810 1849 832 eorum
1861 801 1928 831 sub-

252 847 343 878 rebus
369 857 428 879 nun
458 849 581 880 multum
607 848 802 879 laborandum
816 852 860 878 est
874 858 881 880 ι
897 852 926 877 ut
943 847 1071 885 quidque
1114 844 1249 874 stantiam
1263 845 1407 876 subit.nld
1425 846 1545 884 quidem
1557 846 1715 876 ridiculum
1728 851 1772 877 est
1785 855 1837 886 per
1848 855 1929 882 sese;

254 892 378 932 primam
394 894 423 923 in
438 899 570 925 mentem
583 893 708 932 venerit,
722 893 762 923 ita
780 893 905 932 primum
927 899 1072 931 propune—
1085 921 1102 932 Β
1114 888 1165 919 sed
1183 889 1273 928 longe
1285 889 1376 929 magis
1393 890 1519 921 ridicula
1530 895 1573 921 est
1585 891 1767 930 comparatio
1777 900 1883 931 ea,qua
1897 891 1927 920 a-I

868 921 938 976 rs'ov:
951 921 1071 972 στίμεεω-
1084 921 1103 946 Β
1114 932 1142 978 id
1161 921 1348 973 probandum
1358 935 1459 965 utitur.
1474 935 1545 976 Ejus
1557 935 1619 966 haec
1631 921 1721 966 verba
1729 940 1798 966 sunt
1812 921 1824 966 ς’
1837 921 1848 961 ί
1863 934 1929 967 0m—

254 983 325 1021 τέον,
343 983 466 1022 νοητέον,
482 983 647 1023 χωριστέονχ
660 987 688 1013 et
704 981 762 1012 alia
778 981 806 1012 id
818 990 911 1019 genus
927 979 1071 1019 permulta

1125 977 1184 1008 lino
1198 977 1276 1008 enim
1295 979 1346 1008 toli
1371 979 1527 1018 vaporibus
1543 980 1672 1016 aluntur,
1692 990 1749 1010 non
1781 980 1860 1019 quod
1885 988 1930 1010 eos

256 1027 364 1067 passim
379 1022 538 1058 occurrere
553 1027 582 1057 in
598 1027 653 1057 hoc
670 1026 897 1065 commentario,
911 1027 940 1055 in
967 1024 1071 1055 Basiiiu
1117 1022 1268 1059 mandant,
1283 1028 1332 1054 aut
1344 1024 1481 1064 injiciant
1492 1025 1521 1055 in
1538 1029 1683 1060 ventrem.
1700 1024 1753 1055 sed
1768 1025 1890 1064 perinde
1905 1029 1930 1054 ut

256 1081 324 1102 vero
341 1071 426 1111 longe
440 1071 546 1102 rarius.
563 1071 689 1102 Basilius
714 1071 755 1102 ita
773 1069 871 1110 jungit
896 1069 1070 1100 infinitivum
1115 1067 1289 1098 animalium
1306 1068 1368 1108 pili,
1387 1079 1512 1109 ungues,
1531 1074 1558 1099 et
1583 1079 1772 1109 quaecunque
1788 1076 1855 1100 sunt
1872 1069 1930 1108 ejus

257 1116 507 1156 praepositionimt
517 1125 552 1146 eo
567 1115 708 1156 loquendi
721 1124 831 1153 genere
848 1123 935 1155 parce
951 1119 1048 1144 ulatur
1065 1124 1071 1144 :
1117 1112 1246 1152 generis,
1264 1113 1300 1143 ad
1318 1123 1400 1143 suam
1419 1119 1508 1144 totam
1520 1113 1757 1144 constituendam
1771 1114 1930 1145 substanti—

256 1166 285 1192 at
299 1161 522 1193 auctorinostro
531 1161 585 1191 hac
595 1160 716 1192 dicendi
726 1159 851 1190 formula
863 1159 936 1190 nihil
953 1158 1075 1189 familia-
1117 1165 1163 1187 am
1175 1156 1348 1188 alimentum
1359 1158 1710 1199 excipiunt.Quapropter
1720 1158 1806 1189 avide
1813 1158 1929 1197 gaudent

255 1205 329 1237 rius.
346 1205 438 1245 Cujus
450 1206 567 1246 generis
592 1210 638 1236 est
654 1204 724 1235 illud
742 1213 749 1236 :
766 1205 841 1234 Ἐπεὶ
872 1206 915 1233 οὖν
950 1205 978 1232 οὗ
1007 1215 1073 1241 μετ-
1117 1201 1322 1242 nidoribus,ac
1331 1202 1444 1233 fumum
1453 1213 1488 1235 ex
1502 1204 1791 1243 thureprodeuntein
1801 1209 1929 1243 tanquam

257 1251 410 1286 εϐλήθησαν
432 1251 486 1279 ἀπὸ
508 1254 554 1279 τοῦ
569 1249 657 1278 ἄδικοι
675 1250 758 1286 εἶναι,
780 1250 823 1278 καὶ
839 1249 931 1277 exultet
946 1249 1019 1288 ἔχειν
1045 1249 1074 1276 τὰ

1125 1246 1217 1277 sibiad
1225 1246 1394 1278 alimoniam
1405 1249 1660 1279 accommodatum
1669 1247 1932 1279 exsorbent.Etfor-

258 1295 404 1325 ἒπιῦούλια.
422 1294 494 1326 Item
512 1294 583 1325 illud
602 1305 610 1324 :
631 1295 703 1334 Παρὰ
719 1295 760 1333 τὸ,
778 1295 820 1322 κιὶ
837 1294 865 1322 ὲκ
883 1295 1015 1330 στόματος
1030 1297 1075 1320 τοῦ

1125 1299 1194 1321 asse
1205 1290 1234 1320 in
1246 1291 1425 1323 animaiibus
1439 1293 1619 1333 inestaliqua
1630 1302 1695 1323 cum
1707 1292 1929 1324 daamonicorum

258 1343 324 1368 Θεοῦ
338 1339 459 1378 λέγεσθίιι
475 1339 692 1379 προεληλυθέναι.
711 1337 783 1369 Item
803 1338 873 1369 illud
891 1348 898 1368 ζ
926 1339 1006 1375 Ὑπὲρ
1031 1349 1076 1365 τοι)

1125 1344 1274 1374 :orporum
1301 1337 1534 1377 proprietatibus
1562 1337 1763 1370 necessitudo.
1782 1337 1871 1368 Porro
1887 1336 1930 1373 “,Ui

258 1387 337 1412 πᾶσιν
352 1386 437 1414 αὐτῶν
452 1384 485 1412 τὰ
499 1384 629 1423 πρόσωπαι
642 1384 712 1412 εἶναι
729 1386 879 1423 καταφινῆ.
897 1384 969 1413 item
983 1382 1053 1413 illud
1069 1392 1075 1410 :

1125 1379 1193 1410 votis
1214 1379 1381 1411 daemonum
1394 1382 1549 1421 explendis
1563 1382 1695 1422 student,
1711 1382 1760 1412 alii
1777 1382 1855 1412 aliud
1870 1381 1929 1412 oile-

259 1433 378 1458 Τοσαῦτι
394 1430 431 1460 εἱς
445 1429 476 1457 τὸ
491 1428 651 1468 σαφέστερον
667 1429 834 1462 νοηθῆναι..
851 1428 920 1456 κατᾶ
935 1429 964 1455 τὸ
982 1449 1004 1458 .,
1041 1428 1077 1458 εἷς

1125 1426 1342 1465 rnnt,tanquam
1355 1426 1399 1456 eis
1409 1427 1445 1457 ad
1456 1427 1626 1457 alimoniam
1641 1427 1901 1457 accommodatius.
1922 1441 1929 1451 ε

276 1474 283 1483 κ
330 1474 336 1483 ι
372 1473 377 1482 r
479 1474 485 1482 ς
586 1474 591 1483 .
693 1474 700 1484 ,
738 1473 744 1481 .
802 1473 807 1481 .
906 1472 910 1480 .

258 1484 301 1512 το,
326 1484 425 1512 ημερας
457 1485 506 1511 μεν
533 1478 648 1509 σκιαζειν
673 1484 766 1505 αυτους
781 1484 829 1506 -ιην
851 1472 964 1510 νεφελην
1006 1472 1076 1501 item

1125 1468 1276 1506 Grmca,ne
1290 1470 1406 1510 longior
1415 1480 1524 1512 essem,
1536 1481 1592 1501 non
1605 1471 1729 1511 apposui
1745 1471 1817 1509 ;sed
1833 1481 1850 1501 a
1865 1480 1931 1511 quo.

260 1517 333 1548 illud
351 1525 359 1548 ζ
377 1518 450 1546 Κατὰ
471 1518 501 1546 τὸ
517 1517 763 1558 ὲμπιριειληφέναι.
780 1516 852 1547 Item
878 1516 947 1546 illud
965 1527 971 1546 :
1003 1515 1079 1548 ’Ἒξω

1125 1513 1195 1544 libet
1209 1513 1266 1553 legi
1281 1519 1404 1554 possunt
1425 1525 1459 1546 eo
1483 1525 1570 1556 quem
1587 1516 1648 1546 dixi
1670 1516 1746 1547 loco.
1763 1516 1850 1556 Quid,
1863 1515 1930 1556 quod

259 1563 340 1600 ισμὲν
368 1566 415 1591 τοὺ
443 1563 623 1598 ταλανίζεσθιιι
652 1563 695 1590 ἐπὶ
740 1569 799 1593 τοῖς
828 1563 967 1593 τοιούτοις.
1009 1559 1079 1591 item

1125 1567 1226 1598 parum
1244 1559 1346 1590 habuit
1366 1561 1493 1601 scriptor
1515 1561 1654 1601 praeclara
1670 1561 1720 1592 illa
1737 1561 1828 1592 semel
1845 1561 1930 1592 effuti-

261 1607 332 1639 illud
351 1617 358 1638 :
376 1607 425 1635 Διὰ
445 1608 495 1647 γὰρ
510 1608 541 1636 τὸ
568 1609 711 1647 χαίροντας
740 1607 833 1638 αὐτοὺς
862 1607 904 1634 xz‘t
932 1606 1079 1645 ὑϐρίζον-υς

1125 1604 1199 1635 visse
1213 1606 1228 1634 ?
1243 1604 1328 1635 Dicas
1344 1614 1411 1635 eum
1424 1606 1480 1636 hoc
1497 1610 1666 1636 commento
1680 1615 1871 1645 summopere
1885 1606 1931 1635 cle-

259 1652 377 1692 τρέχειν.
395 1651 439 1682 Ad
451 1651 530 1684 idem
543 1661 649 1692 genus,
667 1661 734 1682 cum
751 1651 787 1682 de
804 1651 947 1681 inﬁnitive
963 1659 1080 1689 quoque

262 1701 375 1736 agatur,
394 1696 521 1735 pertinet
540 1696 670 1734 quodam
689 1696 776 1726 modo
793 1700 822 1726 et
834 1695 905 1726 illud
923 1705 930 1724 :
956 1695 1048 1723 Ο-ἶικέτι
1063 1695 1080 1726 ἠ

262 1745 307 1769 τοῦ
328 1740 528 1778 ἐγκαταλείπειν
544 1743 589 1770 τὸν
608 1742 700 1781 Κύριον
717 1742 831 1780 ἁμαρτίαι
850 1740 1078 1779 ἑνεργηθήπεταιμ

263 1784 331 1816 Haec
361 1784 461 1824 retuli,
491 1794 550 1815 non
567 1785 643 1825 quod
673 1790 771 1824 putem
785 1784 930 1824 ejusmodi
946 1783 1082 1822 exempla

264 1829 345 1859 nulla
368 1833 486 1860 exstare
499 1829 578 1869 apud
603 1829 732 1868 optimos
747 1839 882 1869 quosque
899 1829 1058 1868 scriptores
1074 1838 1080 1859 :

263 1872 314 1904 sed
328 1873 406 1913 quod
423 1875 527 1903 horum
541 1883 611 1904 usus
625 1873 808 1913 frequentior
821 1873 911 1904 multo
925 1874 962 1903 sit
974 1876 1002 1902 in
1017 1883 1082 1903 nos«

266 1921 310 1948 tro
326 1922 458 1953 auctore,
471 1927 558 1957 quam
575 1917 605 1948 in
625 1918 743 1949 Basilio.
762 1919 796 1949 Et
809 1919 885 1958 quod
912 1921 1003 1956 magis
1016 1927 1080 1947 mo-

264 1971 332 1993 vere
348 1962 449 2000 debet,
468 1971 525 1992 non
541 1971 634 2002 pauca
649 1967 717 1993 sunt
732 1962 771 1992 ita
788 1972 872 1995 nova.
891 1963 929 1992 ita
954 1962 1082 1998 insolita,

268 2011 299 2038 ut
311 2005 419 2037 similia
435 2006 505 2037 alibi
518 2007 650 2038 nancisci
663 2007 786 2038 difﬁcile
802 2007 850 2038 sit.
864 2007 966 2044 Qualia
983 2007 1083 2037 tortas-

268 2061 300 2083 se
315 2050 386 2081 illa:
404 2052 478 2091 Παρὰ
492 2052 534 2091 τὸ,
551 2053 594 2080 καὶ
608 2053 638 2080 ἐκ
664 2053 796 2090 στόματος
813 2056 858 2081 τοῦ
875 2057 937 2080 Θεοῦ
963 2052 1085 2091 λέγεσῦιι

266 2096 481 2136 προεληλυθέναι·
526 2096 575 2129 ἔξω
603 2097 684 2134 ἐσμὲν
725 2102 771 2127 τοῦ
797 2096 991 2133 τκλινίζετθκι·
1022 2099 1035 2124 ὁ

268 2142 425 2180 ἐπιστήμων
440 2141 508 2169 κατᾶ
522 2143 553 2170 τὸ
581 2141 816 2182 ἑμπεριειληφένςιι
831 2143 863 2170 τὰ
893 2142 1028 2181 ἀναγκαῖα
1052 2143 1087 2173 εἷς

269 2187 453 2227 μακλριότητα
468 2187 639 2226 θεωρήματα,
667 2188 736 2224 μετὰ
753 2188 811 2219 τοὺς
827 2186 878 2221 ἤδη
905 2187 1015 2216 Enixa):
1045 2187 1089 2214 καὶ

269 2232 371 2270 παγίως
384 2230 506 2271 συνέχειν
514 2231 539 2259 ἐν
553 2231 638 2268 ἑαυτῷ
664 2230 747 2267 Quod
759 2236 857 2262 autem
873 2231 968 2262 notavi
986 2231 1090 2261 ultimo

1123 1648 1260 1679 lectulum
1273 1654 1384 1689 esse,et
1395 1650 1583 1690 timuisse,ne
1594 1650 1616 1680 si
1627 1650 1721 1681 semel
1732 1655 1844 1681 tantum
1853 1650 1931 1680 dixis-

1123 1693 1311 1730 set,lectures
1318 1694 1502 1733 fugeret.Sed
1511 1704 1613 1726 rursus
1626 1695 1791 1726 audiendus
1801 1699 1854 1725 est.
1872 1695 1934 1734 Ejus

1125 1737 1214 1777 igitur
1226 1738 1288 1769 haec
1297 1742 1375 1772 sunt,
1387 1738 1437 1770 illa
1447 1739 1627 1780 (num236):
1635 1739 1766 1780 Ututale,
1776 1740 1932 1778 scalpit/ia,

1125 1784 1157 1814 in
1165 1784 1337 1814 Jerusalem
1351 1783 1364 1804 ⁴
1381 1789 1463 1824 ,etc.,
1478 1785 1714 1824 interpretantis:
1733 1796 1744 1811 α
1760 1785 1930 1822 Quoniam,»

1125 1827 1230 1867 inquit,
1249 1838 1263 1857 ‹
1294 1828 1380 1868 lignis
1400 1828 1438 1860 ab
1460 1830 1598 1860 humanis
1616 1829 1751 1860 manibus
1773 1830 1892 1859 formam
1905 1837 1933 1858 a:

1125 1872 1248 1911 ﬁguram
1261 1872 1474 1906 habentibus...
1484 1898 1489 1904 .
1499 1879 1547 1905 aut
1559 1874 1682 1914 reliquis
1692 1874 1792 1907 idolis.
1801 1883 1932 1914 quascun-

1126 1926 1183 1956 que
1197 1917 1254 1947 alia
1269 1922 1338 1948 sunt
1354 1927 1387 1949 ex
1401 1918 1528 1959 pretiosa
1540 1920 1583 1950 vel
1600 1919 1647 1949 vili
1665 1919 1787 1949 materia
1812 1919 1893 1957 facta,
1909 1923 1930 1947 ei

1125 1971 1190 2002 quae
1201 1971 1217 1992 ιι
1227 1963 1364 2000 gentibus
1375 1964 1545 2004 adorantur,
1563 1964 1689 1994 latenter
1700 1964 1835 1994 assident
1846 1962 1931 2002 prasi-

1126 2006 1179 2036 des
1187 2006 1306 2046 quidam
1318 2007 1519 2048 damones,ex
1533 2009 1658 2049 impuris
1665 2008 1757 2039 sacris
1767 2009 1931 2047 voluptatem

1127 2051 1287 2091 capientes.
1305 2052 1560 2088 Quemadmodum
1575 2054 1654 2084 enim
1674 2053 1704 2083 in
1719 2053 1792 2083 locis
1805 2052 1929 2083 macello-

1130 2105 1208 2133 rum,
1217 2096 1267 2127 ubi
1277 2106 1366 2128 cruor
1377 2103 1407 2129 et
1418 2098 1606 2138 sanguisjam
1615 2103 1773 2138 corruptus
1786 2097 1932 2131 invenitur,

1132 2150 1219 2171 canes
1233 2142 1370 2182 cupeJiis
1382 2142 1476 2174 dediti
1493 2147 1726 2174 commorantur:
1743 2143 1781 2173 ita
1795 2147 1823 2172 et
1838 2141 1935 2172 dzenio-

1132 2195 1184 2217 nes
1200 2186 1276 2225 gula;
1288 2187 1645 2228 servientes;voluptatem
1657 2196 1693 2218 ex
1706 2187 1847 2226 sanguine
1857 2196 1888 2216 ac
1901 2188 1937 2214 ni-

1133 2230 1205 2261 dore
1221 2231 1434 2262 sacriﬁciorum
1448 2232 1695 2273 captantes,cirra
1706 2241 1774 2262 aras
1785 2236 1938 2269 statuasque

272 2276 349 2313 loco,
367 2275 483 2310 οὐκέτιῆ
497 2276 543 2304 τοῦ
557 2276 759 2315 ἐγχιταλείπειν
786 2277 831 2304 τόν
854 2277 946 2316 Κύριοι,
976 2276 1079 2315 ἀμαρτῦ

1132 2274 1190 2305 sibi
1200 2280 1388 2306 consecratas
1405 2276 1581 2307 volutantur.
1596 2277 1685 2308 Forte
1696 2276 1776 2306 enim
1787 2275 1941 2306 nutriuntur

273 2321 491 2359 ἑνεργηθήσεται,
508 2319 612 2351 debeo
629 2320 724 2351 habeo
755 2321 900 2360 polliceri,
928 2321 1013 2351 talem
1047 2323 1090 2350 lu-

273 2363 385 2405 quendi
396 2364 518 2395 modum
534 2364 565 2395 in
578 2365 714 2404 genuinis
728 2365 829 2396 Basilii
853 2366 993 2405 operibus
1019 2375 1092 2396 nus-

274 2418 363 2449 qum
377 2408 595 2448 reperiri.Leve
605 2409 753 2440 videbitur
769 2410 847 2448 quod
860 2409 1093 2451 :uldam;adtlere

273 2451 544 2493 tamenlibet,quod
555 2453 591 2484 ad
599 2462 663 2485 rem
674 2453 1001 2494 faciat:nempe,vocem
1014 2466 1095 2483 7.1::-

273 2499 364 2532 νόησις
379 2505 447 2529 raro
464 2497 624 2530 admodum
641 2498 779 2530 adhiberi
795 2508 810 2529 ει
834 2499 954 2530 Basilio.
968 2509 1003 2529 ea
1026 2509 1094 2529 ιρι-ο

274 2551 344 2574 voce
359 2543 552 2583 interpretem
578 2544 722 2584 utiquam
752 2544 999 2583 frequentissimo.
1035 2543 1097 2575 line

273 2587 354 2619 idem
371 2587 432 2619 fere
447 2587 559 2619 dictum
574 2588 712 2619 volumus
726 2588 764 2619 de
779 2588 841 2627 illo,
860 2588 1018 2626 διορπττκός.
1036 2588 1097 2619 Nec

273 2633 359 2664 aliter
374 2633 564 2664 sentiendum
583 2632 619 2664 de
633 2641 705 2664 voce
718 2634 877 2673 ἡγεμονικός
894 2633 960 2663 Scio
977 2633 1097 2673 quidem

273 2678 350 2709 bene
364 2687 467 2709 vocem
481 2681 512 2708 ut
526 2677 673 2713 aBasilio.
686 2678 726 2709 ita
741 2687 758 2709 a
771 2677 960 2718 politioribus
971 2678 1098 2718 Scripto-

274 2723 357 2755 ribus
368 2723 497 2755 libenter
511 2722 662 2764 usurpari:
673 2723 724 2754 sed
738 2732 773 2754 ea
787 2731 843 2755 vox
858 2728 915 2754 tam
929 2723 1100 2763 frequentior

310 2809 505 2848 513mg“.
547 2807 634 2842 Hea.
650 2818 679 2846 ι,
698 2808 747 2840 10.

1133 2319 1222 2350 etiam
1239 2329 1342 2350 eorum
1362 2330 1498 2361 corpora,
1516 2331 1581 2362 quea
1597 2322 1680 2352 aeria
1704 2326 1774 2351 sunt
1789 2325 1838 2350 aut
1854 2319 1939 2358 ignita.

1133 2369 1183 2396 aut
1198 2373 1232 2395 ex
1259 2368 1386 2405 utroque
1403 2366 1551 2396 elemento
1567 2365 1770 2406 composita...
1800 2364 1873 2395 Hinc
1899 2362 1940 2403 qui

1135 2413 1297 2440 vescuntur
1312 2409 1496 2450 idolothytis,
1512 2410 1673 2451 participes
1689 2409 1831 2440 dicuntur
1848 2415 1942 2438 mensze

1136 2453 1438 2485 daemoniorumllum
1453 2454 1531 2485 enim
1539 2453 1943 2490 victimaoﬂ'erturidolo,pur-

1138 2498 1281 2539 tioaliqua
1291 2499 1378 2529 etiam
1389 2499 1531 2530 assidenti
1544 2499 1672 2530 daemoni
1686 2499 1942 2536 destinatur:quan-

1138 2543 1300 2583 doquidem
1316 2543 1493 2575 daemonium
1510 2548 1539 2575 et
1555 2553 1592 2575 ex
1605 2544 1749 2583 sanguine
1762 2542 1813 2583 qui
1829 2541 1911 2573 veluti
1922 2541 1942 2570 iu

1139 2597 1238 2619 aerem
1254 2597 1355 2619 versus
1371 2593 1425 2627 est,
1443 2593 1471 2620 et
1488 2599 1521 2620 ei
1538 2589 1627 2630 adipe
1643 2588 1861 2627 suﬂ'uInigante,
1879 2590 1904 2616 rt
1918 2594 1942 2613 rx

1139 2633 1264 2673 reliquis
1273 2633 1452 2664 holocaustis
1459 2634 1738 2674 partemquamdam
1746 2632 1928 2663 sibiassmnit.
1935 2642 1942 2654 ι

1141 2682 1198 2709 etc.
1214 2679 1305 2718 Leges
1321 2678 1408 2709 velim
1425 2679 1642 2719 Grmcainipso
1659 2679 1875 2709 commentario
1891 2676 1944 2707 Hzec

1142 2723 1264 2764 quidem
1291 2728 1443 2764 utcunque
1459 2723 1611 2755 toleranda
1630 2727 1734 2754 essent
1748 2723 1826 2764 apud
1859 2725 1945 2763 poetas
