2004 3143
606 169 610 171 λ
639 131 672 162 Ι).
696 131 776 162 JUL.
801 130 991 163 GARNEPJI
1015 130 1225 163 PREFATIO.

1705 140 1805 166 CCXXV

99 199 148 230 τῆς
178 196 366 232 διαλεκτικῆς
397 200 472 239 φύσις
507 199 625 238 μάλιστα
653 201 824 229 πεπίστευται
856 208 938 228 τιοτί

984 197 1137 227 centesimi
1156 197 1219 228 fuse
1236 201 1265 228 et
1280 198 1489 238 intempestive
1516 198 1574 230 sibi
1599 198 1806 240 explicandam

100 242 234 282 παρέχειν
273 242 415 280 δύνασθαι,
433 244 544 283 διαιρεῖν
567 244 676 284 ἀκριϐῶς
709 246 756 277 τὰς
789 257 841 273 των
867 256 937 284 πρα-

99 288 216 326 Ἰμάτων
234 288 347 328 φτῖσεις,
365 290 408 316 καὶ
424 290 456 317 τὰ
472 289 551 326 ὅμοια
579 290 723 328 γνωρίζειν,
741 292 784 318 καιὶ
813 291 845 317 τὰ
875 291 938 318 ἐαυ-

99 335 146 365 τῆς
175 331 348 370 διακρίνειν,
383 334 479 372 Διόπερ
514 334 638 366 συνειδὼς
677 335 761 371 ἑαυτῴ
791 336 839 368 τὴν
870 335 939 362 θείαν

100 376 276 410 διαλεκτικὴν
318 377 424 418 ἔχοντι⁷
459 378 548 417 ἔλεγεν
572 380 585 406 ὸ
617 378 694 407 Δαϐὶό
723 381 765 418 τὸ,
805 379 939 412 Ἠὼνθείη

103 433 140 450 τοι
155 423 172 455 ἡ
189 421 311 460 διπλογή
331 435 397 460 μω,
424 423 457 452 Ἦ
476 424 525 462 γὰρ
554 424 606 452 τῶν
635 424 773 463 ἐριστικῶς
798 426 839 452 καὶ
868 424 942 464 φιλο-

104 468 193 498 νείκως
236 467 463 504 ἐπεμϐαινόντων
505 476 562 497 τοῖς
600 470 736 507 πράγμασι
773 468 938 502 διαλεκτικὴ.

103 512 152 550 οὐχ
181 511 277 551 ἡδεῖα,
299 512 373 540 ἀλλὰ
389 514 636 552 πκρειπιχραίνουσά
656 515 694 545 tit;
723 515 804 542 ἔστιν.
829 525 839 540 u
860 513 941 544 Mulli

104 559 232 595 quaestus
246 565 347 586 causa
367 566 506 595 perverse
519 557 634 596 judicia
646 557 757 594 ferunt,
770 557 822 588 sed
841 562 871 589 et
886 567 937 588 an-

106 604 223 638 tequam
242 609 300 639 per
314 606 489 632 accuratum
503 611 626 633 examen
639 608 666 633 et
681 603 939 643 perquisitionem,

106 653 160 682 qua
174 644 213 675 de
228 654 264 674 re
280 649 393 683 agatur
409 646 587 684 intelligant,
603 651 718 678 temere
730 648 853 687 singulis
869 657 941 678 sen-

108 688 207 718 tentiis
216 698 386 720 assensum
405 690 546 729 praebent.
564 692 600 722 At
615 701 648 722 ea
661 692 824 723 dialecticae
839 697 943 723 natura

106 737 159 767 est,
173 737 205 763 ut
214 742 323 764 rerum
336 740 457 765 naturas
469 741 607 767 accurate
615 737 863 776 distinguendi.et
875 746 941 776 qua:

106 778 138 808 ad
155 787 186 808 se
204 779 388 818 pertineant
405 780 596 811 discernendi
613 781 784 812 facultatem
803 787 940 822 praestare

107 832 189 863 posse
204 828 349 864 putetur.
367 824 565 860 Quamobrem
585 826 670 856 David
700 837 765 857 cum
783 836 815 858 se
841 828 941 858 divina

106 868 262 899 dialectica
279 869 466 900 instructum
485 880 551 902 esse
577 876 781 911 cognosceret,
801 871 937 904 dicebat:
953 890 970 914 Β

107 913 280 943 Iucundum
292 915 335 944 sit
351 914 406 944 tibi
417 915 569 954 eloquium
586 925 694 952 meum,
711 916 773 946 sive
783 917 941 947 dialectica

110 967 180 987 mea.
193 956 269 988 Nam
287 959 449 990 dialectica
464 969 569 990 eorum
586 961 635 1001 qui
648 961 812 992 altercandi
824 971 857 991 ac
867 971 940 992 c0n~

111 1002 249 1033 tendondi
261 1004 370 1034 animo
384 1014 432 1035 res
444 1005 730 1044 aggrediunturmou
739 1006 941 1046 jucunda,.~ed

113 1046 206 1086 potius
219 1057 411 1088 exasperuns
423 1054 496 1080 est.»
507 1049 541 1080 Et
555 1050 616 1081 hare
627 1060 745 1090 quoque
759 1051 943 1090 pseudo~Ba-

113 1091 194 1122 silius
204 1092 235 1123 in
249 1102 343 1123 suum
357 1095 602 1126 commentarium
615 1095 776 1126 transferre
788 1105 846 1127 non
859 1095 943 1127 dubi-

113 1137 177 1166 tavit
191 1141 292 1175 (num.
316 1138 403 1178 173),
415 1149 481 1169 cum
501 1140 560 1180 illa,
584 1140 628 1171 γω
644 1141 696 1179 qui
711 1141 813 1172 dicitis
827 1143 942 1172 malum

115 1180 504 1223 bonumuettu,explicaret
519 1184 693 1225 Exemplum
702 1185 835 1215 ultimum
845 1189 940 1225 petam

113 1233 128 1255 e
142 1226 254 1265 psalmo
271 1231 442 1258 centesimo
457 1229 603 1265 secundo,
618 1230 703 1269 cujus
715 1229 830 1260 initium
847 1230 889 1260 sic
900 1230 943 1260 in-

115 1274 291 1310 terpretatur
308 1271 480 1305 Eusebius:
499 1279 562 1305 Tot;
594 1275 667 1306 ἐντὸς
698 1277 777 1304 αὑτοῦ
805 1276 940 1314 προστάσ-

115 1326 150 1343 δει
176 1316 300 1355 εὐλογεῖν
334 1319 366 1345 τὸ
407 1317 490 1356 ὄνομα
522 1320 625 1355 Κυρίου,
657 1320 774 1348 τουτέστι
807 1323 840 1358 τῇ
867 1321 941 1360 φύσει

114 1362 163 1387 τῶν
191 1361 290 1389 ἔσωθεν
318 1361 504 1402 ἐξερχομένων
532 1363 723 1403 διαλογισμῶν,
756 1365 793 1391 ὧν
833 1364 940 1393 διπλοῦν

117 1405 166 1433 Em
205 1407 236 1434 τὸ
279 1409 386 1447 τὰγμα.
418 1410 448 1437 Ol.
478 1409 526 1445 μὲν
556 1409 605 1448 γὰρ
641 1410 775 1449 μοχθηροί
807 1411 867 1447 εἰσι,
890 1412 940 1451 φό-

117 1462 166 1490 νοι,
200 1460 346 1492 pot-A5711,
373 1453 481 1482 κλοπαί¹
500 1455 524 1482 οἱ
545 1453 572 1482 δὲ
597 1455 700 1483 ἁττεῖοι
730 1456 772 1484 καὶ
801 1457 939 1496 σωτήριοι,

118 1495 305 1535 φιλανθρωπία,
341 1499 509 1538 σωφροσύνη,
540 1500 570 1527 τὸ
598 1501 763 1529 κοινωνικόν.
796 1498 827 1541 1all
854 1501 940 1529 τοίνον

983 241 1261 282 ριόροςιιὶεςοῖΗωε
1272 249 1352 274 certe
1368 243 1508 284 scriptori
1521 243 1633 275 ultimae
1644 244 1810 283 sortis,non

981 287 1091 317 oratori
1103 287 1207 327 primae
1224 292 1301 319 notae
1316 289 1347 319 in
1364 292 1495 320 mentem
1512 288 1613 319 venire
1629 292 1804 328 potuerunt.

1023 376 1056 407 (il
1066 376 1195 407 .Eusebii
1207 378 1440 409 commentarios
1452 382 1481 409 et
1493 377 1720 419 pseudo-Basilii
1738 387 1806 408 cum

982 420 1154 460 considero,
1172 432 1231 452 non
1248 432 1366 462 possum
1383 423 1454 463 quin
1471 423 1591 453 credam
1610 422 1689 453 hunc
1705 423 1741 453 ab
1759 423 1808 454 illo

984 466 1141 496 maximam
1154 466 1200 496 sui
1210 470 1310 506 operis
1321 473 1435 507 partem
1449 467 1485 498 ad
1495 467 1618 498 verbum
1631 468 1806 508 sumpsisse.

982 511 1074 541 Tanta
1087 515 1132 540 est
1143 512 1221 541 enim
1231 512 1260 542 in
1273 515 1399 552 utroque
1408 512 1623 543 commentario
1630 512 1808 543 convenien-

986 554 1023 586 tia
1039 556 1117 595 styli,
1132 560 1274 595 tantaque
1289 556 1464 595 similitudo,
1481 557 1510 587 id
1537 561 1567 587 ut
1589 556 1662 587 mihi
1685 557 1806 588 minime

984 598 1106 630 dubium
1122 609 1189 630 esse
1204 601 1349 633 videatur.
1359 602 1418 632 Sed
1433 611 1499 632 cum
1513 611 1580 642 pars
1593 601 1733 632 duntaxat
1743 601 1805 632 Eu-

983 644 1099 674 sebiani
1114 646 1321 676 commentarii
1348 646 1382 676 ad
1402 656 1455 677 nos
1469 646 1648 686 pervenerit,
1666 655 1754 686 quam
1771 656 1806 677 ex

984 689 1096 719 catenis
1124 689 1268 720 edendam
1300 691 1412 721 curavit
1441 690 1689 724 Montfauconius.
1707 691 1809 722 omnia

983 733 1217 773 pseudo—Basilii
1234 735 1310 766 furta
1325 735 1466 774 detegere
1484 736 1594 766 frustra
1609 744 1802 767 conaremur.

983 779 1121 808 Attamen
1138 784 1244 818 preter
1255 788 1289 810 ea
1301 789 1367 818 quae
1376 781 1437 819 jam
1450 779 1722 820 notavimus,etalia
1734 789 1803 820 quo-

982 831 1039 862 que
1056 832 1113 852 non
1132 833 1225 863 pauca
1241 825 1346 854 eodem
1363 834 1398 855 ex
1426 824 1506 855 fonte
1521 824 1558 855 ab
1571 825 1676 855 eodem
1702 825 1807 856 hausta

983 875 1049 897 esse
1066 867 1146 898 nullo
1170 869 1298 908 negotio,
1319 869 1374 899 nisi
1400 869 1485 900 valde
1515 868 1610 905 fallor,
1625 870 1805 908 pervincam.

984 911 1094 942 Monuit
1106 912 1135 943 in
1148 913 1225 944 notis
1237 913 1299 944 suis
1313 914 1392 945 idem
1404 914 1558 953 ille,quem
1572 914 1806 952 moxnominavi,

983 956 1153 988 Bernardus
1167 957 1415 996 Montfauconius,
1432 958 1644 999 Hieronymum
1662 959 1753 989 multa
1768 968 1805 990 ex

987 1001 1106 1032 Eusebii
1123 1005 1155 1033 in
1168 1002 1281 1034 Isaiam
1300 1003 1514 1035 commentario
1543 1004 1578 1034 ad
1606 1003 1729 1034 verbum
1745 1003 1807 1034 fere

985 1048 1178 1084 convertisse,
1196 1057 1289 1088 eaque
1304 1049 1333 1078 in
1349 1058 1436 1079 suum
1453 1048 1657 1079 transtulisse:
1676 1049 1754 1088 quod
1771 1057 1806 1080 ex

986 1090 1120 1122 locorum
1136 1093 1296 1124 collatione
1308 1094 1496 1134 perspicuum
1513 1096 1568 1123 est.
1582 1094 1659 1132 Ergo
1670 1094 1695 1124 si
1705 1098 1806 1124 osten-

986 1135 1059 1167 dero
1072 1137 1166 1168 multa
1180 1137 1238 1177 legi
1254 1139 1331 1178 apud
1349 1137 1575 1178 Hieronymum,
1587 1147 1652 1178 quae
1660 1142 1762 1178 aperte
1771 1147 1806 1169 ex

985 1179 1219 1220 pseudo-Basilii
1236 1182 1458 1213 commentariis
1470 1191 1608 1222 expressa
1620 1182 1760 1222 sint,jure
1772 1192 1807 1214 ac

985 1225 1090 1256 merito
1102 1231 1228 1267 uterque
1239 1233 1299 1257 tum
1311 1226 1510 1267 Hieronymus
1522 1231 1582 1257 tum
1597 1227 1804 1267 pseudo-Basi-

984 1268 1042 1300 lius
1054 1270 1115 1301 lnec
1130 1270 1167 1301 ab
1183 1271 1311 1302 Eusebio
1341 1271 1506 1312 sumpsisse
1536 1271 1728 1312 putabuntur.
1745 1271 1807 1303 Nec

984 1322 1162 1354 quemquam
1180 1315 1328 1347 dicturum
1341 1316 1640 1357 puto,Hieronymum
1658 1317 1806 1356 ejusmodi

983 1358 1046 1389 loca
1058 1369 1094 1391 ex
1109 1360 1166 1391 hoc
1182 1361 1245 1400 ipso
1262 1362 1312 1402 qui
1327 1361 1429 1392 Basilii
1447 1362 1569 1392 nomine
1598 1361 1805 1392 circumfertur

982 1405 1198 1436 commentario
1221 1406 1351 1437 mutuari
1366 1406 1508 1446 potuisse,
1524 1415 1592 1436 cum
1612 1405 1642 1436 id
1657 1415 1733 1446 opus
1748 1406 1806 1446 ipsi

982 1453 1085 1480 notum
1094 1459 1152 1480 non
1163 1450 1253 1481 fuisse
1260 1451 1304 1481 vid
1310 1450 1625 1491 eamus.Hieronymus
1633 1451 1713 1481 enim
1722 1451 1804 1482 Isaiae

982 1493 1160 1534 interpretes
1168 1495 1199 1525 in
1211 1504 1265 1526 suo
1278 1496 1399 1536 prologo
1412 1495 1656 1535 recensens,ejus
1666 1496 1717 1535 qui
1726 1496 1807 1526 Basi-

119 1540 197 1568 πάντα
210 1542 242 1569 τὰ
260 1542 340 1574 ἐντὸς
356 1543 524 1582 κατώρθωται
553 1545 589 1576 εἰς
611 1545 773 1582 ἑτοιμότητα
802 1549 847 1574 τοῦ
863 1545 939 1574 εὔλο-

984 1538 1013 1568 lii
1021 1548 1130 1570 nomen
1137 1540 1255 1580 praefert
1262 1541 1469 1571 commentarii
1478 1540 1589 1570 nullam
1595 1541 1717 1571 omnino
1725 1550 1807 1571 meno

120 1590 174 1622 γεϊν
188 1586 218 1613 τὸ
231 1585 317 1623 ὄνομα
333 1592 380 1616 τοῦ
404 1591 468 1615 an-i
493 1589 523 1616 τὸ
545 1589 631 1626 ἅγιον,
649 1591 726 1621 οὗτος
754 1589 843 1622 καλῶς
871 1601 940 1628 cup.-

120 1629 318 1668 παραλαμϐάνει
351 1633 400 1665 τὴν
428 1633 500 1661 ἔνδον
529 1632 654 1673 διάθεσιν,
685 1635 722 1666 εἷς
738 1635 787 1668 τὴν
816 1638 862 1663 τοῦ
877 1638 942 1663 Θεοῦ

121 1674 294 1719 ιῦχιριςτίαν.
336 1687 346 1703 ο
365 1675 482 1707 Nomini
500 1678 618 1709 Domini
645 1677 827 1709 benedicere
855 1678 941 1719 jubet

122 1716 257 1750 interiora
268 1729 340 1757 sua,
351 1721 381 1751 id
393 1725 438 1751 est
453 1722 649 1760 cogitationes
665 1732 743 1763 suas,
761 1732 828 1763 quae
840 1716 877 1754 ab
892 1724 941 1755 in-

123 1765 163 1792 tus
179 1765 356 1805 procedunl,
372 1774 495 1805 quarum
507 1767 615 1807 duplex
625 1774 669 1799 est
686 1768 852 1799 ordoAliae
863 1768 942 1799 enim

124 1815 211 1845 pravae
239 1814 323 1846 sunt,
340 1819 448 1851 nempe
469 1811 578 1848 caedes,
595 1811 809 1844 fornicationes
823 1817 852 1844 et
867 1813 944 1844 furta

124 1856 302 1898 spectantes;
321 1854 388 1885 aliae
408 1864 477 1886 vero
493 1856 617 1887 urbanae
631 1861 660 1888 et
675 1857 943 1898 salutares,uempe

125 1894 294 1944 humanitas,
316 1902 514 1940 temperantia
530 1905 558 1931 et
574 1902 782 1933 communitas.
800 1894 827 1933 Is
846 1894 942 1944 itaque

126 1940 200 1986 cujus
213 1944 314 1974 omnia
325 1944 469 1976 interiora
478 1952 561 1976 recta
571 1950 640 1977 sunt
651 1950 679 1977 et
692 1951 792 1986 parata
803 1947 839 1978 ad
854 1940 944 1978 bene-

125 1984 273 2018 dicendum
286 1989 402 2020 nomini
415 1995 517 2021 sancto
532 1990 595 2030 Dei,
613 1984 749 2022 interiori
763 2000 816 2022 suo
833 1992 938 2023 affectu

127 2035 196 2076 recte
209 2033 300 2063 utitur
317 2033 354 2064 ad
369 2035 531 2073 gratiarum
549 2036 680 2067 actiones
696 2036 755 2067 Deo
767 2037 906 2076 agendas.
924 2049 936 2065 η

127 2072 316 2121 Hicctolidem
329 2072 447 2118 syllabis
454 2079 610 2111 etvocibus
617 2072 809 2120 reperiuntur
817 2081 938 2121 quidem

127 2120 194 2157 apud
208 2122 485 2160 pseudo-Basilium
497 2124 594 2164 (num.
606 2120 858 2165 314),verbailla:
873 2127 940 2157 [dco

126 2168 208 2191 uentu
218 2173 294 2194 mem
307 2175 389 2204 super
397 2167 472 2197 Moab
487 2169 565 2204 quasi
578 2169 682 2197 cithara
697 2170 805 2198 sonabit
822 2170 858 2203 I9.
873 2176 940 2204 etc..

129 2205 362 2254 interpretantem
382 2221 388 2242 :
409 2211 461 2242 sed
487 2211 531 2242 sic
556 2216 666 2250 tamen,
684 2217 716 2244 ut
740 2213 772 2244 in
800 2222 835 2245 eo
853 2214 941 2254 paulo

983 1583 1093 1614 tionem
1110 1584 1188 1615 facit.
1203 1585 1305 1625 Neque
1320 1593 1390 1614 vero
1404 1583 1486 1614 credi
1503 1583 1607 1614 merito
1625 1588 1720 1625 potest
1736 1585 1805 1616 Hie-

983 1629 1200 1668 ronymusideo
1217 1629 1254 1659 de
1271 1629 1327 1659 hoc
1340 1629 1554 1659 commentario
1578 1633 1688 1666 tacere,
1702 1633 1734 1659 ut
1747 1638 1800 1659 sua

984 1672 1060 1703 furta
1075 1673 1171 1712 celet;
1189 1683 1256 1704 cum
1269 1673 1307 1704 de
1325 1673 1492 1704 Eusebiano
1511 1673 1726 1704 commentario
1754 1674 1799 1704 lo-

985 1721 1101 1758 quatur,
1120 1728 1136 1749 e
1151 1728 1209 1759 quo
1226 1718 1373 1759 permulta
1387 1722 1561 1749 convertere
1589 1727 1648 1748 non
1675 1717 1802 1750 dubitat.

984 1761 1099 1794 Rursus
1115 1763 1224 1795 dixerit
1249 1773 1349 1801 nemo,
1367 1763 1535 1803 imperfecti
1552 1763 1631 1793 illius
1646 1772 1802 1794 commen-

986 1807 1051 1838 tarii
1065 1812 1216 1839 auctorem
1234 1817 1269 1839 ea
1298 1817 1364 1848 qum
1393 1807 1501 1839 Latine
1518 1808 1547 1838 in
1563 1807 1742 1847 Hieronymo
1758 1809 1803 1839 le-

983 1853 1182 1892 gerat,Graece
1193 1852 1600 1884 reddidisse.Alienissimuin
1614 1851 1728 1883 enimid
1738 1861 1805 1883 esse

983 1906 1000 1928 a
1015 1896 1184 1928 Graecorum
1203 1897 1333 1928 moribus
1363 1906 1479 1937 omnes,
1494 1900 1528 1926 ut
1556 1897 1672 1938 opinor,
1688 1896 1798 1928 sciunt.

984 1943 1131 1973 Praeterea
1159 1952 1226 1973 cum
1256 1946 1407 1973 exstarent
1433 1942 1617 1982 temporibus
1632 1941 1692 1973 illis
1720 1942 1804 1973 multi

984 1987 1078 2018 Graaci
1089 1988 1119 2018 in
1131 1988 1235 2019 Isaiam
1249 1987 1593 2024 commentarii,dubium
1607 1996 1667 2017 non
1677 1991 1722 2017 est
1732 1990 1803 2027 quin

984 2033 1111 2073 scriptor
1126 2034 1246 2065 Griecus
1270 2031 1388 2064 Graecos
1411 2033 1508 2072 potius
1534 2032 1701 2072 conipilarit
1717 2042 1805 2072 quam

986 2086 1076 2107 unum
1089 2077 1219 2116 aliquem
1237 2078 1415 2117 scriptorem
1429 2077 1574 2108 Latinum.
1586 2077 1745 2117 Reliquum
1761 2082 1806 2108 est

986 2122 1074 2161 igitur
1090 2127 1122 2154 ut
1136 2127 1273 2163 uterque,
1290 2122 1487 2162 Hieronymus
1503 2126 1531 2152 et
1547 2121 1805 2162 pseudo-Basilius

983 2167 1047 2198 loca
1063 2167 1113 2198 illa
1126 2167 1183 2198 sibi
1199 2167 1369 2198 communia
1385 2167 1421 2197 ab
1441 2166 1540 2206 aliquo
1569 2169 1717 2196 mutuatus
1744 2166 1801 2196 sit:

982 2221 1070 2252 quem
1081 2222 1134 2252 ego
1145 2213 1292 2243 afﬁrmare
1304 2221 1392 2252 posse
1401 2211 1503 2242 videor
1518 2210 1607 2241 alium
1623 2210 1660 2241 ab
1676 2209 1802 2241 Eusebio

129 2250 181 2280 sint
194 2252 313 2286 fusiora.
325 2255 363 2286 Ex
382 2265 440 2296 quo
457 2257 501 2297 fit,
515 2261 545 2287 ut
561 2257 697 2288 librarios
712 2258 761 2298 qui
772 2250 941 2290 Eusebiana
951 2271 974 2298 ι)
984 2250 1042 2287 non
1051 2250 1450 2297 esse,cuiuetHieronymum
1458 2255 1803 2287 etcommentariiGraeci

131 2297 355 2343 exscripserunt,
371 2301 483 2341 aliquid
499 2301 554 2332 hoc
567 2302 632 2333 loco
645 2297 780 2334 omisisse
794 2304 939 2343 suspicer.

130 2337 198 2387 §atis
211 2337 265 2380 est,
283 2345 313 2375 ni
330 2337 432 2382 fallor:
443 2346 505 2377 haec
521 2347 708 2384 retulisse,ut
723 2337 891 2387 imperfecti
902 2337 940 2379 il;

131 2383 182 2431 lius
195 2389 224 2418 in
241 2389 344 2420 Isaiam
360 2391 564 2422 commentarii
585 2392 666 2420 «uesta
676 2383 871 2431 ostendatur;
885 2402 940 2424 nec

131 2430 222 2463 multis
238 2434 334 2465 verbis
351 2444 424 2475 opus
441 2444 507 2467 esse
521 2435 558 2466 ad
585 2436 613 2467 id
643 2437 827 2476 probandum
858 2437 940 2468 arbi-

132 2478 198 2507 tror.
209 2478 284 2509 Nam
299 2488 347 2510 res
363 2481 426 2520 ipsa
448 2480 566 2518 clamat,
580 2481 826 2512 facundissimum
841 2487 941 2514 orato-

130 2526 186 2549 rem
199 2521 347 2567 Basilium,
364 2525 388 2555 si
420 2524 525 2556 Isaiam
555 2526 768 2566 interpretatus
797 2531 886 2567 esset,
904 2527 941 2559 de

130 2566 308 2612 compilando
319 2570 534 2601 commentario
541 2569 661 2601 Eusebii
669 2566 941 2606 iitPsalmosneco-

130 2612 277 2657 gttaturum
286 2613 404 2653 quidem
411 2614 553 2645 fnisse.Et
560 2615 832 2655 vero,utneloquar
839 2616 877 2646 de
887 2625 942 2647 cae-

131 2656 276 2700 tcris,qnis
287 2657 340 2688 sibi
352 2658 436 2689 facile
446 2659 782 2699 persuadebitBasilium
790 2660 940 2700 Magnum,

132 2703 191 2728 cum
204 2698 305 2732 Isaiam
324 2698 514 2744 interpretari
527 2703 691 2742 debuisset,
705 2709 817 2746 partem
836 2698 941 2746 psalmi

168 2785 193 2809 ⁸³
206 2789 261 2822 lsa.
279 2799 306 2831 v,
321 2793 371 2822 ‘20.
413 2792 441 2815 ³ο
454 2792 581 2833 lsa.xv1,
595 2795 644 2826 11.

982 2303 1158 2342 scriptorem
1175 2302 1266 2333 multa
1280 2302 1318 2332 ab
1341 2301 1471 2332 Eusebio
1495 2301 1659 2341 sumpsisse
1679 2301 1802 2332 aliunde

981 2351 1108 2379 constet.
1120 2348 1184 2378 Jam
1197 2347 1384 2387 proferamus
1395 2345 1544 2385 exempla,
1564 2345 1674 2384 quibus
1684 2351 1801 2377 utrum-

981 2400 1039 2432 que
1046 2392 1084 2423 ab
1096 2392 1200 2423 eodem
1212 2392 1293 2422 fonte
1309 2391 1443 2422 hausisse
1454 2396 1536 2422 certo
1545 2391 1686 2429 cognosci
1697 2391 1799 2432 possit.

981 2436 1032 2468 Sic
1043 2437 1131 2476 igitur
1142 2436 1270 2477 loquitur
1281 2435 1405 2477 pseudo-
1413 2435 1538 2467 Basilius
1548 2437 1799 2477 (2,13,num.91):

982 2483 1058 2522 Φέρει
1075 2481 1102 2510 δὲ
1117 2483 1148 2510 τὸ
1164 2481 1266 2522 δένδρον
1285 2485 1363 2510 τοῦτο
1389 2482 1502 2521 καρπὸν,
1523 2481 1590 2510 ἀλλὰ
1620 2482 1720 2521 χοίρων
1742 2493 1801 2521 τρο-

983 2527 1045 2566 φῆν.
1065 2528 1114 2556 Διᾶ
1136 2531 1213 2556 τοῦτο
1243 2526 1346 2566 δένδρον
1372 2527 1502 2566 αἶσχύνης
1526 2526 1669 2566 clavdit-lcet
1689 2528 1724 2556 re.
1752 2528 1801 2566 γὰρ

984 2565 1070 2600 ἑασὰν
1086 2573 1121 2604 εἰς
1146 2573 1195 2606 τὴν
1224 2573 1356 2612 αἰσχύνην
1382 2565 1641 2609 μεταλαμϐάνοντα,
1659 2565 1706 2598 Ὠν
1723 2573 1767 2599 οὖν
1785 2572 1802 2605 ἡ

983 2615 1043 2648 δοξα
1058 2616 1106 2650 τῆς
1129 2618 1309 2656 καρποφορίας
1331 2617 1448 2656 αἰσχύνη
1475 2616 1541 2653 ἐστὶ,
1556 2616 1600 2644 καὶ
1636 2615 1677 2644 ἐπὶ
1700 2617 1802 2648 τούτοις

983 2661 1056 2690 ἔσται
1071 2662 1087 2695 ἡ
1104 2662 1190 2701 ἡμέρα
1204 2666 1249 2691 τοῡ
1265 2662 1368 2700 Κυρίου.
1385 2661 1458 2697 Quae
1472 2663 1515 2691 sic
1540 2669 1680 2701 expressa
1695 2660 1802 2700 legun-

984 2709 1030 2736 tur
1053 2705 1133 2746 apud
1157 2705 1370 2746 Hieronymum
1394 2714 1464 2745 pag.
1479 2705 1531 2742 27,
1547 2705 1682 2745 libi-rius,
1699 2705 1729 2736 id
1744 2708 1800 2742 est,
