  <div class='ocr_page' id='page_1' title='image "/cluster/home/n/w/nwhite01/storage/ocr_20150623/29/njp.32101013202583/239.png"; bbox 0 0 2004 3143; ppageno 0'>
   <div class='ocr_carea' id='block_1_1' title="bbox 237 159 371 184">
    <p class='ocr_par' dir='ltr' id='par_1_1' title="bbox 237 159 371 184">
     <span class='ocr_line' id='line_1_1' title="bbox 237 159 371 184; baseline -0.015 0"><span class='ocrx_word' id='word_1_1' title='bbox 237 159 371 184; x_wconf 76' lang='lat' dir='ltr'><strong>CCXXVII!</strong></span> 
     </span>
    </p>
   </div>
   <div class='ocr_carea' id='block_1_2' title="bbox 953 150 1243 182">
    <p class='ocr_par' dir='ltr' id='par_1_2' title="bbox 953 150 1243 182">
     <span class='ocr_line' id='line_1_2' title="bbox 953 150 1243 182; baseline -0.003 0"><span class='ocrx_word' id='word_1_2' title='bbox 953 150 1150 182; x_wconf 78' lang='lat' dir='ltr'><strong>PROLEGOM</strong></span> <span class='ocrx_word' id='word_1_3' title='bbox 1158 150 1243 182; x_wconf 81' lang='lat' dir='ltr'><strong>ENA.</strong></span> 
     </span>
    </p>
   </div>
   <div class='ocr_carea' id='block_1_3' title="bbox 238 212 1057 260">
    <p class='ocr_par' dir='ltr' id='par_1_3' title="bbox 238 212 1057 260">
     <span class='ocr_line' id='line_1_3' title="bbox 238 212 1057 260; baseline 0 -19"><span class='ocrx_word' id='word_1_4' title='bbox 238 214 330 246; x_wconf 73' lang='grc' dir='ltr'>αὐτοὺς</span> <span class='ocrx_word' id='word_1_5' title='bbox 345 214 372 242; x_wconf 73' lang='grc' dir='ltr'>ἐν</span> <span class='ocrx_word' id='word_1_6' title='bbox 468 214 566 260; x_wconf 49' lang='grc' dir='ltr'>αὑτοῦ..</span> <span class='ocrx_word' id='word_1_7' title='bbox 583 221 665 260; x_wconf 72' lang='grc' dir='ltr'>χεῖρα</span> <span class='ocrx_word' id='word_1_8' title='bbox 693 213 778 252; x_wconf 76' lang='grc' dir='ltr'>λέγων</span> <span class='ocrx_word' id='word_1_9' title='bbox 811 213 860 247; x_wconf 73' lang='grc' dir='ltr'><strong>τὴν</strong></span> <span class='ocrx_word' id='word_1_10' title='bbox 897 212 1057 247; x_wconf 78' lang='grc' dir='ltr'>κολαστικὴν</span> 
     </span>
    </p>
   </div>
   <div class='ocr_carea' id='block_1_4' title="bbox 1100 212 1922 260">
    <p class='ocr_par' dir='ltr' id='par_1_4' title="bbox 1101 212 1922 260">
     <span class='ocr_line' id='line_1_4' title="bbox 1101 212 1922 260; baseline 0.004 -18"><span class='ocrx_word' id='word_1_11' title='bbox 1101 216 1152 260; x_wconf 76' lang='lat' dir='ltr'><strong>aut</strong></span> <span class='ocrx_word' id='word_1_12' title='bbox 1165 221 1304 260; x_wconf 62' lang='lat' dir='ltr'><strong>expressa</strong></span> <span class='ocrx_word' id='word_1_13' title='bbox 1320 220 1395 260; x_wconf 72' lang='lat' dir='ltr'><strong>esse.</strong></span> <span class='ocrx_word' id='word_1_14' title='bbox 1410 212 1483 244; x_wconf 89' lang='lat' dir='ltr'><strong>Cum</strong></span> <span class='ocrx_word' id='word_1_15' title='bbox 1500 212 1590 252; x_wconf 76' lang='lat' dir='ltr'><strong>igitur</strong></span> <span class='ocrx_word' id='word_1_16' title='bbox 1597 214 1846 245; x_wconf 77' lang='lat' dir='ltr'><strong>commentarium</strong></span> <span class='ocrx_word' id='word_1_17' title='bbox 1857 223 1922 246; x_wconf 88' lang='lat' dir='ltr'><strong>eum</strong></span> 
     </span>
    </p>
   </div>
   <div class='ocr_carea' id='block_1_5' title="bbox 238 257 1060 298">
    <p class='ocr_par' dir='ltr' id='par_1_5' title="bbox 238 257 1060 298">
     <span class='ocr_line' id='line_1_5' title="bbox 238 257 1060 298; baseline -0.002 -10"><span class='ocrx_word' id='word_1_18' title='bbox 238 260 358 298; x_wconf 74' lang='grc' dir='ltr'>δύναμιν,</span> <span class='ocrx_word' id='word_1_19' title='bbox 391 258 458 286; x_wconf 70' lang='grc' dir='ltr'>κατὰ</span> <span class='ocrx_word' id='word_1_20' title='bbox 490 259 535 287; x_wconf 81' lang='grc' dir='ltr'><strong>τὸν</strong></span> <span class='ocrx_word' id='word_1_21' title='bbox 559 257 628 287; x_wconf 78' lang='grc' dir='ltr'><strong>Ἰώϐ·</strong></span> <span class='ocrx_word' id='word_1_22' title='bbox 648 259 709 297; x_wconf 70' lang='grc' dir='ltr'>Χεὶρ</span> <span class='ocrx_word' id='word_1_23' title='bbox 739 259 788 297; x_wconf 71' lang='grc' dir='ltr'>γὰρ</span> <span class='ocrx_word' id='word_1_24' title='bbox 819 258 912 296; x_wconf 75' lang='grc' dir='ltr'>Κυρίου</span> <span class='ocrx_word' id='word_1_25' title='bbox 940 259 956 292; x_wconf 78' lang='grc' dir='ltr'>ἡ</span> <span class='ocrx_word' id='word_1_26' title='bbox 986 258 1060 296; x_wconf 63' lang='grc' dir='ltr'>ἄψαυ-</span> 
     </span>
    </p>
   </div>
   <div class='ocr_carea' id='block_1_6' title="bbox 238 301 1061 342">
    <p class='ocr_par' dir='ltr' id='par_1_6' title="bbox 238 301 1061 342">
     <span class='ocr_line' id='line_1_6' title="bbox 238 301 1061 342; baseline -0.001 -11"><span class='ocrx_word' id='word_1_27' title='bbox 238 304 305 342; x_wconf 83' lang='grc' dir='ltr'>μένη</span> <span class='ocrx_word' id='word_1_28' title='bbox 335 304 385 331; x_wconf 65' lang='lat' dir='ltr'><strong>tto-5</strong></span> <span class='ocrx_word' id='word_1_29' title='bbox 400 303 467 342; x_wconf 69' lang='grc' dir='ltr'>ἐστι,</span> <span class='ocrx_word' id='word_1_30' title='bbox 495 304 538 331; x_wconf 80' lang='grc' dir='ltr'><strong>καὶ</strong></span> <span class='ocrx_word' id='word_1_31' title='bbox 562 305 588 331; x_wconf 68' lang='grc' dir='ltr'>ἓν</span> <span class='ocrx_word' id='word_1_32' title='bbox 615 303 700 340; x_wconf 75' lang='grc' dir='ltr'>τούτῳ</span> <span class='ocrx_word' id='word_1_33' title='bbox 715 306 760 330; x_wconf 82' lang='grc' dir='ltr'>τοῦ</span> <span class='ocrx_word' id='word_1_34' title='bbox 774 301 900 331; x_wconf 76' lang='grc' dir='ltr'>διαϐόλου</span> <span class='ocrx_word' id='word_1_35' title='bbox 916 313 997 342; x_wconf 78' lang='grc' dir='ltr'>χειρα</span> <span class='ocrx_word' id='word_1_36' title='bbox 1013 302 1061 330; x_wconf 84' lang='grc' dir='ltr'><strong>λέ-</strong></span> 
     </span>
    </p>
   </div>
   <div class='ocr_carea' id='block_1_7' title="bbox 237 346 1059 388">
    <p class='ocr_par' dir='ltr' id='par_1_7' title="bbox 237 346 1059 388">
     <span class='ocr_line' id='line_1_7' title="bbox 237 346 1059 388; baseline -0.001 -12"><span class='ocrx_word' id='word_1_37' title='bbox 237 360 330 388; x_wconf 74' lang='grc' dir='ltr'>γοντος</span> <span class='ocrx_word' id='word_1_38' title='bbox 360 348 386 375; x_wconf 77' lang='grc' dir='ltr'>ἔν</span> <span class='ocrx_word' id='word_1_39' title='bbox 426 351 464 384; x_wconf 76' lang='grc' dir='ltr'>τῷ</span> <span class='ocrx_word' id='word_1_40' title='bbox 493 351 576 387; x_wconf 88' lang='grc' dir='ltr'>καιρῷ</span> <span class='ocrx_word' id='word_1_41' title='bbox 606 348 653 382; x_wconf 83' lang='grc' dir='ltr'><strong>τῆς</strong></span> <span class='ocrx_word' id='word_1_42' title='bbox 683 347 828 378; x_wconf 74' lang='grc' dir='ltr'><strong>κολάσεως·</strong></span> <span class='ocrx_word' id='word_1_43' title='bbox 867 348 903 376; x_wconf 65' lang='grc' dir='ltr'><strong>Οὔ</strong></span> <span class='ocrx_word' id='word_1_44' title='bbox 939 348 992 384; x_wconf 81' lang='grc' dir='ltr'>μὴν</span> <span class='ocrx_word' id='word_1_45' title='bbox 1020 346 1059 387; x_wconf 65' lang='grc' dir='ltr'><strong>δὲ,</strong></span> 
     </span>
    </p>
   </div>
   <div class='ocr_carea' id='block_1_8' title="bbox 237 392 1058 432">
    <p class='ocr_par' dir='ltr' id='par_1_8' title="bbox 237 392 1058 432">
     <span class='ocr_line' id='line_1_8' title="bbox 237 392 1058 432; baseline -0.001 -11"><span class='ocrx_word' id='word_1_46' title='bbox 237 392 305 422; x_wconf 73' lang='grc' dir='ltr'>ἀλλὰ</span> <span class='ocrx_word' id='word_1_47' title='bbox 333 392 489 420; x_wconf 75' lang='grc' dir='ltr'><strong>ἀπόστειλον</strong></span> <span class='ocrx_word' id='word_1_48' title='bbox 520 394 570 426; x_wconf 79' lang='grc' dir='ltr'><strong>τήν</strong></span> <span class='ocrx_word' id='word_1_49' title='bbox 587 393 669 432; x_wconf 69' lang='grc' dir='ltr'>χεῖρά</span> <span class='ocrx_word' id='word_1_50' title='bbox 685 404 743 428; x_wconf 77' lang='grc' dir='ltr'>σου,</span> <span class='ocrx_word' id='word_1_51' title='bbox 756 393 799 420; x_wconf 75' lang='grc' dir='ltr'>καὶ</span> <span class='ocrx_word' id='word_1_52' title='bbox 816 393 880 430; x_wconf 72' lang='grc' dir='ltr'>ἅψαι</span> <span class='ocrx_word' id='word_1_53' title='bbox 896 396 948 420; x_wconf 80' lang='grc' dir='ltr'>τῶν</span> <span class='ocrx_word' id='word_1_54' title='bbox 976 393 1058 420; x_wconf 70' lang='grc' dir='ltr'>ὁςτῶν</span> 
     </span>
    </p>
   </div>
   <div class='ocr_carea' id='block_1_9' title="bbox 239 436 1060 477">
    <p class='ocr_par' dir='ltr' id='par_1_9' title="bbox 239 436 1060 477">
     <span class='ocr_line' id='line_1_9' title="bbox 239 436 1060 477; baseline 0 -11"><span class='ocrx_word' id='word_1_55' title='bbox 239 439 328 469; x_wconf 77' lang='grc' dir='ltr'>αὑτοῦ.</span> <span class='ocrx_word' id='word_1_56' title='bbox 352 436 549 476; x_wconf 78' lang='lat' dir='ltr'><strong>Hieronymus</strong></span> <span class='ocrx_word' id='word_1_57' title='bbox 564 437 622 468; x_wconf 91' lang='lat' dir='ltr'><strong>col.</strong></span> <span class='ocrx_word' id='word_1_58' title='bbox 636 438 668 469; x_wconf 89' lang='lat' dir='ltr'><strong>6t</strong></span> <span class='ocrx_word' id='word_1_59' title='bbox 689 448 696 468; x_wconf 89' lang='lat'><strong>:</strong></span> <span class='ocrx_word' id='word_1_60' title='bbox 714 450 726 464; x_wconf 76' lang='grc' dir='ltr'><strong>α</strong></span> <span class='ocrx_word' id='word_1_61' title='bbox 744 438 777 468; x_wconf 83' lang='grc' dir='ltr'>Ει</span> <span class='ocrx_word' id='word_1_62' title='bbox 798 437 958 471; x_wconf 83' lang='lat' dir='ltr'><strong>Abraham.</strong></span> <span class='ocrx_word' id='word_1_63' title='bbox 977 441 1060 477; x_wconf 84' lang='lat' dir='ltr'><strong>post-</strong></span> 
     </span>
    </p>
   </div>
   <div class='ocr_carea' id='block_1_10' title="bbox 237 481 1059 521">
    <p class='ocr_par' dir='ltr' id='par_1_10' title="bbox 237 481 1059 521">
     <span class='ocr_line' id='line_1_10' title="bbox 237 481 1059 521; baseline -0.002 -8"><span class='ocrx_word' id='word_1_64' title='bbox 237 491 326 521; x_wconf 83' lang='lat' dir='ltr'><strong>quam</strong></span> <span class='ocrx_word' id='word_1_65' title='bbox 338 481 410 512; x_wconf 86' lang='lat' dir='ltr'><strong>vidit</strong></span> <span class='ocrx_word' id='word_1_66' title='bbox 425 481 595 519; x_wconf 88' lang='lat' dir='ltr'><strong>Dominum,</strong></span> <span class='ocrx_word' id='word_1_67' title='bbox 613 486 642 512; x_wconf 89' lang='lat' dir='ltr'><strong>et</strong></span> <span class='ocrx_word' id='word_1_68' title='bbox 653 482 763 512; x_wconf 82' lang='lat' dir='ltr'><strong>audivit</strong></span> <span class='ocrx_word' id='word_1_69' title='bbox 778 490 879 512; x_wconf 81' lang='lat' dir='ltr'><strong>vocem</strong></span> <span class='ocrx_word' id='word_1_70' title='bbox 902 481 979 521; x_wconf 86' lang='lat' dir='ltr'><strong>ejus,</strong></span> <span class='ocrx_word' id='word_1_71' title='bbox 997 486 1059 512; x_wconf 87' lang='lat' dir='ltr'><strong>ter-</strong></span> 
     </span>
    </p>
   </div>
   <div class='ocr_carea' id='block_1_11' title="bbox 236 525 1048 559">
    <p class='ocr_par' dir='ltr' id='par_1_11' title="bbox 236 525 1048 559">
     <span class='ocr_line' id='line_1_11' title="bbox 236 525 1048 559; baseline -0.002 -1"><span class='ocrx_word' id='word_1_72' title='bbox 236 535 300 559; x_wconf 79' lang='lat' dir='ltr'><strong>ram</strong></span> <span class='ocrx_word' id='word_1_73' title='bbox 322 531 351 557; x_wconf 92' lang='lat' dir='ltr'><strong>et</strong></span> <span class='ocrx_word' id='word_1_74' title='bbox 366 526 499 557; x_wconf 88' lang='lat' dir='ltr'><strong>cinerem</strong></span> <span class='ocrx_word' id='word_1_75' title='bbox 517 535 583 557; x_wconf 84' lang='lat' dir='ltr'><strong>esse</strong></span> <span class='ocrx_word' id='word_1_76' title='bbox 596 536 628 557; x_wconf 86' lang='lat' dir='ltr'><strong>se</strong></span> <span class='ocrx_word' id='word_1_77' title='bbox 644 526 715 558; x_wconf 88' lang='lat' dir='ltr'><strong>dicit</strong></span> <span class='ocrx_word' id='word_1_78' title='bbox 730 527 770 556; x_wconf 68' lang='grc' dir='ltr'>δι.</span> <span class='ocrx_word' id='word_1_79' title='bbox 803 539 816 554; x_wconf 70' lang='grc' dir='ltr'><strong><em>ι</em></strong></span> <span class='ocrx_word' id='word_1_80' title='bbox 849 525 1048 557; x_wconf 82' lang='lat' dir='ltr'><strong>Pseudo—Basi</strong></span> 
     </span>
    </p>
   </div>
   <div class='ocr_carea' id='block_1_12' title="bbox 236 571 1060 611">
    <p class='ocr_par' dir='ltr' id='par_1_12' title="bbox 236 571 1060 611">
     <span class='ocr_line' id='line_1_12' title="bbox 236 571 1060 611; baseline -0.004 -9"><span class='ocrx_word' id='word_1_81' title='bbox 236 571 294 602; x_wconf 72' lang='lat' dir='ltr'><strong>lius</strong></span> <span class='ocrx_word' id='word_1_82' title='bbox 306 575 362 611; x_wconf 79' lang='lat' dir='ltr'><strong>(VI,</strong></span> <span class='ocrx_word' id='word_1_83' title='bbox 381 571 612 610; x_wconf 70' lang='lat' dir='ltr'><strong>t,num.182):</strong></span> <span class='ocrx_word' id='word_1_84' title='bbox 645 572 719 600; x_wconf 80' lang='grc' dir='ltr'>Ἐπεὶ</span> <span class='ocrx_word' id='word_1_85' title='bbox 744 573 787 600; x_wconf 81' lang='grc' dir='ltr'><strong>καὶ</strong></span> <span class='ocrx_word' id='word_1_86' title='bbox 816 573 829 599; x_wconf 80' lang='grc' dir='ltr'>ὁ</span> <span class='ocrx_word' id='word_1_87' title='bbox 859 571 990 609; x_wconf 78' lang='grc' dir='ltr'>Ἀϐρααμ,</span> <span class='ocrx_word' id='word_1_88' title='bbox 1017 571 1060 600; x_wconf 72' lang='grc' dir='ltr'><strong>ὅτε</strong></span> 
     </span>
    </p>
   </div>
   <div class='ocr_carea' id='block_1_13' title="bbox 237 616 1059 656">
    <p class='ocr_par' dir='ltr' id='par_1_13' title="bbox 237 616 1059 656">
     <span class='ocr_line' id='line_1_13' title="bbox 237 616 1059 656; baseline -0.002 -11"><span class='ocrx_word' id='word_1_89' title='bbox 237 618 312 656; x_wconf 60' lang='grc' dir='ltr'>ὡφθη</span> <span class='ocrx_word' id='word_1_90' title='bbox 329 617 428 651; x_wconf 77' lang='grc' dir='ltr'><strong>αὑτῷὁ</strong></span> <span class='ocrx_word' id='word_1_91' title='bbox 454 617 530 652; x_wconf 79' lang='grc' dir='ltr'>Θεὸς,</span> <span class='ocrx_word' id='word_1_92' title='bbox 560 617 620 644; x_wconf 84' lang='grc' dir='ltr'>τότε</span> <span class='ocrx_word' id='word_1_93' title='bbox 649 616 844 655; x_wconf 73' lang='grc' dir='ltr'>ἀναγέγραπται</span> <span class='ocrx_word' id='word_1_94' title='bbox 876 616 987 653; x_wconf 73' lang='grc' dir='ltr'>εἷρηκῶς</span> <span class='ocrx_word' id='word_1_95' title='bbox 1018 618 1059 653; x_wconf 73' lang='grc' dir='ltr'><strong>τὸ,</strong></span> 
     </span>
    </p>
   </div>
   <div class='ocr_carea' id='block_1_14' title="bbox 237 660 1057 700">
    <p class='ocr_par' dir='ltr' id='par_1_14' title="bbox 237 660 1057 700">
     <span class='ocr_line' id='line_1_14' title="bbox 237 660 1057 700; baseline 0 -10"><span class='ocrx_word' id='word_1_96' title='bbox 237 661 309 700; x_wconf 83' lang='grc' dir='ltr'><strong>Ἐγὼ</strong></span> <span class='ocrx_word' id='word_1_97' title='bbox 324 660 350 689; x_wconf 80' lang='grc' dir='ltr'><strong>δὲ</strong></span> <span class='ocrx_word' id='word_1_98' title='bbox 372 663 425 698; x_wconf 87' lang='grc' dir='ltr'>εἰμι</span> <span class='ocrx_word' id='word_1_99' title='bbox 440 663 476 699; x_wconf 80' lang='grc' dir='ltr'><strong>γῆ</strong></span> <span class='ocrx_word' id='word_1_100' title='bbox 491 663 535 689; x_wconf 81' lang='grc' dir='ltr'><strong>καὶ</strong></span> <span class='ocrx_word' id='word_1_101' title='bbox 550 661 654 692; x_wconf 70' lang='grc' dir='ltr'>σποδός.</span> <span class='ocrx_word' id='word_1_102' title='bbox 686 660 884 700; x_wconf 78' lang='lat' dir='ltr'><strong>Hieronymus</strong></span> <span class='ocrx_word' id='word_1_103' title='bbox 908 660 966 692; x_wconf 81' lang='lat' dir='ltr'><strong>Cul.</strong></span> <span class='ocrx_word' id='word_1_104' title='bbox 998 660 1037 692; x_wconf 87' lang='grc'><strong>69</strong></span> <span class='ocrx_word' id='word_1_105' title='bbox 1051 671 1057 690; x_wconf 88' lang='lat'>:</span> 
     </span>
    </p>
   </div>
   <div class='ocr_carea' id='block_1_15' title="bbox 236 705 1056 744">
    <p class='ocr_par' dir='ltr' id='par_1_15' title="bbox 236 705 1056 744">
     <span class='ocr_line' id='line_1_15' title="bbox 236 705 1056 744; baseline -0.001 -8"><span class='ocrx_word' id='word_1_106' title='bbox 236 715 252 736; x_wconf 87' lang='grc'><strong>(</strong></span> <span class='ocrx_word' id='word_1_107' title='bbox 269 706 346 744; x_wconf 86' lang='lat' dir='ltr'><strong>Ergo</strong></span> <span class='ocrx_word' id='word_1_108' title='bbox 362 705 440 736; x_wconf 90' lang='lat' dir='ltr'><strong>sicut</strong></span> <span class='ocrx_word' id='word_1_109' title='bbox 453 705 646 744; x_wconf 79' lang='lat' dir='ltr'><strong>profundum,</strong></span> <span class='ocrx_word' id='word_1_110' title='bbox 665 706 816 736; x_wconf 82' lang='lat' dir='ltr'><strong>internum</strong></span> <span class='ocrx_word' id='word_1_111' title='bbox 829 705 978 744; x_wconf 80' lang='lat' dir='ltr'><strong>signiﬁcat</strong></span> <span class='ocrx_word' id='word_1_112' title='bbox 993 715 1001 744; x_wconf 87' lang='lat'><strong>;</strong></span> <span class='ocrx_word' id='word_1_113' title='bbox 1018 705 1056 735; x_wconf 86' lang='lat' dir='ltr'><strong>ita</strong></span> 
     </span>
    </p>
   </div>
   <div class='ocr_carea' id='block_1_16' title="bbox 234 749 1057 789">
    <p class='ocr_par' dir='ltr' id='par_1_16' title="bbox 234 749 1057 789">
     <span class='ocr_line' id='line_1_16' title="bbox 234 749 1057 789; baseline -0.001 -8"><span class='ocrx_word' id='word_1_114' title='bbox 234 750 388 782; x_wconf 80' lang='lat' dir='ltr'><strong>excelsum</strong></span> <span class='ocrx_word' id='word_1_115' title='bbox 401 759 489 789; x_wconf 84' lang='lat' dir='ltr'><strong>supra</strong></span> <span class='ocrx_word' id='word_1_116' title='bbox 500 750 592 781; x_wconf 78' lang='lat' dir='ltr'><strong>C(BIOS</strong></span> <span class='ocrx_word' id='word_1_117' title='bbox 604 749 772 789; x_wconf 78' lang='lat' dir='ltr'><strong>intelligere</strong></span> <span class='ocrx_word' id='word_1_118' title='bbox 784 750 952 781; x_wconf 88' lang='lat' dir='ltr'><strong>debemus..</strong></span> <span class='ocrx_word' id='word_1_119' title='bbox 961 750 1057 786; x_wconf 86' lang='lat' dir='ltr'><strong>.Quod</strong></span> 
     </span>
    </p>
   </div>
   <div class='ocr_carea' id='block_1_17' title="bbox 235 794 1059 835">
    <p class='ocr_par' dir='ltr' id='par_1_17' title="bbox 235 794 1059 835">
     <span class='ocr_line' id='line_1_17' title="bbox 235 794 1059 835; baseline -0.001 -9"><span class='ocrx_word' id='word_1_120' title='bbox 235 799 393 835; x_wconf 89' lang='lat' dir='ltr'><strong>utrumque</strong></span> <span class='ocrx_word' id='word_1_121' title='bbox 409 796 445 825; x_wconf 91' lang='lat' dir='ltr'><strong>ad</strong></span> <span class='ocrx_word' id='word_1_122' title='bbox 473 798 571 834; x_wconf 91' lang='lat' dir='ltr'><strong>typum</strong></span> <span class='ocrx_word' id='word_1_123' title='bbox 598 795 725 835; x_wconf 78' lang='lat' dir='ltr'><strong>pertinet</strong></span> <span class='ocrx_word' id='word_1_124' title='bbox 755 796 858 826; x_wconf 90' lang='lat' dir='ltr'><strong>mortis</strong></span> <span class='ocrx_word' id='word_1_125' title='bbox 884 794 1002 825; x_wconf 88' lang='lat' dir='ltr'><strong>Domini</strong></span> <span class='ocrx_word' id='word_1_126' title='bbox 1030 799 1059 825; x_wconf 88' lang='lat' dir='ltr'><strong>et</strong></span> 
     </span>
    </p>
   </div>
   <div class='ocr_carea' id='block_1_18' title="bbox 235 839 1059 879">
    <p class='ocr_par' dir='ltr' id='par_1_18' title="bbox 235 839 1059 879">
     <span class='ocr_line' id='line_1_18' title="bbox 235 839 1059 879; baseline -0.001 -9"><span class='ocrx_word' id='word_1_127' title='bbox 235 839 438 870; x_wconf 81' lang='lat' dir='ltr'><strong>ascensionis:</strong></span> <span class='ocrx_word' id='word_1_128' title='bbox 457 839 515 876; x_wconf 80' lang='lat' dir='ltr'><strong>Qui</strong></span> <span class='ocrx_word' id='word_1_129' title='bbox 530 841 609 870; x_wconf 84' lang='lat' dir='ltr'><strong>enim</strong></span> <span class='ocrx_word' id='word_1_130' title='bbox 623 839 783 873; x_wconf 73' lang='lat' dir='ltr'><strong>descendit.</strong></span> <span class='ocrx_word' id='word_1_131' title='bbox 814 840 879 879; x_wconf 81' lang='lat' dir='ltr'><strong>ipse</strong></span> <span class='ocrx_word' id='word_1_132' title='bbox 906 842 950 870; x_wconf 81' lang='lat' dir='ltr'><strong>est</strong></span> <span class='ocrx_word' id='word_1_133' title='bbox 965 839 1017 879; x_wconf 84' lang='lat' dir='ltr'><strong>qui</strong></span> <span class='ocrx_word' id='word_1_134' title='bbox 1032 843 1059 870; x_wconf 88' lang='lat' dir='ltr'><strong>et</strong></span> 
     </span>
    </p>
   </div>
   <div class='ocr_carea' id='block_1_19' title="bbox 235 882 1058 924">
    <p class='ocr_par' dir='ltr' id='par_1_19' title="bbox 235 882 1058 924">
     <span class='ocr_line' id='line_1_19' title="bbox 235 882 1058 924; baseline -0.002 -8"><span class='ocrx_word' id='word_1_135' title='bbox 235 884 369 916; x_wconf 69' lang='lat' dir='ltr'><strong>accendit</strong></span> <span class='ocrx_word' id='word_1_136' title='bbox 379 882 455 913; x_wconf 72' lang='lat' dir='ltr'><strong>&quot;.Et</strong></span> <span class='ocrx_word' id='word_1_137' title='bbox 472 883 500 913; x_wconf 90' lang='lat' dir='ltr'><strong>in</strong></span> <span class='ocrx_word' id='word_1_138' title='bbox 514 883 658 923; x_wconf 85' lang='lat' dir='ltr'><strong>Apostolo</strong></span> <span class='ocrx_word' id='word_1_139' title='bbox 672 884 809 924; x_wconf 82' lang='lat' dir='ltr'><strong>legimus:</strong></span> <span class='ocrx_word' id='word_1_140' title='bbox 834 884 878 915; x_wconf 86' lang='lat' dir='ltr'><strong>Ne</strong></span> <span class='ocrx_word' id='word_1_141' title='bbox 893 884 1010 915; x_wconf 70' lang='lat' dir='ltr'><strong>dixeris</strong></span> <span class='ocrx_word' id='word_1_142' title='bbox 1025 884 1058 915; x_wconf 71' lang='lat' dir='ltr'><strong>in</strong></span> 
     </span>
    </p>
   </div>
   <div class='ocr_carea' id='block_1_20' title="bbox 234 927 1058 964">
    <p class='ocr_par' dir='ltr' id='par_1_20' title="bbox 234 927 1058 964">
     <span class='ocr_line' id='line_1_20' title="bbox 234 927 1058 964; baseline 0 -5"><span class='ocrx_word' id='word_1_143' title='bbox 234 930 324 960; x_wconf 83' lang='lat' dir='ltr'><strong>corde</strong></span> <span class='ocrx_word' id='word_1_144' title='bbox 334 927 444 964; x_wconf 84' lang='lat' dir='ltr'><strong>tuo:0u</strong></span> <span class='ocrx_word' id='word_1_145' title='bbox 450 929 475 958; x_wconf 85' lang='lat' dir='ltr'><strong>is</strong></span> <span class='ocrx_word' id='word_1_146' title='bbox 484 928 623 959; x_wconf 75' lang='lat' dir='ltr'><strong>ascendet</strong></span> <span class='ocrx_word' id='word_1_147' title='bbox 634 929 667 959; x_wconf 73' lang='lat' dir='ltr'><strong>in</strong></span> <span class='ocrx_word' id='word_1_148' title='bbox 674 928 849 959; x_wconf 71' lang='lat' dir='ltr'><strong>mlum‘ﬂtoc</strong></span> <span class='ocrx_word' id='word_1_149' title='bbox 858 929 1058 959; x_wconf 71' lang='lat' dir='ltr'><strong>estC/tristum</strong></span> 
     </span>
    </p>
   </div>
   <div class='ocr_carea' id='block_1_21' title="bbox 235 972 1058 1012">
    <p class='ocr_par' dir='ltr' id='par_1_21' title="bbox 235 972 1058 1012">
     <span class='ocr_line' id='line_1_21' title="bbox 235 972 1058 1012; baseline 0 -8"><span class='ocrx_word' id='word_1_150' title='bbox 235 973 462 1012; x_wconf 82' lang='lat' dir='ltr'><strong>deducere;uut,</strong></span> <span class='ocrx_word' id='word_1_151' title='bbox 474 972 551 1010; x_wconf 76' lang='lat' dir='ltr'><strong>Quis</strong></span> <span class='ocrx_word' id='word_1_152' title='bbox 562 973 722 1004; x_wconf 79' lang='lat' dir='ltr'><strong>descendet</strong></span> <span class='ocrx_word' id='word_1_153' title='bbox 738 974 770 1004; x_wconf 75' lang='lat' dir='ltr'><strong>in</strong></span> <span class='ocrx_word' id='word_1_154' title='bbox 782 973 944 1012; x_wconf 79' lang='lat' dir='ltr'><strong>abyssum?</strong></span> <span class='ocrx_word' id='word_1_155' title='bbox 953 973 1005 1004; x_wconf 84' lang='lat' dir='ltr'><strong>hoc</strong></span> <span class='ocrx_word' id='word_1_156' title='bbox 1015 978 1058 1004; x_wconf 79' lang='lat' dir='ltr'><strong>est</strong></span> 
     </span>
    </p>
   </div>
   <div class='ocr_carea' id='block_1_22' title="bbox 234 1016 1058 1049">
    <p class='ocr_par' dir='ltr' id='par_1_22' title="bbox 234 1016 1058 1049">
     <span class='ocr_line' id='line_1_22' title="bbox 234 1016 1058 1049; baseline -0.001 -1"><span class='ocrx_word' id='word_1_157' title='bbox 234 1017 393 1049; x_wconf 80' lang='lat' dir='ltr'><strong>Christum</strong></span> <span class='ocrx_word' id='word_1_158' title='bbox 406 1017 442 1048; x_wconf 83' lang='lat' dir='ltr'><strong>de</strong></span> <span class='ocrx_word' id='word_1_159' title='bbox 463 1017 588 1047; x_wconf 75' lang='lat' dir='ltr'><strong>mortuis</strong></span> <span class='ocrx_word' id='word_1_160' title='bbox 600 1018 744 1049; x_wconf 72' lang='lat' dir='ltr'><strong>reducere</strong></span> <span class='ocrx_word' id='word_1_161' title='bbox 754 1016 792 1047; x_wconf 76' lang='grc'><strong>⁵³.</strong></span> <span class='ocrx_word' id='word_1_162' title='bbox 812 1031 824 1046; x_wconf 69' lang='grc' dir='ltr'><strong>η</strong></span> <span class='ocrx_word' id='word_1_163' title='bbox 843 1017 1058 1049; x_wconf 76' lang='lat' dir='ltr'><strong>Pseudo~Basi-</strong></span> 
     </span>
    </p>
   </div>
   <div class='ocr_carea' id='block_1_23' title="bbox 236 1061 1058 1103">
    <p class='ocr_par' dir='ltr' id='par_1_23' title="bbox 236 1061 1058 1103">
     <span class='ocr_line' id='line_1_23' title="bbox 236 1061 1058 1103; baseline -0.001 -11"><span class='ocrx_word' id='word_1_164' title='bbox 236 1062 292 1092; x_wconf 90' lang='lat' dir='ltr'><strong>lius</strong></span> <span class='ocrx_word' id='word_1_165' title='bbox 303 1062 344 1102; x_wconf 84' lang='lat'><strong>(7,</strong></span> <span class='ocrx_word' id='word_1_166' title='bbox 366 1064 413 1102; x_wconf 80' lang='lat' dir='ltr'><strong>ll,</strong></span> <span class='ocrx_word' id='word_1_167' title='bbox 430 1071 512 1093; x_wconf 88' lang='lat' dir='ltr'><strong>num.</strong></span> <span class='ocrx_word' id='word_1_168' title='bbox 529 1061 596 1098; x_wconf 86' lang='grc'><strong>198)</strong></span> <span class='ocrx_word' id='word_1_169' title='bbox 611 1072 617 1092; x_wconf 90' lang='lat'>:</span> <span class='ocrx_word' id='word_1_170' title='bbox 641 1061 683 1090; x_wconf 77' lang='lat' dir='ltr'><strong>&quot;ll</strong></span> <span class='ocrx_word' id='word_1_171' title='bbox 699 1063 772 1103; x_wconf 73' lang='grc' dir='ltr'>τάχα</span> <span class='ocrx_word' id='word_1_172' title='bbox 783 1064 862 1102; x_wconf 76' lang='grc' dir='ltr'>βάθος</span> <span class='ocrx_word' id='word_1_173' title='bbox 886 1064 1011 1100; x_wconf 75' lang='grc' dir='ltr'><strong>σημαίνει</strong></span> <span class='ocrx_word' id='word_1_174' title='bbox 1026 1064 1058 1091; x_wconf 75' lang='grc' dir='ltr'><strong>τα</strong></span> 
     </span>
    </p>
   </div>
   <div class='ocr_carea' id='block_1_24' title="bbox 234 1106 1056 1147">
    <p class='ocr_par' dir='ltr' id='par_1_24' title="bbox 234 1106 1056 1147">
     <span class='ocr_line' id='line_1_24' title="bbox 234 1106 1056 1147; baseline 0.001 -13"><span class='ocrx_word' id='word_1_175' title='bbox 234 1107 373 1135; x_wconf 74' lang='grc' dir='ltr'>κατώτατα</span> <span class='ocrx_word' id='word_1_176' title='bbox 407 1110 453 1134; x_wconf 83' lang='grc' dir='ltr'>τοῦ</span> <span class='ocrx_word' id='word_1_177' title='bbox 483 1106 556 1143; x_wconf 71' lang='grc' dir='ltr'>ἅδοι),</span> <span class='ocrx_word' id='word_1_178' title='bbox 587 1107 653 1144; x_wconf 78' lang='grc' dir='ltr'>ὕψος</span> <span class='ocrx_word' id='word_1_179' title='bbox 676 1106 703 1135; x_wconf 77' lang='grc' dir='ltr'><em>δὲ</em></span> <span class='ocrx_word' id='word_1_180' title='bbox 719 1108 768 1140; x_wconf 68' lang='grc' dir='ltr'>τήν</span> <span class='ocrx_word' id='word_1_181' title='bbox 796 1108 980 1147; x_wconf 78' lang='grc' dir='ltr'>ὑπερουράνιον</span> <span class='ocrx_word' id='word_1_182' title='bbox 996 1109 1056 1147; x_wconf 60' lang='grc' dir='ltr'><strong>χώ-</strong></span> 
     </span>
    </p>
   </div>
   <div class='ocr_carea' id='block_1_25' title="bbox 237 1150 1057 1191">
    <p class='ocr_par' dir='ltr' id='par_1_25' title="bbox 237 1150 1057 1191">
     <span class='ocr_line' id='line_1_25' title="bbox 237 1150 1057 1191; baseline 0 -11"><span class='ocrx_word' id='word_1_183' title='bbox 237 1163 296 1191; x_wconf 79' lang='grc' dir='ltr'>ραν,</span> <span class='ocrx_word' id='word_1_184' title='bbox 327 1153 364 1183; x_wconf 79' lang='grc' dir='ltr'>ὥς</span> <span class='ocrx_word' id='word_1_185' title='bbox 393 1153 407 1179; x_wconf 79' lang='grc' dir='ltr'>ὁ</span> <span class='ocrx_word' id='word_1_186' title='bbox 438 1150 602 1183; x_wconf 78' lang='grc' dir='ltr'>Ἀπόστολος</span> <span class='ocrx_word' id='word_1_187' title='bbox 620 1153 689 1190; x_wconf 67' lang='grc' dir='ltr'>ἡμῖν</span> <span class='ocrx_word' id='word_1_188' title='bbox 717 1153 857 1190; x_wconf 67' lang='grc' dir='ltr'>παρίστησι</span> <span class='ocrx_word' id='word_1_189' title='bbox 890 1152 984 1191; x_wconf 73' lang='grc' dir='ltr'>λέγων·</span> <span class='ocrx_word' id='word_1_190' title='bbox 1015 1153 1057 1186; x_wconf 79' lang='grc' dir='ltr'><strong>Μὴ</strong></span> 
     </span>
    </p>
   </div>
   <div class='ocr_carea' id='block_1_26' title="bbox 235 1195 1057 1235">
    <p class='ocr_par' dir='ltr' id='par_1_26' title="bbox 235 1195 1057 1235">
     <span class='ocr_line' id='line_1_26' title="bbox 235 1195 1057 1235; baseline 0.002 -11"><span class='ocrx_word' id='word_1_191' title='bbox 235 1197 317 1235; x_wconf 77' lang='grc' dir='ltr'>εἴπῃς</span> <span class='ocrx_word' id='word_1_192' title='bbox 347 1196 373 1225; x_wconf 75' lang='grc' dir='ltr'>ἐν</span> <span class='ocrx_word' id='word_1_193' title='bbox 396 1199 430 1235; x_wconf 78' lang='grc' dir='ltr'><strong>τῇ</strong></span> <span class='ocrx_word' id='word_1_194' title='bbox 455 1195 547 1235; x_wconf 76' lang='grc' dir='ltr'>καρδίᾳ</span> <span class='ocrx_word' id='word_1_195' title='bbox 583 1208 641 1234; x_wconf 83' lang='grc' dir='ltr'>σου,</span> <span class='ocrx_word' id='word_1_196' title='bbox 669 1201 707 1228; x_wconf 77' lang='grc' dir='ltr'><strong>τίς</strong></span> <span class='ocrx_word' id='word_1_197' title='bbox 744 1196 906 1231; x_wconf 77' lang='grc' dir='ltr'>ἀναϐὴσεται</span> <span class='ocrx_word' id='word_1_198' title='bbox 935 1198 971 1229; x_wconf 77' lang='grc' dir='ltr'>εἷς</span> <span class='ocrx_word' id='word_1_199' title='bbox 1012 1199 1057 1226; x_wconf 78' lang='grc' dir='ltr'>τὸν</span> 
     </span>
    </p>
   </div>
   <div class='ocr_carea' id='block_1_27' title="bbox 234 1242 1056 1282">
    <p class='ocr_par' dir='ltr' id='par_1_27' title="bbox 234 1242 1056 1282">
     <span class='ocr_line' id='line_1_27' title="bbox 234 1242 1056 1282; baseline 0 -12"><span class='ocrx_word' id='word_1_200' title='bbox 234 1242 366 1281; x_wconf 72' lang='grc' dir='ltr'>οὖρανόνς</span> <span class='ocrx_word' id='word_1_201' title='bbox 391 1242 510 1271; x_wconf 76' lang='grc' dir='ltr'><strong>τουτέστι</strong></span> <span class='ocrx_word' id='word_1_202' title='bbox 541 1243 652 1280; x_wconf 81' lang='grc' dir='ltr'>Χριστὸν</span> <span class='ocrx_word' id='word_1_203' title='bbox 682 1249 859 1282; x_wconf 77' lang='grc' dir='ltr'>καταγαγεῖν·</span> <span class='ocrx_word' id='word_1_204' title='bbox 891 1242 908 1276; x_wconf 76' lang='grc' dir='ltr'>ἤ</span> <span class='ocrx_word' id='word_1_205' title='bbox 932 1243 970 1275; x_wconf 78' lang='grc' dir='ltr'><strong>τίς</strong></span> <span class='ocrx_word' id='word_1_206' title='bbox 1006 1253 1056 1270; x_wconf 73' lang='grc' dir='ltr'>κα-</span> 
     </span>
    </p>
   </div>
   <div class='ocr_carea' id='block_1_28' title="bbox 234 1285 1058 1326">
    <p class='ocr_par' dir='ltr' id='par_1_28' title="bbox 234 1285 1058 1326">
     <span class='ocr_line' id='line_1_28' title="bbox 234 1285 1058 1326; baseline -0.001 -12"><span class='ocrx_word' id='word_1_207' title='bbox 234 1285 379 1321; x_wconf 72' lang='grc' dir='ltr'>ταϐήσεται</span> <span class='ocrx_word' id='word_1_208' title='bbox 423 1287 459 1318; x_wconf 72' lang='grc' dir='ltr'><strong>εἰς</strong></span> <span class='ocrx_word' id='word_1_209' title='bbox 500 1286 549 1319; x_wconf 82' lang='grc' dir='ltr'>τὴν</span> <span class='ocrx_word' id='word_1_210' title='bbox 600 1285 738 1322; x_wconf 67' lang='grc' dir='ltr'>ἅϐυσσονς</span> <span class='ocrx_word' id='word_1_211' title='bbox 780 1287 899 1315; x_wconf 74' lang='grc' dir='ltr'><strong>τουτέστι</strong></span> <span class='ocrx_word' id='word_1_212' title='bbox 946 1288 1058 1326; x_wconf 80' lang='grc' dir='ltr'>Χριστὸν</span> 
     </span>
    </p>
   </div>
   <div class='ocr_carea' id='block_1_29' title="bbox 233 1330 1057 1370">
    <p class='ocr_par' dir='ltr' id='par_1_29' title="bbox 233 1330 1057 1370">
     <span class='ocr_line' id='line_1_29' title="bbox 233 1330 1057 1370; baseline 0.002 -12"><span class='ocrx_word' id='word_1_213' title='bbox 233 1332 266 1359; x_wconf 69' lang='lat' dir='ltr'><strong>Ex</strong></span> <span class='ocrx_word' id='word_1_214' title='bbox 292 1331 391 1370; x_wconf 78' lang='grc' dir='ltr'>νεκρῶν</span> <span class='ocrx_word' id='word_1_215' title='bbox 420 1330 577 1370; x_wconf 81' lang='grc' dir='ltr'>ἀναγαγεῖν.</span> <span class='ocrx_word' id='word_1_216' title='bbox 615 1330 688 1359; x_wconf 81' lang='grc' dir='ltr'>Ἐπεὶ</span> <span class='ocrx_word' id='word_1_217' title='bbox 718 1332 762 1359; x_wconf 77' lang='grc' dir='ltr'>οὖν</span> <span class='ocrx_word' id='word_1_218' title='bbox 791 1333 804 1359; x_wconf 84' lang='grc' dir='ltr'>ὁ</span> <span class='ocrx_word' id='word_1_219' title='bbox 833 1331 950 1363; x_wconf 79' lang='grc' dir='ltr'>καταϐὰς</span> <span class='ocrx_word' id='word_1_220' title='bbox 980 1331 1057 1363; x_wconf 67' lang='grc' dir='ltr'>αὐτός</span> 
     </span>
    </p>
   </div>
   <div class='ocr_carea' id='block_1_30' title="bbox 235 1373 1057 1414">
    <p class='ocr_par' dir='ltr' id='par_1_30' title="bbox 235 1373 1057 1414">
     <span class='ocr_line' id='line_1_30' title="bbox 235 1373 1057 1414; baseline 0.001 -11"><span class='ocrx_word' id='word_1_221' title='bbox 235 1376 289 1404; x_wconf 77' lang='grc' dir='ltr'>ἐστι</span> <span class='ocrx_word' id='word_1_222' title='bbox 330 1376 374 1403; x_wconf 72' lang='grc' dir='ltr'><strong>καὶ</strong></span> <span class='ocrx_word' id='word_1_223' title='bbox 420 1373 528 1412; x_wconf 70' lang='grc' dir='ltr'>ἀναϐὰς,</span> <span class='ocrx_word' id='word_1_224' title='bbox 586 1376 616 1403; x_wconf 84' lang='grc' dir='ltr'><strong>τὸ</strong></span> <span class='ocrx_word' id='word_1_225' title='bbox 659 1377 694 1406; x_wconf 81' lang='grc' dir='ltr'>εἷς</span> <span class='ocrx_word' id='word_1_226' title='bbox 742 1376 820 1414; x_wconf 77' lang='grc' dir='ltr'>βάθος</span> <span class='ocrx_word' id='word_1_227' title='bbox 858 1377 902 1404; x_wconf 75' lang='grc' dir='ltr'><strong>καὶ</strong></span> <span class='ocrx_word' id='word_1_228' title='bbox 928 1377 964 1408; x_wconf 84' lang='grc' dir='ltr'><strong>εἰς</strong></span> <span class='ocrx_word' id='word_1_229' title='bbox 991 1376 1057 1412; x_wconf 70' lang='grc' dir='ltr'>ὕψος</span> 
     </span>
    </p>
   </div>
   <div class='ocr_carea' id='block_1_31' title="bbox 236 1419 1059 1460">
    <p class='ocr_par' dir='ltr' id='par_1_31' title="bbox 236 1419 1059 1460">
     <span class='ocr_line' id='line_1_31' title="bbox 236 1419 1059 1460; baseline 0.001 -12"><span class='ocrx_word' id='word_1_230' title='bbox 236 1427 351 1458; x_wconf 75' lang='grc' dir='ltr'>σημεῖον</span> <span class='ocrx_word' id='word_1_231' title='bbox 380 1421 438 1459; x_wconf 84' lang='grc' dir='ltr'>περὶ</span> <span class='ocrx_word' id='word_1_232' title='bbox 467 1419 515 1452; x_wconf 74' lang='grc' dir='ltr'>τῆς</span> <span class='ocrx_word' id='word_1_233' title='bbox 540 1419 651 1448; x_wconf 76' lang='grc' dir='ltr'>καθόδου</span> <span class='ocrx_word' id='word_1_234' title='bbox 679 1420 710 1447; x_wconf 74' lang='grc' dir='ltr'>ἄν</span> <span class='ocrx_word' id='word_1_235' title='bbox 725 1420 772 1454; x_wconf 78' lang='grc' dir='ltr'><strong>εἴη</strong></span> <span class='ocrx_word' id='word_1_236' title='bbox 787 1420 933 1460; x_wconf 72' lang='grc' dir='ltr'>λεγόμενον</span> <span class='ocrx_word' id='word_1_237' title='bbox 947 1423 995 1454; x_wconf 83' lang='grc' dir='ltr'>τῆς</span> <span class='ocrx_word' id='word_1_238' title='bbox 1013 1423 1059 1449; x_wconf 85' lang='grc' dir='ltr'>τοῦ</span> 
     </span>
    </p>
   </div>
   <div class='ocr_carea' id='block_1_32' title="bbox 238 1463 1057 1504">
    <p class='ocr_par' dir='ltr' id='par_1_32' title="bbox 238 1463 1057 1504">
     <span class='ocr_line' id='line_1_32' title="bbox 238 1463 1057 1504; baseline 0 -11"><span class='ocrx_word' id='word_1_239' title='bbox 238 1464 340 1503; x_wconf 78' lang='grc' dir='ltr'>Κυρίου·</span> <span class='ocrx_word' id='word_1_240' title='bbox 358 1465 401 1492; x_wconf 79' lang='grc' dir='ltr'><strong>καὶ</strong></span> <span class='ocrx_word' id='word_1_241' title='bbox 431 1464 445 1492; x_wconf 82' lang='grc' dir='ltr'>ὁ</span> <span class='ocrx_word' id='word_1_242' title='bbox 473 1463 570 1495; x_wconf 67' lang='grc' dir='ltr'>ἀναϐὰς</span> <span class='ocrx_word' id='word_1_243' title='bbox 600 1464 677 1497; x_wconf 67' lang='grc' dir='ltr'>αὑτός</span> <span class='ocrx_word' id='word_1_244' title='bbox 707 1464 777 1493; x_wconf 84' lang='grc' dir='ltr'>ἐστιν</span> <span class='ocrx_word' id='word_1_245' title='bbox 803 1466 924 1504; x_wconf 74' lang='grc' dir='ltr'>ὑπεράνω</span> <span class='ocrx_word' id='word_1_246' title='bbox 950 1466 1057 1494; x_wconf 66' lang='grc' dir='ltr'>πάντων</span> 
     </span>
    </p>
   </div>
   <div class='ocr_carea' id='block_1_33' title="bbox 235 1506 1077 1546">
    <p class='ocr_par' dir='ltr' id='par_1_33' title="bbox 235 1506 1077 1546">
     <span class='ocr_line' id='line_1_33' title="bbox 235 1506 1077 1546; baseline 0.005 -9"><span class='ocrx_word' id='word_1_247' title='bbox 235 1512 287 1537; x_wconf 79' lang='grc' dir='ltr'>τῶν</span> <span class='ocrx_word' id='word_1_248' title='bbox 317 1508 446 1544; x_wconf 68' lang='grc' dir='ltr'>οὐρανῶι.</span> <span class='ocrx_word' id='word_1_249' title='bbox 468 1506 665 1546; x_wconf 83' lang='lat' dir='ltr'><strong>Hieronymus</strong></span> <span class='ocrx_word' id='word_1_250' title='bbox 681 1509 737 1540; x_wconf 90' lang='lat' dir='ltr'><strong>col.</strong></span> <span class='ocrx_word' id='word_1_251' title='bbox 755 1509 796 1540; x_wconf 83' lang='grc'>70</span> <span class='ocrx_word' id='word_1_252' title='bbox 813 1518 819 1541; x_wconf 95' lang='lat'><strong>:</strong></span> <span class='ocrx_word' id='word_1_253' title='bbox 838 1519 853 1540; x_wconf 85' lang='grc'><strong>‹</strong></span> <span class='ocrx_word' id='word_1_254' title='bbox 878 1509 913 1540; x_wconf 84' lang='grc' dir='ltr'>Ει</span> <span class='ocrx_word' id='word_1_255' title='bbox 929 1510 986 1541; x_wconf 88' lang='lat' dir='ltr'><strong>hoc</strong></span> <span class='ocrx_word' id='word_1_256' title='bbox 1000 1519 1056 1540; x_wconf 92' lang='lat' dir='ltr'><strong>no-</strong></span> <span class='ocrx_word' id='word_1_257' title='bbox 1070 1541 1077 1546; x_wconf 67' lang='grc'><strong><em>,</em></strong></span> 
     </span>
    </p>
   </div>
   <div class='ocr_carea' id='block_1_34' title="bbox 582 1517 1918 1594">
    <p class='ocr_par' dir='ltr' id='par_1_34' title="bbox 582 1517 1918 1594">
     <span class='ocr_line' id='line_1_34' title="bbox 582 1517 1918 1551; baseline 0.001 -13"><span class='ocrx_word' id='word_1_258' title='bbox 582 1517 665 1548; x_wconf 89' lang='lat' dir='ltr'><strong>ymus</strong></span> <span class='ocrx_word' id='word_1_259' title='bbox 681 1517 737 1540; x_wconf 82' lang='lat' dir='ltr'><strong>cot.</strong></span> <span class='ocrx_word' id='word_1_260' title='bbox 756 1517 796 1540; x_wconf 76' lang='grc' dir='ltr'><strong>ἰυ</strong></span> <span class='ocrx_word' id='word_1_261' title='bbox 813 1518 819 1541; x_wconf 88' lang='grc'>;</span> <span class='ocrx_word' id='word_1_262' title='bbox 838 1519 853 1540; x_wconf 85' lang='grc'><strong>‹</strong></span> <span class='ocrx_word' id='word_1_263' title='bbox 878 1517 913 1540; x_wconf 65' lang='lat' dir='ltr'><strong>ist</strong></span> <span class='ocrx_word' id='word_1_264' title='bbox 930 1517 986 1541; x_wconf 92' lang='lat' dir='ltr'><strong>noc</strong></span> <span class='ocrx_word' id='word_1_265' title='bbox 1000 1519 1056 1540; x_wconf 92' lang='lat' dir='ltr'><strong>no-</strong></span> <span class='ocrx_word' id='word_1_266' title='bbox 1070 1541 1086 1551; x_wconf 38' lang='grc' dir='ltr'><strong>,ε</strong></span> <span class='ocrx_word' id='word_1_267' title='bbox 1099 1517 1397 1550; x_wconf 73' lang='lat' dir='ltr'><strong>composuisse.(a)b&#39;t</strong></span> <span class='ocrx_word' id='word_1_268' title='bbox 1412 1517 1534 1550; x_wconf 81' lang='lat' dir='ltr'><strong>quidem</strong></span> <span class='ocrx_word' id='word_1_269' title='bbox 1551 1519 1585 1540; x_wconf 86' lang='lat' dir='ltr'><strong>ea</strong></span> <span class='ocrx_word' id='word_1_270' title='bbox 1596 1517 1639 1540; x_wconf 83' lang='lat' dir='ltr'><strong>est</strong></span> <span class='ocrx_word' id='word_1_271' title='bbox 1653 1517 1811 1540; x_wconf 81' lang='lat' dir='ltr'><strong>verborum</strong></span> <span class='ocrx_word' id='word_1_272' title='bbox 1833 1517 1918 1550; x_wconf 83' lang='lat' dir='ltr'><strong>atque</strong></span> 
     </span>
     <span class='ocr_line' id='line_1_35' title="bbox 586 1546 1918 1594; baseline 0.002 -11"><span class='ocrx_word' id='word_1_273' title='bbox 586 1562 656 1592; x_wconf 85' lang='lat' dir='ltr'><strong>rege</strong></span> <span class='ocrx_word' id='word_1_274' title='bbox 672 1553 848 1594; x_wconf 86' lang='lat' dir='ltr'><strong>impiissimo</strong></span> <span class='ocrx_word' id='word_1_275' title='bbox 878 1555 998 1585; x_wconf 86' lang='lat' dir='ltr'><strong>nolente</strong></span> <span class='ocrx_word' id='word_1_276' title='bbox 1012 1546 1086 1585; x_wconf 75' lang='lat' dir='ltr'><strong>si-&quot;</strong></span> <span class='ocrx_word' id='word_1_277' title='bbox 1100 1555 1316 1586; x_wconf 61' lang='lat' dir='ltr'><strong>sententiarum</strong></span> <span class='ocrx_word' id='word_1_278' title='bbox 1332 1555 1466 1586; x_wconf 81' lang='lat' dir='ltr'><strong>confusio</strong></span> <span class='ocrx_word' id='word_1_279' title='bbox 1483 1553 1514 1585; x_wconf 92' lang='lat' dir='ltr'><strong>in</strong></span> <span class='ocrx_word' id='word_1_280' title='bbox 1530 1555 1585 1585; x_wconf 89' lang='lat' dir='ltr'><strong>hoc</strong></span> <span class='ocrx_word' id='word_1_281' title='bbox 1600 1555 1830 1594; x_wconf 86' lang='lat' dir='ltr'><strong>commentario,</strong></span> <span class='ocrx_word' id='word_1_282' title='bbox 1846 1560 1918 1585; x_wconf 89' lang='lat' dir='ltr'><strong>tam-</strong></span> 
     </span>
    </p>
   </div>
   <div class='ocr_carea' id='block_1_35' title="bbox 237 1552 1055 1594">
    <p class='ocr_par' dir='ltr' id='par_1_35' title="bbox 237 1552 1055 1594">
     <span class='ocr_line' id='line_1_36' title="bbox 237 1552 1055 1594; baseline 0.001 -10"><span class='ocrx_word' id='word_1_283' title='bbox 237 1552 358 1584; x_wconf 88' lang='lat' dir='ltr'><strong>tandum</strong></span> <span class='ocrx_word' id='word_1_284' title='bbox 375 1552 454 1593; x_wconf 89' lang='lat' dir='ltr'><strong>quod</strong></span> <span class='ocrx_word' id='word_1_285' title='bbox 469 1552 568 1583; x_wconf 81' lang='lat' dir='ltr'><strong>Achaz</strong></span> <span class='ocrx_word' id='word_1_286' title='bbox 586 1562 656 1592; x_wconf 85' lang='lat' dir='ltr'><strong>rege</strong></span> <span class='ocrx_word' id='word_1_287' title='bbox 672 1553 848 1594; x_wconf 86' lang='lat' dir='ltr'><strong>impiissimo</strong></span> <span class='ocrx_word' id='word_1_288' title='bbox 878 1555 998 1585; x_wconf 86' lang='lat' dir='ltr'><strong>nolente</strong></span> <span class='ocrx_word' id='word_1_289' title='bbox 1012 1554 1055 1585; x_wconf 91' lang='lat' dir='ltr'><strong>si-</strong></span> 
     </span>
    </p>
   </div>
   <div class='ocr_carea' id='block_1_36' title="bbox 235 1598 1055 1639">
    <p class='ocr_par' dir='ltr' id='par_1_36' title="bbox 235 1598 1055 1639">
     <span class='ocr_line' id='line_1_37' title="bbox 235 1598 1055 1639; baseline 0.001 -11"><span class='ocrx_word' id='word_1_290' title='bbox 235 1607 325 1639; x_wconf 82' lang='lat' dir='ltr'><strong>gnum</strong></span> <span class='ocrx_word' id='word_1_291' title='bbox 342 1601 454 1638; x_wconf 85' lang='lat' dir='ltr'><strong>petere,</strong></span> <span class='ocrx_word' id='word_1_292' title='bbox 470 1607 569 1629; x_wconf 81' lang='lat' dir='ltr'><strong>sermo</strong></span> <span class='ocrx_word' id='word_1_293' title='bbox 586 1598 778 1638; x_wconf 78' lang='lat' dir='ltr'><strong>propheticus</strong></span> <span class='ocrx_word' id='word_1_294' title='bbox 806 1598 842 1629; x_wconf 86' lang='lat' dir='ltr'><strong>ad</strong></span> <span class='ocrx_word' id='word_1_295' title='bbox 855 1599 977 1630; x_wconf 91' lang='lat' dir='ltr'><strong>domum</strong></span> <span class='ocrx_word' id='word_1_296' title='bbox 995 1600 1055 1631; x_wconf 83' lang='lat' dir='ltr'><strong>Du-</strong></span> 
     </span>
    </p>
   </div>
   <div class='ocr_carea' id='block_1_37' title="bbox 235 1641 1055 1684">
    <p class='ocr_par' dir='ltr' id='par_1_37' title="bbox 235 1641 1055 1684">
     <span class='ocr_line' id='line_1_38' title="bbox 235 1641 1055 1684; baseline 0.002 -10"><span class='ocrx_word' id='word_1_297' title='bbox 235 1643 322 1674; x_wconf 83' lang='lat' dir='ltr'><strong>vid...</strong></span> <span class='ocrx_word' id='word_1_298' title='bbox 334 1647 533 1674; x_wconf 82' lang='lat' dir='ltr'><strong>convertatur.</strong></span> <span class='ocrx_word' id='word_1_299' title='bbox 549 1654 562 1670; x_wconf 78' lang='grc' dir='ltr'><strong><em>ι</em></strong></span> <span class='ocrx_word' id='word_1_300' title='bbox 576 1641 840 1674; x_wconf 85' lang='lat' dir='ltr'><strong>Pseudo-Basilius</strong></span> <span class='ocrx_word' id='word_1_301' title='bbox 856 1644 896 1684; x_wconf 83' lang='lat'><strong>(&#39;1,</strong></span> <span class='ocrx_word' id='word_1_302' title='bbox 911 1645 960 1684; x_wconf 81' lang='lat' dir='ltr'><strong>t2,</strong></span> <span class='ocrx_word' id='word_1_303' title='bbox 971 1653 1055 1677; x_wconf 89' lang='lat' dir='ltr'><strong>num.</strong></span> 
     </span>
    </p>
   </div>
   <div class='ocr_carea' id='block_1_38' title="bbox 238 1686 1055 1728">
    <p class='ocr_par' dir='ltr' id='par_1_38' title="bbox 238 1686 1055 1728">
     <span class='ocr_line' id='line_1_39' title="bbox 238 1686 1055 1728; baseline -0.001 -10"><span class='ocrx_word' id='word_1_304' title='bbox 238 1687 306 1728; x_wconf 81' lang='grc'><strong>199)</strong></span> <span class='ocrx_word' id='word_1_305' title='bbox 326 1688 386 1717; x_wconf 67' lang='grc' dir='ltr'><strong>ποὺ</strong></span> <span class='ocrx_word' id='word_1_306' title='bbox 402 1689 452 1727; x_wconf 83' lang='grc' dir='ltr'><strong>γὰρ</strong></span> <span class='ocrx_word' id='word_1_307' title='bbox 466 1686 586 1723; x_wconf 66' lang='grc' dir='ltr'>εὐλαϐείᾳ</span> <span class='ocrx_word' id='word_1_308' title='bbox 611 1690 660 1716; x_wconf 80' lang='grc' dir='ltr'>τινὶ</span> <span class='ocrx_word' id='word_1_309' title='bbox 692 1695 842 1727; x_wconf 82' lang='grc' dir='ltr'>παρῃτεῖτο</span> <span class='ocrx_word' id='word_1_310' title='bbox 868 1689 917 1722; x_wconf 75' lang='grc' dir='ltr'><strong>τὴν</strong></span> <span class='ocrx_word' id='word_1_311' title='bbox 947 1688 1055 1722; x_wconf 75' lang='grc' dir='ltr'><strong>αἴτησιν</strong></span> 
     </span>
    </p>
   </div>
   <div class='ocr_carea' id='block_1_39' title="bbox 235 1731 1056 1773">
    <p class='ocr_par' dir='ltr' id='par_1_39' title="bbox 235 1731 1056 1773">
     <span class='ocr_line' id='line_1_40' title="bbox 235 1731 1056 1773; baseline 0.001 -12"><span class='ocrx_word' id='word_1_312' title='bbox 235 1737 281 1761; x_wconf 79' lang='grc' dir='ltr'>τοῦ</span> <span class='ocrx_word' id='word_1_313' title='bbox 307 1733 418 1770; x_wconf 69' lang='grc' dir='ltr'>σημείδυ</span> <span class='ocrx_word' id='word_1_314' title='bbox 439 1733 453 1761; x_wconf 82' lang='grc' dir='ltr'><strong>ό</strong></span> <span class='ocrx_word' id='word_1_315' title='bbox 483 1731 608 1772; x_wconf 79' lang='grc' dir='ltr'><strong>Ἀχάζ..,</strong></span> <span class='ocrx_word' id='word_1_316' title='bbox 637 1733 807 1773; x_wconf 61' lang='grc' dir='ltr'>ἀποστρέψας</span> <span class='ocrx_word' id='word_1_317' title='bbox 830 1734 880 1772; x_wconf 84' lang='grc' dir='ltr'>γὰρ</span> <span class='ocrx_word' id='word_1_318' title='bbox 904 1734 948 1761; x_wconf 79' lang='grc' dir='ltr'><strong>τὸν</strong></span> <span class='ocrx_word' id='word_1_319' title='bbox 977 1733 1056 1773; x_wconf 77' lang='grc' dir='ltr'>λόγον</span> 
     </span>
    </p>
   </div>
   <div class='ocr_carea' id='block_1_40' title="bbox 235 1744 1056 1817">
    <p class='ocr_par' dir='ltr' id='par_1_40' title="bbox 235 1744 1056 1817">
     <span class='ocr_line' id='line_1_41' title="bbox 235 1744 1056 1773; baseline 0.001 -12"><span class='ocrx_word' id='word_1_320' title='bbox 235 1744 281 1761; x_wconf 84' lang='grc' dir='ltr'>του</span> <span class='ocrx_word' id='word_1_321' title='bbox 307 1744 418 1770; x_wconf 69' lang='grc' dir='ltr'>σημειδυ</span> <span class='ocrx_word' id='word_1_322' title='bbox 439 1744 453 1761; x_wconf 85' lang='grc'><strong>0</strong></span> <span class='ocrx_word' id='word_1_323' title='bbox 493 1744 608 1772; x_wconf 64' lang='grc' dir='ltr'><strong>Αχας...</strong></span> <span class='ocrx_word' id='word_1_324' title='bbox 637 1744 723 1761; x_wconf 81' lang='grc' dir='ltr'>αποστ</span> <span class='ocrx_word' id='word_1_325' title='bbox 740 1744 807 1770; x_wconf 82' lang='grc' dir='ltr'>εψας</span> <span class='ocrx_word' id='word_1_326' title='bbox 830 1744 880 1772; x_wconf 88' lang='grc' dir='ltr'>γαρ</span> <span class='ocrx_word' id='word_1_327' title='bbox 904 1744 948 1761; x_wconf 82' lang='grc' dir='ltr'><strong>τον</strong></span> <span class='ocrx_word' id='word_1_328' title='bbox 977 1744 1056 1773; x_wconf 78' lang='grc' dir='ltr'>Λογον</span> 
     </span>
     <span class='ocr_line' id='line_1_42' title="bbox 235 1744 1056 1817; baseline 0.004 -12"><span class='ocrx_word' id='word_1_329' title='bbox 235 1777 278 1805; x_wconf 67' lang='grc' dir='ltr'>ἐπὶ</span> <span class='ocrx_word' id='word_1_330' title='bbox 292 1777 338 1806; x_wconf 78' lang='grc' dir='ltr'>τοῦ</span> <span class='ocrx_word' id='word_1_331' title='bbox 352 1776 442 1814; x_wconf 80' lang='grc' dir='ltr'>Δαϐίδ,</span> <span class='ocrx_word' id='word_1_332' title='bbox 461 1779 520 1808; x_wconf 85' lang='lat' dir='ltr'><strong>etc.</strong></span> <span class='ocrx_word' id='word_1_333' title='bbox 539 1777 611 1813; x_wconf 65' lang='lat' dir='ltr'><strong>Qum</strong></span> <span class='ocrx_word' id='word_1_334' title='bbox 624 1776 704 1807; x_wconf 81' lang='lat' dir='ltr'><strong>refer</strong></span> <span class='ocrx_word' id='word_1_335' title='bbox 713 1744 924 1817; x_wconf 58' lang='lat' dir='ltr'><strong>ﬁieronymus.</strong></span> <span class='ocrx_word' id='word_1_336' title='bbox 939 1777 994 1808; x_wconf 93' lang='lat' dir='ltr'><strong>col.</strong></span> <span class='ocrx_word' id='word_1_337' title='bbox 1005 1780 1056 1816; x_wconf 86' lang='lat' dir='ltr'><strong>7t,</strong></span> 
     </span>
    </p>
   </div>
   <div class='ocr_carea' id='block_1_41' title="bbox 235 1821 1058 1861">
    <p class='ocr_par' dir='ltr' id='par_1_41' title="bbox 235 1821 1058 1861">
     <span class='ocr_line' id='line_1_43' title="bbox 235 1821 1058 1861; baseline 0.002 -9"><span class='ocrx_word' id='word_1_338' title='bbox 235 1821 274 1852; x_wconf 88' lang='lat' dir='ltr'><strong>de</strong></span> <span class='ocrx_word' id='word_1_339' title='bbox 289 1822 387 1861; x_wconf 84' lang='lat' dir='ltr'><strong>puella</strong></span> <span class='ocrx_word' id='word_1_340' title='bbox 403 1821 488 1861; x_wconf 83' lang='lat' dir='ltr'><strong>cujus</strong></span> <span class='ocrx_word' id='word_1_341' title='bbox 501 1821 533 1852; x_wconf 81' lang='lat' dir='ltr'><strong>ﬁt</strong></span> <span class='ocrx_word' id='word_1_342' title='bbox 544 1821 653 1852; x_wconf 85' lang='lat' dir='ltr'><strong>mentio</strong></span> <span class='ocrx_word' id='word_1_343' title='bbox 670 1821 699 1851; x_wconf 94' lang='lat' dir='ltr'><strong>in</strong></span> <span class='ocrx_word' id='word_1_344' title='bbox 713 1821 958 1861; x_wconf 82' lang='lat' dir='ltr'><strong>Deuteronomio,</strong></span> <span class='ocrx_word' id='word_1_345' title='bbox 976 1827 1005 1853; x_wconf 90' lang='lat' dir='ltr'><strong>et</strong></span> <span class='ocrx_word' id='word_1_346' title='bbox 1021 1823 1058 1854; x_wconf 91' lang='lat' dir='ltr'><strong>de</strong></span> 
     </span>
    </p>
   </div>
   <div class='ocr_carea' id='block_1_42' title="bbox 236 1863 1057 1907">
    <p class='ocr_par' dir='ltr' id='par_1_42' title="bbox 236 1863 1057 1907">
     <span class='ocr_line' id='line_1_44' title="bbox 236 1863 1057 1907; baseline 0.001 -10"><span class='ocrx_word' id='word_1_347' title='bbox 236 1866 358 1907; x_wconf 77' lang='lat' dir='ltr'><strong>Abisag,</strong></span> <span class='ocrx_word' id='word_1_348' title='bbox 375 1875 410 1897; x_wconf 89' lang='lat' dir='ltr'><strong>ea</strong></span> <span class='ocrx_word' id='word_1_349' title='bbox 422 1869 485 1906; x_wconf 84' lang='lat' dir='ltr'><strong>ipsa</strong></span> <span class='ocrx_word' id='word_1_350' title='bbox 497 1875 616 1905; x_wconf 85' lang='lat' dir='ltr'><strong>quoque</strong></span> <span class='ocrx_word' id='word_1_351' title='bbox 624 1874 640 1896; x_wconf 91' lang='lat' dir='ltr'><strong>e</strong></span> <span class='ocrx_word' id='word_1_352' title='bbox 650 1863 762 1896; x_wconf 70' lang='lat' dir='ltr'><strong>Graecis</strong></span> <span class='ocrx_word' id='word_1_353' title='bbox 771 1874 912 1906; x_wconf 83' lang='lat' dir='ltr'><strong>expressa</strong></span> <span class='ocrx_word' id='word_1_354' title='bbox 925 1876 991 1897; x_wconf 87' lang='lat' dir='ltr'><strong>esse</strong></span> <span class='ocrx_word' id='word_1_355' title='bbox 1001 1877 1057 1898; x_wconf 91' lang='lat' dir='ltr'><strong>ne-</strong></span> 
     </span>
    </p>
   </div>
   <div class='ocr_carea' id='block_1_43' title="bbox 237 1909 1058 1951">
    <p class='ocr_par' dir='ltr' id='par_1_43' title="bbox 237 1909 1058 1951">
     <span class='ocr_line' id='line_1_45' title="bbox 237 1909 1058 1951; baseline 0 -9"><span class='ocrx_word' id='word_1_356' title='bbox 237 1912 299 1951; x_wconf 80' lang='lat' dir='ltr'><strong>gari</strong></span> <span class='ocrx_word' id='word_1_357' title='bbox 315 1921 374 1943; x_wconf 88' lang='lat' dir='ltr'><strong>non</strong></span> <span class='ocrx_word' id='word_1_358' title='bbox 392 1909 601 1951; x_wconf 86' lang='lat' dir='ltr'><strong>potest.Velim</strong></span> <span class='ocrx_word' id='word_1_359' title='bbox 619 1909 754 1941; x_wconf 81' lang='lat' dir='ltr'><strong>conferas</strong></span> <span class='ocrx_word' id='word_1_360' title='bbox 762 1910 865 1941; x_wconf 87' lang='lat' dir='ltr'><strong>Latina</strong></span> <span class='ocrx_word' id='word_1_361' title='bbox 877 1911 1058 1943; x_wconf 59' lang='lat' dir='ltr'><strong>cumGraecis</strong></span> 
     </span>
    </p>
   </div>
   <div class='ocr_carea' id='block_1_44' title="bbox 236 1954 1058 1996">
    <p class='ocr_par' dir='ltr' id='par_1_44' title="bbox 236 1954 1058 1996">
     <span class='ocr_line' id='line_1_46' title="bbox 236 1954 1058 1996; baseline 0.001 -10"><span class='ocrx_word' id='word_1_362' title='bbox 236 1965 318 1987; x_wconf 91' lang='lat' dir='ltr'><strong>num.</strong></span> <span class='ocrx_word' id='word_1_363' title='bbox 330 1956 400 1988; x_wconf 74' lang='grc'><strong>201.</strong></span> <span class='ocrx_word' id='word_1_364' title='bbox 413 1955 609 1994; x_wconf 78' lang='lat' dir='ltr'><strong>Hieronymus</strong></span> <span class='ocrx_word' id='word_1_365' title='bbox 619 1954 676 1985; x_wconf 79' lang='lat' dir='ltr'><strong>col.</strong></span> <span class='ocrx_word' id='word_1_366' title='bbox 693 1955 741 1985; x_wconf 74' lang='grc' dir='ltr'><strong>Ἴδε</strong></span> <span class='ocrx_word' id='word_1_367' title='bbox 760 1964 775 1985; x_wconf 87' lang='grc'><strong>)</strong></span> <span class='ocrx_word' id='word_1_368' title='bbox 791 1955 916 1992; x_wconf 77' lang='lat' dir='ltr'><strong>Quidam</strong></span> <span class='ocrx_word' id='word_1_369' title='bbox 929 1957 1058 1996; x_wconf 83' lang='lat' dir='ltr'><strong>prophe-</strong></span> 
     </span>
    </p>
   </div>
   <div class='ocr_carea' id='block_1_45' title="bbox 236 1998 1057 2041">
    <p class='ocr_par' dir='ltr' id='par_1_45' title="bbox 236 1998 1057 2041">
     <span class='ocr_line' id='line_1_47' title="bbox 236 1998 1057 2041; baseline 0.001 -10"><span class='ocrx_word' id='word_1_370' title='bbox 236 2001 338 2031; x_wconf 87' lang='lat' dir='ltr'><strong>tissam</strong></span> <span class='ocrx_word' id='word_1_371' title='bbox 353 2003 484 2031; x_wconf 83' lang='lat' dir='ltr'><strong>sanctam</strong></span> <span class='ocrx_word' id='word_1_372' title='bbox 495 1998 620 2031; x_wconf 80' lang='lat' dir='ltr'><strong>Mariam</strong></span> <span class='ocrx_word' id='word_1_373' title='bbox 630 1999 875 2041; x_wconf 69' lang='lat' dir='ltr'><strong>interpretantur,</strong></span> <span class='ocrx_word' id='word_1_374' title='bbox 885 2010 975 2039; x_wconf 86' lang='lat' dir='ltr'><strong>quam</strong></span> <span class='ocrx_word' id='word_1_375' title='bbox 985 2010 1057 2040; x_wconf 88' lang='lat' dir='ltr'><strong>pro-</strong></span> 
     </span>
    </p>
   </div>
   <div class='ocr_carea' id='block_1_46' title="bbox 235 2043 1058 2086">
    <p class='ocr_par' dir='ltr' id='par_1_46' title="bbox 235 2043 1058 2086">
     <span class='ocr_line' id='line_1_48' title="bbox 235 2043 1058 2086; baseline 0 -10"><span class='ocrx_word' id='word_1_376' title='bbox 235 2045 338 2086; x_wconf 83' lang='lat' dir='ltr'><strong>phetin</strong></span> <span class='ocrx_word' id='word_1_377' title='bbox 351 2045 440 2076; x_wconf 78' lang='lat' dir='ltr'><strong>fuisse</strong></span> <span class='ocrx_word' id='word_1_378' title='bbox 456 2053 515 2074; x_wconf 89' lang='lat' dir='ltr'><strong>non</strong></span> <span class='ocrx_word' id='word_1_379' title='bbox 528 2043 651 2074; x_wconf 91' lang='lat' dir='ltr'><strong>dubium</strong></span> <span class='ocrx_word' id='word_1_380' title='bbox 666 2048 711 2074; x_wconf 88' lang='lat' dir='ltr'><strong>est</strong></span> <span class='ocrx_word' id='word_1_381' title='bbox 730 2053 737 2075; x_wconf 93' lang='lat'>:</span> <span class='ocrx_word' id='word_1_382' title='bbox 755 2045 818 2084; x_wconf 87' lang='lat' dir='ltr'><strong>ipsa</strong></span> <span class='ocrx_word' id='word_1_383' title='bbox 829 2045 908 2075; x_wconf 91' lang='lat' dir='ltr'><strong>enim</strong></span> <span class='ocrx_word' id='word_1_384' title='bbox 926 2045 1058 2085; x_wconf 84' lang='lat' dir='ltr'><strong>loquitur</strong></span> 
     </span>
    </p>
   </div>
   <div class='ocr_carea' id='block_1_47' title="bbox 235 2088 1057 2130">
    <p class='ocr_par' dir='ltr' id='par_1_47' title="bbox 235 2088 1057 2130">
     <span class='ocr_line' id='line_1_49' title="bbox 235 2088 1057 2130; baseline 0.001 -10"><span class='ocrx_word' id='word_1_385' title='bbox 235 2089 266 2120; x_wconf 91' lang='lat' dir='ltr'><strong>in</strong></span> <span class='ocrx_word' id='word_1_386' title='bbox 283 2089 531 2130; x_wconf 76' lang='lat' dir='ltr'><strong>EvangeliozEcce</strong></span> <span class='ocrx_word' id='word_1_387' title='bbox 543 2091 622 2119; x_wconf 84' lang='lat' dir='ltr'><strong>eaim</strong></span> <span class='ocrx_word' id='word_1_388' title='bbox 633 2088 742 2120; x_wconf 77' lang='grc' dir='ltr'>ωηοάο</span> <span class='ocrx_word' id='word_1_389' title='bbox 757 2088 877 2120; x_wconf 77' lang='lat' dir='ltr'><strong>beatam</strong></span> <span class='ocrx_word' id='word_1_390' title='bbox 894 2099 942 2121; x_wconf 82' lang='lat' dir='ltr'><strong>me</strong></span> <span class='ocrx_word' id='word_1_391' title='bbox 956 2091 1057 2121; x_wconf 73' lang='lat' dir='ltr'><strong>dicent</strong></span> 
     </span>
    </p>
   </div>
   <div class='ocr_carea' id='block_1_48' title="bbox 1103 256 1922 298">
    <p class='ocr_par' dir='ltr' id='par_1_48' title="bbox 1103 256 1922 298">
     <span class='ocr_line' id='line_1_50' title="bbox 1103 256 1922 298; baseline 0.005 -12"><span class='ocrx_word' id='word_1_392' title='bbox 1103 256 1154 295; x_wconf 90' lang='lat' dir='ltr'><strong>qui</strong></span> <span class='ocrx_word' id='word_1_393' title='bbox 1163 266 1270 287; x_wconf 90' lang='lat' dir='ltr'><strong>nomen</strong></span> <span class='ocrx_word' id='word_1_394' title='bbox 1280 256 1582 297; x_wconf 65' lang='lat' dir='ltr'><strong>Basiliiprazl‘ertmon</strong></span> <span class='ocrx_word' id='word_1_395' title='bbox 1592 257 1707 288; x_wconf 88' lang='lat' dir='ltr'><strong>noverit</strong></span> <span class='ocrx_word' id='word_1_396' title='bbox 1715 257 1922 298; x_wconf 79' lang='lat' dir='ltr'><strong>Hieronymus,</strong></span> 
     </span>
    </p>
   </div>
   <div class='ocr_carea' id='block_1_49' title="bbox 1103 301 1922 344">
    <p class='ocr_par' dir='ltr' id='par_1_49' title="bbox 1103 301 1922 344">
     <span class='ocr_line' id='line_1_51' title="bbox 1103 301 1922 344; baseline 0.002 -12"><span class='ocrx_word' id='word_1_397' title='bbox 1103 310 1157 332; x_wconf 92' lang='lat' dir='ltr'><strong>nec</strong></span> <span class='ocrx_word' id='word_1_398' title='bbox 1166 301 1309 332; x_wconf 87' lang='lat' dir='ltr'><strong>credibile</strong></span> <span class='ocrx_word' id='word_1_399' title='bbox 1321 303 1359 332; x_wconf 84' lang='lat' dir='ltr'><strong>sit</strong></span> <span class='ocrx_word' id='word_1_400' title='bbox 1370 302 1578 335; x_wconf 82' lang='lat' dir='ltr'><strong>commentarii</strong></span> <span class='ocrx_word' id='word_1_401' title='bbox 1591 302 1768 342; x_wconf 84' lang='lat' dir='ltr'><strong>scriptorem</strong></span> <span class='ocrx_word' id='word_1_402' title='bbox 1780 302 1922 344; x_wconf 79' lang='lat' dir='ltr'><strong>Hierony-</strong></span> 
     </span>
    </p>
   </div>
   <div class='ocr_carea' id='block_1_50' title="bbox 1103 345 1922 386">
    <p class='ocr_par' dir='ltr' id='par_1_50' title="bbox 1103 345 1922 386">
     <span class='ocr_line' id='line_1_52' title="bbox 1103 345 1922 386; baseline 0.002 -10"><span class='ocrx_word' id='word_1_403' title='bbox 1103 346 1201 377; x_wconf 85' lang='lat' dir='ltr'><strong>miana</strong></span> <span class='ocrx_word' id='word_1_404' title='bbox 1218 345 1320 378; x_wconf 72' lang='lat' dir='ltr'><strong>Graece</strong></span> <span class='ocrx_word' id='word_1_405' title='bbox 1334 346 1513 380; x_wconf 88' lang='lat' dir='ltr'><strong>reddidisse.</strong></span> <span class='ocrx_word' id='word_1_406' title='bbox 1526 346 1691 386; x_wconf 74' lang='lat' dir='ltr'><strong>pmsertim</strong></span> <span class='ocrx_word' id='word_1_407' title='bbox 1704 356 1770 377; x_wconf 85' lang='lat' dir='ltr'><strong>cum</strong></span> <span class='ocrx_word' id='word_1_408' title='bbox 1785 348 1815 378; x_wconf 91' lang='lat' dir='ltr'><strong>in</strong></span> <span class='ocrx_word' id='word_1_409' title='bbox 1828 348 1922 378; x_wconf 88' lang='lat' dir='ltr'><strong>mani-</strong></span> 
     </span>
    </p>
   </div>
   <div class='ocr_carea' id='block_1_51' title="bbox 1102 389 1925 432">
    <p class='ocr_par' dir='ltr' id='par_1_51' title="bbox 1102 389 1925 432">
     <span class='ocr_line' id='line_1_53' title="bbox 1102 389 1925 432; baseline 0.002 -11"><span class='ocrx_word' id='word_1_410' title='bbox 1102 389 1158 421; x_wconf 90' lang='lat' dir='ltr'><strong>bus</strong></span> <span class='ocrx_word' id='word_1_411' title='bbox 1173 390 1305 421; x_wconf 86' lang='lat' dir='ltr'><strong>omuium</strong></span> <span class='ocrx_word' id='word_1_412' title='bbox 1322 395 1608 421; x_wconf 69' lang='lat' dir='ltr'><strong>essentcommental</strong></span> <span class='ocrx_word' id='word_1_413' title='bbox 1619 390 1746 432; x_wconf 73' lang='lat' dir='ltr'><strong>iiGraaci,</strong></span> <span class='ocrx_word' id='word_1_414' title='bbox 1765 391 1847 422; x_wconf 88' lang='lat' dir='ltr'><strong>unde</strong></span> <span class='ocrx_word' id='word_1_415' title='bbox 1856 392 1925 423; x_wconf 80' lang='lat' dir='ltr'><strong>faci-</strong></span> 
     </span>
    </p>
   </div>
   <div class='ocr_carea' id='block_1_52' title="bbox 1102 435 1924 477">
    <p class='ocr_par' dir='ltr' id='par_1_52' title="bbox 1102 435 1924 477">
     <span class='ocr_line' id='line_1_54' title="bbox 1102 435 1924 477; baseline 0.002 -11"><span class='ocrx_word' id='word_1_416' title='bbox 1102 436 1158 466; x_wconf 92' lang='lat' dir='ltr'><strong>lius</strong></span> <span class='ocrx_word' id='word_1_417' title='bbox 1175 436 1295 466; x_wconf 88' lang='lat' dir='ltr'><strong>haurire</strong></span> <span class='ocrx_word' id='word_1_418' title='bbox 1313 439 1438 475; x_wconf 89' lang='lat' dir='ltr'><strong>poterat.</strong></span> <span class='ocrx_word' id='word_1_419' title='bbox 1455 440 1536 467; x_wconf 90' lang='lat' dir='ltr'><strong>certe</strong></span> <span class='ocrx_word' id='word_1_420' title='bbox 1554 440 1659 466; x_wconf 86' lang='lat' dir='ltr'><strong>neuter</strong></span> <span class='ocrx_word' id='word_1_421' title='bbox 1674 435 1711 466; x_wconf 84' lang='lat' dir='ltr'><strong>ab</strong></span> <span class='ocrx_word' id='word_1_422' title='bbox 1726 435 1821 467; x_wconf 85' lang='lat' dir='ltr'><strong>altero</strong></span> <span class='ocrx_word' id='word_1_423' title='bbox 1837 437 1924 477; x_wconf 89' lang='lat' dir='ltr'><strong>quid-</strong></span> 
     </span>
    </p>
   </div>
   <div class='ocr_carea' id='block_1_53' title="bbox 1101 479 1923 522">
    <p class='ocr_par' dir='ltr' id='par_1_53' title="bbox 1101 479 1923 522">
     <span class='ocr_line' id='line_1_55' title="bbox 1101 479 1923 522; baseline 0.002 -12"><span class='ocrx_word' id='word_1_424' title='bbox 1101 489 1190 519; x_wconf 87' lang='lat' dir='ltr'><strong>quam</strong></span> <span class='ocrx_word' id='word_1_425' title='bbox 1206 480 1370 520; x_wconf 80' lang='lat' dir='ltr'><strong>sumpsisse</strong></span> <span class='ocrx_word' id='word_1_426' title='bbox 1382 480 1529 518; x_wconf 86' lang='lat' dir='ltr'><strong>putandus</strong></span> <span class='ocrx_word' id='word_1_427' title='bbox 1541 479 1710 518; x_wconf 73' lang='lat' dir='ltr'><strong>est.Quare,</strong></span> <span class='ocrx_word' id='word_1_428' title='bbox 1724 485 1754 511; x_wconf 90' lang='lat' dir='ltr'><strong>ut</strong></span> <span class='ocrx_word' id='word_1_429' title='bbox 1767 481 1841 512; x_wconf 87' lang='lat' dir='ltr'><strong>mihi</strong></span> <span class='ocrx_word' id='word_1_430' title='bbox 1857 481 1923 522; x_wconf 88' lang='lat' dir='ltr'><strong>qui-</strong></span> 
     </span>
    </p>
   </div>
   <div class='ocr_carea' id='block_1_54' title="bbox 1102 524 1926 566">
    <p class='ocr_par' dir='ltr' id='par_1_54' title="bbox 1102 524 1926 566">
     <span class='ocr_line' id='line_1_56' title="bbox 1102 524 1926 566; baseline 0.001 -11"><span class='ocrx_word' id='word_1_431' title='bbox 1102 525 1169 555; x_wconf 88' lang='lat' dir='ltr'><strong>dem</strong></span> <span class='ocrx_word' id='word_1_432' title='bbox 1185 526 1314 565; x_wconf 79' lang='lat' dir='ltr'><strong>videtur,</strong></span> <span class='ocrx_word' id='word_1_433' title='bbox 1325 525 1456 556; x_wconf 88' lang='lat' dir='ltr'><strong>dubitari</strong></span> <span class='ocrx_word' id='word_1_434' title='bbox 1470 524 1518 556; x_wconf 78' lang='lat' dir='ltr'><strong>vix</strong></span> <span class='ocrx_word' id='word_1_435' title='bbox 1535 529 1630 564; x_wconf 88' lang='lat' dir='ltr'><strong>potest</strong></span> <span class='ocrx_word' id='word_1_436' title='bbox 1645 526 1716 565; x_wconf 90' lang='lat' dir='ltr'><strong>quin</strong></span> <span class='ocrx_word' id='word_1_437' title='bbox 1743 529 1879 566; x_wconf 90' lang='lat' dir='ltr'><strong>uterque,</strong></span> <span class='ocrx_word' id='word_1_438' title='bbox 1897 530 1926 556; x_wconf 86' lang='lat' dir='ltr'><strong>et</strong></span> 
     </span>
    </p>
   </div>
   <div class='ocr_carea' id='block_1_55' title="bbox 1103 570 1926 610">
    <p class='ocr_par' dir='ltr' id='par_1_55' title="bbox 1103 570 1926 610">
     <span class='ocr_line' id='line_1_57' title="bbox 1103 570 1926 610; baseline 0 -9"><span class='ocrx_word' id='word_1_439' title='bbox 1103 570 1300 610; x_wconf 82' lang='lat' dir='ltr'><strong>Hieronymus</strong></span> <span class='ocrx_word' id='word_1_440' title='bbox 1311 575 1339 600; x_wconf 93' lang='lat' dir='ltr'><strong>et</strong></span> <span class='ocrx_word' id='word_1_441' title='bbox 1346 579 1410 602; x_wconf 87' lang='lat' dir='ltr'><strong>com</strong></span> <span class='ocrx_word' id='word_1_442' title='bbox 1417 570 1551 600; x_wconf 77' lang='lat' dir='ltr'><strong>mentarii</strong></span> <span class='ocrx_word' id='word_1_443' title='bbox 1564 570 1691 609; x_wconf 88' lang='lat' dir='ltr'><strong>scriptor</strong></span> <span class='ocrx_word' id='word_1_444' title='bbox 1702 579 1737 602; x_wconf 88' lang='lat' dir='ltr'><strong>ea</strong></span> <span class='ocrx_word' id='word_1_445' title='bbox 1745 580 1811 610; x_wconf 71' lang='lat' dir='ltr'><strong>quae</strong></span> <span class='ocrx_word' id='word_1_446' title='bbox 1820 571 1926 601; x_wconf 81' lang='lat' dir='ltr'><strong>exscri-</strong></span> 
     </span>
    </p>
   </div>
   <div class='ocr_carea' id='block_1_56' title="bbox 1103 613 1924 656">
    <p class='ocr_par' dir='ltr' id='par_1_56' title="bbox 1103 613 1924 656">
     <span class='ocr_line' id='line_1_58' title="bbox 1103 613 1924 656; baseline 0 -10"><span class='ocrx_word' id='word_1_447' title='bbox 1103 616 1216 656; x_wconf 88' lang='lat' dir='ltr'><strong>psimus</strong></span> <span class='ocrx_word' id='word_1_448' title='bbox 1229 616 1292 646; x_wconf 81' lang='lat' dir='ltr'><strong>loca</strong></span> <span class='ocrx_word' id='word_1_449' title='bbox 1307 614 1343 645; x_wconf 89' lang='lat' dir='ltr'><strong>ab</strong></span> <span class='ocrx_word' id='word_1_450' title='bbox 1359 613 1489 645; x_wconf 86' lang='lat' dir='ltr'><strong>Eusebio</strong></span> <span class='ocrx_word' id='word_1_451' title='bbox 1501 614 1671 654; x_wconf 88' lang='lat' dir='ltr'><strong>sumpserit,</strong></span> <span class='ocrx_word' id='word_1_452' title='bbox 1685 615 1924 656; x_wconf 84' lang='lat' dir='ltr'><strong>quandoquidem</strong></span> 
     </span>
    </p>
   </div>
   <div class='ocr_carea' id='block_1_57' title="bbox 1102 655 1925 700">
    <p class='ocr_par' dir='ltr' id='par_1_57' title="bbox 1102 655 1925 700">
     <span class='ocr_line' id='line_1_59' title="bbox 1102 655 1925 700; baseline -0.001 -8"><span class='ocrx_word' id='word_1_453' title='bbox 1102 655 1128 700; x_wconf 81' lang='lat' dir='ltr'><strong>ej</strong></span> <span class='ocrx_word' id='word_1_454' title='bbox 1134 655 1323 691; x_wconf 55' lang='lat' dir='ltr'><strong>tis—inhalatu</strong></span> <span class='ocrx_word' id='word_1_455' title='bbox 1335 659 1565 690; x_wconf 79' lang='lat' dir='ltr'><strong>commentarios</strong></span> <span class='ocrx_word' id='word_1_456' title='bbox 1573 659 1608 689; x_wconf 80' lang='lat' dir='ltr'><strong>ab</strong></span> <span class='ocrx_word' id='word_1_457' title='bbox 1617 664 1743 700; x_wconf 88' lang='lat' dir='ltr'><strong>utroque</strong></span> <span class='ocrx_word' id='word_1_458' title='bbox 1749 660 1925 700; x_wconf 79' lang='lat' dir='ltr'><strong>compilatos</strong></span> 
     </span>
    </p>
   </div>
   <div class='ocr_carea' id='block_1_58' title="bbox 1101 704 1922 738">
    <p class='ocr_par' dir='ltr' id='par_1_58' title="bbox 1101 704 1922 738">
     <span class='ocr_line' id='line_1_60' title="bbox 1101 704 1922 738; baseline 0 -3"><span class='ocrx_word' id='word_1_459' title='bbox 1101 714 1167 736; x_wconf 85' lang='lat' dir='ltr'><strong>esse</strong></span> <span class='ocrx_word' id='word_1_460' title='bbox 1182 705 1305 736; x_wconf 85' lang='lat' dir='ltr'><strong>aliunde</strong></span> <span class='ocrx_word' id='word_1_461' title='bbox 1319 704 1468 735; x_wconf 84' lang='lat' dir='ltr'><strong>novimus.</strong></span> <span class='ocrx_word' id='word_1_462' title='bbox 1486 704 1561 734; x_wconf 83' lang='lat' dir='ltr'><strong>Illud</strong></span> <span class='ocrx_word' id='word_1_463' title='bbox 1579 708 1678 734; x_wconf 86' lang='lat' dir='ltr'><strong>tamen</strong></span> <span class='ocrx_word' id='word_1_464' title='bbox 1693 708 1829 735; x_wconf 80' lang='lat' dir='ltr'><strong>notatum</strong></span> <span class='ocrx_word' id='word_1_465' title='bbox 1846 705 1922 738; x_wconf 83' lang='lat' dir='ltr'><strong>volo.</strong></span> 
     </span>
    </p>
   </div>
   <div class='ocr_carea' id='block_1_59' title="bbox 1099 746 1924 790">
    <p class='ocr_par' dir='ltr' id='par_1_59' title="bbox 1099 746 1924 790">
     <span class='ocr_line' id='line_1_61' title="bbox 1099 746 1924 790; baseline 0 -10"><span class='ocrx_word' id='word_1_466' title='bbox 1099 750 1275 790; x_wconf 83' lang='lat' dir='ltr'><strong>scriptorem</strong></span> <span class='ocrx_word' id='word_1_467' title='bbox 1291 749 1499 779; x_wconf 85' lang='lat' dir='ltr'><strong>commentarii</strong></span> <span class='ocrx_word' id='word_1_468' title='bbox 1515 746 1739 790; x_wconf 80' lang='lat' dir='ltr'><strong>abHieronymo</strong></span> <span class='ocrx_word' id='word_1_469' title='bbox 1753 750 1781 780; x_wconf 90' lang='lat' dir='ltr'><strong>in</strong></span> <span class='ocrx_word' id='word_1_470' title='bbox 1795 759 1831 780; x_wconf 90' lang='lat' dir='ltr'><strong>eo</strong></span> <span class='ocrx_word' id='word_1_471' title='bbox 1843 749 1924 780; x_wconf 90' lang='lat' dir='ltr'><strong>dissi-</strong></span> 
     </span>
    </p>
   </div>
   <div class='ocr_carea' id='block_1_60' title="bbox 1100 793 1923 835">
    <p class='ocr_par' dir='ltr' id='par_1_60' title="bbox 1100 793 1923 835">
     <span class='ocr_line' id='line_1_62' title="bbox 1100 793 1923 835; baseline 0.001 -11"><span class='ocrx_word' id='word_1_472' title='bbox 1100 794 1265 835; x_wconf 88' lang='lat' dir='ltr'><strong>dere,quod</strong></span> <span class='ocrx_word' id='word_1_473' title='bbox 1278 793 1449 824; x_wconf 90' lang='lat' dir='ltr'><strong>illeEusebii</strong></span> <span class='ocrx_word' id='word_1_474' title='bbox 1462 793 1627 833; x_wconf 82' lang='lat' dir='ltr'><strong>fragmenta</strong></span> <span class='ocrx_word' id='word_1_475' title='bbox 1640 796 1762 824; x_wconf 61' lang='lat' dir='ltr'><strong>insuum</strong></span> <span class='ocrx_word' id='word_1_476' title='bbox 1775 803 1923 825; x_wconf 88' lang='lat' dir='ltr'><strong>commen-</strong></span> 
     </span>
    </p>
   </div>
   <div class='ocr_carea' id='block_1_61' title="bbox 1101 838 1924 875">
    <p class='ocr_par' dir='ltr' id='par_1_61' title="bbox 1101 838 1924 875">
     <span class='ocr_line' id='line_1_63' title="bbox 1101 838 1924 875; baseline 0 -6"><span class='ocrx_word' id='word_1_477' title='bbox 1101 839 1205 869; x_wconf 86' lang='lat' dir='ltr'><strong>tarium</strong></span> <span class='ocrx_word' id='word_1_478' title='bbox 1222 838 1258 869; x_wconf 85' lang='lat' dir='ltr'><strong>ad</strong></span> <span class='ocrx_word' id='word_1_479' title='bbox 1275 838 1398 869; x_wconf 86' lang='lat' dir='ltr'><strong>verbum</strong></span> <span class='ocrx_word' id='word_1_480' title='bbox 1410 838 1628 875; x_wconf 81' lang='lat' dir='ltr'><strong>transferat;hic</strong></span> <span class='ocrx_word' id='word_1_481' title='bbox 1639 847 1707 868; x_wconf 83' lang='lat' dir='ltr'><strong>vero</strong></span> <span class='ocrx_word' id='word_1_482' title='bbox 1719 838 1924 869; x_wconf 83' lang='lat' dir='ltr'><strong>itaEusebiana</strong></span> 
     </span>
    </p>
   </div>
   <div class='ocr_carea' id='block_1_62' title="bbox 1101 882 1923 923">
    <p class='ocr_par' dir='ltr' id='par_1_62' title="bbox 1101 882 1923 923">
     <span class='ocr_line' id='line_1_64' title="bbox 1101 882 1923 923; baseline 0 -9"><span class='ocrx_word' id='word_1_483' title='bbox 1101 888 1263 921; x_wconf 87' lang='lat' dir='ltr'><strong>mutuetur,</strong></span> <span class='ocrx_word' id='word_1_484' title='bbox 1280 887 1312 913; x_wconf 91' lang='lat' dir='ltr'><strong>ut</strong></span> <span class='ocrx_word' id='word_1_485' title='bbox 1326 892 1361 913; x_wconf 89' lang='lat' dir='ltr'><strong>ea</strong></span> <span class='ocrx_word' id='word_1_486' title='bbox 1390 887 1419 913; x_wconf 92' lang='lat' dir='ltr'><strong>et</strong></span> <span class='ocrx_word' id='word_1_487' title='bbox 1433 882 1569 913; x_wconf 86' lang='lat' dir='ltr'><strong>ornando</strong></span> <span class='ocrx_word' id='word_1_488' title='bbox 1587 888 1617 913; x_wconf 89' lang='lat' dir='ltr'><strong>et</strong></span> <span class='ocrx_word' id='word_1_489' title='bbox 1631 883 1770 913; x_wconf 83' lang='lat' dir='ltr'><strong>addendo</strong></span> <span class='ocrx_word' id='word_1_490' title='bbox 1781 892 1836 913; x_wconf 87' lang='lat' dir='ltr'><strong>sua</strong></span> <span class='ocrx_word' id='word_1_491' title='bbox 1851 893 1923 923; x_wconf 87' lang='lat' dir='ltr'><strong>quo-</strong></span> 
     </span>
    </p>
   </div>
   <div class='ocr_carea' id='block_1_63' title="bbox 1100 927 1924 967">
    <p class='ocr_par' dir='ltr' id='par_1_63' title="bbox 1100 927 1924 967">
     <span class='ocr_line' id='line_1_65' title="bbox 1100 927 1924 967; baseline -0.001 -9"><span class='ocrx_word' id='word_1_492' title='bbox 1100 928 1258 958; x_wconf 87' lang='lat' dir='ltr'><strong>dammodo</strong></span> <span class='ocrx_word' id='word_1_493' title='bbox 1275 927 1393 958; x_wconf 77' lang='lat' dir='ltr'><strong>efﬁciat.</strong></span> <span class='ocrx_word' id='word_1_494' title='bbox 1413 927 1453 958; x_wconf 85' lang='lat' dir='ltr'><strong>Ex</strong></span> <span class='ocrx_word' id='word_1_495' title='bbox 1467 927 1575 967; x_wconf 89' lang='lat' dir='ltr'><strong>quibus</strong></span> <span class='ocrx_word' id='word_1_496' title='bbox 1590 928 1731 958; x_wconf 88' lang='lat' dir='ltr'><strong>omnibus</strong></span> <span class='ocrx_word' id='word_1_497' title='bbox 1741 928 1886 967; x_wconf 79' lang='lat' dir='ltr'><strong>colligere</strong></span> <span class='ocrx_word' id='word_1_498' title='bbox 1894 928 1924 958; x_wconf 84' lang='lat' dir='ltr'><strong>li-</strong></span> 
     </span>
    </p>
   </div>
   <div class='ocr_carea' id='block_1_64' title="bbox 1099 971 1924 1013">
    <p class='ocr_par' dir='ltr' id='par_1_64' title="bbox 1099 971 1924 1013">
     <span class='ocr_line' id='line_1_66' title="bbox 1099 971 1924 1013; baseline 0 -10"><span class='ocrx_word' id='word_1_499' title='bbox 1099 973 1287 1013; x_wconf 85' lang='lat' dir='ltr'><strong>ceteum,qui</strong></span> <span class='ocrx_word' id='word_1_500' title='bbox 1297 973 1504 1013; x_wconf 82' lang='lat' dir='ltr'><strong>imperfectum</strong></span> <span class='ocrx_word' id='word_1_501' title='bbox 1517 971 1600 1002; x_wconf 91' lang='lat' dir='ltr'><strong>illum</strong></span> <span class='ocrx_word' id='word_1_502' title='bbox 1613 973 1646 1003; x_wconf 73' lang='lat' dir='ltr'><strong>in</strong></span> <span class='ocrx_word' id='word_1_503' title='bbox 1654 971 1766 1003; x_wconf 69' lang='lat' dir='ltr'><strong>Isaiam</strong></span> <span class='ocrx_word' id='word_1_504' title='bbox 1776 982 1843 1003; x_wconf 91' lang='lat' dir='ltr'><strong>com</strong></span> <span class='ocrx_word' id='word_1_505' title='bbox 1850 982 1924 1003; x_wconf 89' lang='lat' dir='ltr'><strong>men-</strong></span> 
     </span>
    </p>
   </div>
   <div class='ocr_carea' id='block_1_65' title="bbox 1099 1016 1923 1057">
    <p class='ocr_par' dir='ltr' id='par_1_65' title="bbox 1099 1016 1923 1057">
     <span class='ocr_line' id='line_1_67' title="bbox 1099 1016 1923 1057; baseline -0.001 -9"><span class='ocrx_word' id='word_1_506' title='bbox 1099 1017 1205 1048; x_wconf 90' lang='lat' dir='ltr'><strong>tarium</strong></span> <span class='ocrx_word' id='word_1_507' title='bbox 1232 1017 1361 1057; x_wconf 86' lang='lat' dir='ltr'><strong>scripsit,</strong></span> <span class='ocrx_word' id='word_1_508' title='bbox 1398 1017 1555 1048; x_wconf 83' lang='lat' dir='ltr'><strong>maximam</strong></span> <span class='ocrx_word' id='word_1_509' title='bbox 1573 1017 1619 1048; x_wconf 92' lang='lat' dir='ltr'><strong>sui</strong></span> <span class='ocrx_word' id='word_1_510' title='bbox 1644 1016 1743 1057; x_wconf 88' lang='lat' dir='ltr'><strong>operis</strong></span> <span class='ocrx_word' id='word_1_511' title='bbox 1760 1021 1876 1056; x_wconf 89' lang='lat' dir='ltr'><strong>partem</strong></span> <span class='ocrx_word' id='word_1_512' title='bbox 1891 1017 1923 1047; x_wconf 81' lang='lat' dir='ltr'><strong>ab</strong></span> 
     </span>
    </p>
   </div>
   <div class='ocr_carea' id='block_1_66' title="bbox 1100 1061 1923 1098">
    <p class='ocr_par' dir='ltr' id='par_1_66' title="bbox 1100 1061 1923 1098">
     <span class='ocr_line' id='line_1_68' title="bbox 1100 1061 1923 1098; baseline -0.001 -5"><span class='ocrx_word' id='word_1_513' title='bbox 1100 1061 1231 1093; x_wconf 87' lang='lat' dir='ltr'><strong>Eusebio</strong></span> <span class='ocrx_word' id='word_1_514' title='bbox 1242 1062 1277 1093; x_wconf 86' lang='lat' dir='ltr'><strong>ad</strong></span> <span class='ocrx_word' id='word_1_515' title='bbox 1288 1062 1410 1093; x_wconf 85' lang='lat' dir='ltr'><strong>verbum</strong></span> <span class='ocrx_word' id='word_1_516' title='bbox 1424 1066 1586 1093; x_wconf 84' lang='lat' dir='ltr'><strong>mutuatum</strong></span> <span class='ocrx_word' id='word_1_517' title='bbox 1597 1071 1674 1093; x_wconf 90' lang='lat' dir='ltr'><strong>esse.</strong></span> <span class='ocrx_word' id='word_1_518' title='bbox 1688 1061 1771 1098; x_wconf 89' lang='lat' dir='ltr'><strong>Quod</strong></span> <span class='ocrx_word' id='word_1_519' title='bbox 1782 1062 1864 1093; x_wconf 90' lang='lat' dir='ltr'><strong>erim</strong></span> <span class='ocrx_word' id='word_1_520' title='bbox 1878 1071 1923 1092; x_wconf 91' lang='lat' dir='ltr'><strong>no-</strong></span> 
     </span>
    </p>
   </div>
   <div class='ocr_carea' id='block_1_67' title="bbox 1101 1106 1922 1146">
    <p class='ocr_par' dir='ltr' id='par_1_67' title="bbox 1101 1106 1922 1146">
     <span class='ocr_line' id='line_1_69' title="bbox 1101 1106 1922 1146; baseline 0 -9"><span class='ocrx_word' id='word_1_521' title='bbox 1101 1107 1225 1138; x_wconf 81' lang='lat' dir='ltr'><strong>tavimus</strong></span> <span class='ocrx_word' id='word_1_522' title='bbox 1239 1111 1389 1146; x_wconf 84' lang='lat' dir='ltr'><strong>sumptum</strong></span> <span class='ocrx_word' id='word_1_523' title='bbox 1398 1106 1489 1137; x_wconf 80' lang='lat' dir='ltr'><strong>fuisse</strong></span> <span class='ocrx_word' id='word_1_524' title='bbox 1503 1107 1539 1137; x_wconf 88' lang='lat' dir='ltr'><strong>ab</strong></span> <span class='ocrx_word' id='word_1_525' title='bbox 1550 1107 1730 1146; x_wconf 84' lang='lat' dir='ltr'><strong>Hieronymo</strong></span> <span class='ocrx_word' id='word_1_526' title='bbox 1743 1116 1759 1137; x_wconf 89' lang='lat' dir='ltr'><strong>e</strong></span> <span class='ocrx_word' id='word_1_527' title='bbox 1768 1116 1922 1137; x_wconf 88' lang='lat' dir='ltr'><strong>commen-</strong></span> 
     </span>
    </p>
   </div>
   <div class='ocr_carea' id='block_1_68' title="bbox 1101 1151 1922 1192">
    <p class='ocr_par' dir='ltr' id='par_1_68' title="bbox 1101 1151 1922 1192">
     <span class='ocr_line' id='line_1_70' title="bbox 1101 1151 1922 1192; baseline 0.001 -10"><span class='ocrx_word' id='word_1_528' title='bbox 1101 1152 1183 1183; x_wconf 91' lang='lat' dir='ltr'><strong>tariis</strong></span> <span class='ocrx_word' id='word_1_529' title='bbox 1195 1151 1327 1190; x_wconf 86' lang='lat' dir='ltr'><strong>Eusebii,</strong></span> <span class='ocrx_word' id='word_1_530' title='bbox 1344 1151 1372 1182; x_wconf 94' lang='lat' dir='ltr'><strong>id</strong></span> <span class='ocrx_word' id='word_1_531' title='bbox 1390 1161 1509 1191; x_wconf 91' lang='lat' dir='ltr'><strong>quoque</strong></span> <span class='ocrx_word' id='word_1_532' title='bbox 1525 1155 1633 1192; x_wconf 52' lang='lat' dir='ltr'><strong>praeter</strong></span> <span class='ocrx_word' id='word_1_533' title='bbox 1648 1156 1756 1182; x_wconf 81' lang='lat' dir='ltr'><strong>caetera</strong></span> <span class='ocrx_word' id='word_1_534' title='bbox 1773 1151 1831 1183; x_wconf 87' lang='lat' dir='ltr'><strong>sibi</strong></span> <span class='ocrx_word' id='word_1_535' title='bbox 1845 1162 1922 1184; x_wconf 86' lang='lat' dir='ltr'><strong>sum-</strong></span> 
     </span>
    </p>
   </div>
   <div class='ocr_carea' id='block_1_69' title="bbox 1100 1195 1923 1238">
    <p class='ocr_par' dir='ltr' id='par_1_69' title="bbox 1100 1195 1923 1238">
     <span class='ocr_line' id='line_1_71' title="bbox 1100 1195 1923 1238; baseline 0.001 -11"><span class='ocrx_word' id='word_1_536' title='bbox 1100 1197 1159 1238; x_wconf 90' lang='lat' dir='ltr'><strong>psit</strong></span> <span class='ocrx_word' id='word_1_537' title='bbox 1171 1197 1218 1227; x_wconf 93' lang='lat' dir='ltr'><strong>hic</strong></span> <span class='ocrx_word' id='word_1_538' title='bbox 1231 1196 1398 1237; x_wconf 84' lang='lat' dir='ltr'><strong>plagiarius.</strong></span> <span class='ocrx_word' id='word_1_539' title='bbox 1418 1196 1492 1233; x_wconf 82' lang='lat' dir='ltr'><strong>Quis</strong></span> <span class='ocrx_word' id='word_1_540' title='bbox 1503 1200 1600 1227; x_wconf 83' lang='lat' dir='ltr'><strong>autem</strong></span> <span class='ocrx_word' id='word_1_541' title='bbox 1614 1195 1731 1227; x_wconf 85' lang='lat' dir='ltr'><strong>futurus</strong></span> <span class='ocrx_word' id='word_1_542' title='bbox 1742 1201 1787 1227; x_wconf 91' lang='lat' dir='ltr'><strong>cst</strong></span> <span class='ocrx_word' id='word_1_543' title='bbox 1801 1201 1860 1228; x_wconf 81' lang='lat' dir='ltr'><strong>tam</strong></span> <span class='ocrx_word' id='word_1_544' title='bbox 1873 1197 1923 1228; x_wconf 91' lang='lat' dir='ltr'><strong>ini-</strong></span> 
     </span>
    </p>
   </div>
   <div class='ocr_carea' id='block_1_70' title="bbox 1099 1241 1922 1282">
    <p class='ocr_par' dir='ltr' id='par_1_70' title="bbox 1099 1241 1922 1282">
     <span class='ocr_line' id='line_1_72' title="bbox 1099 1241 1922 1282; baseline 0.001 -10"><span class='ocrx_word' id='word_1_545' title='bbox 1099 1250 1176 1282; x_wconf 88' lang='lat' dir='ltr'><strong>quus</strong></span> <span class='ocrx_word' id='word_1_546' title='bbox 1193 1251 1292 1272; x_wconf 90' lang='lat' dir='ltr'><strong>rerum</strong></span> <span class='ocrx_word' id='word_1_547' title='bbox 1305 1241 1479 1278; x_wconf 68' lang='lat' dir='ltr'><strong>aestimator,</strong></span> <span class='ocrx_word' id='word_1_548' title='bbox 1499 1246 1530 1271; x_wconf 93' lang='lat' dir='ltr'><strong>ut</strong></span> <span class='ocrx_word' id='word_1_549' title='bbox 1546 1250 1683 1280; x_wconf 87' lang='lat' dir='ltr'><strong>magnum</strong></span> <span class='ocrx_word' id='word_1_550' title='bbox 1704 1241 1848 1273; x_wconf 89' lang='lat' dir='ltr'><strong>Basilium</strong></span> <span class='ocrx_word' id='word_1_551' title='bbox 1886 1247 1922 1273; x_wconf 89' lang='lat' dir='ltr'><strong>tot</strong></span> 
     </span>
    </p>
   </div>
   <div class='ocr_carea' id='block_1_71' title="bbox 1099 1285 1756 1318">
    <p class='ocr_par' dir='ltr' id='par_1_71' title="bbox 1099 1285 1756 1318">
     <span class='ocr_line' id='line_1_73' title="bbox 1099 1285 1756 1318; baseline 0.002 -2"><span class='ocrx_word' id='word_1_552' title='bbox 1099 1295 1133 1316; x_wconf 84' lang='lat' dir='ltr'><strong>ac</strong></span> <span class='ocrx_word' id='word_1_553' title='bbox 1149 1291 1298 1316; x_wconf 86' lang='lat' dir='ltr'><strong>tantorum</strong></span> <span class='ocrx_word' id='word_1_554' title='bbox 1315 1286 1460 1317; x_wconf 80' lang='lat' dir='ltr'><strong>furtorum</strong></span> <span class='ocrx_word' id='word_1_555' title='bbox 1482 1295 1565 1317; x_wconf 90' lang='lat' dir='ltr'><strong>reum</strong></span> <span class='ocrx_word' id='word_1_556' title='bbox 1578 1285 1756 1318; x_wconf 82' lang='lat' dir='ltr'><strong>existimet?</strong></span> 
     </span>
    </p>
   </div>
   <div class='ocr_carea' id='block_1_72' title="bbox 1141 1374 1921 1416">
    <p class='ocr_par' dir='ltr' id='par_1_72' title="bbox 1141 1374 1921 1416">
     <span class='ocr_line' id='line_1_74' title="bbox 1141 1374 1921 1416; baseline 0.003 -11"><span class='ocrx_word' id='word_1_557' title='bbox 1141 1375 1190 1406; x_wconf 79' lang='lat'><strong>62.</strong></span> <span class='ocrx_word' id='word_1_558' title='bbox 1203 1374 1332 1407; x_wconf 80' lang='lat' dir='ltr'><strong>Temere</strong></span> <span class='ocrx_word' id='word_1_559' title='bbox 1345 1385 1401 1406; x_wconf 92' lang='lat' dir='ltr'><strong>non</strong></span> <span class='ocrx_word' id='word_1_560' title='bbox 1417 1375 1486 1415; x_wconf 84' lang='lat' dir='ltr'><strong>fuit,</strong></span> <span class='ocrx_word' id='word_1_561' title='bbox 1503 1375 1581 1415; x_wconf 91' lang='lat' dir='ltr'><strong>quod</strong></span> <span class='ocrx_word' id='word_1_562' title='bbox 1593 1378 1758 1406; x_wconf 86' lang='lat' dir='ltr'><strong>notavimus</strong></span> <span class='ocrx_word' id='word_1_563' title='bbox 1770 1375 1921 1416; x_wconf 73' lang='lat' dir='ltr'><strong>aliquanto</strong></span> 
     </span>
    </p>
   </div>
   <div class='ocr_carea' id='block_1_73' title="bbox 1099 1419 1922 1460">
    <p class='ocr_par' dir='ltr' id='par_1_73' title="bbox 1099 1419 1922 1460">
     <span class='ocr_line' id='line_1_75' title="bbox 1099 1419 1922 1460; baseline 0 -9"><span class='ocrx_word' id='word_1_564' title='bbox 1099 1425 1269 1457; x_wconf 88' lang='lat' dir='ltr'><strong>ante,num.</strong></span> <span class='ocrx_word' id='word_1_565' title='bbox 1287 1422 1338 1458; x_wconf 64' lang='grc' dir='ltr'><strong>δεῖ,</strong></span> <span class='ocrx_word' id='word_1_566' title='bbox 1355 1424 1506 1452; x_wconf 85' lang='lat' dir='ltr'><strong>auctorem</strong></span> <span class='ocrx_word' id='word_1_567' title='bbox 1523 1419 1687 1460; x_wconf 77' lang='lat' dir='ltr'><strong>imperfecti</strong></span> <span class='ocrx_word' id='word_1_568' title='bbox 1716 1420 1922 1452; x_wconf 86' lang='lat' dir='ltr'><strong>commentarii</strong></span> 
     </span>
    </p>
   </div>
   <div class='ocr_carea' id='block_1_74' title="bbox 1098 1464 1920 1506">
    <p class='ocr_par' dir='ltr' id='par_1_74' title="bbox 1098 1464 1920 1506">
     <span class='ocr_line' id='line_1_76' title="bbox 1098 1464 1920 1506; baseline 0 -10"><span class='ocrx_word' id='word_1_569' title='bbox 1098 1473 1117 1496; x_wconf 79' lang='grc' dir='ltr'><strong>ο</strong></span> <span class='ocrx_word' id='word_1_570' title='bbox 1144 1465 1292 1496; x_wconf 87' lang='lat' dir='ltr'><strong>variorum</strong></span> <span class='ocrx_word' id='word_1_571' title='bbox 1330 1465 1508 1506; x_wconf 84' lang='lat' dir='ltr'><strong>scriptorum</strong></span> <span class='ocrx_word' id='word_1_572' title='bbox 1535 1464 1707 1504; x_wconf 72' lang='lat' dir='ltr'><strong>fragmentis</strong></span> <span class='ocrx_word' id='word_1_573' title='bbox 1731 1475 1806 1505; x_wconf 88' lang='lat' dir='ltr'><strong>opus</strong></span> <span class='ocrx_word' id='word_1_574' title='bbox 1835 1474 1920 1496; x_wconf 86' lang='lat' dir='ltr'><strong>suum</strong></span> 
     </span>
    </p>
   </div>
   <div class='ocr_carea' id='block_1_75' title="bbox 1099 1509 1921 1550">
    <p class='ocr_par' dir='ltr' id='par_1_75' title="bbox 1099 1509 1921 1550">
     <span class='ocr_line' id='line_1_77' title="bbox 1099 1509 1921 1550; baseline 0 -10"><span class='ocrx_word' id='word_1_575' title='bbox 1099 1509 1397 1550; x_wconf 84' lang='lat' dir='ltr'><strong>composuisse.(a)Et</strong></span> <span class='ocrx_word' id='word_1_576' title='bbox 1412 1509 1534 1550; x_wconf 89' lang='lat' dir='ltr'><strong>quidem</strong></span> <span class='ocrx_word' id='word_1_577' title='bbox 1551 1519 1585 1540; x_wconf 86' lang='lat' dir='ltr'><strong>ea</strong></span> <span class='ocrx_word' id='word_1_578' title='bbox 1596 1514 1639 1540; x_wconf 91' lang='lat' dir='ltr'><strong>est</strong></span> <span class='ocrx_word' id='word_1_579' title='bbox 1653 1510 1811 1540; x_wconf 86' lang='lat' dir='ltr'><strong>verborum</strong></span> <span class='ocrx_word' id='word_1_580' title='bbox 1833 1514 1921 1550; x_wconf 87' lang='lat' dir='ltr'><strong>atque</strong></span> 
     </span>
    </p>
   </div>
   <div class='ocr_carea' id='block_1_76' title="bbox 1099 1599 1920 1641">
    <p class='ocr_par' dir='ltr' id='par_1_76' title="bbox 1099 1599 1920 1641">
     <span class='ocr_line' id='line_1_78' title="bbox 1099 1599 1920 1641; baseline -0.002 -10"><span class='ocrx_word' id='word_1_581' title='bbox 1099 1610 1155 1641; x_wconf 92' lang='lat' dir='ltr'><strong>que</strong></span> <span class='ocrx_word' id='word_1_582' title='bbox 1171 1610 1247 1641; x_wconf 53' lang='lat' dir='ltr'><strong>saepe</strong></span> <span class='ocrx_word' id='word_1_583' title='bbox 1260 1600 1364 1631; x_wconf 86' lang='lat' dir='ltr'><strong>eadem</strong></span> <span class='ocrx_word' id='word_1_584' title='bbox 1377 1599 1537 1639; x_wconf 65' lang='lat' dir='ltr'><strong>Scriptura;</strong></span> <span class='ocrx_word' id='word_1_585' title='bbox 1547 1599 1611 1629; x_wconf 90' lang='lat' dir='ltr'><strong>loca</strong></span> <span class='ocrx_word' id='word_1_586' title='bbox 1626 1599 1671 1629; x_wconf 90' lang='lat' dir='ltr'><strong>bis</strong></span> <span class='ocrx_word' id='word_1_587' title='bbox 1684 1603 1733 1629; x_wconf 83' lang='lat' dir='ltr'><strong>aut</strong></span> <span class='ocrx_word' id='word_1_588' title='bbox 1744 1603 1790 1630; x_wconf 89' lang='lat' dir='ltr'><strong>ter</strong></span> <span class='ocrx_word' id='word_1_589' title='bbox 1801 1603 1852 1630; x_wconf 86' lang='lat' dir='ltr'><strong>aut</strong></span> <span class='ocrx_word' id='word_1_590' title='bbox 1861 1608 1920 1629; x_wconf 65' lang='lat' dir='ltr'><strong>amo</strong></span> 
     </span>
    </p>
   </div>
   <div class='ocr_carea' id='block_1_77' title="bbox 1099 1643 1921 1686">
    <p class='ocr_par' dir='ltr' id='par_1_77' title="bbox 1099 1643 1921 1686">
     <span class='ocr_line' id='line_1_79' title="bbox 1099 1643 1921 1686; baseline -0.002 -10"><span class='ocrx_word' id='word_1_591' title='bbox 1099 1645 1176 1686; x_wconf 89' lang='lat' dir='ltr'><strong>plius</strong></span> <span class='ocrx_word' id='word_1_592' title='bbox 1187 1644 1423 1685; x_wconf 84' lang='lat' dir='ltr'><strong>explicantur,ut</strong></span> <span class='ocrx_word' id='word_1_593' title='bbox 1438 1644 1565 1684; x_wconf 86' lang='lat' dir='ltr'><strong>quodam</strong></span> <span class='ocrx_word' id='word_1_594' title='bbox 1583 1643 1666 1683; x_wconf 87' lang='lat' dir='ltr'><strong>quasi</strong></span> <span class='ocrx_word' id='word_1_595' title='bbox 1680 1644 1795 1684; x_wconf 89' lang='lat' dir='ltr'><strong>impetu</strong></span> <span class='ocrx_word' id='word_1_596' title='bbox 1805 1643 1836 1674; x_wconf 91' lang='lat' dir='ltr'><strong>in</strong></span> <span class='ocrx_word' id='word_1_597' title='bbox 1846 1644 1921 1684; x_wconf 84' lang='lat' dir='ltr'><strong>ejus-</strong></span> 
     </span>
    </p>
   </div>
   <div class='ocr_carea' id='block_1_78' title="bbox 1099 1688 1919 1730">
    <p class='ocr_par' dir='ltr' id='par_1_78' title="bbox 1099 1688 1919 1730">
     <span class='ocr_line' id='line_1_80' title="bbox 1099 1688 1919 1730; baseline -0.002 -10"><span class='ocrx_word' id='word_1_598' title='bbox 1099 1689 1179 1720; x_wconf 89' lang='lat' dir='ltr'><strong>modi</strong></span> <span class='ocrx_word' id='word_1_599' title='bbox 1190 1689 1394 1730; x_wconf 89' lang='lat' dir='ltr'><strong>suspicionem</strong></span> <span class='ocrx_word' id='word_1_600' title='bbox 1410 1688 1529 1720; x_wconf 85' lang='lat' dir='ltr'><strong>adducti</strong></span> <span class='ocrx_word' id='word_1_601' title='bbox 1546 1690 1650 1720; x_wconf 88' lang='lat' dir='ltr'><strong>simus.</strong></span> <span class='ocrx_word' id='word_1_602' title='bbox 1669 1689 1711 1720; x_wconf 85' lang='lat' dir='ltr'><strong>[ta</strong></span> <span class='ocrx_word' id='word_1_603' title='bbox 1725 1693 1825 1719; x_wconf 89' lang='lat' dir='ltr'><strong>autem</strong></span> <span class='ocrx_word' id='word_1_604' title='bbox 1843 1697 1919 1724; x_wconf 80' lang='lat' dir='ltr'><strong>esse.</strong></span> 
     </span>
    </p>
   </div>
   <div class='ocr_carea' id='block_1_79' title="bbox 1099 1732 1921 1775">
    <p class='ocr_par' dir='ltr' id='par_1_79' title="bbox 1099 1732 1921 1775">
     <span class='ocr_line' id='line_1_81' title="bbox 1099 1732 1921 1775; baseline -0.004 -9"><span class='ocrx_word' id='word_1_605' title='bbox 1099 1744 1165 1775; x_wconf 77' lang='lat' dir='ltr'><strong>quae</strong></span> <span class='ocrx_word' id='word_1_606' title='bbox 1180 1743 1215 1766; x_wconf 86' lang='lat' dir='ltr'><strong>ex</strong></span> <span class='ocrx_word' id='word_1_607' title='bbox 1230 1734 1295 1775; x_wconf 90' lang='lat' dir='ltr'><strong>ipso</strong></span> <span class='ocrx_word' id='word_1_608' title='bbox 1311 1734 1418 1766; x_wconf 89' lang='lat' dir='ltr'><strong>Basilio</strong></span> <span class='ocrx_word' id='word_1_609' title='bbox 1435 1733 1609 1773; x_wconf 87' lang='lat' dir='ltr'><strong>subjicimus</strong></span> <span class='ocrx_word' id='word_1_610' title='bbox 1621 1732 1756 1773; x_wconf 83' lang='lat' dir='ltr'><strong>exempla</strong></span> <span class='ocrx_word' id='word_1_611' title='bbox 1767 1733 1921 1764; x_wconf 85' lang='lat' dir='ltr'><strong>evidenter</strong></span> 
     </span>
    </p>
   </div>
   <div class='ocr_carea' id='block_1_80' title="bbox 1099 1778 1922 1819">
    <p class='ocr_par' dir='ltr' id='par_1_80' title="bbox 1099 1778 1922 1819">
     <span class='ocr_line' id='line_1_82' title="bbox 1099 1778 1922 1819; baseline -0.001 -10"><span class='ocrx_word' id='word_1_612' title='bbox 1099 1779 1235 1819; x_wconf 88' lang='lat' dir='ltr'><strong>probant.</strong></span> <span class='ocrx_word' id='word_1_613' title='bbox 1250 1778 1351 1810; x_wconf 91' lang='lat' dir='ltr'><strong>Basilii</strong></span> <span class='ocrx_word' id='word_1_614' title='bbox 1367 1779 1455 1819; x_wconf 74' lang='lat' dir='ltr'><strong>igitur</strong></span> <span class='ocrx_word' id='word_1_615' title='bbox 1466 1778 1528 1809; x_wconf 60' lang='lat' dir='ltr'><strong>hac</strong></span> <span class='ocrx_word' id='word_1_616' title='bbox 1547 1782 1616 1809; x_wconf 91' lang='lat' dir='ltr'><strong>sunt</strong></span> <span class='ocrx_word' id='word_1_617' title='bbox 1632 1787 1648 1809; x_wconf 88' lang='lat' dir='ltr'><strong>e</strong></span> <span class='ocrx_word' id='word_1_618' title='bbox 1664 1778 1761 1818; x_wconf 84' lang='lat' dir='ltr'><strong>prima</strong></span> <span class='ocrx_word' id='word_1_619' title='bbox 1786 1778 1922 1808; x_wconf 87' lang='lat' dir='ltr'><strong>oratione</strong></span> 
     </span>
    </p>
   </div>
   <div class='ocr_carea' id='block_1_81' title="bbox 1099 1822 1919 1863">
    <p class='ocr_par' dir='ltr' id='par_1_81' title="bbox 1099 1822 1919 1863">
     <span class='ocr_line' id='line_1_83' title="bbox 1099 1822 1919 1863; baseline -0.005 -8"><span class='ocrx_word' id='word_1_620' title='bbox 1099 1825 1132 1855; x_wconf 76' lang='lat'><strong>1&#39;»</strong></span> <span class='ocrx_word' id='word_1_621' title='bbox 1144 1824 1296 1863; x_wconf 77' lang='lat' dir='ltr'><strong>jejunium</strong></span> <span class='ocrx_word' id='word_1_622' title='bbox 1309 1832 1317 1855; x_wconf 74' lang='grc' dir='ltr'>ζ</span> <span class='ocrx_word' id='word_1_623' title='bbox 1334 1827 1416 1853; x_wconf 78' lang='grc' dir='ltr'>Τοῦτο</span> <span class='ocrx_word' id='word_1_624' title='bbox 1438 1824 1485 1863; x_wconf 71' lang='grc' dir='ltr'>γὰρ</span> <span class='ocrx_word' id='word_1_625' title='bbox 1499 1823 1569 1851; x_wconf 73' lang='grc' dir='ltr'>ἐστιν</span> <span class='ocrx_word' id='word_1_626' title='bbox 1585 1823 1600 1851; x_wconf 77' lang='grc' dir='ltr'>ὅ</span> <span class='ocrx_word' id='word_1_627' title='bbox 1615 1834 1696 1862; x_wconf 74' lang='grc' dir='ltr'>φησιν</span> <span class='ocrx_word' id='word_1_628' title='bbox 1709 1825 1722 1851; x_wconf 83' lang='grc' dir='ltr'>ὁ</span> <span class='ocrx_word' id='word_1_629' title='bbox 1741 1822 1919 1859; x_wconf 77' lang='grc' dir='ltr'>Ἀπόστολος,</span> 
     </span>
    </p>
   </div>
   <div class='ocr_carea' id='block_1_82' title="bbox 1099 1867 1920 1907">
    <p class='ocr_par' dir='ltr' id='par_1_82' title="bbox 1099 1867 1920 1907">
     <span class='ocr_line' id='line_1_84' title="bbox 1099 1867 1920 1907; baseline -0.001 -10"><span class='ocrx_word' id='word_1_630' title='bbox 1099 1868 1139 1898; x_wconf 81' lang='grc' dir='ltr'><strong>ὅτι</strong></span> <span class='ocrx_word' id='word_1_631' title='bbox 1161 1869 1250 1898; x_wconf 79' lang='grc' dir='ltr'>’Ὅσον</span> <span class='ocrx_word' id='word_1_632' title='bbox 1285 1870 1299 1897; x_wconf 84' lang='grc' dir='ltr'>ὁ</span> <span class='ocrx_word' id='word_1_633' title='bbox 1328 1868 1421 1902; x_wconf 72' lang='grc' dir='ltr'>ἔξωθεν</span> <span class='ocrx_word' id='word_1_634' title='bbox 1460 1868 1594 1907; x_wconf 70' lang='grc' dir='ltr'>ἅνθρωπος</span> <span class='ocrx_word' id='word_1_635' title='bbox 1641 1867 1830 1907; x_wconf 58' lang='grc' dir='ltr'>διαφθείρεται,</span> <span class='ocrx_word' id='word_1_636' title='bbox 1875 1879 1920 1896; x_wconf 78' lang='grc' dir='ltr'>τοο</span> 
     </span>
    </p>
   </div>
   <div class='ocr_carea' id='block_1_83' title="bbox 1099 1912 1922 1953">
    <p class='ocr_par' dir='ltr' id='par_1_83' title="bbox 1099 1912 1922 1953">
     <span class='ocr_line' id='line_1_85' title="bbox 1099 1912 1922 1953; baseline -0.005 -11"><span class='ocrx_word' id='word_1_637' title='bbox 1099 1919 1190 1944; x_wconf 81' lang='grc' dir='ltr'>σοῦτον</span> <span class='ocrx_word' id='word_1_638' title='bbox 1227 1915 1240 1942; x_wconf 78' lang='grc' dir='ltr'>ίι</span> <span class='ocrx_word' id='word_1_639' title='bbox 1283 1913 1378 1941; x_wconf 72' lang='grc' dir='ltr'>ἔσωθεν</span> <span class='ocrx_word' id='word_1_640' title='bbox 1424 1913 1618 1942; x_wconf 56' lang='grc' dir='ltr'>ἀνακαινοῦται.</span> <span class='ocrx_word' id='word_1_641' title='bbox 1670 1913 1718 1942; x_wconf 77' lang='grc' dir='ltr'>Καὶ</span> <span class='ocrx_word' id='word_1_642' title='bbox 1757 1914 1801 1953; x_wconf 70' lang='grc' dir='ltr'><strong>τὸ,</strong></span> <span class='ocrx_word' id='word_1_643' title='bbox 1834 1912 1922 1942; x_wconf 70' lang='grc' dir='ltr'>’Ὅταν</span> 
     </span>
    </p>
   </div>
   <div class='ocr_carea' id='block_1_84' title="bbox 1098 1956 1920 1997">
    <p class='ocr_par' dir='ltr' id='par_1_84' title="bbox 1098 1956 1920 1997">
     <span class='ocr_line' id='line_1_86' title="bbox 1098 1956 1920 1997; baseline -0.004 -10"><span class='ocrx_word' id='word_1_644' title='bbox 1098 1959 1210 1996; x_wconf 73' lang='grc' dir='ltr'>ἀσθενῶ,</span> <span class='ocrx_word' id='word_1_645' title='bbox 1225 1959 1284 1986; x_wconf 71' lang='grc' dir='ltr'>τότε</span> <span class='ocrx_word' id='word_1_646' title='bbox 1313 1956 1420 1990; x_wconf 69' lang='grc' dir='ltr'>δυνατός</span> <span class='ocrx_word' id='word_1_647' title='bbox 1458 1958 1550 1995; x_wconf 77' lang='grc' dir='ltr'>εἰμι...</span> <span class='ocrx_word' id='word_1_648' title='bbox 1569 1957 1616 1986; x_wconf 84' lang='grc' dir='ltr'>Ἐκ</span> <span class='ocrx_word' id='word_1_649' title='bbox 1653 1957 1701 1996; x_wconf 60' lang='grc' dir='ltr'>γὰρ</span> <span class='ocrx_word' id='word_1_650' title='bbox 1726 1959 1777 1991; x_wconf 80' lang='grc' dir='ltr'>τῆς</span> <span class='ocrx_word' id='word_1_651' title='bbox 1808 1957 1920 1997; x_wconf 72' lang='grc' dir='ltr'>παχείας</span> 
     </span>
    </p>
   </div>
   <div class='ocr_carea' id='block_1_85' title="bbox 1098 2001 1918 2043">
    <p class='ocr_par' dir='ltr' id='par_1_85' title="bbox 1098 2001 1918 2043">
     <span class='ocr_line' id='line_1_87' title="bbox 1098 2001 1918 2043; baseline -0.002 -11"><span class='ocrx_word' id='word_1_652' title='bbox 1098 2003 1196 2043; x_wconf 77' lang='grc' dir='ltr'>τροφῆς</span> <span class='ocrx_word' id='word_1_653' title='bbox 1212 2003 1272 2031; x_wconf 77' lang='grc' dir='ltr'>οἷον</span> <span class='ocrx_word' id='word_1_654' title='bbox 1293 2001 1445 2034; x_wconf 75' lang='grc' dir='ltr'>αἰθαλώδεις</span> <span class='ocrx_word' id='word_1_655' title='bbox 1472 2002 1658 2040; x_wconf 71' lang='grc' dir='ltr'>ἀναθυμιάσεις</span> <span class='ocrx_word' id='word_1_656' title='bbox 1686 2001 1918 2039; x_wconf 71' lang='grc' dir='ltr'>ὰναπεμπόμενιι,</span> 
     </span>
    </p>
   </div>
   <div class='ocr_carea' id='block_1_86' title="bbox 1100 2047 1922 2088">
    <p class='ocr_par' dir='ltr' id='par_1_86' title="bbox 1100 2047 1922 2088">
     <span class='ocr_line' id='line_1_88' title="bbox 1100 2047 1922 2088; baseline -0.001 -13"><span class='ocrx_word' id='word_1_657' title='bbox 1100 2048 1211 2088; x_wconf 75' lang='grc' dir='ltr'>νεφέλης</span> <span class='ocrx_word' id='word_1_658' title='bbox 1226 2047 1301 2081; x_wconf 81' lang='grc' dir='ltr'>δίκηι</span> <span class='ocrx_word' id='word_1_659' title='bbox 1327 2047 1441 2087; x_wconf 64' lang='grc' dir='ltr'>ωκνῆς,</span> <span class='ocrx_word' id='word_1_660' title='bbox 1463 2047 1506 2078; x_wconf 68' lang='grc' dir='ltr'><strong>τὰς</strong></span> <span class='ocrx_word' id='word_1_661' title='bbox 1521 2047 1574 2075; x_wconf 81' lang='grc' dir='ltr'><strong>ἀπὸ</strong></span> <span class='ocrx_word' id='word_1_662' title='bbox 1589 2050 1635 2075; x_wconf 81' lang='grc' dir='ltr'>τοὺ</span> <span class='ocrx_word' id='word_1_663' title='bbox 1664 2047 1746 2085; x_wconf 80' lang='grc' dir='ltr'>ἁγίου·</span> <span class='ocrx_word' id='word_1_664' title='bbox 1769 2048 1922 2084; x_wconf 75' lang='grc' dir='ltr'>[Ινεύματος</span> 
     </span>
    </p>
   </div>
   <div class='ocr_carea' id='block_1_87' title="bbox 1098 2091 1921 2131">
    <p class='ocr_par' dir='ltr' id='par_1_87' title="bbox 1098 2091 1921 2131">
     <span class='ocr_line' id='line_1_89' title="bbox 1098 2091 1921 2131; baseline -0.002 -11"><span class='ocrx_word' id='word_1_665' title='bbox 1098 2092 1270 2131; x_wconf 76' lang='grc' dir='ltr'>ἐγγινομένας</span> <span class='ocrx_word' id='word_1_666' title='bbox 1286 2091 1431 2129; x_wconf 65' lang='grc' dir='ltr'>ἐλλάμψειῖ</span> <span class='ocrx_word' id='word_1_667' title='bbox 1448 2091 1490 2120; x_wconf 73' lang='grc' dir='ltr'><strong>ἐπὶ</strong></span> <span class='ocrx_word' id='word_1_668' title='bbox 1500 2093 1545 2120; x_wconf 78' lang='grc' dir='ltr'>τὸν</span> <span class='ocrx_word' id='word_1_669' title='bbox 1558 2095 1618 2120; x_wconf 79' lang='grc' dir='ltr'>νοῦν</span> <span class='ocrx_word' id='word_1_670' title='bbox 1625 2091 1846 2120; x_wconf 60' lang='grc' dir='ltr'>διακόπτουσα..</span> <span class='ocrx_word' id='word_1_671' title='bbox 1861 2091 1921 2122; x_wconf 80' lang='lat' dir='ltr'><strong>Hoc</strong></span> 
     </span>
    </p>
   </div>
   <div class='ocr_carea' id='block_1_88' title="bbox 234 2133 1924 2177">
    <p class='ocr_par' dir='ltr' id='par_1_88' title="bbox 234 2133 1924 2177">
     <span class='ocr_line' id='line_1_90' title="bbox 234 2133 1924 2177; baseline -0.001 -10"><span class='ocrx_word' id='word_1_672' title='bbox 234 2143 337 2167; x_wconf 68' lang='lat' dir='ltr'><strong>omne:</strong></span> <span class='ocrx_word' id='word_1_673' title='bbox 347 2135 568 2175; x_wconf 77' lang='lat' dir='ltr'><strong>generationes.</strong></span> <span class='ocrx_word' id='word_1_674' title='bbox 583 2146 598 2162; x_wconf 72' lang='grc' dir='ltr'><strong><em>ι</em></strong></span> <span class='ocrx_word' id='word_1_675' title='bbox 613 2133 874 2165; x_wconf 81' lang='lat' dir='ltr'><strong>Pseudo-Basilius</strong></span> <span class='ocrx_word' id='word_1_676' title='bbox 886 2138 926 2174; x_wconf 69' lang='lat'><strong>(8,</strong></span> <span class='ocrx_word' id='word_1_677' title='bbox 938 2136 1056 2172; x_wconf 88' lang='lat' dir='ltr'><strong>3,num.</strong></span> <span class='ocrx_word' id='word_1_678' title='bbox 1068 2137 1180 2177; x_wconf 76' lang='lat' dir='ltr'><strong>Denim</strong></span> <span class='ocrx_word' id='word_1_679' title='bbox 1194 2140 1238 2167; x_wconf 86' lang='lat' dir='ltr'><strong>est</strong></span> <span class='ocrx_word' id='word_1_680' title='bbox 1254 2136 1332 2176; x_wconf 91' lang='lat' dir='ltr'><strong>quod</strong></span> <span class='ocrx_word' id='word_1_681' title='bbox 1345 2136 1384 2166; x_wconf 89' lang='lat' dir='ltr'><strong>ait</strong></span> <span class='ocrx_word' id='word_1_682' title='bbox 1408 2136 1580 2176; x_wconf 85' lang='lat' dir='ltr'><strong>Apostolus,</strong></span> <span class='ocrx_word' id='word_1_683' title='bbox 1597 2135 1676 2176; x_wconf 83' lang='lat' dir='ltr'><strong>quod</strong></span> <span class='ocrx_word' id='word_1_684' title='bbox 1700 2135 1858 2173; x_wconf 76' lang='lat' dir='ltr'><strong>Quantum</strong></span> <span class='ocrx_word' id='word_1_685' title='bbox 1876 2143 1924 2166; x_wconf 72' lang='lat' dir='ltr'><strong>ea:-</strong></span> 
     </span>
    </p>
   </div>
   <div class='ocr_carea' id='block_1_89' title="bbox 234 2179 1055 2221">
    <p class='ocr_par' dir='ltr' id='par_1_89' title="bbox 234 2179 1055 2221">
     <span class='ocr_line' id='line_1_91' title="bbox 234 2179 1055 2221; baseline -0.005 -9"><span class='ocrx_word' id='word_1_686' title='bbox 234 2179 348 2221; x_wconf 57' lang='lat'><strong>208)“:</strong></span> <span class='ocrx_word' id='word_1_687' title='bbox 367 2180 434 2210; x_wconf 78' lang='grc' dir='ltr'>’Ὅτι</span> <span class='ocrx_word' id='word_1_688' title='bbox 448 2179 475 2208; x_wconf 76' lang='grc' dir='ltr'><strong>δὲ</strong></span> <span class='ocrx_word' id='word_1_689' title='bbox 490 2182 626 2219; x_wconf 78' lang='grc' dir='ltr'>προφῆτις</span> <span class='ocrx_word' id='word_1_690' title='bbox 642 2180 659 2212; x_wconf 82' lang='grc' dir='ltr'><strong>ἡ</strong></span> <span class='ocrx_word' id='word_1_691' title='bbox 682 2179 808 2218; x_wconf 80' lang='grc' dir='ltr'>Μαρία...</span> <span class='ocrx_word' id='word_1_692' title='bbox 826 2179 909 2211; x_wconf 68' lang='grc' dir='ltr'>οὐδεὶς</span> <span class='ocrx_word' id='word_1_693' title='bbox 937 2180 1055 2220; x_wconf 70' lang='grc' dir='ltr'>ἀντερεῖ,</span> 
     </span>
    </p>
   </div>
   <div class='ocr_carea' id='block_1_90' title="bbox 233 2224 1057 2265">
    <p class='ocr_par' dir='ltr' id='par_1_90' title="bbox 233 2224 1057 2265">
     <span class='ocr_line' id='line_1_92' title="bbox 233 2224 1057 2265; baseline -0.001 -11"><span class='ocrx_word' id='word_1_694' title='bbox 233 2227 403 2265; x_wconf 79' lang='grc' dir='ltr'>μεμνημένος</span> <span class='ocrx_word' id='word_1_695' title='bbox 422 2226 504 2259; x_wconf 75' lang='grc' dir='ltr'>αὒτῆς</span> <span class='ocrx_word' id='word_1_696' title='bbox 517 2228 569 2252; x_wconf 83' lang='grc' dir='ltr'>τῶν</span> <span class='ocrx_word' id='word_1_697' title='bbox 594 2224 761 2263; x_wconf 80' lang='grc' dir='ltr'><strong>ῥημάτων...</strong></span> <span class='ocrx_word' id='word_1_698' title='bbox 783 2224 848 2253; x_wconf 78' lang='grc' dir='ltr'>ἰὃοὺ</span> <span class='ocrx_word' id='word_1_699' title='bbox 863 2225 913 2264; x_wconf 80' lang='grc' dir='ltr'>γὰρ</span> <span class='ocrx_word' id='word_1_700' title='bbox 937 2224 990 2253; x_wconf 68' lang='grc' dir='ltr'>ἀπὸ</span> <span class='ocrx_word' id='word_1_701' title='bbox 1010 2228 1057 2253; x_wconf 80' lang='grc' dir='ltr'>τοῦ</span> 
     </span>
    </p>
   </div>
   <div class='ocr_carea' id='block_1_91' title="bbox 234 2269 1055 2310">
    <p class='ocr_par' dir='ltr' id='par_1_91' title="bbox 234 2269 1055 2310">
     <span class='ocr_line' id='line_1_93' title="bbox 234 2269 1055 2310; baseline 0.004 -13"><span class='ocrx_word' id='word_1_702' title='bbox 234 2275 276 2299; x_wconf 77' lang='grc' dir='ltr'>νῦν</span> <span class='ocrx_word' id='word_1_703' title='bbox 292 2271 448 2310; x_wconf 74' lang='grc' dir='ltr'>μακαριουαί</span> <span class='ocrx_word' id='word_1_704' title='bbox 462 2281 496 2306; x_wconf 78' lang='grc' dir='ltr'><strong>με</strong></span> <span class='ocrx_word' id='word_1_705' title='bbox 507 2272 589 2297; x_wconf 74' lang='grc' dir='ltr'>πᾶσαν.</span> <span class='ocrx_word' id='word_1_706' title='bbox 608 2270 632 2296; x_wconf 72' lang='grc' dir='ltr'>αἱ</span> <span class='ocrx_word' id='word_1_707' title='bbox 648 2269 746 2307; x_wconf 72' lang='grc' dir='ltr'>γενεαί.</span> <span class='ocrx_word' id='word_1_708' title='bbox 777 2269 971 2308; x_wconf 71' lang='lat' dir='ltr'><strong>Hieronymus</strong></span> <span class='ocrx_word' id='word_1_709' title='bbox 997 2270 1055 2300; x_wconf 89' lang='lat' dir='ltr'><strong>col.</strong></span> 
     </span>
    </p>
   </div>
   <div class='ocr_carea' id='block_1_92' title="bbox 233 2313 1057 2354">
    <p class='ocr_par' dir='ltr' id='par_1_92' title="bbox 233 2313 1057 2354">
     <span class='ocr_line' id='line_1_94' title="bbox 233 2313 1057 2354; baseline 0 -9"><span class='ocrx_word' id='word_1_710' title='bbox 233 2315 273 2345; x_wconf 72' lang='lat'><strong>82</strong></span> <span class='ocrx_word' id='word_1_711' title='bbox 289 2325 296 2345; x_wconf 91' lang='lat'><em>:</em></span> <span class='ocrx_word' id='word_1_712' title='bbox 312 2325 327 2345; x_wconf 83' lang='grc'><strong>(</strong></span> <span class='ocrx_word' id='word_1_713' title='bbox 356 2314 420 2345; x_wconf 83' lang='lat' dir='ltr'><strong>Hoc</strong></span> <span class='ocrx_word' id='word_1_714' title='bbox 443 2315 520 2345; x_wconf 87' lang='lat' dir='ltr'><strong>scire</strong></span> <span class='ocrx_word' id='word_1_715' title='bbox 540 2313 668 2353; x_wconf 87' lang='lat' dir='ltr'><strong>debetis,</strong></span> <span class='ocrx_word' id='word_1_716' title='bbox 695 2313 775 2353; x_wconf 91' lang='lat' dir='ltr'><strong>quod</strong></span> <span class='ocrx_word' id='word_1_717' title='bbox 788 2321 972 2354; x_wconf 67' lang='lat' dir='ltr'><strong>unaqumque</strong></span> <span class='ocrx_word' id='word_1_718' title='bbox 984 2323 1057 2354; x_wconf 83' lang='lat' dir='ltr'><strong>gens</strong></span> 
     </span>
    </p>
   </div>
   <div class='ocr_carea' id='block_1_93' title="bbox 235 2357 1056 2399">
    <p class='ocr_par' dir='ltr' id='par_1_93' title="bbox 235 2357 1056 2399">
     <span class='ocr_line' id='line_1_95' title="bbox 235 2357 1056 2399; baseline 0 -10"><span class='ocrx_word' id='word_1_719' title='bbox 235 2359 371 2399; x_wconf 88' lang='lat' dir='ltr'><strong>proprios</strong></span> <span class='ocrx_word' id='word_1_720' title='bbox 387 2358 522 2389; x_wconf 90' lang='lat' dir='ltr'><strong>consulat</strong></span> <span class='ocrx_word' id='word_1_721' title='bbox 533 2357 652 2394; x_wconf 87' lang='lat' dir='ltr'><strong>deos,et</strong></span> <span class='ocrx_word' id='word_1_722' title='bbox 663 2357 700 2388; x_wconf 88' lang='lat' dir='ltr'><strong>de</strong></span> <span class='ocrx_word' id='word_1_723' title='bbox 719 2357 851 2388; x_wconf 85' lang='lat' dir='ltr'><strong>vivorum</strong></span> <span class='ocrx_word' id='word_1_724' title='bbox 867 2357 962 2388; x_wconf 85' lang='lat' dir='ltr'><strong>salute</strong></span> <span class='ocrx_word' id='word_1_725' title='bbox 973 2367 1056 2389; x_wconf 87' lang='lat' dir='ltr'><strong>mor-</strong></span> 
     </span>
    </p>
   </div>
   <div class='ocr_carea' id='block_1_94' title="bbox 234 2401 1054 2440">
    <p class='ocr_par' dir='ltr' id='par_1_94' title="bbox 234 2401 1054 2440">
     <span class='ocr_line' id='line_1_96' title="bbox 234 2401 1054 2440; baseline 0 -6"><span class='ocrx_word' id='word_1_726' title='bbox 234 2407 301 2434; x_wconf 81' lang='lat' dir='ltr'><strong>tuos</strong></span> <span class='ocrx_word' id='word_1_727' title='bbox 312 2401 646 2434; x_wconf 71' lang='lat' dir='ltr'><strong>sciscitetur.)l’seudo-</strong></span> <span class='ocrx_word' id='word_1_728' title='bbox 653 2401 781 2432; x_wconf 77' lang='lat' dir='ltr'><strong>Basilius</strong></span> <span class='ocrx_word' id='word_1_729' title='bbox 792 2402 1054 2440; x_wconf 68' lang='lat' dir='ltr'><strong>(8,19,num.918t:</strong></span> 
     </span>
    </p>
   </div>
   <div class='ocr_carea' id='block_1_95' title="bbox 234 2446 1058 2488">
    <p class='ocr_par' dir='ltr' id='par_1_95' title="bbox 234 2446 1058 2488">
     <span class='ocr_line' id='line_1_97' title="bbox 234 2446 1058 2488; baseline -0.001 -11"><span class='ocrx_word' id='word_1_730' title='bbox 234 2449 374 2477; x_wconf 74' lang='grc' dir='ltr'>’Ἕκαστον</span> <span class='ocrx_word' id='word_1_731' title='bbox 397 2448 469 2480; x_wconf 69' lang='grc' dir='ltr'>ἔθνος</span> <span class='ocrx_word' id='word_1_732' title='bbox 484 2451 521 2484; x_wconf 80' lang='grc' dir='ltr'>τῷ</span> <span class='ocrx_word' id='word_1_733' title='bbox 537 2446 629 2475; x_wconf 76' lang='grc' dir='ltr'>ἑαυτοῦ</span> <span class='ocrx_word' id='word_1_734' title='bbox 644 2448 696 2482; x_wconf 84' lang='grc' dir='ltr'>θεῷ</span> <span class='ocrx_word' id='word_1_735' title='bbox 720 2447 849 2486; x_wconf 75' lang='grc' dir='ltr'>προσάγει</span> <span class='ocrx_word' id='word_1_736' title='bbox 865 2448 912 2482; x_wconf 76' lang='grc' dir='ltr'>τὴν</span> <span class='ocrx_word' id='word_1_737' title='bbox 941 2449 1000 2488; x_wconf 79' lang='grc' dir='ltr'>περὶ</span> <span class='ocrx_word' id='word_1_738' title='bbox 1027 2450 1058 2476; x_wconf 82' lang='grc' dir='ltr'>οὗ</span> 
     </span>
    </p>
   </div>
   <div class='ocr_carea' id='block_1_96' title="bbox 233 2492 1056 2532">
    <p class='ocr_par' dir='ltr' id='par_1_96' title="bbox 233 2492 1056 2532">
     <span class='ocr_line' id='line_1_98' title="bbox 233 2492 1056 2532; baseline 0 -11"><span class='ocrx_word' id='word_1_739' title='bbox 233 2493 357 2532; x_wconf 72' lang='grc' dir='ltr'>βούλεται</span> <span class='ocrx_word' id='word_1_740' title='bbox 373 2494 468 2531; x_wconf 78' lang='grc' dir='ltr'>μαθεῖν</span> <span class='ocrx_word' id='word_1_741' title='bbox 482 2493 620 2527; x_wconf 80' lang='grc' dir='ltr'>ζήτησιν..</span> <span class='ocrx_word' id='word_1_742' title='bbox 637 2492 743 2530; x_wconf 74' lang='grc' dir='ltr'>νεκροὺς</span> <span class='ocrx_word' id='word_1_743' title='bbox 759 2492 808 2531; x_wconf 80' lang='grc' dir='ltr'>γὰρ</span> <span class='ocrx_word' id='word_1_744' title='bbox 832 2493 905 2523; x_wconf 68' lang='grc' dir='ltr'>θεο);</span> <span class='ocrx_word' id='word_1_745' title='bbox 922 2492 1056 2532; x_wconf 79' lang='grc' dir='ltr'>ὒποθέμι-</span> 
     </span>
    </p>
   </div>
   <div class='ocr_carea' id='block_1_97' title="bbox 233 2536 1056 2576">
    <p class='ocr_par' dir='ltr' id='par_1_97' title="bbox 233 2536 1056 2576">
     <span class='ocr_line' id='line_1_99' title="bbox 233 2536 1056 2576; baseline 0.002 -10"><span class='ocrx_word' id='word_1_746' title='bbox 233 2550 285 2576; x_wconf 77' lang='grc' dir='ltr'>νοι,</span> <span class='ocrx_word' id='word_1_747' title='bbox 301 2538 394 2570; x_wconf 70' lang='grc' dir='ltr'>αὐτοὺς</span> <span class='ocrx_word' id='word_1_748' title='bbox 411 2537 565 2576; x_wconf 72' lang='grc' dir='ltr'>ἐπερωτῶσι</span> <span class='ocrx_word' id='word_1_749' title='bbox 581 2536 639 2574; x_wconf 84' lang='grc' dir='ltr'>περὶ</span> <span class='ocrx_word' id='word_1_750' title='bbox 655 2538 708 2564; x_wconf 82' lang='grc' dir='ltr'>τῶν</span> <span class='ocrx_word' id='word_1_751' title='bbox 732 2537 851 2571; x_wconf 84' lang='grc' dir='ltr'>ζώντων.</span> <span class='ocrx_word' id='word_1_752' title='bbox 883 2536 920 2567; x_wconf 85' lang='grc' dir='ltr'>Ει</span> <span class='ocrx_word' id='word_1_753' title='bbox 947 2537 1004 2567; x_wconf 89' lang='lat' dir='ltr'><strong>alia</strong></span> <span class='ocrx_word' id='word_1_754' title='bbox 1026 2537 1056 2568; x_wconf 86' lang='lat' dir='ltr'><strong>id</strong></span> 
     </span>
    </p>
   </div>
   <div class='ocr_carea' id='block_1_98' title="bbox 233 2580 1056 2623">
    <p class='ocr_par' dir='ltr' id='par_1_98' title="bbox 233 2580 1056 2623">
     <span class='ocr_line' id='line_1_100' title="bbox 233 2580 1056 2623; baseline 0 -9"><span class='ocrx_word' id='word_1_755' title='bbox 233 2592 326 2623; x_wconf 75' lang='lat' dir='ltr'><strong>genus</strong></span> <span class='ocrx_word' id='word_1_756' title='bbox 344 2590 507 2622; x_wconf 81' lang='lat' dir='ltr'><strong>congerere</strong></span> <span class='ocrx_word' id='word_1_757' title='bbox 523 2589 695 2621; x_wconf 83' lang='lat' dir='ltr'><strong>paraveram</strong></span> <span class='ocrx_word' id='word_1_758' title='bbox 711 2591 718 2620; x_wconf 86' lang='lat'><strong>;</strong></span> <span class='ocrx_word' id='word_1_759' title='bbox 733 2580 785 2611; x_wconf 91' lang='lat' dir='ltr'><strong>sed</strong></span> <span class='ocrx_word' id='word_1_760' title='bbox 811 2580 887 2611; x_wconf 88' lang='lat' dir='ltr'><strong>nihil</strong></span> <span class='ocrx_word' id='word_1_761' title='bbox 904 2591 979 2622; x_wconf 90' lang='lat' dir='ltr'><strong>opus</strong></span> <span class='ocrx_word' id='word_1_762' title='bbox 989 2591 1056 2614; x_wconf 88' lang='lat' dir='ltr'><strong>esse</strong></span> 
     </span>
    </p>
   </div>
   <div class='ocr_carea' id='block_1_99' title="bbox 233 2625 1055 2667">
    <p class='ocr_par' dir='ltr' id='par_1_99' title="bbox 233 2625 1055 2667">
     <span class='ocr_line' id='line_1_101' title="bbox 233 2625 1055 2667; baseline -0.001 -8"><span class='ocrx_word' id='word_1_763' title='bbox 233 2628 373 2666; x_wconf 83' lang='lat' dir='ltr'><strong>arbitror,</strong></span> <span class='ocrx_word' id='word_1_764' title='bbox 391 2636 458 2658; x_wconf 90' lang='lat' dir='ltr'><strong>cum</strong></span> <span class='ocrx_word' id='word_1_765' title='bbox 477 2635 511 2657; x_wconf 79' lang='lat' dir='ltr'><strong>ex</strong></span> <span class='ocrx_word' id='word_1_766' title='bbox 527 2625 623 2656; x_wconf 84' lang='lat' dir='ltr'><strong>allatis</strong></span> <span class='ocrx_word' id='word_1_767' title='bbox 637 2625 813 2657; x_wconf 87' lang='lat' dir='ltr'><strong>testimoniis</strong></span> <span class='ocrx_word' id='word_1_768' title='bbox 823 2625 894 2656; x_wconf 88' lang='lat' dir='ltr'><strong>satis</strong></span> <span class='ocrx_word' id='word_1_769' title='bbox 906 2635 1055 2667; x_wconf 83' lang='lat' dir='ltr'><strong>superque</strong></span> 
     </span>
    </p>
   </div>
   <div class='ocr_carea' id='block_1_100' title="bbox 234 2670 1057 2711">
    <p class='ocr_par' dir='ltr' id='par_1_100' title="bbox 234 2670 1057 2711">
     <span class='ocr_line' id='line_1_102' title="bbox 234 2670 1057 2711; baseline 0 -7"><span class='ocrx_word' id='word_1_770' title='bbox 234 2677 348 2704; x_wconf 87' lang='lat' dir='ltr'><strong>constet</strong></span> <span class='ocrx_word' id='word_1_771' title='bbox 362 2671 455 2704; x_wconf 81' lang='lat' dir='ltr'><strong>multa</strong></span> <span class='ocrx_word' id='word_1_772' title='bbox 471 2671 507 2703; x_wconf 90' lang='lat' dir='ltr'><strong>ab</strong></span> <span class='ocrx_word' id='word_1_773' title='bbox 520 2670 700 2711; x_wconf 80' lang='lat' dir='ltr'><strong>Hieronymo</strong></span> <span class='ocrx_word' id='word_1_774' title='bbox 711 2679 727 2701; x_wconf 88' lang='lat' dir='ltr'><strong>e</strong></span> <span class='ocrx_word' id='word_1_775' title='bbox 737 2670 848 2703; x_wconf 49' lang='lat' dir='ltr'><strong>Graecis</strong></span> <span class='ocrx_word' id='word_1_776' title='bbox 857 2674 907 2702; x_wconf 87' lang='lat' dir='ltr'><strong>aut</strong></span> <span class='ocrx_word' id='word_1_777' title='bbox 915 2680 1057 2704; x_wconf 84' lang='lat' dir='ltr'><strong>conversa</strong></span> 
     </span>
    </p>
   </div>
   <div class='ocr_carea' id='block_1_101' title="bbox 1099 2180 1924 2221">
    <p class='ocr_par' dir='ltr' id='par_1_101' title="bbox 1099 2180 1924 2221">
     <span class='ocr_line' id='line_1_103' title="bbox 1099 2180 1924 2221; baseline -0.002 -9"><span class='ocrx_word' id='word_1_778' title='bbox 1099 2185 1204 2213; x_wconf 76' lang='lat' dir='ltr'><strong>tentus</strong></span> <span class='ocrx_word' id='word_1_779' title='bbox 1209 2180 1296 2212; x_wconf 80' lang='lat' dir='ltr'><strong>homo</strong></span> <span class='ocrx_word' id='word_1_780' title='bbox 1303 2181 1642 2221; x_wconf 78' lang='lat' dir='ltr'><strong>corrumpitur,tantum</strong></span> <span class='ocrx_word' id='word_1_781' title='bbox 1654 2181 1794 2211; x_wconf 78' lang='lat' dir='ltr'><strong>internus</strong></span> <span class='ocrx_word' id='word_1_782' title='bbox 1802 2189 1924 2212; x_wconf 79' lang='lat' dir='ltr'><strong>renoua-</strong></span> 
     </span>
    </p>
   </div>
   <div class='ocr_carea' id='block_1_102' title="bbox 1100 2224 1923 2265">
    <p class='ocr_par' dir='ltr' id='par_1_102' title="bbox 1100 2224 1923 2265">
     <span class='ocr_line' id='line_1_104' title="bbox 1100 2224 1923 2265; baseline -0.004 -8"><span class='ocrx_word' id='word_1_783' title='bbox 1100 2229 1150 2257; x_wconf 79' lang='lat' dir='ltr'><strong>tur</strong></span> <span class='ocrx_word' id='word_1_784' title='bbox 1163 2227 1205 2257; x_wconf 66' lang='grc' dir='ltr'>ω.</span> <span class='ocrx_word' id='word_1_785' title='bbox 1224 2226 1296 2257; x_wconf 88' lang='lat' dir='ltr'><strong>Item</strong></span> <span class='ocrx_word' id='word_1_786' title='bbox 1321 2224 1396 2256; x_wconf 89' lang='lat' dir='ltr'><strong>illud</strong></span> <span class='ocrx_word' id='word_1_787' title='bbox 1414 2236 1420 2254; x_wconf 94' lang='lat'><strong>:</strong></span> <span class='ocrx_word' id='word_1_788' title='bbox 1453 2225 1528 2257; x_wconf 83' lang='lat' dir='ltr'><strong>Cum</strong></span> <span class='ocrx_word' id='word_1_789' title='bbox 1543 2225 1692 2264; x_wconf 74' lang='lat' dir='ltr'><strong>inﬁrmor,</strong></span> <span class='ocrx_word' id='word_1_790' title='bbox 1721 2229 1795 2256; x_wconf 80' lang='lat' dir='ltr'><strong>tunc</strong></span> <span class='ocrx_word' id='word_1_791' title='bbox 1819 2229 1923 2265; x_wconf 81' lang='lat' dir='ltr'><strong>potem</strong></span> 
     </span>
    </p>
   </div>
   <div class='ocr_carea' id='block_1_103' title="bbox 1097 2269 1924 2310">
    <p class='ocr_par' dir='ltr' id='par_1_103' title="bbox 1097 2269 1924 2310">
     <span class='ocr_line' id='line_1_105' title="bbox 1097 2269 1924 2310; baseline -0.002 -8"><span class='ocrx_word' id='word_1_792' title='bbox 1097 2270 1238 2302; x_wconf 56' lang='lat' dir='ltr'><strong>eum“...</strong></span> <span class='ocrx_word' id='word_1_793' title='bbox 1252 2270 1326 2301; x_wconf 90' lang='lat' dir='ltr'><strong>Nam</strong></span> <span class='ocrx_word' id='word_1_794' title='bbox 1337 2270 1506 2309; x_wconf 74' lang='lat' dir='ltr'><strong>luliginosaa</strong></span> <span class='ocrx_word' id='word_1_795' title='bbox 1531 2269 1666 2310; x_wconf 83' lang='lat' dir='ltr'><strong>quaedam</strong></span> <span class='ocrx_word' id='word_1_796' title='bbox 1682 2269 1889 2300; x_wconf 75' lang='lat' dir='ltr'><strong>exhalationes</strong></span> <span class='ocrx_word' id='word_1_797' title='bbox 1909 2277 1924 2299; x_wconf 78' lang='grc' dir='ltr'>θ</span> 
     </span>
    </p>
   </div>
   <div class='ocr_carea' id='block_1_104' title="bbox 1099 2313 1922 2355">
    <p class='ocr_par' dir='ltr' id='par_1_104' title="bbox 1099 2313 1922 2355">
     <span class='ocr_line' id='line_1_106' title="bbox 1099 2313 1922 2355; baseline -0.002 -9"><span class='ocrx_word' id='word_1_798' title='bbox 1099 2315 1200 2355; x_wconf 78' lang='lat' dir='ltr'><strong>pingui</strong></span> <span class='ocrx_word' id='word_1_799' title='bbox 1218 2314 1358 2346; x_wconf 85' lang='lat' dir='ltr'><strong>alimento</strong></span> <span class='ocrx_word' id='word_1_800' title='bbox 1375 2315 1505 2352; x_wconf 57' lang='lat' dir='ltr'><strong>emissa),</strong></span> <span class='ocrx_word' id='word_1_801' title='bbox 1519 2314 1620 2345; x_wconf 83' lang='lat' dir='ltr'><strong>densae</strong></span> <span class='ocrx_word' id='word_1_802' title='bbox 1632 2313 1719 2344; x_wconf 86' lang='lat' dir='ltr'><strong>nubis</strong></span> <span class='ocrx_word' id='word_1_803' title='bbox 1733 2314 1831 2345; x_wconf 83' lang='lat' dir='ltr'><strong>instar</strong></span> <span class='ocrx_word' id='word_1_804' title='bbox 1846 2314 1922 2344; x_wconf 83' lang='lat' dir='ltr'><strong>infu-</strong></span> 
     </span>
    </p>
   </div>
   <div class='ocr_carea' id='block_1_105' title="bbox 1099 2358 1924 2399">
    <p class='ocr_par' dir='ltr' id='par_1_105' title="bbox 1099 2358 1924 2399">
     <span class='ocr_line' id='line_1_107' title="bbox 1099 2358 1924 2399; baseline -0.002 -9"><span class='ocrx_word' id='word_1_805' title='bbox 1099 2369 1161 2391; x_wconf 79' lang='lat' dir='ltr'><strong>sam</strong></span> <span class='ocrx_word' id='word_1_806' title='bbox 1173 2360 1281 2391; x_wconf 82' lang='lat' dir='ltr'><strong>animae</strong></span> <span class='ocrx_word' id='word_1_807' title='bbox 1290 2368 1306 2390; x_wconf 87' lang='lat' dir='ltr'><strong>a</strong></span> <span class='ocrx_word' id='word_1_808' title='bbox 1315 2358 1428 2399; x_wconf 89' lang='lat' dir='ltr'><strong>Spiritu</strong></span> <span class='ocrx_word' id='word_1_809' title='bbox 1443 2363 1545 2390; x_wconf 89' lang='lat' dir='ltr'><strong>sancto</strong></span> <span class='ocrx_word' id='word_1_810' title='bbox 1558 2358 1790 2389; x_wconf 86' lang='lat' dir='ltr'><strong>illustrationem</strong></span> <span class='ocrx_word' id='word_1_811' title='bbox 1807 2358 1924 2390; x_wconf 86' lang='lat' dir='ltr'><strong>interci-</strong></span> 
     </span>
    </p>
   </div>
   <div class='ocr_carea' id='block_1_106' title="bbox 1098 2403 1922 2445">
    <p class='ocr_par' dir='ltr' id='par_1_106' title="bbox 1098 2403 1922 2445">
     <span class='ocr_line' id='line_1_108' title="bbox 1098 2403 1922 2445; baseline -0.001 -10"><span class='ocrx_word' id='word_1_812' title='bbox 1098 2403 1289 2445; x_wconf 65' lang='lat' dir='ltr'><strong>piunt.»Hmc</strong></span> <span class='ocrx_word' id='word_1_813' title='bbox 1297 2403 1489 2444; x_wconf 86' lang='lat' dir='ltr'><strong>sibisumpsit</strong></span> <span class='ocrx_word' id='word_1_814' title='bbox 1500 2403 1844 2443; x_wconf 83' lang='lat' dir='ltr'><strong>pseudo-Basilius(num</strong></span> <span class='ocrx_word' id='word_1_815' title='bbox 1863 2403 1922 2443; x_wconf 70' lang='lat'><strong>32),</strong></span> 
     </span>
    </p>
   </div>
   <div class='ocr_carea' id='block_1_107' title="bbox 1098 2448 1921 2489">
    <p class='ocr_par' dir='ltr' id='par_1_107' title="bbox 1098 2448 1921 2489">
     <span class='ocr_line' id='line_1_109' title="bbox 1098 2448 1921 2489; baseline -0.002 -9"><span class='ocrx_word' id='word_1_816' title='bbox 1098 2459 1164 2480; x_wconf 93' lang='lat' dir='ltr'><strong>cum</strong></span> <span class='ocrx_word' id='word_1_817' title='bbox 1176 2449 1424 2489; x_wconf 86' lang='lat' dir='ltr'><strong>interpretaretur</strong></span> <span class='ocrx_word' id='word_1_818' title='bbox 1435 2448 1678 2488; x_wconf 74' lang='lat' dir='ltr'><strong>illudzlejuuium</strong></span> <span class='ocrx_word' id='word_1_819' title='bbox 1689 2452 1719 2479; x_wconf 85' lang='lat' dir='ltr'><strong>et</strong></span> <span class='ocrx_word' id='word_1_820' title='bbox 1729 2451 1826 2479; x_wconf 68' lang='lat' dir='ltr'><strong>otium</strong></span> <span class='ocrx_word' id='word_1_821' title='bbox 1838 2454 1866 2479; x_wconf 72' lang='lat' dir='ltr'><strong>et</strong></span> <span class='ocrx_word' id='word_1_822' title='bbox 1873 2456 1921 2478; x_wconf 74' lang='grc' dir='ltr'>εο-</span> 
     </span>
    </p>
   </div>
   <div class='ocr_carea' id='block_1_108' title="bbox 1098 2491 1923 2528">
    <p class='ocr_par' dir='ltr' id='par_1_108' title="bbox 1098 2491 1923 2528">
     <span class='ocr_line' id='line_1_110' title="bbox 1098 2491 1923 2528; baseline -0.004 -3"><span class='ocrx_word' id='word_1_823' title='bbox 1098 2493 1268 2526; x_wconf 71' lang='lat' dir='ltr'><strong>lemnitate:</strong></span> <span class='ocrx_word' id='word_1_824' title='bbox 1290 2498 1408 2524; x_wconf 78' lang='lat' dir='ltr'><strong>vestras</strong></span> <span class='ocrx_word' id='word_1_825' title='bbox 1418 2493 1481 2524; x_wconf 78' lang='lat' dir='ltr'><strong>odit</strong></span> <span class='ocrx_word' id='word_1_826' title='bbox 1491 2494 1597 2524; x_wconf 77' lang='lat' dir='ltr'><strong>animo</strong></span> <span class='ocrx_word' id='word_1_827' title='bbox 1609 2501 1677 2523; x_wconf 81' lang='lat' dir='ltr'><strong>mea</strong></span> <span class='ocrx_word' id='word_1_828' title='bbox 1685 2491 1810 2528; x_wconf 80' lang='lat' dir='ltr'><strong>57.0uin</strong></span> <span class='ocrx_word' id='word_1_829' title='bbox 1828 2496 1859 2523; x_wconf 89' lang='lat' dir='ltr'><strong>et</strong></span> <span class='ocrx_word' id='word_1_830' title='bbox 1869 2492 1923 2522; x_wconf 79' lang='lat' dir='ltr'><strong>alia</strong></span> 
     </span>
    </p>
   </div>
   <div class='ocr_carea' id='block_1_109' title="bbox 1097 2536 1920 2579">
    <p class='ocr_par' dir='ltr' id='par_1_109' title="bbox 1097 2536 1920 2579">
     <span class='ocr_line' id='line_1_111' title="bbox 1097 2536 1920 2579; baseline -0.002 -10"><span class='ocrx_word' id='word_1_831' title='bbox 1097 2538 1185 2579; x_wconf 88' lang='lat' dir='ltr'><strong>adjici</strong></span> <span class='ocrx_word' id='word_1_832' title='bbox 1199 2543 1324 2579; x_wconf 88' lang='lat' dir='ltr'><strong>possunt</strong></span> <span class='ocrx_word' id='word_1_833' title='bbox 1339 2547 1355 2568; x_wconf 82' lang='grc' dir='ltr'>θ</span> <span class='ocrx_word' id='word_1_834' title='bbox 1368 2537 1499 2569; x_wconf 88' lang='lat' dir='ltr'><strong>secunda</strong></span> <span class='ocrx_word' id='word_1_835' title='bbox 1528 2538 1663 2568; x_wconf 86' lang='lat' dir='ltr'><strong>oratione</strong></span> <span class='ocrx_word' id='word_1_836' title='bbox 1672 2537 1710 2568; x_wconf 90' lang='lat' dir='ltr'><strong>de</strong></span> <span class='ocrx_word' id='word_1_837' title='bbox 1719 2536 1852 2577; x_wconf 81' lang='lat' dir='ltr'><strong>jejunio,</strong></span> <span class='ocrx_word' id='word_1_838' title='bbox 1872 2536 1920 2567; x_wconf 84' lang='lat' dir='ltr'><strong>ubi</strong></span> 
     </span>
    </p>
   </div>
   <div class='ocr_carea' id='block_1_110' title="bbox 1096 2582 1920 2623">
    <p class='ocr_par' dir='ltr' id='par_1_110' title="bbox 1096 2582 1920 2623">
     <span class='ocr_line' id='line_1_112' title="bbox 1096 2582 1920 2623; baseline -0.005 -9"><span class='ocrx_word' id='word_1_839' title='bbox 1096 2584 1140 2614; x_wconf 87' lang='lat' dir='ltr'><strong>sic</strong></span> <span class='ocrx_word' id='word_1_840' title='bbox 1155 2583 1261 2623; x_wconf 77' lang='lat' dir='ltr'><strong>legitur</strong></span> <span class='ocrx_word' id='word_1_841' title='bbox 1269 2582 1324 2614; x_wconf 89' lang='lat' dir='ltr'><strong>sub</strong></span> <span class='ocrx_word' id='word_1_842' title='bbox 1343 2583 1445 2614; x_wconf 78' lang='lat' dir='ltr'><strong>tinem:</strong></span> <span class='ocrx_word' id='word_1_843' title='bbox 1463 2583 1498 2612; x_wconf 80' lang='grc' dir='ltr'><strong>οὐ</strong></span> <span class='ocrx_word' id='word_1_844' title='bbox 1520 2583 1611 2622; x_wconf 77' lang='grc' dir='ltr'>μέντοι</span> <span class='ocrx_word' id='word_1_845' title='bbox 1631 2582 1736 2622; x_wconf 78' lang='grc' dir='ltr'>ἐξαρκεῖ</span> <span class='ocrx_word' id='word_1_846' title='bbox 1749 2583 1809 2610; x_wconf 84' lang='grc' dir='ltr'>καθ’</span> <span class='ocrx_word' id='word_1_847' title='bbox 1826 2583 1920 2614; x_wconf 78' lang='grc' dir='ltr'>ἑαοτην</span> 
     </span>
    </p>
   </div>
   <div class='ocr_carea' id='block_1_111' title="bbox 1096 2627 1916 2668">
    <p class='ocr_par' dir='ltr' id='par_1_111' title="bbox 1096 2627 1916 2668">
     <span class='ocr_line' id='line_1_113' title="bbox 1096 2627 1916 2668; baseline -0.006 -11"><span class='ocrx_word' id='word_1_848' title='bbox 1096 2630 1113 2662; x_wconf 81' lang='grc' dir='ltr'><strong>ἡ</strong></span> <span class='ocrx_word' id='word_1_849' title='bbox 1126 2628 1217 2668; x_wconf 84' lang='grc' dir='ltr'>ὲποχὴ</span> <span class='ocrx_word' id='word_1_850' title='bbox 1231 2628 1283 2656; x_wconf 79' lang='grc' dir='ltr'><strong>τῶν</strong></span> <span class='ocrx_word' id='word_1_851' title='bbox 1307 2628 1456 2666; x_wconf 72' lang='grc' dir='ltr'>βρωμάτιον</span> <span class='ocrx_word' id='word_1_852' title='bbox 1471 2628 1536 2667; x_wconf 61' lang='grc' dir='ltr'>πρὸς</span> <span class='ocrx_word' id='word_1_853' title='bbox 1551 2628 1600 2661; x_wconf 80' lang='grc' dir='ltr'><strong>τὴν</strong></span> <span class='ocrx_word' id='word_1_854' title='bbox 1626 2627 1768 2660; x_wconf 59' lang='lat' dir='ltr'><strong>inanium</strong></span> <span class='ocrx_word' id='word_1_855' title='bbox 1783 2628 1916 2660; x_wconf 71' lang='grc' dir='ltr'>νηστείαν-</span> 
     </span>
    </p>
   </div>
   <div class='ocr_carea' id='block_1_112' title="bbox 1097 2671 1919 2711">
    <p class='ocr_par' dir='ltr' id='par_1_112' title="bbox 1097 2671 1919 2711">
     <span class='ocr_line' id='line_1_114' title="bbox 1097 2671 1919 2711; baseline -0.005 -8"><span class='ocrx_word' id='word_1_856' title='bbox 1097 2673 1165 2703; x_wconf 73' lang='grc' dir='ltr'>ἀλλὰ</span> <span class='ocrx_word' id='word_1_857' title='bbox 1204 2673 1374 2711; x_wconf 79' lang='grc' dir='ltr'>νηστεύωμεν</span> <span class='ocrx_word' id='word_1_858' title='bbox 1412 2673 1534 2707; x_wconf 80' lang='grc' dir='ltr'>νηστείαν</span> <span class='ocrx_word' id='word_1_859' title='bbox 1559 2671 1665 2708; x_wconf 74' lang='grc' dir='ltr'>δεκτὴν,</span> <span class='ocrx_word' id='word_1_860' title='bbox 1701 2672 1843 2711; x_wconf 67' lang='grc' dir='ltr'>εὐάρεστον</span> <span class='ocrx_word' id='word_1_861' title='bbox 1884 2673 1919 2707; x_wconf 71' lang='grc' dir='ltr'>τῷ</span> 
     </span>
    </p>
   </div>
   <div class='ocr_carea' id='block_1_113' title="bbox 272 2749 1057 2794">
    <p class='ocr_par' dir='ltr' id='par_1_113' title="bbox 272 2749 1044 2794">
     <span class='ocr_line' id='line_1_115' title="bbox 272 2749 1044 2794; baseline -0.001 -9"><span class='ocrx_word' id='word_1_862' title='bbox 272 2754 296 2776; x_wconf 75' lang='grc' dir='ltr'><strong>εί</strong></span> <span class='ocrx_word' id='word_1_863' title='bbox 314 2753 389 2785; x_wconf 86' lang='lat' dir='ltr'><strong>Gen.</strong></span> <span class='ocrx_word' id='word_1_864' title='bbox 405 2760 489 2794; x_wconf 59' lang='lat' dir='ltr'><strong>avni,</strong></span> <span class='ocrx_word' id='word_1_865' title='bbox 503 2751 556 2794; x_wconf 61' lang='lat'><strong>2&#39;7.</strong></span> <span class='ocrx_word' id='word_1_866' title='bbox 599 2750 627 2794; x_wconf 45' lang='grc' dir='ltr'><strong>εἴ</strong></span> <span class='ocrx_word' id='word_1_867' title='bbox 639 2749 750 2794; x_wconf 70' lang='lat' dir='ltr'><strong>Ephes.</strong></span> <span class='ocrx_word' id='word_1_868' title='bbox 765 2759 805 2792; x_wconf 82' lang='grc' dir='ltr'><strong>ιν,</strong></span> <span class='ocrx_word' id='word_1_869' title='bbox 824 2750 873 2783; x_wconf 86' lang='lat' dir='ltr'><strong>t0.</strong></span> <span class='ocrx_word' id='word_1_870' title='bbox 915 2750 942 2773; x_wconf 79' lang='grc'><strong>⁸³</strong></span> <span class='ocrx_word' id='word_1_871' title='bbox 957 2751 1044 2784; x_wconf 80' lang='lat' dir='ltr'><strong>Rom.</strong></span> 
     </span>
    </p>
   </div>
   <div class='ocr_carea' id='block_1_114' title="bbox 1100 2749 1916 2794">
    <p class='ocr_par' dir='ltr' id='par_1_114' title="bbox 1107 2751 1916 2791">
     <span class='ocr_line' id='line_1_116' title="bbox 1107 2751 1916 2791; baseline -0.002 -7"><span class='ocrx_word' id='word_1_872' title='bbox 1107 2755 1138 2790; x_wconf 88' lang='lat'><strong>6,</strong></span> <span class='ocrx_word' id='word_1_873' title='bbox 1155 2753 1186 2784; x_wconf 90' lang='lat'><strong>7.</strong></span> <span class='ocrx_word' id='word_1_874' title='bbox 1228 2752 1341 2785; x_wconf 74' lang='lat' dir='ltr'><strong>“Luc.</strong></span> <span class='ocrx_word' id='word_1_875' title='bbox 1359 2752 1446 2791; x_wconf 72' lang='lat'><strong>1,48.</strong></span> <span class='ocrx_word' id='word_1_876' title='bbox 1490 2751 1556 2784; x_wconf 72' lang='lat' dir='ltr'><strong>“II</strong></span> <span class='ocrx_word' id='word_1_877' title='bbox 1571 2753 1641 2784; x_wconf 86' lang='lat' dir='ltr'><strong>Cor.</strong></span> <span class='ocrx_word' id='word_1_878' title='bbox 1668 2760 1706 2789; x_wconf 77' lang='lat' dir='ltr'><strong>iv,</strong></span> <span class='ocrx_word' id='word_1_879' title='bbox 1738 2751 1791 2784; x_wconf 81' lang='lat' dir='ltr'><strong>t6.</strong></span> <span class='ocrx_word' id='word_1_880' title='bbox 1833 2751 1866 2778; x_wconf 70' lang='lat'><strong>50</strong></span> <span class='ocrx_word' id='word_1_881' title='bbox 1892 2751 1916 2782; x_wconf 83' lang='lat' dir='ltr'><strong>ll</strong></span> 
     </span>
    </p>
   </div>
   <div class='ocr_carea' id='block_1_115' title="bbox 231 2792 664 2831">
    <p class='ocr_par' dir='ltr' id='par_1_115' title="bbox 231 2792 664 2831">
     <span class='ocr_line' id='line_1_117' title="bbox 231 2792 664 2831; baseline -0.009 -5"><span class='ocrx_word' id='word_1_882' title='bbox 231 2795 301 2826; x_wconf 88' lang='lat' dir='ltr'><strong>Cor.</strong></span> <span class='ocrx_word' id='word_1_883' title='bbox 317 2804 346 2831; x_wconf 85' lang='lat' dir='ltr'><strong>x,</strong></span> <span class='ocrx_word' id='word_1_884' title='bbox 363 2794 414 2825; x_wconf 71' lang='grc'><strong>12.</strong></span> <span class='ocrx_word' id='word_1_885' title='bbox 456 2793 487 2818; x_wconf 74' lang='grc' dir='ltr'><strong>ὕἹ</strong></span> <span class='ocrx_word' id='word_1_886' title='bbox 502 2792 559 2823; x_wconf 85' lang='lat' dir='ltr'><strong>Isa.</strong></span> <span class='ocrx_word' id='word_1_887' title='bbox 577 2800 599 2830; x_wconf 85' lang='grc' dir='ltr'>ι,</span> <span class='ocrx_word' id='word_1_888' title='bbox 617 2792 664 2823; x_wconf 76' lang='grc'><strong>14.</strong></span> 
     </span>
    </p>
   </div>
   <div class='ocr_carea' id='block_1_116' title="bbox 274 2853 870 2900">
    <p class='ocr_par' dir='ltr' id='par_1_116' title="bbox 274 2853 870 2900">
     <span class='ocr_line' id='line_1_118' title="bbox 274 2853 870 2900; baseline -0.01 -9"><span class='ocrx_word' id='word_1_889' title='bbox 274 2859 318 2900; x_wconf 87' lang='lat' dir='ltr'><strong>(u)</strong></span> <span class='ocrx_word' id='word_1_890' title='bbox 335 2857 412 2898; x_wconf 64' lang='lat' dir='ltr'><strong>Lege</strong></span> <span class='ocrx_word' id='word_1_891' title='bbox 426 2856 704 2898; x_wconf 79' lang='lat' dir='ltr'><strong>interpretationem</strong></span> <span class='ocrx_word' id='word_1_892' title='bbox 719 2853 825 2896; x_wconf 72' lang='lat' dir='ltr'><strong>capitis</strong></span> <span class='ocrx_word' id='word_1_893' title='bbox 839 2861 870 2886; x_wconf 79' lang='grc' dir='ltr'>ν.</span> 
     </span>
    </p>
   </div>
  </div>
