2004 3143
318 151 442 179 suum
1039 144 1333 179 PROLEGOMENA.

318 218 367 244 tur
379 214 422 254 (p.
441 212 532 252 306):
545 213 659 252 Εἴρηται
670 212 765 252 ταῦτα,
777 213 821 241 καὶ
833 212 889 241 ἔστι
907 212 1006 250 καλῶς·¹
1023 215 1059 245 ὡς
1076 212 1109 239 ἕσ·

1167 230 1173 246 ι
1184 216 1347 253 ganterque
1358 223 1392 245 ac
1403 214 1527 255 copiose
1537 216 1815 256 probassetvocem-
1826 217 1958 256 ingenitus.

318 265 376 290 τοῖς
407 258 570 298 ἀπεριέργως
596 258 764 286 πιστεύουσιν
796 258 831 290 εἰς
860 258 937 297 Θεόν,
954 261 1010 288 etc.
1043 256 1109 288 (Ηέ

1183 255 1377 290 substantiam
1391 259 1486 300 ipsam
1503 255 1564 291 non
1579 269 1656 298 esse,
1674 260 1727 292 sed
1743 255 1959 302 aliquodinomen,

319 302 398 333 dicta
413 306 493 339 sunt,
505 307 534 332 et
549 305 618 332 sunt
635 306 728 338 recte,
747 301 834 332 sicuti
850 307 929 339 sunt,
947 302 995 339 iis,
1011 302 1060 342 qui
1076 301 1141 331 sine
1185 304 1287 346 postea
1303 303 1342 334 de
1357 303 1462 335 eodem
1477 309 1652 344 argumento
1664 305 1694 336 in
1710 304 1785 336 libro
1800 309 1890 346 quarto
1905 308 1961 338 scri-

318 347 437 392 curiosa
447 347 672 392 investigatione
685 346 810 392 credunt
824 347 854 392 in
866 346 991 386 Deum,»
1008 346 1141 392 stellae
1185 345 1292 386 psisset
1303 347 1430 380 obscure
1445 353 1533 390 atque
1548 345 1820 390 ineleganter?Sed
1841 360 1892 382 non
1909 361 1961 392 opus

318 391 397 422 enim
406 401 473 422 cum
480 391 727 431 lego,Graeculum
736 391 951 422 balbutientem
959 391 1063 421 audire
1070 391 1140 420 mihi
1184 395 1230 421 est
1241 392 1351 423 nostris
1361 393 1471 432 verbis,
1485 395 1697 426 utostendatur
1705 404 1805 426 eorum
1813 395 1899 435 quain
1907 395 1961 427 libro

320 436 526 468 videor.Libet
535 437 648 468 referre
657 441 686 467 et
698 436 758 475 illa,
769 446 834 476 quae
847 445 913 467 mox
923 441 1087 477 sequuntur
1097 437 1138 476 (p.
1183 435 1279 475 primo
1286 440 1315 468 et
1326 442 1433 478 quarto
1441 439 1580 478 leguntur
1593 449 1653 471 non
1661 449 1754 471 unum
1763 443 1791 470 et
1801 439 1960 471 eumdemau-

316 481 385 520 308)
399 491 406 513 ζ
420 481 502 511 Ἀλλα
520 483 562 510 καὶ
579 486 617 519 τῷ
636 482 708 511 ὕδατι
731 484 943 522 συναριθμεῖσθαι
958 483 1021 511 αὐτὸ
1036 482 1107 521 «prmi

1182 483 1294 511 ctorem
1311 491 1379 514 esse
1391 493 1399 513 :
1411 483 1463 514 sed
1486 483 1556 514 satis
1573 489 1629 521 est,
1646 484 1672 515 si
1689 484 1764 515 alter
1779 485 1855 515 locus
1867 494 1921 515 cum
1931 485 1959 516 al-

317 529 364 560 τῆς
381 528 491 561 κτίσεως
506 527 545 558 ὄν.
565 539 579 554 ε
591 527 650 558 Sed
659 532 690 557 et
705 536 772 557 cum
781 535 856 567 aqua
866 525 943 557 dicis
954 535 1020 556 eum
1032 533 1139 556 nume-
1183 528 1246 556 tero
1256 531 1456 567 comparetur.
1470 529 1545 560 Nam
1557 528 1777 560 eruditissimus
1790 529 1931 570 quisquent
1941 530 1961 560 in

318 572 376 601 rari
393 576 532 612 tanquam
547 575 598 612 qui
616 575 760 603 creaturas
786 571 836 603 sit.
855 583 868 598 ι
888 570 1081 610 Interpretari
1102 570 1138 600 ad
1181 570 1276 614 primo
1286 571 1363 602 libro
1378 573 1541 604 masculum
1553 574 1701 614 quoddam
1712 573 1829 605 dicendi
1837 583 1915 613 genus
1923 574 1961 604 mi-

316 616 439 646 verbum
457 618 546 657 volui,
565 620 598 647 ut
625 619 773 647 sermonis
790 616 1007 646 inconcinnitas
1022 614 1138 655 asperi-
1179 613 1306 659 rabitur,
1321 616 1360 647 ita
1372 617 1403 647 in
1417 622 1522 657 quarto
1533 613 1649 650 debiles
1661 618 1803 659 quasdam
1817 618 1959 650 ratiunculas

315 665 420 701 tasque
430 662 572 693 lectorem
585 661 678 701 magis
690 664 815 692 moveat.
831 661 905 692 Nam
918 660 1015 691 libens
1025 668 1138 700 quaere-
1180 658 1250 690 huic
1264 661 1403 701 scriptori
1425 663 1640 703 perfamiliares
1655 658 1796 696 fastidiet.
1813 664 1893 695 Paulo
1904 664 1958 694 intra

315 714 378 736 rem
392 706 465 747 quid
478 706 534 737 sibi
551 707 624 737 velit
639 706 725 743 illud,
742 706 789 736 Ὠς
805 709 854 739 τῆς
865 706 974 737 κτίσεως
991 705 1031 742 ὅν,
1048 715 1059 731 (ι
1074 709 1106 734 ta]

1179 713 1247 735 eum
1262 714 1350 746 quem
1365 707 1452 738 citavi
1475 708 1585 745 locum,
1603 708 1743 748 leguntur
1771 708 1821 739 illa
1842 712 1877 749 (p.
1891 709 1955 748 286):

315 759 402 790 quam
419 752 470 792 qui
481 756 626 783 creaturas
636 752 675 782 sit
688 762 695 783 :
711 763 723 778 ι»
737 755 787 781 aut
802 751 898 791 potius
911 758 1106 790 quaererem,z

1179 750 1207 777 Εἰ
1223 749 1351 779 ἐλάττονα
1367 752 1381 779 ὁ
1397 753 1462 784 Θεὸς
1477 752 1651 792 δημιουργεῖν
1666 754 1714 781 οὒκ
1732 753 1841 787 ἠδύνατο
1863 758 1901 783 τοῦ
1918 754 1955 783 ἑνὸς

314 796 459 827 barbarus
469 802 519 828 aut
529 798 638 837 Scytha
648 796 857 828 inconcinnius
868 805 997 835 unquam
1008 799 1036 826 et
1044 794 1104 824 inel

1179 794 1250 834 Υἱοῦ,
1274 794 1316 823 διὰ
1330 797 1360 824 τὸ
1376 797 1414 834 μὴ
1436 798 1591 838 πεφυκέναι,
1620 797 1676 826 οὐδὲ
1702 800 1716 826 ὃ
1742 799 1802 831 Υἱὸς
1830 798 1874 837 ἄρα
1891 798 1954 838 διάξο-

314 842 430 880 gantius
445 842 561 873 locutus
572 842 619 873 sit.

1177 849 1209 876 ρα
1233 838 1438 880 δημιουργήσει,
1456 842 1525 870 ἀλλὰ
1555 842 1581 871 ἒν
1598 854 1635 874 τι,
1661 853 1674 871 ι
1692 843 1723 874 Si
1750 844 1829 874 Deus
1854 843 1954 883 pauciora

354 887 404 918 67.
421 886 581 918 Auctorem
600 887 677 918 male
687 887 858 927 loquentem
870 885 1013 916 hactenus
1024 883 1135 914 audivi-
1148 903 1166 928 μ
1177 891 1237 913 uno
1253 882 1327 914 Filio
1344 885 1475 917 condere
1494 895 1553 917 non
1570 891 1696 927 poterat,
1712 887 1793 928 quod
1809 882 1955 918 naturasua

316 939 475 962 musznunc
488 931 626 962 eumdem
638 932 724 972 pejus
734 930 958 962 ratiocinantem
966 929 1132 961 audiamus.
1176 936 1236 958 non
1248 929 1387 969 convenit
1400 939 1406 961 :
1421 931 1512 970 igitur
1526 941 1582 962 nec
1594 931 1687 963 Filius
1696 932 1806 963 condet
1814 932 1954 970 diversa,sed

314 975 356 1006 Ita
371 976 460 1016 igitur
472 976 614 1017 loquitur,
631 976 682 1007 ubi
697 975 826 1007 ostendit
849 983 953 1006 vocem
974 974 1133 1013 ingenitus
1175 980 1265 1017 unum
1281 974 1365 1014 quid.
1380 985 1395 1005 ›
1413 975 1482 1006 Haec
1496 977 1646 1016 quomodo
1662 977 1742 1008 inter
1757 986 1791 1008 se
1815 977 1954 1008 cohaereant.

313 1016 622 1062 substantiam’ipsam
637 1030 697 1052 non
714 1030 791 1061 esse,
809 1019 861 1051 sed
873 1028 965 1049 unum
981 1017 1131 1058 quoddam
1173 1016 1250 1062 alius
1266 1018 1385 1049 viderit.
1404 1019 1456 1050 liis
1477 1021 1654 1061 subjungam
1680 1021 1731 1053 illa
1756 1022 1799 1062 (p.
1816 1022 1877 1059 291)
1889 1032 1894 1052 :
1907 1022 1955 1050 Eiri

313 1073 350 1096 ex
368 1061 551 1107 nominibus,
569 1075 622 1098 seu
637 1065 758 1096 modum
773 1063 932 1105 quemdam
948 1062 1104 1094 exsistendi

1175 1061 1279 1100 θέλημα
1295 1067 1340 1092 τοῦ
1364 1064 1466 1104 Πατρός
1490 1066 1558 1106 ἐστι,
1582 1067 1613 1095 τὸ
1638 1061 1778 1095 πιστεύειν
1800 1068 1866 1104 ἡμᾶς
1885 1068 1912 1097 si;
1927 1068 1955 1093 τὸν

315 1111 344 1140 Εἰ
368 1112 382 1139 ὁ
405 1111 494 1151 γνοὺς,
512 1111 552 1139 ὃτι
581 1111 725 1151 ἆγέννητός
755 1111 826 1139 ἐστιν
854 1111 868 1138 ὁ
897 1109 974 1148 Θεὸς,
996 1108 1010 1136 ὃ
1025 1108 1049 1136 τί
1070 1107 1135 1136 ποτέ
1178 1108 1236 1136 Υἱὸν
1265 1109 1345 1138 αὐτοῦ
1375 1109 1469 1149 (Τοῦτο
1505 1111 1557 1150 γάρ
1584 1113 1640 1139 εστι
1667 1112 1697 1140 τὸ
1722 1112 1827 1150 θέλημα
1853 1115 1892 1140 τοῦ

311 1154 383 1184 ἐστιν
405 1157 419 1184 ὁ
436 1157 502 1188 Θεὸς
516 1155 632 1196 ἀκριϐῶς
657 1155 738 1196 ἔγνω,
754 1158 847 1193 μεῖζον
863 1153 890 1182 δὲ
920 1151 992 1182 οὐδέν
1021 1154 1077 1180 εστι
1089 1155 1136 1181 τοῦ
1176 1153 1275 1189 ψαντός
1300 1164 1346 1194 με,
1376 1154 1421 1182 ἵνα
1450 1158 1502 1188 πᾶς
1530 1157 1544 1183 ὁ
1575 1157 1680 1195 θεωρῶν
1709 1158 1756 1185 τὸν
1782 1158 1850 1197 Υἱὸν,
1870 1157 1906 1184 καὶ
1924 1167 1954 1183 1::-

311 1201 356 1229 τὸν
379 1201 444 1229 Θεὸν
473 1202 541 1230 κατὰ
564 1201 613 1236 τὴν
633 1202 711 1230 αὖτυῦ
738 1201 814 1240 φύσιν
839 1201 949 1238 γνῶναι,
976 1196 1036 1226 ἀλλ’
1066 1197 1134 1230 αὕτη
1176 1197 1275 1225 στεύῶν
1301 1199 1338 1231 εἷς
1368 1199 1457 1235 αὺτὸν,
1484 1199 1539 1239 ἔχῃ
1564 1201 1635 1236 ζωὴν
1662 1201 1797 1242 αἰώνιον),
1825 1196 1867 1231 odit
1886 1201 1910 1229 ἐν.
1926 1202 1954 1228 θι-

311 1246 383 1274 ξστιν
399 1248 417 1282 ἡ
434 1247 541 1278 αἰώνιος
556 1247 625 1282 ζωή⁸
649 1247 662 1274 ὁ
677 1244 782 1278 διδάξας
812 1244 893 1284 ἦμᾶς,
917 1243 958 1271 ὅτι
987 1242 1132 1281 ἀγέννητός
1175 1240 1297 1279 λήματος
1320 1245 1335 1271 ὁ
1365 1244 1436 1284 Υἱὸς,
1454 1245 1510 1273 ἐπεὶ
1535 1246 1565 1273 τὸ
1581 1246 1713 1274 πιστεύειν
1743 1240 1814 1285 ἡμᾶς
1836 1247 1869 1279 εὶς
1892 1246 1954 1280 αὐτὸν,

310 1291 384 1319 ἔστιν
400 1292 414 1318 ὁ
437 1291 514 1331 Θεὸς,
528 1291 625 1328 μείζων
654 1290 822 1329 εὑρεθήσεται
851 1289 888 1316 ὠν
917 1289 931 1316 ὁ
961 1288 1025 1320 Θεὸς
1053 1286 1130 1331 ἡτρί-
1173 1286 1190 1331 ᾖ
1212 1287 1259 1315 σὺν
1284 1287 1365 1326 αὗτῷ,
1385 1288 1401 1322 ἢ
1427 1290 1478 1326 πρὸ
1503 1290 1582 1318 αὐτοῦ
1604 1291 1764 1329 εδρίσιιεται.
1784 1303 1798 1319 σ
1814 1290 1843 1322 Si
1855 1291 1955 1322 voluntas

311 1346 380 1372 μασε
400 1341 460 1367 τοῖς
490 1329 629 1374 ἆίγαπῶσιν
658 1335 750 1365 αὐτὸν,
768 1333 891 1362 Ἐιιείνων
920 1332 969 1372 γὰρ
984 1331 1057 1361 οὐδὲν
1085 1330 1102 1359 δε

1172 1329 1265 1362 Patris
1279 1336 1335 1370 est,
1351 1336 1383 1363 ut
1396 1342 1453 1364 nos
1464 1333 1496 1364 in
1519 1334 1586 1374 ejus
1601 1334 1706 1366 Filium
1727 1335 1883 1366 credamus
1895 1334 1953 1373 (Ηία

311 1381 386 1407 varro»
403 1379 539 1418 ἄνθρωπον
570 1379 633 1407 ὄντα
661 1382 770 1418 γνῶναι¹
787 1379 823 1406 ὧν
853 1377 911 1405 οὔτε
940 1376 1074 1417 ὀφθαλμός
1090 1387 1129 1409 τις
1171 1377 1954 1420 εειεηίγηυοιυηίαεῴτιδᾳτιίπτενηίείεμεογηηίεᾳυὶυί-

312 1423 395 1461 εἶδεν,
419 1424 476 1452 οὔτε
493 1424 537 1455 οὖς
554 1423 680 1463 ἤκουσεν,
699 1422 757 1451 οὔτε
788 1423 831 1450 ἐπὶ
858 1421 963 1460 καρδίαν
993 1421 1103 1460 ἀνθρώ-ιιι

1169 1420 1218 1451 det
1230 1420 1358 1462 Filium,
1372 1426 1400 1453 et
1410 1423 1504 1454 credit
1510 1424 1542 1454 in
1553 1427 1666 1463 ipsum,
1679 1425 1790 1456 habeat
1801 1428 1886 1456 vitam
1895 1428 1954 1455 mter-

310 1468 403 1502 ἆνέὅη.
421 1468 504 1496 Ἀλλὰ
520 1468 573 1506 μὴν
588 1469 632 1496 καὶ
646 1467 799 1507 ἁμαρτωλοὶ
827 1467 858 1494 τὸ
887 1466 1029 1505 ἂγέννητος
1047 1465 1101 1503 ὄνοι.

1169 1474 1240 1495 nam
1249 1465 1300 1505 62),
1315 1476 1374 1497 non
1386 1471 1484 1498 tamen
1495 1473 1539 1499 est
1549 1478 1583 1499 ex
1594 1469 1745 1500 voluntate
1757 1470 1847 1501 Filius
1858 1480 1864 1500 :
1877 1469 1954 1509 quippe

310 1513 434 1546 ἥκουσαν.
452 1518 486 1541 Τυ
505 1517 596 1550 μεῖζον
613 1513 655 1540 οὖν
668 1513 684 1546 ἢ
701 1511 734 1540 δι’
747 1512 839 1540 ἑαυτοῦ
854 1511 871 1544 ἣ
886 1510 920 1538 δι’
934 1511 1022 1550 ἑτέρου
1037 1512 1050 1538 ὁ
1065 1516 1101 1538 est

1170 1510 1294 1541 credere
1305 1520 1359 1542 nos
1371 1512 1400 1542 in
1413 1512 1523 1552 ipsum,
1537 1517 1586 1543 aut
1599 1522 1665 1544 cum
1676 1513 1809 1554 ipso,aut
1818 1518 1879 1545 ante
1887 1514 1953 1553 ipsum

309 1559 369 1589 τοὺς
386 1558 559 1598 ἁμαρτωλοὺς
574 1557 688 1595 διδάξας,
701 1558 731 1585 τὸ
743 1558 823 1591 ἧττον
837 1557 881 1584 καὶ
908 1555 990 1593 μηδὲν
1006 1556 1041 1585 εἰς
1058 1559 1100 1590 ζωτ

1171 1555 1328 1586 invenitur.
1348 1568 1360 1584 υ
1375 1556 1445 1592 Quae
1458 1557 1547 1588 verba
1556 1558 1624 1598 quid
1636 1558 1693 1588 sibi
1704 1559 1809 1597 velint,
1822 1568 1857 1589 ne
1869 1558 1954 1597 Mopsus

308 1604 414 1632 αἰώνιον
443 1602 581 1631 συντελῶν
608 1609 666 1634 τοῖς
696 1602 806 1633 δικαίοις
836 1601 956 1640 ἐφύλαξε.
996 1602 1044 1629 Καὶ
1071 1601 1099 1628 πί

1171 1600 1291 1639 quidem
1306 1605 1358 1632 aut
1375 1587 1500 1641 didipus
1515 1587 1617 1640 facile,

308 1650 354 1677 οὒκ
377 1647 476 1676 ἄτοπον
491 1657 498 1685 ;
516 1660 526 1675 o
541 1648 571 1678 Si
583 1648 608 1677 is
621 1647 671 1687 qui
685 1646 821 1686 cognovit
832 1646 925 1676 Deum
940 1654 1005 1676 esse
1015 1645 1129 1683 ingeni-
1170 1647 1234 1674 ctor
1242 1643 1280 1674 de
1291 1645 1442 1676 Abraham
1453 1646 1588 1686 loquens,
1601 1647 1644 1677 sic
1655 1647 1878 1688 scribit(p.3lét
1889 1658 1895 1678 :
1907 1647 1956 1675 Ἐπέ-

307 1696 381 1728 tum,
396 1692 468 1730 quid
483 1693 600 1722 tandem
613 1693 649 1721 sit
661 1693 740 1723 Deus
749 1695 888 1721 accurate
899 1689 1045 1729 cognovit,
1059 1699 1098 1719 rm

1169 1699 1260 1717 στευσε
1275 1688 1301 1717 δέ
1318 1690 1438 1730 Ἀϐραὰμ
1451 1694 1489 1728 τῷ
1512 1694 1581 1728 Θεῷ,
1599 1692 1751 1721 ἐπίστευσεν
1767 1696 1805 1726 ὡς
1833 1693 1909 1727 αὑτὸς,
1927 1692 1955 1717 ιπιέ

306 1745 356 1766 sus
370 1739 393 1766 si
408 1737 479 1766 nihil
498 1737 592 1776 majus
605 1742 748 1775 estquam
758 1735 851 1766 Deum
865 1735 1028 1765 secundum
1045 1739 1097 1764 nat

1169 1734 1216 1762 οὐκ
1231 1735 1377 1768 ἡπίστησεν
1393 1736 1429 1767 ὡς
1441 1737 1530 1774 ὑμεῖς.
1549 1747 1559 1764 α
1578 1737 1710 1768 Credidit
1725 1742 1827 1769 autem
1839 1736 1956 1768 Abraham

305 1789 368 1811 ram
386 1781 478 1821 ipsius
491 1790 683 1821 cognoscere,
694 1781 754 1811 imo
763 1780 787 1810 si
800 1780 863 1810 haec
874 1783 918 1810 est
932 1779 990 1810 vita
1004 1783 1123 1809 aeterna:
1168 1777 1241 1816 Deo,
1255 1779 1423 1810 crediditut
1433 1780 1508 1818 ipse,
1526 1790 1581 1812 nec
1593 1781 1767 1813 incredulus
1778 1782 1832 1813 fuit
1846 1786 1875 1812 ut
1888 1790 1934 1811 vos.
1947 1789 1956 1807 ι

306 1826 356 1866 qui
375 1835 428 1855 nos
445 1827 544 1856 docuit
560 1826 726 1864 ingenitum
743 1834 809 1855 esse
824 1824 967 1864 Deum,is
981 1824 1076 1863 major
1085 1823 1126 1853 in-
1168 1823 1233 1853 Non
1244 1823 1329 1854 valde
1339 1824 1498 1855 admodum
1511 1825 1613 1856 dubito
1625 1826 1696 1867 quin
1704 1827 1762 1865 vir,
1780 1836 1845 1858 cum
1856 1827 1894 1857 sic
1902 1826 1958 1856 locn-

305 1871 442 1901 venietur
456 1871 493 1901 iis
509 1881 574 1911 quae
603 1872 682 1902 Deus
711 1870 905 1909 diligentibus
933 1869 1030 1908 ipsum
1047 1877 1120 1908 prae"
1167 1871 1215 1898 tus
1226 1874 1282 1908 est,
1299 1877 1353 1908 pro
1367 1869 1531 1900 salsissimo
1541 1870 1688 1911 scriptore
1700 1875 1729 1901 et
1741 1871 1906 1903 acutissimo
1919 1870 1957 1900 lla-

305 1917 426 1956 paravit.
444 1918 519 1949 Nam
536 1915 601 1946 ﬁeri
622 1925 682 1946 non
698 1919 793 1955 potest
809 1919 841 1945 ut
856 1915 946 1945 hoz:.o
961 1913 1124 1953 quidquam
1168 1911 1232 1942 beri
1247 1912 1390 1950 voluerit;
1418 1914 1471 1944 sed
1497 1923 1603 1946 vereor
1629 1925 1678 1954 ne,
1695 1925 1767 1947 cum
1791 1916 1845 1947 sibi
1860 1915 1958 1946 maxime

305 1966 464 2002 cognoscat
480 1971 595 2003 eorum,
608 1970 673 2002 quae
687 1970 742 1991 nec
768 1961 874 1991 oculus
897 1959 981 1996 vidit,
999 1968 1055 1990 nec
1070 1968 1124 1990 au-
1166 1958 1289 1998 plaeuit,
1306 1958 1373 1989 aliis
1388 1962 1416 1989 et
1429 1958 1553 1998 frigidus
1577 1964 1606 1991 et
1626 1961 1747 1999 ineptus
1761 1971 1829 1993 esse
1842 1961 1957 1991 videatur.

303 2009 345 2039 ris
371 2008 492 2047 audivit,
511 2018 577 2049 quae
605 2017 660 2039 nec
689 2009 719 2039 in
744 2016 796 2038 cor
821 2005 952 2038 hominis
977 2005 1125 2037 ascende-
1166 2002 1310 2034 Praeclara
1324 2007 1392 2034 sunt
1404 2012 1468 2049 quas
1482 2003 1586 2036 videre
1597 2009 1643 2036 est
1656 2005 1810 2046 aliquanto
1821 2010 1893 2037 ante.
1905 2005 1957 2036 Sunt

302 2059 371 2085 runt
386 2054 426 2083 61.
444 2048 532 2094 Atqui
548 2057 722 2094 peccatores
733 2053 820 2084 etiam
842 2060 952 2082 nomen
978 2049 1126 2090 ingenitus
1167 2052 1266 2094 autem
1282 2048 1430 2094 ejusmodi
1443 2052 1481 2088 (p.
1499 2049 1589 2088 512):
1604 2050 1646 2079 ’Ἤ
1663 2052 1700 2083 ὡς
1715 2051 1781 2080 ὅταν
1796 2052 1847 2080 ἀπὸ
1860 2048 1957 2082 ὕδατοςῆ

303 2100 455 2132 audivere.
473 2092 558 2136 Quod
580 2099 669 2139 igitur
685 2098 780 2138 majus
809 2101 865 2137 est,
878 2095 907 2127 id
937 2099 987 2126 aut
1016 2103 1069 2135 per
1092 2106 1094 2123 :

1167 2092 1238 2122 λίθου
1260 2097 1322 2133 πῦρ⁷
1338 2093 1356 2127 ἢ
1372 2092 1457 2126 ἄλλης
1471 2095 1543 2127 τινὸς
1572 2094 1639 2128 ὕλης
1660 2097 1790 2129 ὡσαύτως
1820 2097 1849 2125 τὸ
1867 2099 1956 2124 τοιοῦτον

303 2146 400 2185 ipsum
412 2149 525 2185 autper
535 2144 624 2175 alium
635 2144 715 2175 Deus
727 2146 899 2184 peccatores
909 2140 1012 2171 docuit
1025 2150 1032 2171 :
1045 2139 1124 2185 quod
1166 2138 1277 2185 γένηται
1293 2139 1354 2175 πῦρ.
1375 2149 1389 2165 α
1406 2138 1465 2185 aut
1479 2138 1556 2185 sicut
1579 2148 1649 2170 cum
1662 2148 1700 2170 ex
1724 2149 1804 2181 aqua
1826 2144 1871 2172 aut
1885 2138 1958 2185 lapide

301 2182 371 2221 vero
383 2182 481 2220 minus
491 2189 680 2228 estnihilque
695 2182 735 2218 ad
749 2188 834 2217 vitam
845 2190 984 2216 aeternam
995 2184 1120 2219 confert,
1164 2183 1252 2228 ignis,
1270 2186 1324 2228 aut
1333 2191 1369 2228 ex
1395 2182 1452 2213 alia
1467 2183 1568 2223 quavis
1597 2185 1732 2223 materia,
1748 2185 1883 2217 similiter
1902 2183 1958 2223 ignis

302 2234 331 2264 id
347 2235 433 2274 justis
452 2233 588 2265 servavit.
606 2227 643 2263 Et
657 2231 807 2272 quomodo
821 2232 877 2262 hoc
888 2229 1050 2274 absurdum
1062 2238 1120 2259 non
1133 2269 1152 2274 _
1164 2227 1262 2274 fieret.
1275 2240 1289 2256 ι)
1307 2227 1432 2274 Reliqua
1442 2228 1562 2268 quidem
1573 2237 1632 2259 non
1642 2228 1898 2263 incommodezsed
1907 2232 1957 2269 puto

300 2269 360 2310 est?
374 2290 388 2308 ι
404 2278 545 2319 Ηωε,οῐεὶ
557 2269 875 2317 longiora,exscribere
885 2284 942 2305 non
952 2273 1121 2314 piguit,quo
1133 2269 1318 2319 l)hominem
1339 2272 1447 2303 mentis
1472 2277 1640 2319 compotem
1656 2283 1715 2305 non
1731 2275 1835 2314 fuisse,
1853 2275 1875 2306 si
1887 2274 1926 2305 cui
1936 2281 1958 2302 se

302 2324 395 2361 magis
405 2317 561 2353 character
571 2322 727 2362 scriptoris
737 2321 903 2351 innotescat
913 2325 942 2351 et
957 2319 1121 2358 ingenium.
1164 2318 1222 2348 hoc
1233 2317 1360 2362 probare
1371 2326 1459 2357 posse
1468 2318 1787 2358 speraverit,videlicet
1796 2320 1958 2356 ﬁerienqua

302 2367 378 2403 Quid
397 2368 489 2407 magis
505 2367 536 2396 in
552 2366 597 2397 his
610 2366 712 2396 mirari
728 2366 842 2402 subeat,
859 2363 1121 2401 nescio,inutilita-
1163 2363 1275 2402 ignem.
1290 2361 1373 2393 Unus
1388 2365 1520 2407 omnium
1544 2363 1739 2395 felicissimus
1755 2370 1803 2396 est
1817 2364 1926 2396 Basilius
1936 2362 1956 2391 in

302 2415 360 2442 tem
373 2420 410 2442 an
422 2406 563 2452 ineptiam
578 2410 686 2447 ?Quid,
700 2419 810 2450 quaeso,
824 2414 882 2440 tam
895 2409 1019 2440 verbosa
1029 2407 1120 2452 ratiof
1163 2406 1484 2452 seligeudisiexemplis
1493 2407 1590 2447 aptis:
1604 2408 1655 2448 qui
1671 2417 1742 2449 ergo
1758 2409 1824 2440 ﬁeri
1839 2408 1926 2450 potuit,
1937 2409 1957 2436 ut

299 2456 408 2486 cinatio
424 2456 460 2487 ad
477 2451 541 2486 rem
571 2455 666 2486 facit?
691 2455 768 2490 Quid
785 2464 904 2485 causam
922 2452 1029 2494 juvat?
1045 2451 1121 2489 Quid
1162 2452 1299 2492 exemplo
1312 2455 1369 2482 tam
1381 2451 1483 2492 inepto
1495 2455 1616 2492 tamque
1625 2453 1754 2485 absurdo
1765 2453 1955 2488 usussitYQUE

299 2499 667 2532 habetmomenti?Verbis
677 2499 933 2540 ipsiusscriptoris
943 2503 1120 2538 utar,«quo-
1161 2501 1261 2528 autem
1272 2496 1361 2528 fuerit
1370 2496 1527 2537 scriptoris
1541 2497 1799 2539 diligentia,quasi
1814 2498 1956 2540 praeteriens

299 2546 387 2577 modo
403 2546 461 2576 hoc
475 2543 637 2576 absurdum
654 2553 713 2574 non
733 2543 800 2575 est?
818 2556 831 2571 »
846 2544 950 2584 Neque
965 2542 1120 2582 indignum
1162 2542 1321 2574 adnotabo.
1336 2541 1591 2582 Sicigiturscribit
1604 2544 1646 2583 (p.
1659 2543 1751 2584 318):
1766 2547 1816 2575 Καὶ
1827 2549 1873 2580 τῆς
1882 2543 1955 2583 Magis:

299 2596 368 2632 puto
381 2591 460 2632 quod
476 2594 604 2629 notetur,
621 2589 741 2620 tractari
755 2597 874 2629 quoque
888 2589 920 2619 in
931 2589 1028 2629 primo
1044 2587 1090 2618 libi

1163 2587 1302 2627 λεγούσης”
1334 2588 1408 2616 Κατὰ
1436 2587 1460 2615 τί
1489 2588 1626 2627 γνώσομαι
1656 2593 1746 2626 τοῦτο,
1778 2592 1837 2620 επεὶ
1861 2589 1926 2628 ἄνδρα
1936 2587 1954 2614 οἱ

296 2631 353 2668 hoc
367 2631 446 2668 idem
460 2638 668 2674 argumentum
680 2635 720 2675 (p.
733 2633 790 2665 221
815 2638 844 2664 et
858 2636 966 2674 seqq),
982 2632 1120 2664 videlicet
1160 2633 1307 2671 γινώσκω;
1326 2643 1339 2659 α
1355 2631 1392 2662 Et
1406 2641 1476 2662 cum
1491 2632 1584 2663 Maria
1607 2633 1738 2665 diceret:
1759 2635 1906 2672 Quomodo
1917 2641 1954 2663 co-

296 2690 397 2712 vocem
419 2693 429 2708 ‹
451 2679 601 2719 ingenitus
619 2691 630 2706 »
648 2677 842 2709 substantiam
857 2679 949 2717 ipsam
963 2687 1022 2708 non
1039 2686 1116 2714 esse,
1160 2676 1954 2720 gnoscamistud.quandoquidemvirumnoncognosco?

295 2726 348 2757 sed
360 2735 470 2756 nomen
479 2723 690 2765 quoddam.At,
705 2723 891 2763 quaeso,quid
902 2723 1008 2754 fuisset
1018 2722 1118 2753 homi—
1159 2719 1269 2752 Ultima
1285 2721 1383 2758 verba,
1398 2731 1410 2749 ι
1428 2720 1673 2761 Quandoquidem
1687 2723 1788 2755 virum
1804 2719 1862 2755 non
1872 2729 1955 2762 cogno-

296 2771 343 2802 nis
354 2770 494 2807 Basilius,
511 2772 548 2809 si,
563 2771 722 2808 postquam
733 2767 764 2798 in
774 2768 869 2808 primo
881 2767 958 2799 libro
969 2767 1048 2798 clare
1059 2766 1120 2798 ele-
1160 2765 1347 2801 sconMariaa
1354 2765 1476 2805 quidem
1489 2774 1555 2798 esse
1565 2775 1653 2798 nemo
1662 2767 1893 2809 inﬁciahitur(ex
1902 2767 1953 2798 Luc-

332 2852 360 2877 81
378 2852 390 2883 Ι
404 2852 475 2882 Cor.
489 2859 521 2888 ιι,
537 2850 567 2881 9.
609 2847 642 2873 63
656 2849 741 2880 Joan.
758 2856 796 2886 vi,
810 2847 862 2880 40.
