2004 3143
279 160 414 186 CCXXX"

985 153 1279 186 PROLEGOMENA.

281 230 358 253 esse.
376 221 437 262 Ego
450 221 582 262 quidem,
597 227 627 253 ut
641 222 759 253 sincere
774 223 950 262 loquar,non
966 222 1096 253 arbitror
1106 225 1125 250 Α
1136 221 1249 253 citandi
1272 222 1388 254 ratione
1401 222 1514 263 aliquid
1537 232 1554 254 a
1573 223 1722 254 Basiliana
1741 225 1951 257 consuetudine

279 267 639 308 scriptorem,quicunque
655 267 705 299 ille
720 267 826 308 fuit,ad
839 268 999 299 concilium
1015 267 1095 298 Con-

278 312 572 353 stantinopolitanum
590 313 717 353 primum
735 312 914 353 respexisse,
932 313 982 344 sed
996 312 1032 343 ad
1046 312 1096 343 illa

277 356 426 397 Davidica,
445 355 537 388 Verbo
550 357 748 389 Dominis-usti
757 358 877 397 ﬁrmati
891 361 975 394 sunt,
992 361 1019 388 et
1031 357 1093 397 spi-

278 402 341 433 ritu
351 405 416 434 oris
430 403 498 442 ejus
512 404 608 434 omnia
622 404 719 434 virtus
726 411 829 434 eorum
839 402 962 434 “.Satis
973 401 1052 433 enim
1064 411 1096 432 se

277 446 342 487 ipse
368 447 507 487 explicat,
541 457 608 478 cum
647 448 802 488 aliquanto
838 451 904 488 post
926 447 965 478 ita
994 446 1096 477 scribit

279 491 322 531 (ρ.
353 491 425 530 307)
449 502 456 522 τ
486 493 560 522 Ἐπεὶ
581 494 624 522 καὶ
654 495 667 522 δ
698 492 777 522 Δαϐὶδ
806 493 890 533 Λόγον
918 494 962 521 καὶ
990 495 1096 529 Πνεῦμα

278 535 404 574 δοξάζων,
436 541 473 575 τῷ
517 538 594 577 Λόγῳ
624 539 717 577 Κυρίου
745 538 805 570 τοὺς
837 538 958 576 οὐρανοὺς
987 537 1096 575 εἴρηκεν

277 581 461 621 ἰστερεῶσθαι,
491 584 532 611 καὶ
551 586 590 620 τῷ
626 584 760 620 Πνεύματι
788 586 835 611 τοῦ
859 582 990 620 στόματο·
1017 582 1094 610 αὐτοῦ

278 629 364 654 πᾶσαν
377 627 425 661 τὴν
440 627 548 665 δύναμιν
563 629 661 659 αὒτῶν,
682 639 693 655 ι
710 628 784 659 Nam
797 631 827 658 et
854 626 944 658 David
961 625 1092 656 Verbum

277 673 307 701 et
320 671 461 712 Spiritum
478 672 565 703 simul
591 672 774 712 gloriﬁcans,
801 672 874 703 dixit
888 671 980 702 caelos
994 670 1093 701 Verbo

277 716 396 747 Domini
414 717 546 748 ﬁrmatos
557 727 671 754 esse,ac
683 717 793 758 Spiritu
804 716 864 748 oris
876 718 939 755 ejus
955 716 1093 746 virtutem

276 769 379 791 eorum
396 771 546 792 omnem.»
566 761 624 793 Sed
642 762 992 802 notandum,auctorem.
1010 760 1093 801 quis-

276 805 344 843 quis
359 810 478 845 est,non
494 808 613 847 propria
628 807 749 839 Davidis
765 806 854 838 verba
866 804 1093 846 protulisse,sed

276 850 347 881 illud
361 860 446 882 suum
465 852 622 892 glossema,
643 864 655 880 ι
673 852 729 888 Qui
740 861 808 882 cum
824 852 912 882 Patre
926 854 955 880 et
966 849 1039 890 Filio
1056 849 1094 879 si-

1136 266 1351 298 alienissimum
1368 268 1546 308 proferatur.
1562 267 1626 304 Qua
1641 268 1679 299 de
1693 277 1728 300 re
1743 273 1775 300 ut
1789 269 1952 302 existimare

1137 311 1246 350 cuique
1262 311 1359 353 liceat,
1373 313 1520 344 ascribam
1531 313 1660 344 auctoris
1683 313 1783 350 verba,
1810 323 1877 354 quae
1895 315 1952 346 haec

1137 360 1206 387 sunt
1223 366 1230 387 :
1251 357 1279 386 Τί
1292 356 1319 385 δὲ
1334 359 1349 386 ὁ
1371 357 1517 398 Ζοροϐάϐελ
1532 358 1575 386 καὶ
1593 359 1610 392 ἡ
1626 362 1672 386 τοῦ
1687 357 1835 398 Ζοροϐάϐελ
1857 361 1928 399 σοφία
1943 370 1950 397 ;

1137 402 1186 440 ἆρά
1201 413 1242 430 σοι
1259 402 1370 442 μετρίως
1397 404 1441 432 καὶ
1469 404 1499 432 οὐ
1520 406 1611 443 σαφῶς
1634 404 1793 443 παριστάναι
1808 403 1884 432 δοκεῖ
1907 406 1952 438 τὴν

1137 446 1279 475 ὑπόστασιν
1308 448 1351 476 καὶ
1375 448 1448 484 ζωὴν
1474 450 1522 482 τῆς
1547 447 1685 486 ἀληθείας,
1708 448 1753 477 ὅτε
1767 449 1834 489 φησί
1851 456 1858 464 ·
1885 452 1953 478 llis:

1137 491 1212 531 ἡγῆ,
1229 495 1287 522 etc.
1308 502 1320 520 ι
1344 492 1421 528 Quid
1437 501 1510 524 vero
1534 491 1699 524 Zorobabel
1717 496 1745 524 et
1769 493 1954 524 Zorobabelis

1137 536 1299 577 sapientia?
1306 546 1378 567 num
1389 537 1573 569 subobscure
1579 541 1609 568 et
1616 546 1675 568 non
1682 537 1762 569 clare
1774 537 1829 569 tibi
1843 537 1953 570 videtur

1137 580 1319 621 hypostasim
1331 591 1365 613 ac
1375 582 1464 613 vitam
1479 582 1612 614 veritatis
1624 582 1843 621 indicare,cum
1863 583 1930 614 dicit
1943 594 1950 613 :

1137 625 1242 657 Omnis
1256 630 1364 664 terra,»
1383 628 1490 659 etc.De
1501 627 1615 668 reliqua
1630 627 1780 659 Basiliana
1799 637 1888 660 esse:
1902 629 1949 658 sed

1137 670 1218 702 illum
1235 672 1345 702 citandi
1367 672 1499 709 modum,
1527 674 1556 702 Τί
1580 672 1607 701 δὲ
1623 674 1637 701 ὁ
1652 672 1799 711 Ζοροϐάϐελ
1814 674 1860 701 καὶ
1875 674 1889 707 ἧ
1909 678 1950 701 τυ]

1136 715 1282 755 Ζοροϐάϐελ
1298 718 1375 756 σοφία
1391 728 1399 753 ;
1413 728 1427 747 α
1438 716 1514 753 Quid
1524 726 1592 748 vero
1603 716 1767 748 Zorobabel
1783 721 1814 748 et
1824 716 1948 748 Zoroba-

1136 760 1212 792 belis
1219 760 1380 801 sapientia?
1391 775 1403 790 η
1416 762 1454 793 ad
1469 761 1587 793 Patrem
1603 761 1809 800 gravissimum
1823 761 1948 801 pertine-

1135 807 1735 846 re,nemo,opinor,dixerit.Noruntenim
1746 806 1798 847 qui
1812 806 1945 837 Basiliam

1136 851 1180 881 vel
1197 851 1377 891 primoribus
1391 851 1484 883 labris
1504 852 1676 891 attigerunt,
1704 860 1770 882 eum
1789 850 1947 891 simplicius

275 897 335 928 mul
353 897 603 936 congloriﬁcatur.
620 910 631 925 ι»
649 899 712 928 Iam
729 907 798 928 vero
812 906 867 928 nec
882 896 1019 936 Basilius,
1038 905 1090 926 nec

1136 895 1217 936 loqui
1232 896 1364 935 solitum,
1380 896 1437 928 hoc
1459 897 1523 928 fere
1554 896 1653 933 modo,
1671 898 1685 925 ὁ
1700 896 1833 934 Σαλομών
1849 908 1920 936 φησι,
1935 897 1946 923 ὁ

275 942 350 972 alius
356 942 434 972 ullus
441 942 567 983 scriptor
574 942 908 982 diligens,suaipsorum
918 941 1094 980 glossemata

275 995 328 1027 pro
337 986 409 1026 ipsis
416 987 576 1027 Scripturae
585 987 682 1018 verbis
691 995 820 1027 unquam
833 986 983 1026 protulere
991 985 1027 1016 ad
1041 986 1090 1016 ali-

275 1031 356 1070 quod
371 1031 477 1070 dogma
489 1031 757 1072 comprobandum.
770 1031 873 1072 Neque
885 1040 956 1061 vero
967 1030 1003 1061 ad
1019 1040 1093 1061 con-

273 1075 410 1107 tutandos
422 1076 577 1108 haereticos
592 1080 660 1116 apta
669 1080 714 1107 est
724 1076 786 1108 haac
795 1075 904 1107 citandi
920 1075 1092 1107 ratioAlio-

274 1121 323 1161 qui
340 1120 419 1151 enim
433 1120 504 1151 illud
515 1121 552 1152 ab
563 1121 636 1162 ipsis
644 1121 818 1162 responderi
831 1124 931 1161 posset
941 1120 1020 1161 quod
1028 1120 1090 1160 jam

272 1175 288 1196 a
302 1165 404 1196 multis
419 1165 448 1196 in
465 1165 585 1197 modum
603 1166 751 1206 proverbii
764 1166 820 1197 dici
834 1165 933 1202 video,
945 1165 1091 1204 glossema

272 1211 358 1251 pejus
374 1219 439 1241 esse
467 1215 616 1242 contextu.
642 1210 678 1241 Et
701 1210 842 1251 quoniam
868 1219 917 1240 res
935 1214 978 1240 est
994 1211 1090 1249 magni

273 1254 430 1292 momenti,
447 1255 544 1286 simile
559 1255 728 1296 exemplum
751 1264 855 1286 rursus
869 1254 1026 1286 adducam.
1042 1255 1090 1285 Sic

272 1304 370 1331 autem
383 1300 513 1340 scriptor
524 1300 656 1340 loquitur
669 1306 710 1341 (p.
729 1299 798 1335 303)
812 1310 820 1330 :
842 1301 914 1329 Κατὰ
926 1301 956 1328 τὸ
968 1311 1089 1338 γεγραμ-

271 1345 349 1383 μένον
367 1352 374 1359 ·
393 1345 453 1378 Ζωὴ
468 1346 499 1374 τὰ
527 1349 643 1383 Πνεΐμα,
674 1347 704 1373 τὸ
733 1348 786 1373 τῶν
801 1345 927 1384 οὐρανίων
956 1344 1089 1382 δυνάμεων

271 1389 490 1428 ἀποτελεστικὸν,
507 1388 694 1420 αδοοιιιιᾱιιιη
709 1389 787 1429 quod
803 1389 947 1429 scriptum
963 1388 1090 1428 est,Vita

270 1437 315 1463 est
330 1432 468 1473 Spiritus,
493 1433 543 1474 qui
571 1437 734 1474 potestates
764 1433 899 1464 caelestes
929 1433 1045 1472 perlicit
1074 1447 1086 1461 ιι

269 1477 354 1518 Quis,
372 1487 486 1518 quaeso,
501 1479 525 1509 si
540 1478 659 1518 paulum
677 1477 764 1509 modo
779 1478 808 1508 in
826 1478 961 1518 legendis
975 1482 1090 1509 sancto-

267 1531 334 1554 rum
344 1523 461 1554 Patrum
474 1522 592 1563 scriptis
603 1528 737 1554 versatus
748 1523 859 1560 sit,non
873 1523 970 1553 statim
987 1523 1089 1554 credat

268 1567 331 1606 illa,
351 1577 366 1597 ‹
381 1567 448 1599 Vita
463 1571 507 1599 est
522 1567 660 1608 Spiritus,
686 1569 735 1608 qui
761 1571 924 1608 potestates
951 1567 1089 1598 ccelestes

1137 941 1239 972 Παῦλος
1267 941 1415 975 ὰπόστολός
1449 953 1526 982 φησι,
1561 950 1706 982 nusquam
1734 949 1805 971 vero
1831 940 1874 971 uti
1899 941 1946 970 hoc

1135 985 1283 1025 grandiori
1295 986 1380 1026 stylo,
1393 998 1406 1015 ο
1423 987 1550 1024 Σολομὼν
1561 988 1605 1016 καὶ
1620 988 1636 1021 ἡ
1651 990 1697 1015 τοῦ
1714 985 1890 1024 Σολομῶντος
1904 997 1945 1014 σο-

1134 1032 1179 1070 φία
1194 1032 1269 1071 φησι,
1285 1035 1341 1062 etc.
1369 1043 1382 1059 α
1400 1031 1538 1063 Salomon
1562 1035 1592 1062 et
1612 1030 1795 1063 Salomonlis
1810 1030 1946 1070 sapientia

1135 1075 1218 1113 dicit,
1239 1088 1252 1106 1
1267 1080 1327 1107 etc.

1178 1120 1226 1152 7i.
1240 1121 1344 1152 Filium
1359 1130 1418 1152 non
1433 1130 1502 1152 raro
1527 1124 1612 1152 vocat
1625 1132 1637 1149 «
1655 1120 1825 1160 genituram
1846 1129 1861 1149 ›
1877 1121 1945 1150 scri-

1135 1170 1213 1206 ptor;
1226 1165 1286 1197 imo
1303 1166 1329 1197 ei
1343 1166 1373 1197 id
1385 1175 1495 1197 nomen
1518 1165 1671 1205 dignitatis
1682 1165 1748 1196 loco
1761 1164 1893 1195 tribuere
1906 1165 1944 1194 vi-

1134 1210 1310 1251 detur.Ejus
1322 1211 1414 1251 rei,ut
1429 1220 1462 1242 se
1476 1210 1559 1242 dabit
1575 1209 1850 1247 occasio,exempla
1859 1209 1946 1248 aliqua

1133 1255 1542 1296 subjiciemus.Exordiemur
1549 1255 1586 1286 ab
1598 1255 1655 1286 hoc
1669 1255 1747 1295 loco,
1762 1253 1818 1284 ubi
1833 1253 1874 1284 ita
1883 1254 1945 1293 legi-

1133 1305 1179 1331 tur
1196 1300 1237 1340 (p.
1255 1300 1325 1340 280)
1343 1309 1351 1332 ι
1369 1302 1398 1330 Εἰ
1413 1302 1510 1339 κτίσμα
1539 1301 1661 1340 λέγοδτες
1686 1300 1732 1328 τὸν
1749 1300 1820 1335 Υἱὸν,
1840 1299 1890 1338 οὐχ
1915 1301 1945 1329 ὡς

1132 1346 1160 1373 ἓν
1173 1346 1225 1374 τῶν
1239 1346 1393 1384 κτισμάτων
1421 1346 1527 1386 λέγουσι
1544 1354 1551 1361 ·
1582 1345 1650 1373 διατί
1678 1344 1799 1383 γέννημα
1823 1343 1945 1382 λεγόντων

1133 1391 1221 1431 ἡμῶν,
1238 1392 1274 1423 ὡς
1292 1392 1320 1420 ἓν
1335 1393 1387 1419 τῶν
1403 1393 1578 1430 γεννημάτωι.
1594 1393 1697 1418 νοοῦσιν
1713 1398 1722 1428 ς
1742 1398 1755 1416 α
1773 1388 1803 1419 Si
1825 1397 1892 1418 cum
1907 1387 1946 1418 Fi-

1131 1434 1203 1466 lium
1219 1435 1322 1466 dicunt
1337 1440 1517 1476 creaturam,
1530 1443 1590 1465 non
1605 1438 1637 1465 ut
1652 1442 1742 1464 unam
1755 1442 1792 1463 ex
1807 1432 1943 1463 creaturis

1131 1479 1252 1518 dicunt;
1265 1489 1317 1512 cur
1333 1490 1400 1512 cum
1412 1480 1539 1512 dicimus
1557 1488 1610 1510 nos
1633 1478 1813 1518 genituram,
1840 1485 1905 1508 eum
1919 1481 1945 1506 ut

1130 1533 1218 1556 unam
1232 1534 1266 1556 ex
1278 1525 1428 1564 genituris
1442 1523 1627 1564 intelligunt?
1643 1533 1657 1553 )
1676 1522 1711 1553 Et
1723 1521 1879 1562 aliquanto
1889 1526 1945 1562 post

1133 1571 1176 1610 (p.
1199 1569 1294 1610 983):
1325 1571 1354 1599 Et
1376 1571 1474 1608 κτίσμα
1500 1570 1543 1599 καὶ
1572 1570 1603 1598 οὖ
1620 1568 1741 1607 γέννημα
1773 1569 1786 1595 ὁ
1816 1568 1887 1603 Υἱὸς,
1911 1567 1947 1594 καὶ

269 1612 399 1653 perﬁcit,
422 1625 433 1639 ιι
451 1612 561 1644 alicubi
576 1613 606 1643 in
624 1613 784 1654 Scripturis
810 1612 932 1644 totidem
950 1613 1048 1643 verbis
1061 1618 1089 1644 et

1134 1615 1217 1644 πάντα
1233 1614 1260 1644 δὲ
1275 1616 1307 1644 τὰ
1329 1615 1392 1644 ὄντα
1420 1616 1564 1654 κτίσματα,
1594 1614 1681 1652 μάτην
1698 1613 1846 1652 ἂγέννητος
1861 1613 1874 1640 ὁ
1903 1614 1937 1638 [lx

267 1657 388 1698 syllabis
398 1657 541 1689 inveniri?
555 1656 628 1688 Nam
654 1662 686 1688 ut
699 1663 878 1688 ceterorum
904 1657 1036 1698 Patrum,
1049 1658 1089 1688 ita

1134 1661 1180 1699 τὴρ
1197 1660 1316 1699 λέγεται,
1346 1661 1393 1688 οὐκ
1422 1660 1497 1692 ὄντος
1531 1658 1601 1690 ὅλως
1641 1657 1820 1697 γεννήματος,
1851 1657 1913 1696 πρὸς
1937 1656 1948 1683 ὃ

266 1701 370 1734 Basilii
381 1711 445 1732 mos
460 1706 516 1742 est,
533 1706 575 1738 ut,
599 1711 667 1733 cum
683 1706 809 1733 utuntur
825 1702 872 1732 his
887 1702 1007 1732 dicendi
1027 1702 1089 1732 for—

1134 1705 1253 1734 καλεῖται
1271 1705 1428 1744 ὰγέννητος.
1455 1716 1466 1731 ι
1485 1703 1518 1735 Si
1539 1702 1635 1735 Filius
1650 1706 1786 1733 creatura
1812 1706 1869 1741 est,
1895 1709 1947 1731 non

266 1746 366 1781 mulis,
397 1747 465 1775 κατὰ
493 1748 524 1776 τὸ
554 1746 753 1787 γεγραμμένον,
783 1747 820 1779 ὡς
847 1746 1005 1786 γέγραπται,
1037 1751 1088 1778 aut

1134 1749 1277 1789 genitura,
1299 1752 1329 1780 et
1344 1752 1451 1780 cuncta
1463 1757 1529 1789 quae
1542 1751 1624 1787 sunt,
1641 1750 1785 1778 creaturas
1800 1749 1880 1786 sunt,
1896 1745 1947 1775 fru-

264 1790 426 1826 similibus,
443 1794 513 1821 tunc
524 1800 627 1821 eorum
643 1795 796 1822 auctorum
813 1791 863 1829 qui
889 1790 927 1821 ab
954 1791 1028 1831 ipsis
1044 1792 1089 1823 ci-
1131 1799 1192 1826 stra
1207 1795 1295 1826 Pater
1310 1794 1463 1834 ingenitus
1477 1793 1600 1830 dicitur,
1627 1800 1693 1824 cum
1710 1800 1770 1821 non
1782 1791 1821 1822 sit
1837 1789 1949 1821 omnino

263 1837 362 1866 tantur
377 1834 496 1875 propria
509 1834 600 1866 verba
626 1834 795 1875 proferant.
812 1835 912 1866 Aliter
936 1840 1033 1868 tamen
1056 1846 1088 1868 se
1130 1840 1278 1879 genitura,
1295 1840 1381 1878 cujus
1396 1842 1536 1878 respectu
1561 1835 1730 1876 appelletur
1758 1834 1921 1874 ingenitus.
1937 1845 1947 1861 ι

265 1882 355 1919 gessit
367 1879 555 1920 scriptor,sic
567 1883 599 1910 ut
612 1879 674 1910 haec
684 1879 786 1917 verba,
800 1879 938 1910 (Vitaest
948 1879 1086 1920 Spiritus,
1129 1883 1214 1916 Haud
1225 1884 1314 1924 longe
1329 1883 1370 1914 ita
1385 1883 1494 1923 legitur
1510 1882 1552 1922 (p.
1572 1881 1662 1920 284):
1681 1882 1710 1910 El.
1724 1881 1800 1920 φύσει
1814 1880 1949 1919 ἀγένητος

265 1924 316 1964 qui
328 1927 492 1964 potestates
503 1924 640 1955 caelestes
651 1924 776 1964 perﬁcit,
784 1936 795 1953 ιι
811 1924 930 1965 propria
942 1935 1001 1956 non
1016 1926 1086 1967 sint,

1134 1930 1271 1968 ὁΠατῆρ,
1308 1929 1382 1969 φύσει
1413 1928 1540 1968 γέννητὸς
1571 1928 1615 1955 καὶ
1639 1928 1653 1954 ὸ
1684 1925 1755 1957 Υἱός·
1772 1926 1795 1953 εἰ
1827 1924 1854 1952 δὲ
1882 1926 1948 1964 φύσει

264 1977 363 2009 neque
369 1969 612 2009 Matthaei,neque
619 1969 709 1999 Marci
714 1977 825 2009 ,neque
832 1969 922 2000 ullius
929 1970 1004 2001 alius
1010 1971 1087 2002 scri-

1134 1974 1262 2013 γέννημα,
1292 1973 1379 2003 οὖκέτι
1400 1973 1511 2010 κτίσμα.
1538 1971 1639 2004 ’Ὀντος
1670 1971 1714 1999 οὖν
1735 1973 1780 1998 τοῦ
1802 1970 1877 2010 φύσει
1893 1979 1949 2008 γεν-

265 2012 359 2059 ptoris
366 2013 509 2050 sacri,sed
519 2013 769 2059 suaipsiusverba
778 2014 885 2051 sint,id
897 2016 1088 2051 est,hominis

1134 2012 1261 2059 triturae,
1285 2017 1388 2058 ἀνάγκη
1415 2019 1459 2046 καὶ
1478 2017 1524 2045 τὸν
1545 2016 1710 2055 γεννήσαντα
1724 2015 1807 2044 εἶναι.
1828 2025 1839 2041 ι
1855 2013 1887 2045 Si
1901 2022 1949 2044 na-

265 2056 448 2097 Scripturam
457 2058 728 2103 commentariosuo
735 2061 1008 2100 corrumpentis.Et
1019 2070 1088 2093 vero
1130 2067 1194 2094 tura
1205 2056 1356 2103 ingenitus
1371 2065 1416 2093 est
1429 2062 1527 2101 Pater,
1540 2059 1635 2092 Filius
1656 2068 1777 2100 quoque
1792 2062 1896 2089 natura
1909 2061 1950 2089 est

263 2111 332 2133 cum
347 2106 454 2134 auctor
469 2103 510 2133 ita
525 2102 642 2133 locutus
658 2107 714 2139 est,
735 2115 748 2131 α
759 2103 826 2134 Vita
837 2108 882 2134 est
897 2104 1023 2144 Spiritus
1037 2106 1088 2144 qui
1129 2108 1246 2146 genitus
1261 2118 1268 2137 :
1287 2107 1340 2139 sed
1364 2107 1389 2138 si
1420 2106 1559 2147 genitura
1573 2107 1620 2136 est
1634 2107 1751 2141 natura,
1769 2111 1948 2144 nequaquam

262 2150 426 2188 potestates
441 2147 577 2179 caelestes
589 2147 737 2187 perﬁcit,»
752 2148 827 2178 nihil
841 2149 921 2180 aliud
934 2159 1022 2190 quam
1038 2151 1088 2181 illa
1130 2156 1174 2183 est
1190 2156 1339 2184 creatura.
1357 2152 1431 2183 Cum
1448 2151 1539 2190 igitur
1556 2149 1692 2188 genitura
1716 2148 1755 2178 sit
1769 2152 1886 2184 natura,
1900 2155 1948 2177 ne-

262 2192 329 2233 ipsa
340 2192 459 2224 Davidis
474 2192 578 2233 verba,
608 2203 620 2221 ι
635 2192 735 2225 Verbo
752 2193 872 2225 Domini
890 2195 957 2226 coeli
977 2195 1087 2226 ﬁrmati
1130 2206 1214 2228 cesse
1235 2201 1280 2228 est
1295 2200 1324 2227 et
1338 2196 1503 2236 genitorem
1520 2204 1617 2226 esse.»
1635 2193 1797 2233 Aliquanto
1823 2196 1949 2233 posteo-

264 2242 344 2274 sunt,
358 2241 429 2277 etc,
447 2237 618 2277 signiﬁcare
647 2237 752 2268 voluit.
775 2238 912 2270 Fortasse
938 2240 1086 2280 ejusmodi
1098 2279 1113 2281 ξ
1128 2242 1196 2273 dem
1213 2241 1301 2273 modo
1318 2241 1448 2281 scriptor
1464 2240 1594 2280 loquitur
1608 2242 1650 2278 (p.
1677 2238 1749 2278 286)
1767 2248 1773 2266 :
1799 2237 1878 2267 0665'»
1905 2237 1948 2272 ip:

264 2281 385 2312 licentia
410 2286 563 2324 utcunque
590 2282 743 2313 toleranda
773 2286 829 2323 est,
846 2293 914 2314 cum
929 2279 1085 2316 auctorum

1134 2288 1217 2316 κοινόν
1245 2287 1317 2315 ἐστιν
1347 2279 1417 2314 rm
1437 2286 1481 2314 καὶ
1504 2279 1619 2324 Πατρὺς,
1649 2282 1706 2313 οὐδὲ
1721 2284 1739 2317 ἡ
1755 2283 1853 2319 κτίσις,
1876 2282 1947 2319 εἴπερ

265 2325 457 2366 profanorum
480 2323 652 2358 testimonia
681 2327 874 2368 proferuntur
893 2337 900 2359 :
923 2329 974 2360 sed
999 2329 1030 2360 in
1046 2330 1086 2360 ci-

1134 2333 1234 2369 ηοίημα
1263 2333 1306 2360 καὶ
1323 2331 1352 2359 οὐ
1375 2331 1495 2370 γέννημα
1521 2331 1534 2358 ὁ
1560 2329 1634 2360 Υἱός.
1652 2328 1681 2357 El
1696 2327 1817 2366 γέννημα
1840 2328 1854 2355 ὁ
1883 2327 1944 2361 ι’ἱὸς,

266 2369 365 2416 tendis
376 2370 574 2416 scriptoribus
585 2371 679 2402 sacris
689 2381 755 2403 eam
767 2373 835 2412 quis
849 2372 938 2404 ferat?
951 2374 1087 2406 Profecto

1134 2377 1180 2416 nux
1209 2377 1244 2409 ὡς
1285 2376 1312 2405 ἓν
1356 2369 1409 2404 τῶν
1450 2374 1638 2414 γεννημάτων,
1680 2376 1732 2401 πᾶν
1769 2371 1797 2400 δὲ
1837 2372 1946 2411 γέννημα

265 2414 291 2445 si
298 2414 417 2455 propria
424 2415 644 2456 Scripturarum
660 2417 751 2447 verba
769 2417 812 2448 sic
825 2418 981 2449 immutare
993 2420 1085 2450 semel

265 2458 363 2496 liceat,
377 2459 495 2499 quidvis
511 2460 771 2501 probare,quidvis
783 2470 892 2501 negare
908 2462 1084 2495 facillimum

265 2504 332 2535 erit.
351 2503 393 2535 Ex
422 2513 481 2550 quo
507 2508 699 2550 sequeretur,
715 2509 746 2535 ut
770 2507 984 2538 controversiis
999 2513 1087 2550 atque

263 2548 507 2580 contentionibus
517 2558 574 2580 nec
585 2549 653 2580 ﬁnis
665 2554 765 2589 posset
775 2550 961 2590 imponi.nec
969 2548 1086 2587 modus.

262 2592 381 2625 Addam
392 2593 470 2637 (nam
487 2593 518 2624 id
531 2603 651 2634 quoque
662 2594 722 2625 huc
732 2594 839 2625 referri
850 2597 1085 2637 potest),librum

262 2638 382 2669 tertium
394 2636 498 2670 Esdras
511 2638 548 2684 ab
563 2638 614 2684 illo
641 2642 762 2670 auctore
780 2638 826 2670 bis
841 2641 924 2671 citari
940 2636 1058 2684 (p.516)
1077 2654 1084 2676 :

262 2691 351 2723 quem
368 2686 467 2714 tamen
479 2693 496 2714 a
511 2682 622 2714 Basilio
638 2693 784 2724 nusquam
798 2684 949 2717 laudatum
966 2682 1085 2719 inveni-

261 2735 341 2757 mus.
359 2728 421 2759 Nec
434 2727 530 2759 solum
543 2728 651 2759 citetur
660 2728 710 2760 hic
724 2728 866 2766 liber,sed
878 2730 969 2771 sic,ut
982 2735 1010 2763 in
1024 2733 1086 2773 ipsa

299 2807 332 2832 σι
345 2807 428 2840 Psal.
439 2816 531 2850 xxxu,
548 2809 579 2841 6.

1128 2423 1238 2462 mla-pot,
1268 2421 1298 2449 οὒ
1323 2421 1422 2458 κτίσμα
1450 2422 1465 2448 ὸ
1496 2419 1567 2452 Υἱός,
1600 2417 1664 2447 Οὺδὲ
1689 2417 1739 2456 γὰρ
1767 2416 1889 2462 γέννημα
1913 2417 1944 2446 ὡς

1129 2465 1339 2498 ἐκεῖνα.‹ιΝίίιίί
1350 2474 1421 2505 ergo
1432 2473 1592 2495 commune
1601 2467 1645 2493 est
1654 2462 1736 2494 Patri
1746 2470 1814 2492 cum
1826 2461 1946 2498 Filio,ne

1128 2511 1237 2542 creatio
1253 2510 1388 2551 quidem,
1402 2509 1427 2540 si
1443 2509 1557 2540 factura
1568 2517 1627 2539 non
1643 2507 1780 2547 genitura
1796 2505 1888 2537 Filius
1896 2508 1943 2536 est.

1128 2555 1160 2587 Si
1170 2555 1263 2587 Filius
1273 2555 1411 2595 genitura
1419 2559 1540 2594 est,non
1552 2557 1693 2592 tanquam
1703 2560 1761 2582 una
1772 2551 1943 2591 egenituris,

1129 2602 1226 2632 omnis
1244 2604 1343 2632 autem
1357 2601 1495 2639 genitura
1510 2602 1648 2629 creatura
1663 2601 1719 2633 est.
1736 2605 1797 2627 non
1818 2600 1943 2627 creatura

1131 2646 1222 2678 Filius
1235 2650 1291 2684 est,
1307 2653 1405 2685 neque
1420 2644 1500 2675 enim
1517 2642 1656 2683 genitura
1672 2645 1718 2672 est
1733 2645 1766 2672 ut
1780 2640 1845 2672 illa.
1861 2654 1873 2668 ι
1886 2640 1942 2671 Dis-

1128 2691 1227 2723 simile
1242 2699 1302 2721 non
1317 2695 1363 2721 est
1387 2689 1466 2730 quod
1496 2687 1635 2728 sequitur
1648 2687 1692 2727 (p.
1709 2686 1778 2722 287)
1793 2697 1800 2715 :
1818 2687 1846 2714 Et
1861 2687 1874 2714 ὁ
1889 2686 1941 2715 Υἱὸς

1128 2737 1272 2776 ἐνέργημα,
1288 2736 1332 2763 καὶ
1354 2734 1383 2763 οὗ
1411 2734 1545 2772 γέννημα,
1573 2732 1633 2762 οὔτε
1662 2733 1676 2760 δ
1705 2731 1861 2770 ἐνεργήσας,
1893 2730 1941 2758 dm
