2004 3143
613 172 650 203 D.
675 172 756 203 JUL.
780 171 968 203 GARNERII
993 172 1203 204 ΡΗᾹζΡΛΤΙΟ.

1612 178 1756 203 CCXXXVII

84 251 133 277 του,
153 251 165 267 α
179 238 474 278 FiliusDei,genitura
486 238 622 278 Ingeniti.
635 250 650 267 ι
664 238 743 271 Ecce
753 240 925 278 congestaA
935 237 1053 270 Etenim
1077 238 1103 270 si
1118 247 1186 271 eum
1208 247 1278 272 vero
1294 239 1417 271 nomine
1430 242 1563 270 vocasset
1576 238 1757 279 genituram,

83 287 144 315 sunt
157 284 187 315 in
208 293 301 315 unum
321 283 423 314 omnia
437 283 513 320 loca,
525 283 556 314 in
567 283 677 324 quibus
688 283 850 315 Eunomius
864 284 895 312 in

83 328 169 369 primo
179 337 230 359 soo
242 327 345 359 libello
356 328 479 359 nomine
487 328 631 368 geniturae
639 327 743 359 utitur.
761 327 820 359 Sed
833 330 896 357 tan-

83 379 136 405 tum
151 373 244 413 abest,
256 377 290 403 ut
316 372 427 404 alicubi
442 373 524 404 dicat
539 373 648 404 Filium
671 373 745 404 falso
771 371 895 403 nomine

82 418 236 458 genituram
246 417 395 455 vocari,ut
406 417 495 448 etiam
509 426 567 448 uno
581 417 614 448 in
629 417 694 449 loco
718 416 825 448 doceat
839 425 894 456 ge-

83 463 177 494 nitum
191 471 303 494 nomen
320 462 458 494 essentia;
473 462 540 493 Filii
556 471 736 502 congruere,
757 462 788 492 in
799 461 894 492 altero

83 515 143 538 vero
153 507 305 548 conceptis
317 507 418 538 verbis
434 507 609 547 pronuntiet
618 506 727 538 Filium
736 515 807 537 vere
815 505 898 544 geni-

85 555 170 582 turam
185 551 335 583 dici.Cum
357 555 476 591 ergo,ut
488 561 522 583 ex
532 551 622 583 dictis
632 555 723 591 patet,
738 552 769 582 in
784 550 897 582 ultimis

84 595 187 627 duobus
197 597 233 628 in
245 595 361 628 Eunon
372 599 435 627 tum
445 596 530 628 libris
548 596 717 628 confutatus
745 596 783 627 sit
805 595 831 626 is
858 595 895 626 li-

85 640 181 679 bellus,
194 641 224 672 in
233 651 292 681 quo
303 641 463 672 haereticus
473 641 523 672 ille
534 640 810 673 afﬁrmabatFilium
822 640 896 672 falso

83 686 193 717 nomine
204 686 376 726 genituram
390 686 547 727 appellari,
565 686 596 717 id
612 694 672 717 non
685 686 803 717 videtur
813 685 896 716 acci-

85 730 214 770 piendum
225 730 263 762 de
274 731 374 771 primo
396 730 537 763 Eunomii
559 730 672 768 libello,
694 730 725 761 in
741 740 800 771 quo
821 728 898 761 nihil

85 775 135 806 tale
148 775 308 817 invenitur,
320 776 372 807 sed
389 776 427 807 de
442 775 587 816 secundo,
599 785 689 817 quem
701 779 782 806 certe
792 774 898 806 confu—

86 824 138 850 tare
145 829 200 851 non
212 820 516 860 potuitBasilius,nisi
527 820 636 852 mortui
648 819 758 851 librum
768 819 898 859 aliquem

85 863 224 896 confutare
232 874 325 905 posse
340 864 488 897 dicantur.
505 864 646 905 Sequitur
662 864 783 906 quidem
791 873 899 895 neces-

936 281 1038 315 dicere
1052 293 1113 315 non
1129 284 1274 324 potuisset
1288 284 1383 325 ipsius
1394 284 1555 316 essentiam
1571 282 1758 315 indiscrimi-

936 328 1027 358 natim
1038 328 1098 359 dici
1111 338 1200 370 posse
1212 329 1353 369 genitam,
1369 333 1420 360 aut
1442 338 1501 360 non
1526 328 1669 369 genitam.
1685 328 1759 360 Illud

934 372 1015 404 enim
1026 374 1215 415 apertissime
1221 374 1492 415 repugnat,aliquid
1501 383 1569 405 vero
1583 373 1703 404 nomine
1712 382 1761 413 ge-

934 417 1063 448 nituram
1075 419 1186 456 vocari,
1199 419 1285 459 cujus
1300 423 1399 450 tamen
1429 418 1560 450 essentia
1584 417 1643 449 dici
1668 417 1762 458 possit

936 471 995 493 non
1007 462 1118 502 genita.
1132 464 1198 495 Non
1210 468 1254 495 est
1269 473 1338 503 ergo
1356 463 1434 504 quod
1447 464 1607 500 miremur,
1626 461 1650 493 si
1676 462 1759 503 quis-

938 506 1015 547 piam
1023 508 1483 548 scriptorconfutanssecundum
1494 508 1600 539 librum
1608 506 1758 544 Eunomii,

938 551 1047 583 dixerit
1061 553 1169 584 Filium
1186 563 1221 585 ex
1237 554 1303 594 ejus
1317 553 1465 585 sententia
1478 554 1552 585 falso
1575 552 1695 583 nomine
1708 561 1760 591 ge-

941 596 1070 628 nituram
1086 597 1242 638 appellari:
1261 599 1314 630 sed
1330 598 1458 630 mirandi
1473 602 1553 629 esset
1563 597 1686 637 locus,si
1700 596 1760 627 Ba-

940 640 1025 672 silius
1039 641 1104 682 ejus
1119 642 1344 674 reiEunomium
1357 643 1640 680 insimulasset,cum
1657 642 1761 673 Euno-

941 685 1111 724 mius,utex
1127 686 1214 718 dictis
1231 687 1336 726 liquet,
1353 688 1384 718 in
1400 689 1496 728 primo
1507 697 1560 718 suo
1576 686 1678 718 libello
1694 684 1763 716 huic

940 731 1122 762 accusationi
1134 731 1233 764 locum
1245 732 1360 763 nullum
1371 732 1541 764 dederit.Et
1553 731 1692 772 quoniam
1704 739 1765 761 ma-

939 775 987 815 gni
998 776 1143 807 momenti
1154 780 1304 817 est,nosse
1316 781 1384 808 uter
1398 777 1516 809 libellus
1532 775 1669 807 Eunomii
1683 774 1761 806 refu-

941 823 1019 851 tetur
1033 820 1065 851 in
1080 820 1165 852 libris
1174 826 1277 862 quarto
1289 825 1318 853 et
1327 822 1430 863 quinto
1439 826 1543 853 contra
1552 821 1690 852 eumdem
1701 821 1762 852 Eu-

940 864 1073 895 nomium
1092 875 1099 896 :
1117 866 1254 906 experiar
1269 875 1373 897 rursus
1388 876 1425 898 an
1450 866 1576 907 probare
1591 865 1703 906 possim
1719 873 1765 895 re-

86 909 163 946 sario,
175 913 206 940 ut
219 902 250 940 in
265 912 429 950 postremis
440 902 599 941 duobus-in
610 902 799 941 Eunomium
814 908 899 940 libris
911 902 930 927 Β
940 909 1066 940 futatum
1081 902 1173 941 fuisse
1188 920 1245 941 non
1259 911 1401 952 primum,
1417 902 1471 942 sed
1486 902 1763 942 secundum‘Nemo

87 953 238 985 confutatus
248 954 288 985 sit
296 954 447 991 secundus
461 954 600 985 Eunomii
611 953 771 992 libellus,si
787 953 902 994 primus

87 998 143 1039 ejus
152 998 262 1030 liberin
278 999 328 1030 his
338 1008 399 1031 non
414 999 600 1030 confutatur:
612 998 666 1030 sed
677 998 705 1030 id
718 1003 818 1030 tamen
832 1007 902 1030 rur-

88 1052 131 1074 sus
142 1043 322 1075 conﬁrmare
336 1043 408 1075 libet
432 1053 468 1075 ex
492 1043 627 1084 Gregorii
651 1042 775 1084 Nysseni
791 1043 902 1080 verbis,

89 1087 141 1128 qui,
155 1091 186 1118 ut
197 1092 302 1120 notum
313 1093 369 1126 est,
381 1089 550 1120 secundum
573 1089 651 1119 hunc
665 1087 806 1120 Eunomii
819 1087 904 1119 libel-

93 1132 145 1164 lum
173 1132 294 1165 refellit.
322 1132 441 1165 Inducit
468 1133 557 1174 igitur
579 1133 622 1164 sic
646 1133 816 1174 loquentem
843 1132 904 1164 Eu-

91 1177 211 1208 nomium
235 1178 399 1218 Gregorius
427 1178 581 1218 Nyssenus
606 1177 740 1210 oratione
768 1179 800 1218 3,
830 1181 903 1210 tom.

90 1220 122 1261 Π,
136 1231 198 1262 pag.
214 1223 270 1255 5H.
291 1233 300 1256 :
319 1224 448 1257 Γιννητὸν
482 1224 556 1261 ὂντα,
579 1224 656 1265 φησὶ,
690 1224 736 1253 τὸν
758 1224 831 1264 Υἶὸν,
861 1224 905 1252 iui.

91 1268 199 1307 γέννημα
226 1268 316 1308 λέγειν
345 1270 375 1298 οὗ
409 1268 624 1307 παραιτοόμιθιι,
659 1271 710 1303 τῆς
731 1268 904 1308 γεννηθείσης

90 1313 161 1347 ait?“
176 1313 277 1354 οὖσίας,
293 1314 339 1342 καὶ
353 1317 403 1348 τῆς
418 1317 465 1342 τοῦ
481 1314 543 1342 ι’ἱοῦ
563 1314 754 1354 προσηγορίας,
779 1313 829 1346 τὴν
844 1325 904 1342 τοι-

90 1357 162 1391 αύτην
182 1361 234 1386 τῶν
248 1358 390 1397 ὀνομάτων
408 1358 589 1397 οἰκειουμένης
607 1359 712 1399 σχέσιν.
728 1369 743 1388 tt
753 1356 904 1399 Genitum,

90 1401 186 1443 inquit,
195 1402 303 1434 Filium
321 1412 399 1441 esse,
416 1406 446 1434 et
460 1402 626 1443 genituram
655 1402 756 1434 dicere
775 1412 834 1433 non
859 1412 905 1434 re-

90 1456 225 1487 cusamus,
237 1457 310 1479 cum
327 1447 391 1489 ipsa
412 1447 514 1488 genita
529 1448 670 1486 essentia,
682 1451 713 1479 et
726 1447 792 1479 Filii
807 1447 906 1488 appel-

91 1492 151 1524 latio
168 1492 255 1524 talem
269 1493 428 1524 nominum
458 1493 635 1524 relationem
664 1492 723 1523 sibi
756 1492 906 1523 vindicare

91 1537 184 1577 possit.
198 1550 211 1566 ι
227 1537 395 1569 Eunomius
410 1537 544 1579 quidem,
561 1541 594 1568 ut
608 1546 711 1569 verum
727 1537 831 1578 fatear,
845 1546 905 1568 non

941 957 1040 985 autem
1054 955 1141 995 paulo
1155 955 1281 996 peritior
1290 956 1384 986 nescit
1392 956 1576 987 adversarios
1586 955 1687 987 dicere
1698 954 1765 985 soli-

943 1003 1001 1040 tos,
1014 998 1055 1040 (b)
1073 999 1217 1031 Basllium
1235 1000 1265 1030 in
1279 1000 1365 1031 libris
1380 1004 1484 1041 quarto
1502 1001 1641 1041 etquinto
1656 1002 1766 1031 contra

945 1043 1133 1076 Eunomium
1151 1045 1189 1076 de
1205 1046 1306 1077 multis
1321 1055 1388 1086 qua;
1409 1045 1447 1076 ab
1472 1046 1536 1087 ipso
1565 1045 1767 1077 afferebantur

945 1088 1166 1129 Seripturarum
1182 1089 1360 1122 testimoniis
1370 1099 1506 1122 seorsum
1523 1090 1614 1131 loqui.
1627 1092 1687 1130 Ego
1703 1089 1769 1130 qui-

946 1133 1014 1164 dem
1041 1133 1171 1165 libenter
1194 1135 1312 1166 fatebor
1339 1135 1500 1175 protulisse
1529 1135 1706 1167 Eunomium
1731 1142 1768 1165 ex

945 1177 1108 1218 Scripturis
1121 1178 1187 1210 loca
1202 1179 1295 1211 multa
1309 1180 1346 1211 ad
1363 1180 1546 1220 probandam
1557 1188 1642 1211 suam
1653 1179 1771 1220 opinio-

947 1231 1026 1254 nem:
1045 1222 1098 1254 sed
1110 1232 1187 1263 nego
1203 1224 1267 1254 haec
1291 1222 1454 1265 Scriptura:
1463 1225 1529 1256 loca
1544 1233 1612 1263 quae
1635 1224 1665 1254 in
1685 1223 1768 1254 libris

945 1272 1049 1308 quarto
1064 1271 1093 1299 et
1104 1267 1207 1309 quinto
1218 1273 1325 1300 contra
1335 1269 1518 1301 Eunomium
1527 1267 1768 1310 explanantur,in

946 1312 1080 1352 ejusdem
1093 1313 1230 1344 Eunomii
1241 1313 1317 1345 libro
1327 1314 1422 1354 primo
1433 1313 1608 1355 reperiri.Et
1620 1322 1688 1345 vero
1698 1321 1767 1343 cum

945 1360 1004 1387 tam
1022 1357 1114 1388 multa
1127 1361 1313 1398 exponentur
1320 1358 1542 1399 Scripturarum
1553 1357 1723 1389 testimonia
1737 1356 1768 1387 in

946 1401 1061 1433 duobus
1076 1401 1123 1433 his
1134 1411 1209 1443 quos
1225 1402 1286 1433 dixi
1298 1402 1397 1444 libris,
1414 1406 1515 1436 tamen
1529 1403 1680 1434 allirmare
1698 1411 1767 1442 pos-

946 1455 1024 1484 sum,
1042 1446 1067 1477 si
1090 1446 1165 1478 forte
1196 1447 1252 1478 tria
1272 1452 1323 1478 aut
1350 1453 1477 1488 quatuor
1491 1447 1632 1489 excipias,
1655 1447 1770 1487 reliqua

946 1491 1047 1522 omnia
1056 1491 1087 1522 in
1098 1491 1194 1532 primo
1205 1492 1345 1523 Eunomii
1359 1492 1460 1524 libello
1470 1492 1767 1533 noulegi.Reliquum

946 1535 1096 1576 estigitur
1110 1540 1142 1567 ut
1158 1539 1200 1567 tot
1228 1536 1449 1577 Scripturarum
1467 1537 1647 1575 testimonia,
1662 1546 1727 1577 quae
1739 1536 1769 1567 in

91 1571 218 1622 expresse
232 1583 290 1614 hoc
303 1583 371 1614 loco
386 1571 428 1614 aii
439 1571 548 1614 Filium
563 1582 637 1613 falso
653 1582 774 1613 nomine
790 1571 934 1622 ge'nitu-c
947 1571 1033 1612 libris
1041 1585 1144 1621 quarto
1151 1585 1180 1612 et
1190 1571 1411 1621 quinto-contra
1422 1582 1611 1614 Eunomium
1621 1571 1771 1622 explican—

92 1635 147 1658 ram
161 1628 304 1669 appellari
319 1636 326 1660 :
349 1628 402 1659 sed
417 1632 517 1659 tamen
533 1627 574 1658 ita
589 1628 682 1668 loqui,
709 1639 721 1656 α
738 1627 905 1668 genituram

93 1671 181 1703 dicere
196 1682 254 1704 non
264 1681 443 1704 recusamus
461 1671 606 1713 [Filium],
628 1685 640 1700 ι
673 1672 760 1713 cujus
784 1676 838 1709 est,
856 1671 907 1713 qui

94 1716 168 1754 quasi
181 1716 289 1749 invitus
306 1717 416 1748 Filium
432 1720 516 1748 vocat
530 1717 709 1757 genituram,
723 1717 832 1757 quique
848 1716 905 1747 ali-

93 1769 144 1799 quo
154 1762 238 1793 modo
248 1761 400 1802 signiticet
411 1771 478 1793 eum
492 1771 550 1793 non
562 1762 682 1803 proprie
693 1763 732 1793 ita
742 1761 842 1792 vocari
853 1761 904 1792 de-

95 1804 172 1846 bere,
187 1806 223 1837 ob
236 1807 333 1848 idque
347 1806 510 1838 Eunomius
525 1815 543 1837 a
556 1806 702 1847 scriptore
725 1805 907 1847 reprehendi

95 1851 187 1882 merito
202 1852 309 1893 potuit,
322 1851 401 1893 quod
413 1852 544 1892 quodam
556 1851 644 1883 modo
663 1852 784 1882 doceret
799 1851 906 1882 Filium

94 1894 156 1927 falso
169 1897 289 1928 nomine
305 1896 474 1937 genituram
489 1896 602 1928 vocari.
620 1896 711 1936 Magis
731 1896 768 1927 ad
784 1905 848 1927 rem
864 1895 909 1926 fa-

94 1939 164 1971 ciunt
176 1950 238 1981 quae
253 1942 315 1973 hoc
337 1941 402 1982 ipso
428 1942 460 1973 in
476 1942 540 1973 loco
557 1942 703 1981 leguntur.
725 1940 795 1972 Haec
810 1945 908 1972 autem

95 1989 153 2016 sunt
166 1986 206 2026 (a)
225 1997 231 2015 :
250 1987 326 2019 Τέως
341 1987 389 2025 μὲν
415 1990 459 2015 οὖν
475 1987 489 2015 ὁ
518 1990 643 2026 κριτικῶς
666 1989 720 2015 τῶν
756 1986 909 2026 ὶεγομένων

96 2029 196 2067 ἁκούων,
210 2032 304 2060 τούτου
320 2032 478 2072 μεμνήσθω,
501 2031 541 2060 ὅτι
563 2032 613 2060 τὶν
626 2033 801 2070 γεννηθεῖσιν
822 2031 907 2070 λέγει¹

96 2075 126 2105 ὣς
150 2077 243 2113 μηκέτι
273 2077 344 2114 μήτε
360 2077 409 2110 τὴν
436 2076 606 2116 ἀγεννησίιν,
626 2077 695 2114 μήτε
716 2076 766 2110 τὴν
785 2076 909 2115 γέννησιν

96 2119 142 2148 ἀντ’
168 2121 253 2154 οὐσίας
280 2119 546 2161 παραλαμϐάνεσθαι,
595 2120 656 2149 ἀλλ’
693 2119 744 2157 ἰδίᾳ
785 2121 835 2158 μὲν
860 2120 910 2154 τὴν

95 2165 172 2193 ὠσίαν
206 2164 472 2204 παραλαμϐάνεσθαι,
517 2164 568 2202 ἰδίᾳ
608 2164 636 2193 δὲ
680 2166 710 2193 τὺ
752 2167 910 2204 γεννηθῆναι

947 1629 1005 1662 tur,
1023 1626 1135 1666 prolata
1157 1626 1216 1657 sint
1231 1625 1267 1656 ab
1283 1625 1429 1657 Eunomia
1440 1628 1542 1658 nonin
1554 1627 1649 1667 primo
1660 1635 1714 1656 suo
1730 1626 1768 1665 lg-

947 1669 1038 1711 bello,
1055 1670 1084 1701 in
1100 1679 1159 1711 quo
1174 1680 1237 1702 non
1261 1670 1467 1708 inveniuntur,
1481 1672 1534 1703 sed
1562 1672 1593 1702 in
1623 1671 1769 1708 secundo,

947 1723 1037 1753 quem
1052 1720 1135 1747 certe
1160 1715 1287 1747 Basilius
1302 1716 1455 1748 confutare
1483 1726 1542 1747 non
1572 1716 1678 1757 potuit,
1701 1725 1769 1746 cum

947 1763 1016 1791 ante
1028 1764 1350 1801 mortuusesset,quam
1361 1761 1512 1793 secundus
1525 1761 1577 1793 ille
1588 1760 1705 1792 libellus
1714 1770 1771 1800 pu-

948 1803 1060 1836 blicum
1076 1805 1294 1846 accepisset.Et
1317 1809 1348 1836 ut
1362 1806 1455 1846 magis
1470 1807 1665 1838 conﬁrmetur
1692 1806 1772 1846 quod

949 1849 1020 1888 dixi,
1036 1850 1125 1883 velim
1141 1850 1300 1889 diligenter
1312 1851 1450 1891 legantur
1459 1860 1523 1892 qua)
1534 1851 1566 1882 in
1578 1851 1654 1882 libro
1666 1854 1771 1890 quarto

949 1896 1061 1934 scripta
1077 1900 1230 1936 sunt,pag.
1247 1895 1317 1936 991,
1336 1896 1386 1927 ubi
1400 1896 1464 1937 ejus
1475 1896 1543 1928 libri
1558 1900 1662 1927 auctor
1676 1895 1773 1936 expli-

950 1943 996 1970 cat
1007 1939 1303 1981 illudMarci,Nullus
1314 1941 1410 1973 bonus
1416 1942 1478 1973 nisi
1487 1941 1645 1973 unusDeus
1652 1939 1690 1972 ⁸⁵.
1705 1939 1722 1971 ,Ι
1725 1948 1772 1971 am

950 1993 1079 2025 quaeram
1095 1985 1132 2015 ad
1148 1994 1236 2026 quem
1249 1985 1505 2017 Eunomiilibrum
1516 1985 1771 2027 respexeritscri-

951 2033 1026 2069 ptor,
1046 2039 1114 2061 cum
1128 2039 1162 2061 ea
1178 2039 1245 2071 qua:
1260 2030 1348 2062 retuli
1362 2030 1455 2063 Marci
1474 2031 1563 2062 verba
1588 2032 1770 2072 explanaret.

950 2073 1132 2115 Respexitne
1139 2075 1176 2106 ad
1192 2076 1332 2116 primum,
1344 2084 1380 2107 an
1396 2075 1433 2106 ad
1446 2077 1612 2107 secundum
1628 2079 1642 2108 ?
1654 2076 1775 2107 Constat

951 2123 1033 2151 certe
1042 2119 1079 2150 ad
1092 2119 1222 2160 primum
1235 2120 1387 2160 respicere
1398 2129 1457 2151 non
1469 2121 1682 2161 potuisse,cum
1696 2119 1727 2150 in
1739 2127 1774 2149 eo

952 2164 1026 2196 illud
1040 2164 1132 2196 Marci
1148 2165 1350 2196 testimonium
1364 2175 1422 2196 non
1438 2165 1564 2205 legatur.
1581 2165 1776 2204 Consequens

96 2207 178 2246 αὑτὴν,
195 2209 212 2244 ἦ
226 2212 267 2248 μὴ
283 2212 457 2250 γεννηθῆναι,
471 2209 513 2238 διὰ
527 2213 580 2238 τῶν
594 2210 829 2249 ἒπιθεωρουμένων
845 2210 902 2248 αὐτῇ

944 2212 999 2245 est
1007 2209 1141 2250 igitur,ut
1151 2209 1320 2254 respexerit
1326 2209 1362 2240 ad
1375 2209 1554 2249 secundum,
1566 2209 1597 2240 in
1611 2218 1682 2250 quo,
1699 2211 1775 2254 teste

96 2251 233 2290 ἰδιωμάτων
268 2256 468 2286 κατανοεῖσθαι.

517 2265 529 2283 ι
570 2253 613 2285 Εο
644 2262 739 2293 usque
778 2254 911 2294 quidem,
923 2252 938 2254 “
954 2254 1098 2294 Gregorio
1108 2255 1252 2294 Nysseno,
1262 2253 1402 2285 utebatur
1410 2253 1620 2285 Eunomiusiis
1632 2262 1699 2293 quae
1714 2252 1776 2283 dixi

97 2297 139 2336 qui
171 2308 236 2329 cum
259 2299 373 2339 judicio
412 2308 448 2330 ea
469 2307 536 2339 quae
558 2298 699 2330 dicuntur
713 2299 807 2336 audit,
824 2299 913 2339 hujus
954 2299 1104 2338 Evangelii
1120 2298 1218 2330 verbis
1228 2299 1263 2330 ad
1276 2307 1358 2329 suam
1370 2299 1541 2339 opinionem
1554 2297 1773 2329 stabiliendam.

97 2342 270 2382 meminerit,
283 2343 362 2384 quod
385 2346 515 2384 genitam
526 2343 686 2375 essentiam
710 2343 790 2381 dicit,
804 2348 837 2375 ut
853 2353 912 2375 non
954 2343 1118 2375 Audiamus
1133 2343 1309 2383 Gregorium
1335 2345 1428 2384 Nysse
1436 2353 1519 2381 num,
1538 2343 1622 2383 cujus
1636 2342 1699 2373 haec
1709 2345 1779 2372 sunt

97 2386 213 2426 amplius
227 2393 363 2420 naturam
372 2388 574 2428 generationis
582 2393 848 2429 expertem,neque
857 2398 911 2429 ge-
955 2388 1030 2419 libro
1038 2388 1196 2419 undecimo
1207 2392 1313 2419 contra
1322 2387 1600 2428 Eunomium,tomo
1609 2388 1679 2428 l[,p.
1691 2387 1751 2418 694
1768 2397 1775 2418 :

97 2431 272 2463 nerationem
287 2441 339 2473 pro
356 2433 420 2474 ipsa
435 2433 565 2464 essentia
579 2441 747 2464 sumamus:
758 2433 811 2463 sed
828 2442 901 2474 sepa

955 2435 1053 2464 οὐκοῦν
1080 2435 1175 2473 ἀγαθὸς
1191 2435 1204 2462 ὁ
1227 2435 1299 2466 Υἱός.
1329 2432 1404 2462 Ἀλλ’
1438 2433 1532 2473 οὐδεὶς,
1563 2433 1654 2473 φησὶν,
1679 2432 1777 2472 ἀγαθὸς

96 2474 173 2506 ratim
202 2476 324 2516 quidem
351 2477 523 2516 essentiam,
555 2476 715 2517 separatim
730 2485 803 2508 vero
817 2477 902 2518 ipsan

954 2479 976 2508 εἱ
1000 2480 1039 2518 μὴ
1063 2479 1161 2512 εἷςὸὸ
1183 2479 1286 2511 Θεός...
1303 2477 1398 2516 Ἀλλὰ,
1415 2478 1490 2516 φησὶ,
1514 2481 1560 2506 τοῦ
1582 2477 1641 2510 ἑνὸς
1664 2477 1682 2511 ἡ
1707 2476 1777 2509 λέξις

97 2520 214 2557 genitam
228 2529 307 2562 esse,
324 2522 366 2553 vel
395 2531 455 2552 non
475 2521 618 2561 genitam,
644 2530 698 2561 per
718 2522 902 2561 proprietate

956 2524 1092 2564 ἀποκρίνει
1108 2525 1153 2553 τὸν
1169 2524 1227 2552 Υἱὸν
1243 2526 1292 2558 τῆς
1308 2527 1355 2552 τοῦ
1369 2523 1469 2563 ἀγαθοῦ
1476 2522 1631 2555 κοινωνίας.
1650 2532 1662 2552 α
1677 2521 1778 2552 Bonus

98 2572 157 2608 qua!
170 2564 200 2594 in
225 2574 261 2596 ea
277 2565 515 2606 conspiciuntur,
531 2565 745 2605 intelligamus.
764 2577 777 2594 υ
796 2565 874 2606 Ergo
890 2569 916 2599 si
956 2568 1046 2608 igitur
1056 2567 1161 2601 Filius.
1176 2569 1236 2601 Sed
1246 2568 1364 2606 nullus,
1381 2568 1488 2608 inquit,
1506 2567 1600 2599 bonus
1624 2569 1685 2598 nisi
1698 2574 1777 2597 unus

98 2607 487 2654 Filiiessentia.utEunomio
499 2610 608 2651 placet,
620 2610 678 2641 dici
690 2611 916 2651 poteratindis-
956 2607 1076 2646 Deus...
1103 2613 1177 2654 Sed,
1206 2613 1301 2654 inquit
1345 2607 1549 2654 [Eunomius],
1579 2611 1667 2642 unius
1687 2610 1779 2642 dictio

98 2651 269 2684 criminatim
282 2659 331 2686 aut
346 2655 459 2696 genita,
475 2659 525 2686 aut
541 2664 601 2686 non
616 2655 729 2695 genita,
746 2654 839 2686 Filius
858 2657 916 2688 fal-
957 2657 1065 2690 Filium
1076 2669 1092 2689 a
1104 2651 1174 2690 boni
1186 2651 1397 2689 com-munione
1413 2651 1554 2689 secernit.
1580 2669 1594 2684 ι
1625 2655 1713 2687 Plura
1727 2655 1778 2696 qui

98 2701 246 2729 sotantum
272 2700 393 2731 nomine
418 2700 555 2740 genitura
581 2700 618 2731 ab
650 2699 716 2741 ipso
745 2700 915 2733 vocabatur.
957 2703 1045 2741 volet,
1076 2703 1154 2743 legat
1177 2703 1287 2744 primas
1311 2707 1424 2744 septem
1453 2701 1574 2744 paginas
1604 2701 1669 2743 ejus
1690 2709 1779 2742 quem

133 2779 178 2820 (ᾳ)
190 2778 280 2820 Greg.
298 2780 396 2820 Nysa,
413 2785 487 2812 tom.
504 2779 541 2817 ll,
557 2783 632 2811 orat.
650 2780 679 2811 3.

134 2817 265 2891 ἔικτεέ
279 2817 436 2892 ix’rollggum
452 2820 549 2862 quiin
565 2820 640 2852 edit.
657 2820 752 2852 Paris.
767 2821 882 2862 positus
897 2826 943 2854 est
953 2829 1023 2856 ante
1035 2824 1087 2855 lib.
1103 2832 1132 2856 ιν
1147 2825 1180 2856 in
1195 2824 1394 2857 Eunomium.
