2004 3143
205 151 361 177 CCXXXXVIII

935 142 1227 176 PROLEGOMENA.

207 223 274 245 mox
286 212 414 245 iudicavi
428 212 508 250 libri,
522 221 646 253 quarum
658 221 694 244 ex
711 213 841 244 lectione
852 212 940 254 plane
956 219 1024 243 con-
1034 212 1054 239 A
1066 209 1188 242 nitatem
1203 211 1350 243 revocarit
1363 212 1394 243 in
1408 211 1546 250 dubium,
1573 211 1627 243 sed
1653 212 1732 253 quod
1759 214 1893 254 tempori

207 257 294 290 stabit
309 257 488 288 Eunomium
505 258 584 290 inter
593 261 699 289 caetera
714 257 876 298 Scriptura:
891 257 1024 289 testimo-

207 303 255 334 nia
266 302 425 343 protulisse
440 307 468 334 et
489 303 574 343 illud,
591 313 602 330 α
621 302 730 335 Nullus
760 302 856 334 bonus
871 303 929 334 nisi
950 309 1028 332 unus

205 348 296 380 Deus.
318 360 331 375 ιν
349 348 402 379 Est
417 347 499 378 locus
520 347 551 378 in
567 347 663 388 primo
682 346 820 379 Eunomii
835 347 948 387 libello,
976 345 1027 387 qui

207 401 339 425 errorem
350 392 423 422 viris
432 392 478 423 vel
488 391 697 423 eruditissimis
703 392 835 432 objicere
846 395 1025 433 potest,cum

205 439 269 469 viro
286 437 421 468 doctrina
433 437 581 478 praestanti
596 437 703 468 Joanui
711 437 834 469 Alberto
843 436 980 468 Fabricio
992 445 1025 467 re

206 483 270 523 ipsa
281 481 436 522 objecerit.
461 482 559 514 Verba
573 486 671 514 autem
699 483 837 514 Eunomii
866 483 930 514 haec
957 485 1026 512 sunt

205 537 288 559 num.
304 527 340 558 97
353 538 361 559 ;
393 528 496 557 Τούτων
511 527 543 561 δὴ
558 528 664 556 πάντων
687 529 811 568 εὖκρινῶς
827 528 876 565 μὲν
891 528 935 556 καὶ
957 527 1026 556 πλασ

205 574 311 611 τύτερον
326 572 352 601 ἐν
368 572 465 612 ἑτέροις
480 574 548 610 ἡμῖν
574 572 812 612 ἀποδεδειγμένων,
835 573 861 600 ἐν
883 574 982 612 {ipa-Lat
997 571 1024 599 δὲ

204 621 249 646 νῦν
264 618 328 657 πρὸς
339 618 407 655 ὑμᾶς
421 616 652 657 ὁμολογουμένων,
667 620 725 649 etc.
746 628 757 645 tl
776 617 849 648 Cum
866 617 927 657 jam
955 616 1024 647 uni-

205 671 289 693 versa
306 661 418 701 liquido
444 662 595 702 magisque
620 662 734 702 prolixe
755 661 828 692 alibi
841 671 859 692 a
872 660 960 692 nobis
976 661 1026 692 de-

205 710 376 744 monstrata,
394 716 473 737 nunc
488 716 558 738 vero
569 707 599 737 in
615 707 734 738 brevem
751 707 786 737 ad
803 715 853 737 vos
865 705 1026 737 confessio-

204 760 272 782 nem
288 751 347 782 siut
362 755 605 791 contracta,»etc.
620 751 714 788 Quem
731 751 767 782 ad
784 751 882 782 locum
895 752 918 782 is
934 759 1023 791 quem

204 806 271 827 mox
282 796 430 827 nominavi
442 796 489 827 vir
499 796 687 828 doctissimus
700 797 776 828 hanc
787 800 884 827 notam
897 796 1022 827 addidit:

207 853 218 869 ι
232 840 386 872 Notandus
396 841 446 872 hic
462 841 556 881 locus,
570 851 629 880 quo
642 841 678 873 ad
693 841 832 872 uberiora
849 850 902 872 sua
917 841 1025 882 scripta

1066 255 1256 287 serviendum
1273 257 1424 298 sapienter
1437 256 1692 297 judicarit.Atque
1707 257 1739 288 in
1749 257 1809 289 illis
1818 258 1892 299 ipsis

1067 309 1141 340 quos
1156 300 1193 331 de
1207 300 1327 341 Spiritu
1340 305 1444 333 sancto
1457 301 1639 342 conscripsit
1666 301 1761 340 libris,
1783 312 1893 334 nomen

1068 346 1122 376 Dei
1133 354 1169 376 ne
1185 346 1279 378 semel
1294 346 1415 387 quidem
1431 346 1554 387 Spiritui
1566 351 1667 378 sancto
1688 347 1831 379 tributum
1846 349 1891 380 le-

1067 389 1250 431 gimus.Ejus
1260 392 1380 431 generis
1390 396 1459 423 sunt
1472 391 1547 422 liber
1557 391 1659 422 tertius
1669 392 1893 425 inEunomium

1067 438 1097 466 et
1110 434 1324 466 celeberrimus
1339 436 1390 467 ille
1405 436 1441 467 ad
1459 436 1701 476 Amphilochium
1714 438 1756 468 De
1773 437 1891 478 Spiritu

1065 484 1167 511 sancto
1179 480 1267 511 liber:
1280 490 1407 519 quorum
1419 481 1450 512 in
1465 485 1591 521 utroque
1608 485 1638 512 ut
1653 481 1888 523 evidentissime,

1066 524 1106 555 ita
1116 524 1313 556 invictissime
1330 525 1435 566 probat
1448 526 1571 564 quidem
1587 525 1715 566 Spiritus
1729 527 1822 558 sancti
1846 527 1888 558 di-

1067 569 1228 610 vinitatem,
1245 579 1301 601 nec
1315 580 1439 611 usquam
1461 574 1560 602 tamen
1586 571 1729 612 Spiritum
1754 576 1887 604 sanctum

1066 613 1159 645 Deum
1174 615 1313 655 appellat.
1332 616 1388 652 Qui
1403 625 1473 656 ergo
1492 615 1556 646 fieri
1569 615 1671 656 possit,
1683 620 1716 647 ut
1730 626 1834 648 eorum
1851 617 1887 649 de

1066 659 1175 699 quibus
1189 660 1285 700 agitur
1300 660 1445 691 librorum
1457 664 1563 692 auctor
1574 661 1695 702 sit,cum
1703 661 1732 692 in
1746 662 1820 702 ipsis
1831 672 1887 693 non

1065 704 1158 735 semel
1172 703 1300 745 Spiritus
1317 709 1438 737 sanctus
1449 707 1529 738 Deus
1542 711 1661 737 vocetur
1672 710 1687 738 ?
1696 707 1841 748 Exempla
1856 717 1890 740 eo

1066 758 1124 789 quo
1146 750 1337 782 inveniuntur
1353 751 1470 788 ordine,
1488 751 1639 791 subjicere
1652 752 1745 782 visum
1763 752 1889 784 est.Pri-

1067 803 1148 825 mum
1173 796 1304 826 occurrit
1320 795 1393 827 illud
1425 796 1466 836 (p.
1496 796 1585 834 299):
1619 798 1647 825 Εἰ
1676 798 1761 826 τοίνυν
1787 797 1889 830 οὐδενός

1065 841 1136 868 ἔστιν
1158 840 1261 880 ἀφιέναι
1277 841 1417 879 ἁμαρτίαις,
1435 842 1524 879 ὥσπερ
1545 842 1593 869 οὒκ
1608 842 1690 880 ἔστιν,
1707 844 1729 870 εἰ
1754 843 1794 879 μὴ
1809 844 1890 881 μόνου

200 886 262 925 jam
275 890 344 916 ante
359 885 431 916 illud
447 889 564 925 tempus
578 885 657 916 edita
671 885 837 917 Eunomius
851 890 1021 926 provocat.»

1069 888 1144 922 Θεοῦ,
1162 885 1254 925 ἀφίησι
1277 885 1303 914 δὲ
1319 887 1349 914 τὸ
1364 890 1470 924 Πνεῦμα
1493 888 1522 914 τὸ
1551 886 1627 925 ἅγιον
1655 886 1697 915 διὰ
1730 888 1784 916 τῶν
1814 889 1885 918 ἀπο-

203 930 238 960 Et
254 939 324 961 vero
340 930 365 961 si
381 929 474 961 semel
489 939 592 961 verum
611 935 655 962 est
671 931 852 962 Eunomium
873 934 942 962 ante
957 940 1025 962 eum

202 985 289 1015 quem
312 975 439 1006 Basilius
465 975 627 1006 confutavit
655 975 763 1007 librum
791 976 865 1008 alios
882 975 1025 1016 quosdam

203 1020 352 1060 longiores
368 1020 515 1060 edidisse;
526 1020 670 1061 quidquid
689 1030 705 1051 a
726 1021 812 1052 nobis
828 1021 966 1061 superius
983 1021 1028 1051 di-

204 1069 283 1096 ctum
296 1068 409 1105 est.per
419 1075 451 1096 se
462 1065 581 1106 penitus
588 1065 734 1096 ruit.Nam
745 1066 803 1097 dici
814 1065 922 1106 poterit
940 1065 1024 1096 Basi-

205 1109 272 1148 lius,
285 1119 352 1142 cum
368 1110 398 1140 in
414 1109 500 1140 libris
514 1114 619 1151 quarto
633 1115 662 1142 et
675 1110 777 1151 quinto
793 1114 900 1142 contra
917 1111 1025 1141 Euna—

203 1156 298 1186 mz'um
326 1154 418 1186 multa
442 1155 662 1196 Scripturarum
685 1155 748 1188 loca
779 1156 948 1196 explicaret,
966 1164 1025 1186 non

203 1202 370 1240 respexisse
379 1200 499 1241 quidem
514 1200 550 1231 ad
562 1209 630 1231 eum
642 1200 859 1241 librum,quem
876 1200 1024 1231 nominavi

200 1245 329 1284 primum
341 1245 481 1276 Eunomii
492 1245 638 1284 libellum,
651 1245 703 1277 sed
715 1245 751 1276 ad
764 1246 873 1286 scripta
885 1245 1021 1283 quaedam

199 1289 344 1330 longiora,
369 1300 436 1331 quae
450 1291 512 1331 jam
532 1295 601 1322 ante
617 1291 698 1322 edita
712 1290 750 1321 ab
765 1290 911 1321 Eunomio
929 1290 1020 1321 fuisse

198 1335 326 1366 afﬁrmat
338 1335 468 1367 Joannes
482 1336 621 1367 Albertus
637 1335 804 1367 Fabricius.
818 1334 876 1367 Sed
891 1334 941 1375 qui
957 1344 1020 1366 rem

199 1380 286 1420 paulo
298 1380 441 1412 attentius
452 1381 660 1421 considerarit,
675 1381 774 1420 facile,
787 1379 1019 1420 opinor,fatebi-

199 1429 247 1455 tur
259 1424 639 1465 nonloquiEunomium,eo
649 1434 736 1464 quem
744 1425 887 1465 exscripsi
901 1425 1020 1465 loco,de

201 1469 349 1509 prioribus
361 1469 534 1510 quibusdam
546 1470 665 1510 scriptis
679 1479 735 1501 ase
742 1470 804 1511 jam
816 1475 904 1500 antea
913 1470 1018 1508 vulga-

200 1514 248 1553 tis,
262 1515 313 1545 sed
325 1515 363 1545 de
375 1515 471 1556 prima
481 1515 526 1546 sui
535 1514 628 1546 libelli
637 1519 732 1555 parte,
743 1524 835 1555 eaque
846 1515 1018 1555 prolixiore.

199 1559 320 1591 Constat
342 1559 420 1591 enim
438 1560 616 1591 Eunomium
638 1559 772 1591 libellum
800 1569 885 1591 suum
902 1560 933 1590 in
948 1560 1021 1591 duas

199 1608 297 1644 partes
310 1605 585 1646 divisissezqnarum
602 1605 631 1637 in
642 1606 739 1646 priore
751 1615 834 1636 suam
843 1606 1020 1636 sententiam

199 1649 293 1681 fusius
304 1651 435 1691 exponit,
453 1651 484 1681 in
496 1650 590 1682 altera
602 1660 683 1691 vero,
696 1650 791 1681 libelli
806 1650 852 1681 sui
862 1652 946 1689 quasi
957 1651 1018 1690 epi-

200 1700 299 1726 tomen
315 1695 474 1734 quamdam
485 1696 567 1727 fecit.
578 1695 611 1726 Id
622 1695 663 1727 ita
674 1704 741 1727 esse
752 1695 840 1726 docet
856 1695 1020 1726 Eunomius

199 1739 275 1779 ipse,
288 1741 371 1779 cujus
380 1740 442 1771 haec
455 1744 523 1771 sunt
537 1740 638 1778 verba,
652 1749 735 1771 num.
750 1740 790 1772 26
801 1749 811 1769 :
828 1739 903 1768 Ἀλλ’
919 1740 965 1768 ἵνα
981 1740 1020 1777 μὴ

200 1788 239 1822 τῷ
265 1785 414 1822 μήκειτῶν
448 1785 535 1824 λόγων
571 1786 757 1823 ἀποκνήσομει
780 1785 839 1818 τοὺς
864 1785 1018 1821 ἀκούοντας,

201 1833 288 1858 πᾶσαν
315 1831 343 1858 'sv
392 1831 492 1870 βραχεῖ
519 1833 572 1858 τῶν
596 1830 727 1870 ῥηθέντων
762 1829 948 1869 περιλαϐόντες
971 1830 1020 1863 τὴν

200 1874 319 1911 δύναμιν,
344 1878 400 1907 etc.
430 1875 570 1905 «Verum
589 1883 627 1905 ne
652 1883 823 1905 sermonum
854 1873 1021 1914 prolixitate

199 1919 350 1950 auditores
364 1928 531 1958 gravemus,
557 1919 692 1950 minusve
705 1919 818 1950 alacres
847 1918 1019 1958 reddamus,

200 1963 411 2003 pauciseorum
418 1973 484 2003 quae
490 1963 620 1995 diximus
631 1964 688 1995 vim
697 1973 817 1995 omnem
825 1964 1022 2003 comprehen~

200 2009 315 2045 dentes,
334 2021 347 2037 ω
366 2011 425 2040 etc.
441 2008 538 2045 Quare
554 2009 659 2040 horum
684 2009 854 2046 verborum,
867 2010 972 2038 Τούτων
988 2009 1020 2042 δὴ

200 2055 306 2082 πάντων
348 2056 474 2093 εὖκρινῶς
514 2055 562 2092 μὲν
591 2055 634 2083 καὶ
669 2054 830 2094 πλατύτερον
867 2054 894 2082 ἐν
919 2054 1018 2093 ἑτέροις

199 2100 266 2137 ἡμῖν
282 2098 520 2139 ἀπηδεδειγμένων,
537 2099 562 2129 is
575 2102 620 2129 est
635 2108 740 2129 sensus
754 2109 760 2129 :
780 2110 793 2126 «ι
810 2099 885 2129 Cum
894 2098 956 2138 jam
967 2099 1019 2130 de-

200 2147 361 2175 monstrata
376 2143 435 2174 sint
450 2153 466 2174 a
476 2143 563 2174 nobis
574 2144 637 2175 haec
653 2143 872 2184 omnialiquide
884 2147 913 2173 et
925 2143 1018 2181 magis

1068 929 1183 958 στόλωνο
1201 932 1265 963 Θεὸς
1281 931 1330 971 ἄρα
1345 932 1374 959 τὸ
1392 932 1497 969 Πνεῦμα
1511 932 1542 960 τὸ
1553 932 1640 971 ἅγιον,
1656 933 1699 960 καὶ
1724 934 1774 966 τῆς
1806 933 1886 969 αὖτῆς

1068 974 1200 1014 ἐνεργείας
1213 977 1251 1013 τῷ
1267 977 1348 1016 Πατρὶ
1360 977 1403 1004 καὶ
1432 980 1470 1013 τῷ
1498 978 1562 1013 Υέᾦ.
1580 989 1593 1004 α
1614 978 1716 1017 Itaque
1731 976 1758 1007 Si
1781 977 1890 1008 nullius

1068 1022 1112 1050 est
1127 1019 1283 1051 remittere
1299 1025 1430 1061 peccata,
1456 1021 1533 1053 sicut
1547 1030 1620 1052 sane
1634 1021 1745 1052 nullius
1759 1026 1816 1063 est,
1833 1024 1890 1054 nisi

1067 1063 1121 1094 Dei
1137 1065 1241 1105 solius,
1267 1066 1391 1096 remittit
1415 1070 1514 1097 autem
1541 1065 1668 1106 Spiritus
1691 1073 1813 1098 sanctus
1837 1077 1891 1107 per

1067 1109 1228 1149 apostolos;
1245 1111 1324 1142 Deus
1335 1120 1404 1150 ergo
1420 1115 1466 1142 est
1480 1111 1607 1151 Spiritus
1622 1115 1752 1152 sanctus,
1771 1116 1800 1142 et
1814 1113 1890 1152 ejus-

1067 1154 1135 1184 dem
1158 1155 1340 1195 operationis
1367 1159 1456 1196 atque
1479 1155 1568 1187 Pater
1579 1160 1609 1188 et
1625 1156 1729 1187 Filius.
1750 1169 1761 1184 υ
1780 1157 1892 1189 Rursus

1067 1198 1110 1230 sic
1126 1198 1256 1240 loquitur
1271 1200 1400 1241 scriptor
1414 1201 1455 1241 (p.
1473 1199 1542 1241 300)
1562 1209 1570 1232 :
1586 1202 1614 1230 Ei
1629 1200 1656 1229 δὲ
1676 1201 1757 1230 λαλεῖ
1771 1202 1798 1230 ἐν
1818 1202 1888 1231 ἀπο-

1066 1244 1170 1276 στόλοις
1186 1246 1228 1273 καὶ
1244 1245 1270 1273 ἐν
1287 1246 1434 1285 προφήταις
1449 1246 1480 1274 τὸ
1497 1249 1615 1284 Πνεῦμα,
1638 1249 1711 1274 πᾶσα
1734 1246 1761 1274 δὲ
1799 1248 1888 1287 aner.

1063 1290 1248 1327 θεόπνευστος,
1275 1290 1371 1318 εἴπατε
1386 1297 1445 1323 τοῖς
1461 1290 1597 1328 ἀσεϐοῦσι,
1628 1291 1684 1324 πῶς
1714 1292 1743 1319 οὒ
1766 1292 1828 1324 Θεὸς
1856 1293 1887 1320 τὸ

1064 1338 1170 1372 Πνεῦμα
1196 1336 1226 1363 τὸ
1251 1335 1326 1374 ἅγιον
1355 1336 1497 1376 τυγχάνει,
1529 1336 1578 1370 τῆς
1599 1336 1692 1365 τούτου
1734 1337 1886 1376 συγγραφῆς

1061 1380 1234 1410 θεοπνεύστου
1250 1380 1328 1414 ὤσης
1345 1390 1353 1418 ;
1371 1392 1385 1408 α
1401 1380 1485 1417 Quod
1502 1381 1528 1411 si
1543 1380 1714 1421 Spiritusin
1743 1381 1883 1422 apostolis

1061 1427 1091 1454 et
1104 1424 1257 1464 prophetis
1269 1425 1573 1466 loquitur,omnisque
1582 1425 1736 1466 Scriptura
1745 1426 1883 1456 divinitus

1061 1467 1205 1509 inspirata
1229 1473 1285 1507 est,
1312 1470 1401 1500 dicite
1428 1469 1552 1510 impiis:
1579 1469 1734 1506 Quomodo
1758 1470 1886 1510 Spiritus

1062 1518 1181 1544 sanctus
1191 1515 1269 1546 Deus
1282 1524 1342 1546 non
1353 1519 1482 1553 est,cum
1493 1515 1573 1546 illius
1584 1515 1736 1556 Scriptura
1746 1515 1888 1547 divinitus

1061 1558 1204 1599 inspirata
1216 1559 1281 1590 sit?
1300 1571 1311 1588 υ
1340 1560 1436 1590 Verba
1467 1560 1637 1600 scriptoris,
1666 1569 1734 1590 cum
1763 1560 1890 1600 explicat

1061 1603 1136 1634 illud
1150 1602 1275 1635 Joannis
1290 1612 1329 1642 ιν,
1347 1605 1398 1645 24,
1411 1604 1550 1645 Spiritus
1566 1608 1610 1637 est
1624 1605 1715 1642 Deus,
1739 1604 1803 1636 haec
1818 1609 1890 1636 sunt

1063 1649 1106 1689 (p.
1122 1648 1192 1687 310)
1207 1659 1214 1679 :
1234 1649 1346 1689 ’Ὠσπερ
1363 1650 1413 1690 γὰρ
1428 1651 1458 1678 τὸ
1476 1653 1581 1688 Πνεῦμα
1597 1651 1610 1678 ὁ
1636 1650 1713 1688 Θεὸς,
1745 1651 1814 1679 κατὰ
1844 1652 1886 1688 τὸ,

1062 1695 1131 1725 Nato:
1158 1696 1224 1723 Θεοῦ
1253 1694 1311 1723 ἐστε
1329 1696 1373 1724 καὶ
1406 1696 1437 1723 τὸ
1467 1695 1573 1732 Πνεῦμα
1589 1696 1634 1723 τοῦ
1660 1696 1726 1723 Θεοῦ
1761 1696 1830 1723 οἰκεῖ
1860 1695 1887 1723 ἐν

1061 1739 1136 1776 ὑμῖν·
1154 1740 1222 1768 οὕτω
1238 1740 1281 1768 καὶ
1306 1741 1319 1768 ὁ
1349 1740 1414 1772 Θεὸς
1444 1740 1474 1768 τὺ
1490 1743 1607 1777 Πνεῦμα,
1637 1739 1686 1774 τῆς
1715 1739 1820 1778 ΐριάδος
1846 1740 1883 1778 μὴ

1062 1782 1290 1822 διακοπτομένης,
1308 1784 1375 1822 μηδὲ
1391 1784 1577 1824 χωριζομένης
1593 1785 1640 1818 τὴν
1656 1785 1743 1824 φύσιν,
1760 1785 1827 1813 ὥστε
1842 1785 1885 1813 καὶ

1061 1829 1095 1857 τὰ
1112 1830 1230 1867 ὀνόματα
1245 1830 1284 1867 μὴ
1307 1830 1477 1870 χωρίζεσθαι.
1497 1839 1512 1859 α
1528 1828 1790 1866 Quemadmodum
1805 1830 1883 1860 enim

1063 1872 1189 1913 Spiritus
1199 1874 1277 1904 Deus
1289 1879 1344 1914 est,
1359 1874 1442 1914 juxta
1455 1874 1542 1914 illud,
1563 1874 1716 1914 Templum
1731 1873 1790 1904 Dei
1803 1875 1884 1914 estis,

1062 1922 1092 1949 et
1104 1918 1242 1958 Spiritus
1255 1919 1309 1950 Dei
1323 1918 1438 1950 habitat
1451 1919 1485 1950 in
1501 1918 1585 1950 vobis
1605 1928 1612 1949 :
1629 1918 1669 1950 ila
1683 1922 1712 1949 et
1726 1919 1807 1950 Deus
1819 1919 1885 1959 Spi-

1062 1963 1137 1994 ritus
1153 1967 1210 2000 est,
1224 1973 1283 1994 non
1300 1964 1430 1995 dissecta
1443 1963 1600 2002 Trinitate,
1613 1973 1712 2004 neque
1723 1963 1885 1995 secundum

1063 2012 1199 2038 naturam
1215 2013 1351 2049 separata
1368 2019 1374 2038 :
1395 2011 1472 2039 sicut
1486 2009 1609 2039 nomina
1624 2008 1713 2039 etiam
1724 2018 1785 2039 non
1799 2017 1887 2048 sepa-

1062 2057 1178 2084 rentur.
1197 2065 1210 2081 ι)
1229 2055 1336 2084 Parum
1361 2053 1415 2085 fuit
1438 2054 1495 2085 hoc
1507 2053 1572 2084 loco
1589 2053 1729 2093 scriptori
1744 2053 1885 2094 Spiritum

1059 2101 1194 2128 sanctum
1212 2099 1305 2130 Deum
1317 2102 1433 2130 vocare:
1446 2098 1499 2130 sed
1516 2098 1604 2129 etiam
1619 2098 1769 2130 rationem
1784 2097 1883 2129 reddit

1060 2151 1113 2173 cur
1124 2143 1162 2173 ita
1176 2143 1275 2174 faciat.
1301 2143 1460 2184 Quoniam,
1490 2143 1597 2184 inquit,
1627 2148 1659 2173 ut
1682 2143 1812 2174 Trinitas
1827 2152 1886 2173 non

199 2188 311 2229 prolixe
325 2188 480 2220 incaeteris
493 2197 557 2229 quae
568 2187 1217 2230 praeceduntargumentationi-Dseparatur
1246 2187 1411 2220 secundum
1441 2192 1588 2226 naturam,
1614 2187 1656 2219 ita
1682 2197 1738 2218 nec
1767 2188 1887 2219 nomina

199 2234 265 2272 bus,
286 2245 297 2263 υ
317 2238 373 2264 etc.
391 2233 469 2265 Sane
483 2243 501 2265 a
523 2243 570 2265 me
583 2233 817 2274 faciuntantiqui
834 2242 937 2264 omnes
947 2233 1021 2264 scri-

199 2282 311 2319 ptores,
328 2279 378 2319 qui
395 2279 469 2309 duos
485 2279 629 2310 duntaxat
643 2279 781 2310 Eunomii
796 2278 913 2309 libellos
926 2287 1020 2318 agno-

201 2331 282 2359 vere,
298 2324 456 2362 Gregorius
471 2324 632 2363 Nyssenus,
644 2323 873 2364 Philostorgius,
883 2323 1019 2361 Photius,

200 2371 230 2409 et
250 2367 310 2398 alii.
327 2369 389 2399 Jam
406 2369 432 2398 si
443 2369 508 2409 quis
523 2373 634 2409 quaerat
644 2378 678 2400 ex
694 2378 752 2409 me,
772 2377 826 2399 cur
840 2368 1013 2407 Eunomius,

200 2412 251 2453 qui
265 2412 295 2442 in
311 2412 406 2452 primo
422 2422 475 2443 suo
491 2414 601 2453 scripto
613 2414 717 2444 Filium
731 2413 862 2444 libenter
874 2413 1021 2453 simplici-

200 2461 303 2497 terque
318 2456 483 2496 genituram
494 2458 625 2494 vocabat,
640 2458 783 2489 hocidem
797 2462 896 2490 tamen
910 2468 969 2489 non
979 2458 1022 2489 fe-

200 2502 274 2533 cerit
308 2502 339 2532 in
360 2502 453 2532 altero
470 2512 479 2539 ;
495 2502 591 2533 dicam
608 2502 696 2542 hujus
712 2505 754 2533 rei
783 2503 907 2534 fortasse
921 2503 1021 2534 afferri

201 2555 290 2586 posse
305 2545 490 2587 probabilem
513 2555 645 2587 causam,
660 2546 986 2579 videlicetEunomium
1003 2557 1020 2579 a

198 2591 309 2623 Basilio
326 2591 363 2623 ob
380 2591 525 2631 geniturae
541 2600 650 2622 nomen
676 2594 734 2622 tam
764 2592 840 2623 male
862 2597 1017 2633 acceptum

199 2637 302 2672 fuisse,
319 2641 350 2668 ut
373 2646 408 2668 eo
433 2636 576 2677 deinceps
591 2640 649 2677 tam
678 2636 773 2668 libere
795 2637 837 2668 uti
853 2646 941 2669 ausus
958 2647 1017 2669 non

198 2681 248 2713 sit.
643 2682 656 2719 ᾗ
685 2693 688 2699 ι

241 2727 303 2758 73'.
312 2725 379 2757 Fuit
391 2730 556 2767 tempus,ut
566 2730 667 2770 notum
679 2731 734 2765 est,
750 2736 817 2758 cum
829 2727 955 2759 Basilius
964 2738 1020 2760 ne-

198 2780 256 2813 que
266 2770 297 2802 in
309 2771 574 2812 suislibris,neque
586 2772 615 2803 in
627 2771 757 2812 publicis
766 2772 1021 2813 orationibusSpi-

199 2816 287 2848 ritum
303 2820 436 2847 sanctum
454 2816 547 2848 Deum
562 2823 755 2855 vocaret,nou
772 2817 851 2858 quod
863 2818 927 2857 ejus
944 2818 1020 2849 divi-

645 2682 649 2690 ι

1062 2233 1151 2263 etiam
1178 2237 1368 2273 separantur.
1382 2233 1478 2264 Secus
1493 2237 1592 2264 autem
1621 2232 1728 2264 fecisse
1743 2233 1885 2264 Basiliam

1061 2281 1182 2315 norunt,
1197 2277 1306 2318 quibus
1321 2287 1381 2308 non
1394 2278 1515 2309 omnino
1540 2279 1640 2318 ignota
1656 2281 1702 2308 est
1718 2282 1884 2318 temporum

1062 2322 1180 2353 illorum
1192 2322 1328 2360 historia,
1347 2322 1391 2354 sic
1411 2327 1442 2354 ut
1453 2323 1639 2354 intereadum
1653 2322 1798 2363 Spiritum
1814 2332 1885 2354 san-

1063 2371 1143 2399 ctum
1161 2371 1274 2399 naturae
1287 2367 1398 2399 divinae
1420 2367 1595 2409 participem
1619 2376 1686 2398 esse
1702 2367 1843 2408 privatim
1861 2371 1892 2398 et

1064 2411 1184 2452 publice
1199 2413 1401 2452 proﬁteretur,
1419 2422 1487 2444 eum
1506 2416 1606 2444 tamen
1618 2412 1699 2453 pacis
1711 2421 1781 2451 ergo
1795 2413 1890 2444 Deum

1064 2457 1214 2498 appellare
1230 2457 1404 2489 abstineret.
1418 2457 1476 2489 Sed
1488 2458 1592 2488 audire
1613 2456 1687 2488 mihi
1711 2457 1815 2488 videor
1838 2456 1890 2497 qui

1063 2502 1166 2533 dicunt
1190 2503 1280 2534 fuisse
1296 2502 1386 2533 etiam
1403 2507 1532 2543 tempus,
1550 2511 1617 2533 cum
1634 2501 1763 2533 Basilius
1779 2506 1841 2532 tum
1857 2501 1889 2532 in

1060 2547 1209 2587 aliquibus
1220 2547 1427 2588 epistolistum
1440 2548 1470 2578 in
1483 2547 1609 2587 publicis
1619 2546 1801 2587 quibusdam
1813 2555 1886 2577 con-

1061 2592 1196 2623 cionibus
1203 2591 1346 2633 Spiritum
1357 2592 1592 2623 sanctumDeum
1602 2595 1733 2630 vocaret;
1746 2591 1784 2622 ob
1796 2591 1887 2632 idque

1062 2638 1125 2669 ﬁeri
1139 2637 1283 2678 potuisse,
1299 2641 1331 2668 ut
1345 2637 1376 2668 in
1392 2637 1495 2678 quinto
1511 2645 1628 2677 quoque
1644 2638 1752 2667 contra
1777 2635 1884 2668 Euno-

1061 2681 1241 2714 miumlibro
1248 2682 1305 2713 hoc
1312 2682 1340 2713 ei
1351 2691 1461 2714 nomen
1467 2680 1753 2713 dederit.Bene.Sed
1761 2680 1883 2721 quaestio

1061 2736 1121 2759 non
1133 2731 1290 2763 est,utrum
1301 2727 1427 2758 Basilius
1438 2726 1581 2767 Spiritum
1593 2730 1728 2757 sanctum
1741 2726 1770 2756 in
1783 2726 1885 2766 quinto

1061 2771 1358 2804 contraEunomtum
1368 2772 1447 2803 libro
1455 2771 1551 2804 Deum
1563 2779 1670 2803 vocare
1680 2770 1824 2811 potuerit,
1834 2769 1888 2802 sed

1042 2844 1045 2847 .
1063 2822 1160 2850 utrum
1173 2827 1206 2849 re
1216 2818 1282 2858 ipsa
1292 2818 1404 2850 vocarit
1421 2827 1428 2850 :
1445 2817 1524 2859 quod
1540 2817 1648 2850 falsum
1665 2825 1733 2848 esse
1744 2816 1887 2849 arbitror.
