  <div class='ocr_page' id='page_1' title='image "/cluster/home/n/w/nwhite01/storage/ocr_20150623/29/njp.32101013202583/251.png"; bbox 0 0 2004 3143; ppageno 0'>
   <div class='ocr_carea' id='block_1_1' title="bbox 212 168 288 194">
    <p class='ocr_par' dir='ltr' id='par_1_1' title="bbox 212 168 288 194">
     <span class='ocr_line' id='line_1_1' title="bbox 212 168 288 194; baseline -0.026 0"><span class='ocrx_word' id='word_1_1' title='bbox 212 168 288 194; x_wconf 64' lang='grc' dir='ltr'><strong>οαιι</strong></span> 
     </span>
    </p>
   </div>
   <div class='ocr_carea' id='block_1_2' title="bbox 919 162 1217 195">
    <p class='ocr_par' dir='ltr' id='par_1_2' title="bbox 919 162 1217 195">
     <span class='ocr_line' id='line_1_2' title="bbox 919 162 1217 195; baseline 0 -2"><span class='ocrx_word' id='word_1_2' title='bbox 919 162 1202 195; x_wconf 81' lang='lat' dir='ltr'><strong>PROLEGOMENA</strong></span> <span class='ocrx_word' id='word_1_3' title='bbox 1210 187 1217 193; x_wconf 94' lang='lat'><strong>.</strong></span> 
     </span>
    </p>
   </div>
   <div class='ocr_carea' id='block_1_3' title="bbox 214 227 1881 271">
    <p class='ocr_par' dir='ltr' id='par_1_3' title="bbox 214 227 1881 271">
     <span class='ocr_line' id='line_1_3' title="bbox 214 227 1881 271; baseline 0.001 -11"><span class='ocrx_word' id='word_1_4' title='bbox 214 236 314 268; x_wconf 67' lang='lat' dir='ltr'><strong>opera:</strong></span> <span class='ocrx_word' id='word_1_5' title='bbox 323 227 452 268; x_wconf 89' lang='lat' dir='ltr'><strong>pretium</strong></span> <span class='ocrx_word' id='word_1_6' title='bbox 461 228 536 260; x_wconf 90' lang='lat' dir='ltr'><strong>duco</strong></span> <span class='ocrx_word' id='word_1_7' title='bbox 544 237 610 269; x_wconf 69' lang='lat' dir='ltr'><strong>quae</strong></span> <span class='ocrx_word' id='word_1_8' title='bbox 617 228 648 260; x_wconf 90' lang='lat' dir='ltr'><strong>in</strong></span> <span class='ocrx_word' id='word_1_9' title='bbox 655 229 741 261; x_wconf 86' lang='lat' dir='ltr'><strong>libris</strong></span> <span class='ocrx_word' id='word_1_10' title='bbox 748 229 881 261; x_wconf 89' lang='lat' dir='ltr'><strong>secundo</strong></span> <span class='ocrx_word' id='word_1_11' title='bbox 890 234 920 261; x_wconf 91' lang='lat' dir='ltr'><strong>et</strong></span> <span class='ocrx_word' id='word_1_12' title='bbox 927 233 1035 271; x_wconf 84' lang='lat' dir='ltr'><strong>quarto</strong></span> <span class='ocrx_word' id='word_1_13' title='bbox 1044 238 1064 264; x_wconf 77' lang='grc' dir='ltr'>Α</span> <span class='ocrx_word' id='word_1_14' title='bbox 1076 239 1119 261; x_wconf 79' lang='grc' dir='ltr'><strong>νος</strong></span> <span class='ocrx_word' id='word_1_15' title='bbox 1134 232 1168 269; x_wconf 76' lang='grc' dir='ltr'><strong>τῇ</strong></span> <span class='ocrx_word' id='word_1_16' title='bbox 1183 233 1271 270; x_wconf 77' lang='grc' dir='ltr'>φωνῇ.</span> <span class='ocrx_word' id='word_1_17' title='bbox 1299 229 1373 267; x_wconf 70' lang='lat' dir='ltr'><strong>«Qui</strong></span> <span class='ocrx_word' id='word_1_18' title='bbox 1389 230 1470 261; x_wconf 90' lang='lat' dir='ltr'><strong>enim</strong></span> <span class='ocrx_word' id='word_1_19' title='bbox 1490 229 1575 265; x_wconf 90' lang='lat' dir='ltr'><strong>dixit,</strong></span> <span class='ocrx_word' id='word_1_20' title='bbox 1606 228 1731 260; x_wconf 75' lang='lat' dir='ltr'><strong>Possedt</strong></span> <span class='ocrx_word' id='word_1_21' title='bbox 1745 229 1881 262; x_wconf 72' lang='lat' dir='ltr'><strong>hominem</strong></span> 
     </span>
    </p>
   </div>
   <div class='ocr_carea' id='block_1_4' title="bbox 215 272 1039 316">
    <p class='ocr_par' dir='ltr' id='par_1_4' title="bbox 215 272 1039 316">
     <span class='ocr_line' id='line_1_4' title="bbox 215 272 1039 316; baseline 0.005 -13"><span class='ocrx_word' id='word_1_22' title='bbox 215 273 357 313; x_wconf 84' lang='lat' dir='ltr'><strong>leguntur</strong></span> <span class='ocrx_word' id='word_1_23' title='bbox 367 273 410 313; x_wconf 89' lang='lat' dir='ltr'><strong>(p.</strong></span> <span class='ocrx_word' id='word_1_24' title='bbox 427 272 498 311; x_wconf 77' lang='lat'><strong>256,</strong></span> <span class='ocrx_word' id='word_1_25' title='bbox 514 273 599 314; x_wconf 76' lang='lat'><strong>293),</strong></span> <span class='ocrx_word' id='word_1_26' title='bbox 616 274 778 315; x_wconf 83' lang='lat' dir='ltr'><strong>diligenter</strong></span> <span class='ocrx_word' id='word_1_27' title='bbox 787 275 865 306; x_wconf 89' lang='lat' dir='ltr'><strong>inter</strong></span> <span class='ocrx_word' id='word_1_28' title='bbox 878 284 911 307; x_wconf 88' lang='lat' dir='ltr'><strong>se</strong></span> <span class='ocrx_word' id='word_1_29' title='bbox 920 285 1039 316; x_wconf 85' lang='lat' dir='ltr'><strong>compa-</strong></span> 
     </span>
    </p>
   </div>
   <div class='ocr_carea' id='block_1_5' title="bbox 217 318 1037 359">
    <p class='ocr_par' dir='ltr' id='par_1_5' title="bbox 217 318 1037 359">
     <span class='ocr_line' id='line_1_5' title="bbox 217 318 1037 359; baseline 0.005 -11"><span class='ocrx_word' id='word_1_30' title='bbox 217 318 602 350; x_wconf 84' lang='lat' dir='ltr'><strong>rare.Animadvertendum</strong></span> <span class='ocrx_word' id='word_1_31' title='bbox 615 319 864 359; x_wconf 82' lang='lat' dir='ltr'><strong>igitur,Basilium</strong></span> <span class='ocrx_word' id='word_1_32' title='bbox 877 320 965 352; x_wconf 88' lang='lat' dir='ltr'><strong>verba</strong></span> <span class='ocrx_word' id='word_1_33' title='bbox 973 321 1037 352; x_wconf 78' lang='lat' dir='ltr'><strong>haec</strong></span> 
     </span>
    </p>
   </div>
   <div class='ocr_carea' id='block_1_6' title="bbox 216 362 1036 406">
    <p class='ocr_par' dir='ltr' id='par_1_6' title="bbox 216 362 1036 406">
     <span class='ocr_line' id='line_1_6' title="bbox 216 362 1036 406; baseline 0.005 -13"><span class='ocrx_word' id='word_1_34' title='bbox 216 362 396 404; x_wconf 87' lang='lat' dir='ltr'><strong>Salomonis,</strong></span> <span class='ocrx_word' id='word_1_35' title='bbox 412 363 562 395; x_wconf 64' lang='lat' dir='ltr'><strong>Dominus</strong></span> <span class='ocrx_word' id='word_1_36' title='bbox 571 365 686 396; x_wconf 79' lang='lat' dir='ltr'><strong>creavit</strong></span> <span class='ocrx_word' id='word_1_37' title='bbox 695 373 753 403; x_wconf 84' lang='lat' dir='ltr'><strong>me,</strong></span> <span class='ocrx_word' id='word_1_38' title='bbox 765 364 824 396; x_wconf 89' lang='lat' dir='ltr'><strong>alio</strong></span> <span class='ocrx_word' id='word_1_39' title='bbox 836 365 956 406; x_wconf 80' lang='lat' dir='ltr'><strong>quidem</strong></span> <span class='ocrx_word' id='word_1_40' title='bbox 971 365 1036 397; x_wconf 92' lang='lat' dir='ltr'><strong>loco</strong></span> 
     </span>
    </p>
   </div>
   <div class='ocr_carea' id='block_1_7' title="bbox 216 407 1033 452">
    <p class='ocr_par' dir='ltr' id='par_1_7' title="bbox 216 407 1033 452">
     <span class='ocr_line' id='line_1_7' title="bbox 216 407 1033 452; baseline 0.005 -14"><span class='ocrx_word' id='word_1_41' title='bbox 216 407 550 448; x_wconf 82' lang='lat' dir='ltr'><strong>aptiusdiligentiusque</strong></span> <span class='ocrx_word' id='word_1_42' title='bbox 556 409 613 440; x_wconf 89' lang='lat' dir='ltr'><strong>sibi</strong></span> <span class='ocrx_word' id='word_1_43' title='bbox 621 409 818 441; x_wconf 81' lang='lat' dir='ltr'><strong>examinanda</strong></span> <span class='ocrx_word' id='word_1_44' title='bbox 823 413 1012 452; x_wconf 85' lang='lat' dir='ltr'><strong>proposuisse</strong></span> <span class='ocrx_word' id='word_1_45' title='bbox 1026 421 1033 443; x_wconf 91' lang='lat'>:</span> 
     </span>
    </p>
   </div>
   <div class='ocr_carea' id='block_1_8' title="bbox 216 453 1038 496">
    <p class='ocr_par' dir='ltr' id='par_1_8' title="bbox 216 453 1038 496">
     <span class='ocr_line' id='line_1_8' title="bbox 216 453 1038 496; baseline 0.005 -13"><span class='ocrx_word' id='word_1_46' title='bbox 216 453 270 484; x_wconf 91' lang='lat' dir='ltr'><strong>sed</strong></span> <span class='ocrx_word' id='word_1_47' title='bbox 286 457 385 484; x_wconf 87' lang='lat' dir='ltr'><strong>tamen</strong></span> <span class='ocrx_word' id='word_1_48' title='bbox 405 453 468 484; x_wconf 59' lang='lat' dir='ltr'><strong>haec</strong></span> <span class='ocrx_word' id='word_1_49' title='bbox 492 453 559 494; x_wconf 88' lang='lat' dir='ltr'><strong>ipsa</strong></span> <span class='ocrx_word' id='word_1_50' title='bbox 580 453 748 486; x_wconf 87' lang='lat' dir='ltr'><strong>Salomonis</strong></span> <span class='ocrx_word' id='word_1_51' title='bbox 759 455 850 487; x_wconf 87' lang='lat' dir='ltr'><strong>verba</strong></span> <span class='ocrx_word' id='word_1_52' title='bbox 873 460 932 487; x_wconf 87' lang='lat' dir='ltr'><strong>tam</strong></span> <span class='ocrx_word' id='word_1_53' title='bbox 949 465 1038 496; x_wconf 90' lang='lat' dir='ltr'><strong>parce</strong></span> 
     </span>
    </p>
   </div>
   <div class='ocr_carea' id='block_1_9' title="bbox 217 497 1038 540">
    <p class='ocr_par' dir='ltr' id='par_1_9' title="bbox 217 497 1038 540">
     <span class='ocr_line' id='line_1_9' title="bbox 217 497 1038 540; baseline 0.007 -13"><span class='ocrx_word' id='word_1_54' title='bbox 217 501 338 538; x_wconf 87' lang='lat' dir='ltr'><strong>tamque</strong></span> <span class='ocrx_word' id='word_1_55' title='bbox 350 497 542 537; x_wconf 77' lang='lat' dir='ltr'><strong>indiligenter</strong></span> <span class='ocrx_word' id='word_1_56' title='bbox 563 498 593 529; x_wconf 90' lang='lat' dir='ltr'><strong>in</strong></span> <span class='ocrx_word' id='word_1_57' title='bbox 609 503 714 540; x_wconf 84' lang='lat' dir='ltr'><strong>quarto</strong></span> <span class='ocrx_word' id='word_1_58' title='bbox 733 504 841 532; x_wconf 78' lang='lat' dir='ltr'><strong>contra</strong></span> <span class='ocrx_word' id='word_1_59' title='bbox 852 501 1038 532; x_wconf 85' lang='lat' dir='ltr'><strong>Eunomium</strong></span> 
     </span>
    </p>
   </div>
   <div class='ocr_carea' id='block_1_10' title="bbox 217 541 1038 583">
    <p class='ocr_par' dir='ltr' id='par_1_10' title="bbox 217 541 1038 583">
     <span class='ocr_line' id='line_1_10' title="bbox 217 541 1038 583; baseline 0.007 -11"><span class='ocrx_word' id='word_1_60' title='bbox 217 541 293 573; x_wconf 89' lang='lat' dir='ltr'><strong>libro</strong></span> <span class='ocrx_word' id='word_1_61' title='bbox 305 542 527 582; x_wconf 76' lang='lat' dir='ltr'><strong>expenduntur,</strong></span> <span class='ocrx_word' id='word_1_62' title='bbox 540 547 573 574; x_wconf 93' lang='lat' dir='ltr'><strong>ut</strong></span> <span class='ocrx_word' id='word_1_63' title='bbox 589 543 615 575; x_wconf 88' lang='lat' dir='ltr'><strong>si</strong></span> <span class='ocrx_word' id='word_1_64' title='bbox 631 543 701 583; x_wconf 87' lang='lat' dir='ltr'><strong>quis</strong></span> <span class='ocrx_word' id='word_1_65' title='bbox 712 545 852 576; x_wconf 85' lang='lat' dir='ltr'><strong>Basilium</strong></span> <span class='ocrx_word' id='word_1_66' title='bbox 867 546 973 577; x_wconf 86' lang='lat' dir='ltr'><strong>barum</strong></span> <span class='ocrx_word' id='word_1_67' title='bbox 990 547 1038 578; x_wconf 92' lang='lat' dir='ltr'><strong>in-</strong></span> 
     </span>
    </p>
   </div>
   <div class='ocr_carea' id='block_1_11' title="bbox 219 587 1038 631">
    <p class='ocr_par' dir='ltr' id='par_1_11' title="bbox 219 587 1038 631">
     <span class='ocr_line' id='line_1_11' title="bbox 219 587 1038 631; baseline 0.007 -14"><span class='ocrx_word' id='word_1_68' title='bbox 219 587 725 630; x_wconf 84' lang='lat' dir='ltr'><strong>terpretationemfaciatauctorem,</strong></span> <span class='ocrx_word' id='word_1_69' title='bbox 738 599 806 621; x_wconf 90' lang='lat' dir='ltr'><strong>eum</strong></span> <span class='ocrx_word' id='word_1_70' title='bbox 814 591 967 631; x_wconf 87' lang='lat' dir='ltr'><strong>promissis</strong></span> <span class='ocrx_word' id='word_1_71' title='bbox 978 601 1038 623; x_wconf 88' lang='lat' dir='ltr'><strong>non</strong></span> 
     </span>
    </p>
   </div>
   <div class='ocr_carea' id='block_1_12' title="bbox 217 631 1037 676">
    <p class='ocr_par' dir='ltr' id='par_1_12' title="bbox 217 631 1037 676">
     <span class='ocr_line' id='line_1_12' title="bbox 217 631 1037 676; baseline 0.006 -14"><span class='ocrx_word' id='word_1_72' title='bbox 217 631 335 663; x_wconf 91' lang='lat' dir='ltr'><strong>stetisse</strong></span> <span class='ocrx_word' id='word_1_73' title='bbox 349 631 478 664; x_wconf 75' lang='lat' dir='ltr'><strong>fateatur</strong></span> <span class='ocrx_word' id='word_1_74' title='bbox 492 642 616 665; x_wconf 88' lang='lat' dir='ltr'><strong>necesse</strong></span> <span class='ocrx_word' id='word_1_75' title='bbox 628 636 676 665; x_wconf 85' lang='lat' dir='ltr'><strong>sit.</strong></span> <span class='ocrx_word' id='word_1_76' title='bbox 688 634 724 666; x_wconf 91' lang='lat' dir='ltr'><strong>Et</strong></span> <span class='ocrx_word' id='word_1_77' title='bbox 735 644 804 666; x_wconf 85' lang='lat' dir='ltr'><strong>vero</strong></span> <span class='ocrx_word' id='word_1_78' title='bbox 815 635 840 666; x_wconf 88' lang='lat' dir='ltr'><strong>si</strong></span> <span class='ocrx_word' id='word_1_79' title='bbox 856 635 928 676; x_wconf 90' lang='lat' dir='ltr'><strong>quid</strong></span> <span class='ocrx_word' id='word_1_80' title='bbox 943 635 1037 668; x_wconf 87' lang='lat' dir='ltr'><strong>alicu-</strong></span> 
     </span>
    </p>
   </div>
   <div class='ocr_carea' id='block_1_13' title="bbox 214 677 1038 721">
    <p class='ocr_par' dir='ltr' id='par_1_13' title="bbox 214 677 1038 721">
     <span class='ocr_line' id='line_1_13' title="bbox 214 677 1038 721; baseline 0.007 -14"><span class='ocrx_word' id='word_1_81' title='bbox 214 677 266 716; x_wconf 91' lang='lat' dir='ltr'><strong>jus</strong></span> <span class='ocrx_word' id='word_1_82' title='bbox 281 677 423 708; x_wconf 82' lang='lat' dir='ltr'><strong>momenti</strong></span> <span class='ocrx_word' id='word_1_83' title='bbox 437 678 545 717; x_wconf 81' lang='lat' dir='ltr'><strong>legitur</strong></span> <span class='ocrx_word' id='word_1_84' title='bbox 559 678 590 709; x_wconf 91' lang='lat' dir='ltr'><strong>in</strong></span> <span class='ocrx_word' id='word_1_85' title='bbox 613 679 689 711; x_wconf 90' lang='lat' dir='ltr'><strong>libro</strong></span> <span class='ocrx_word' id='word_1_86' title='bbox 701 684 815 720; x_wconf 87' lang='lat' dir='ltr'><strong>quarto,</strong></span> <span class='ocrx_word' id='word_1_87' title='bbox 831 680 862 711; x_wconf 89' lang='lat' dir='ltr'><strong>id</strong></span> <span class='ocrx_word' id='word_1_88' title='bbox 875 681 938 721; x_wconf 83' lang='lat' dir='ltr'><strong>jam</strong></span> <span class='ocrx_word' id='word_1_89' title='bbox 951 691 968 713; x_wconf 86' lang='lat' dir='ltr'><strong>a</strong></span> <span class='ocrx_word' id='word_1_90' title='bbox 982 680 1038 713; x_wconf 88' lang='lat' dir='ltr'><strong>Ba-</strong></span> 
     </span>
    </p>
   </div>
   <div class='ocr_carea' id='block_1_14' title="bbox 216 721 1037 767">
    <p class='ocr_par' dir='ltr' id='par_1_14' title="bbox 216 721 1037 767">
     <span class='ocr_line' id='line_1_14' title="bbox 216 721 1037 767; baseline 0.007 -16"><span class='ocrx_word' id='word_1_91' title='bbox 216 721 540 767; x_wconf 66' lang='lat' dir='ltr'><strong>siliopraaoccupatum</strong></span> <span class='ocrx_word' id='word_1_92' title='bbox 560 723 656 756; x_wconf 82' lang='lat' dir='ltr'><strong>fuerat</strong></span> <span class='ocrx_word' id='word_1_93' title='bbox 667 725 698 755; x_wconf 91' lang='lat' dir='ltr'><strong>in</strong></span> <span class='ocrx_word' id='word_1_94' title='bbox 713 725 858 756; x_wconf 90' lang='lat' dir='ltr'><strong>secundo.</strong></span> <span class='ocrx_word' id='word_1_95' title='bbox 871 725 964 762; x_wconf 81' lang='lat' dir='ltr'><strong>Quale</strong></span> <span class='ocrx_word' id='word_1_96' title='bbox 980 730 1037 767; x_wconf 91' lang='lat' dir='ltr'><strong>est,</strong></span> 
     </span>
    </p>
   </div>
   <div class='ocr_carea' id='block_1_15' title="bbox 217 766 1038 809">
    <p class='ocr_par' dir='ltr' id='par_1_15' title="bbox 217 766 1038 809">
     <span class='ocr_line' id='line_1_15' title="bbox 217 766 1038 809; baseline 0.007 -13"><span class='ocrx_word' id='word_1_97' title='bbox 217 766 297 807; x_wconf 90' lang='lat' dir='ltr'><strong>quod</strong></span> <span class='ocrx_word' id='word_1_98' title='bbox 305 766 415 798; x_wconf 87' lang='lat' dir='ltr'><strong>dicitur</strong></span> <span class='ocrx_word' id='word_1_99' title='bbox 424 767 461 799; x_wconf 90' lang='lat' dir='ltr'><strong>de</strong></span> <span class='ocrx_word' id='word_1_100' title='bbox 472 768 617 809; x_wconf 88' lang='lat' dir='ltr'><strong>scriptore</strong></span> <span class='ocrx_word' id='word_1_101' title='bbox 627 768 867 802; x_wconf 87' lang='lat' dir='ltr'><strong>Proverbiorum:</strong></span> <span class='ocrx_word' id='word_1_102' title='bbox 883 779 939 802; x_wconf 90' lang='lat' dir='ltr'><strong>nec</strong></span> <span class='ocrx_word' id='word_1_103' title='bbox 951 766 1038 803; x_wconf 84' lang='lat' dir='ltr'><strong>valde</strong></span> 
     </span>
    </p>
   </div>
   <div class='ocr_carea' id='block_1_16' title="bbox 218 810 1038 856">
    <p class='ocr_par' dir='ltr' id='par_1_16' title="bbox 218 810 1038 856">
     <span class='ocr_line' id='line_1_16' title="bbox 218 810 1038 856; baseline 0.007 -15"><span class='ocrx_word' id='word_1_104' title='bbox 218 810 320 842; x_wconf 89' lang='lat' dir='ltr'><strong>dubito</strong></span> <span class='ocrx_word' id='word_1_105' title='bbox 329 812 400 851; x_wconf 90' lang='lat' dir='ltr'><strong>quin</strong></span> <span class='ocrx_word' id='word_1_106' title='bbox 409 812 582 852; x_wconf 85' lang='lat' dir='ltr'><strong>libriquarti</strong></span> <span class='ocrx_word' id='word_1_107' title='bbox 591 818 695 846; x_wconf 79' lang='lat' dir='ltr'><strong>auctor</strong></span> <span class='ocrx_word' id='word_1_108' title='bbox 705 824 788 846; x_wconf 87' lang='lat' dir='ltr'><strong>suam</strong></span> <span class='ocrx_word' id='word_1_109' title='bbox 800 815 1038 856; x_wconf 84' lang='lat' dir='ltr'><strong>explanationem</strong></span> 
     </span>
    </p>
   </div>
   <div class='ocr_carea' id='block_1_17' title="bbox 218 856 1035 901">
    <p class='ocr_par' dir='ltr' id='par_1_17' title="bbox 218 856 1035 901">
     <span class='ocr_line' id='line_1_17' title="bbox 218 856 1035 901; baseline 0.007 -15"><span class='ocrx_word' id='word_1_110' title='bbox 218 865 237 886; x_wconf 86' lang='lat' dir='ltr'><strong>a</strong></span> <span class='ocrx_word' id='word_1_111' title='bbox 250 856 358 888; x_wconf 82' lang='lat' dir='ltr'><strong>Basilio</strong></span> <span class='ocrx_word' id='word_1_112' title='bbox 377 861 526 889; x_wconf 89' lang='lat' dir='ltr'><strong>mutuatus</strong></span> <span class='ocrx_word' id='word_1_113' title='bbox 548 859 597 890; x_wconf 90' lang='lat' dir='ltr'><strong>sit.</strong></span> <span class='ocrx_word' id='word_1_114' title='bbox 610 859 749 900; x_wconf 80' lang='lat' dir='ltr'><strong>Reliqua,</strong></span> <span class='ocrx_word' id='word_1_115' title='bbox 767 869 832 900; x_wconf 74' lang='lat' dir='ltr'><strong>quae</strong></span> <span class='ocrx_word' id='word_1_116' title='bbox 847 869 940 901; x_wconf 90' lang='lat' dir='ltr'><strong>pauca</strong></span> <span class='ocrx_word' id='word_1_117' title='bbox 956 865 1035 898; x_wconf 90' lang='lat' dir='ltr'><strong>sunt,</strong></span> 
     </span>
    </p>
   </div>
   <div class='ocr_carea' id='block_1_18' title="bbox 222 902 1038 944">
    <p class='ocr_par' dir='ltr' id='par_1_18' title="bbox 222 902 1038 944">
     <span class='ocr_line' id='line_1_18' title="bbox 222 902 1038 944; baseline 0.007 -14"><span class='ocrx_word' id='word_1_118' title='bbox 222 909 290 931; x_wconf 90' lang='lat' dir='ltr'><strong>cum</strong></span> <span class='ocrx_word' id='word_1_119' title='bbox 300 904 399 932; x_wconf 87' lang='lat' dir='ltr'><strong>tamen</strong></span> <span class='ocrx_word' id='word_1_120' title='bbox 409 902 537 934; x_wconf 76' lang='lat' dir='ltr'><strong>Basilius</strong></span> <span class='ocrx_word' id='word_1_121' title='bbox 547 904 773 944; x_wconf 86' lang='lat' dir='ltr'><strong>responsionem</strong></span> <span class='ocrx_word' id='word_1_122' title='bbox 783 904 899 944; x_wconf 86' lang='lat' dir='ltr'><strong>longam</strong></span> <span class='ocrx_word' id='word_1_123' title='bbox 911 910 939 936; x_wconf 92' lang='lat' dir='ltr'><strong>et</strong></span> <span class='ocrx_word' id='word_1_124' title='bbox 953 914 1038 936; x_wconf 89' lang='lat' dir='ltr'><strong>accu-</strong></span> 
     </span>
    </p>
   </div>
   <div class='ocr_carea' id='block_1_19' title="bbox 1077 274 1882 315">
    <p class='ocr_par' dir='ltr' id='par_1_19' title="bbox 1077 274 1882 315">
     <span class='ocr_line' id='line_1_19' title="bbox 1077 274 1882 315; baseline 0.001 -10"><span class='ocrx_word' id='word_1_125' title='bbox 1077 283 1133 315; x_wconf 80' lang='lat' dir='ltr'><strong>per</strong></span> <span class='ocrx_word' id='word_1_126' title='bbox 1145 275 1252 313; x_wconf 80' lang='lat' dir='ltr'><strong>Deum,</strong></span> <span class='ocrx_word' id='word_1_127' title='bbox 1269 278 1384 306; x_wconf 82' lang='lat' dir='ltr'><strong>constat</strong></span> <span class='ocrx_word' id='word_1_128' title='bbox 1407 283 1475 306; x_wconf 91' lang='lat' dir='ltr'><strong>eum</strong></span> <span class='ocrx_word' id='word_1_129' title='bbox 1491 274 1546 305; x_wconf 86' lang='lat' dir='ltr'><strong>hac</strong></span> <span class='ocrx_word' id='word_1_130' title='bbox 1558 282 1629 305; x_wconf 88' lang='lat' dir='ltr'><strong>voce</strong></span> <span class='ocrx_word' id='word_1_131' title='bbox 1640 283 1726 305; x_wconf 89' lang='lat' dir='ltr'><strong>usum</strong></span> <span class='ocrx_word' id='word_1_132' title='bbox 1742 282 1817 314; x_wconf 85' lang='lat' dir='ltr'><strong>esse,</strong></span> <span class='ocrx_word' id='word_1_133' title='bbox 1830 284 1882 306; x_wconf 87' lang='lat' dir='ltr'><strong>non</strong></span> 
     </span>
    </p>
   </div>
   <div class='ocr_carea' id='block_1_20' title="bbox 1078 317 1883 359">
    <p class='ocr_par' dir='ltr' id='par_1_20' title="bbox 1078 317 1883 359">
     <span class='ocr_line' id='line_1_20' title="bbox 1078 317 1883 359; baseline 0 -9"><span class='ocrx_word' id='word_1_134' title='bbox 1078 319 1158 357; x_wconf 90' lang='lat' dir='ltr'><strong>quod</strong></span> <span class='ocrx_word' id='word_1_135' title='bbox 1181 322 1311 350; x_wconf 82' lang='lat' dir='ltr'><strong>creasset</strong></span> <span class='ocrx_word' id='word_1_136' title='bbox 1331 318 1414 354; x_wconf 85' lang='lat' dir='ltr'><strong>Cain,</strong></span> <span class='ocrx_word' id='word_1_137' title='bbox 1440 318 1494 349; x_wconf 91' lang='lat' dir='ltr'><strong>sed</strong></span> <span class='ocrx_word' id='word_1_138' title='bbox 1517 318 1596 359; x_wconf 90' lang='lat' dir='ltr'><strong>quod</strong></span> <span class='ocrx_word' id='word_1_139' title='bbox 1612 318 1773 358; x_wconf 81' lang='lat' dir='ltr'><strong>genuisset.</strong></span> <span class='ocrx_word' id='word_1_140' title='bbox 1791 328 1804 348; x_wconf 74' lang='grc' dir='ltr'><strong>ι</strong></span> <span class='ocrx_word' id='word_1_141' title='bbox 1819 317 1883 350; x_wconf 88' lang='lat' dir='ltr'><strong>Vide</strong></span> 
     </span>
    </p>
   </div>
   <div class='ocr_carea' id='block_1_21' title="bbox 1077 363 1884 404">
    <p class='ocr_par' dir='ltr' id='par_1_21' title="bbox 1077 363 1884 404">
     <span class='ocr_line' id='line_1_21' title="bbox 1077 363 1884 404; baseline 0 -10"><span class='ocrx_word' id='word_1_142' title='bbox 1077 363 1251 404; x_wconf 81' lang='lat' dir='ltr'><strong>igitur,ecce</strong></span> <span class='ocrx_word' id='word_1_143' title='bbox 1259 363 1312 394; x_wconf 92' lang='lat' dir='ltr'><strong>tibi</strong></span> <span class='ocrx_word' id='word_1_144' title='bbox 1322 363 1381 394; x_wconf 93' lang='lat' dir='ltr'><strong>duo</strong></span> <span class='ocrx_word' id='word_1_145' title='bbox 1392 363 1542 401; x_wconf 84' lang='lat' dir='ltr'><strong>homines,</strong></span> <span class='ocrx_word' id='word_1_146' title='bbox 1555 372 1681 404; x_wconf 90' lang='lat' dir='ltr'><strong>quorum</strong></span> <span class='ocrx_word' id='word_1_147' title='bbox 1695 363 1816 401; x_wconf 89' lang='lat' dir='ltr'><strong>alter,nt</strong></span> <span class='ocrx_word' id='word_1_148' title='bbox 1828 372 1884 404; x_wconf 88' lang='lat' dir='ltr'><strong>pro-</strong></span> 
     </span>
    </p>
   </div>
   <div class='ocr_carea' id='block_1_22' title="bbox 1078 407 1886 450">
    <p class='ocr_par' dir='ltr' id='par_1_22' title="bbox 1078 407 1886 450">
     <span class='ocr_line' id='line_1_22' title="bbox 1078 407 1886 450; baseline 0.001 -11"><span class='ocrx_word' id='word_1_149' title='bbox 1078 408 1206 447; x_wconf 91' lang='lat' dir='ltr'><strong>positum</strong></span> <span class='ocrx_word' id='word_1_150' title='bbox 1234 412 1420 450; x_wconf 86' lang='lat' dir='ltr'><strong>assequatur,</strong></span> <span class='ocrx_word' id='word_1_151' title='bbox 1446 417 1526 448; x_wconf 88' lang='lat' dir='ltr'><strong>eum,</strong></span> <span class='ocrx_word' id='word_1_152' title='bbox 1553 417 1643 449; x_wconf 90' lang='lat' dir='ltr'><strong>quem</strong></span> <span class='ocrx_word' id='word_1_153' title='bbox 1663 407 1734 448; x_wconf 92' lang='lat' dir='ltr'><strong>dixi,</strong></span> <span class='ocrx_word' id='word_1_154' title='bbox 1752 407 1886 440; x_wconf 88' lang='lat' dir='ltr'><strong>Geneseos</strong></span> 
     </span>
    </p>
   </div>
   <div class='ocr_carea' id='block_1_23' title="bbox 1078 452 1886 494">
    <p class='ocr_par' dir='ltr' id='par_1_23' title="bbox 1078 452 1886 494">
     <span class='ocr_line' id='line_1_23' title="bbox 1078 452 1886 494; baseline -0.001 -10"><span class='ocrx_word' id='word_1_155' title='bbox 1078 455 1176 484; x_wconf 86' lang='lat' dir='ltr'><strong>locum</strong></span> <span class='ocrx_word' id='word_1_156' title='bbox 1189 453 1328 494; x_wconf 79' lang='lat' dir='ltr'><strong>depravat</strong></span> <span class='ocrx_word' id='word_1_157' title='bbox 1342 453 1436 492; x_wconf 90' lang='lat' dir='ltr'><strong>;alter</strong></span> <span class='ocrx_word' id='word_1_158' title='bbox 1443 462 1511 484; x_wconf 91' lang='lat' dir='ltr'><strong>vero</strong></span> <span class='ocrx_word' id='word_1_159' title='bbox 1524 453 1604 484; x_wconf 91' lang='lat' dir='ltr'><strong>hunc</strong></span> <span class='ocrx_word' id='word_1_160' title='bbox 1614 452 1711 493; x_wconf 89' lang='lat' dir='ltr'><strong>ipsum</strong></span> <span class='ocrx_word' id='word_1_161' title='bbox 1724 452 1816 483; x_wconf 91' lang='lat' dir='ltr'><strong>locum</strong></span> <span class='ocrx_word' id='word_1_162' title='bbox 1830 456 1886 493; x_wconf 85' lang='lat' dir='ltr'><strong>apte</strong></span> 
     </span>
    </p>
   </div>
   <div class='ocr_carea' id='block_1_24' title="bbox 1079 495 1886 537">
    <p class='ocr_par' dir='ltr' id='par_1_24' title="bbox 1079 495 1886 537">
     <span class='ocr_line' id='line_1_24' title="bbox 1079 495 1886 537; baseline -0.001 -8"><span class='ocrx_word' id='word_1_163' title='bbox 1079 502 1108 529; x_wconf 90' lang='lat' dir='ltr'><strong>et</strong></span> <span class='ocrx_word' id='word_1_164' title='bbox 1119 497 1206 529; x_wconf 88' lang='lat' dir='ltr'><strong>docte</strong></span> <span class='ocrx_word' id='word_1_165' title='bbox 1220 498 1301 529; x_wconf 90' lang='lat' dir='ltr'><strong>citat.</strong></span> <span class='ocrx_word' id='word_1_166' title='bbox 1317 497 1372 529; x_wconf 89' lang='lat' dir='ltr'><strong>Hic</strong></span> <span class='ocrx_word' id='word_1_167' title='bbox 1387 497 1506 528; x_wconf 85' lang='lat' dir='ltr'><strong>tandem</strong></span> <span class='ocrx_word' id='word_1_168' title='bbox 1518 498 1589 528; x_wconf 87' lang='lat' dir='ltr'><strong>huic</strong></span> <span class='ocrx_word' id='word_1_169' title='bbox 1604 495 1794 537; x_wconf 85' lang='lat' dir='ltr'><strong>disputationi</strong></span> <span class='ocrx_word' id='word_1_170' title='bbox 1809 497 1886 528; x_wconf 82' lang='lat' dir='ltr'><strong>ﬁnem</strong></span> 
     </span>
    </p>
   </div>
   <div class='ocr_carea' id='block_1_25' title="bbox 1080 540 1887 583">
    <p class='ocr_par' dir='ltr' id='par_1_25' title="bbox 1080 540 1887 583">
     <span class='ocr_line' id='line_1_25' title="bbox 1080 540 1887 583; baseline -0.001 -10"><span class='ocrx_word' id='word_1_171' title='bbox 1080 542 1246 582; x_wconf 82' lang='lat' dir='ltr'><strong>imponam,</strong></span> <span class='ocrx_word' id='word_1_172' title='bbox 1260 542 1286 573; x_wconf 89' lang='lat' dir='ltr'><strong>si</strong></span> <span class='ocrx_word' id='word_1_173' title='bbox 1297 546 1396 573; x_wconf 85' lang='lat' dir='ltr'><strong>tamen</strong></span> <span class='ocrx_word' id='word_1_174' title='bbox 1412 542 1496 583; x_wconf 89' lang='lat' dir='ltr'><strong>prius</strong></span> <span class='ocrx_word' id='word_1_175' title='bbox 1509 551 1668 579; x_wconf 82' lang='lat' dir='ltr'><strong>monuere,</strong></span> <span class='ocrx_word' id='word_1_176' title='bbox 1686 551 1744 582; x_wconf 84' lang='lat' dir='ltr'><strong>me,</strong></span> <span class='ocrx_word' id='word_1_177' title='bbox 1762 540 1836 581; x_wconf 89' lang='lat' dir='ltr'><strong>quod</strong></span> <span class='ocrx_word' id='word_1_178' title='bbox 1847 550 1887 572; x_wconf 86' lang='lat' dir='ltr'><strong>res</strong></span> 
     </span>
    </p>
   </div>
   <div class='ocr_carea' id='block_1_26' title="bbox 1081 586 1885 628">
    <p class='ocr_par' dir='ltr' id='par_1_26' title="bbox 1081 586 1885 628">
     <span class='ocr_line' id='line_1_26' title="bbox 1081 586 1885 628; baseline -0.001 -10"><span class='ocrx_word' id='word_1_179' title='bbox 1081 591 1150 618; x_wconf 88' lang='lat' dir='ltr'><strong>nota</strong></span> <span class='ocrx_word' id='word_1_180' title='bbox 1165 587 1214 624; x_wconf 85' lang='lat' dir='ltr'><strong>sit,</strong></span> <span class='ocrx_word' id='word_1_181' title='bbox 1226 596 1286 618; x_wconf 90' lang='lat' dir='ltr'><strong>non</strong></span> <span class='ocrx_word' id='word_1_182' title='bbox 1310 586 1470 619; x_wconf 86' lang='lat' dir='ltr'><strong>allaturum</strong></span> <span class='ocrx_word' id='word_1_183' title='bbox 1486 586 1614 626; x_wconf 83' lang='lat' dir='ltr'><strong>insignia</strong></span> <span class='ocrx_word' id='word_1_184' title='bbox 1626 586 1738 628; x_wconf 91' lang='lat' dir='ltr'><strong>aliquot</strong></span> <span class='ocrx_word' id='word_1_185' title='bbox 1752 586 1885 626; x_wconf 82' lang='lat' dir='ltr'><strong>exempla,</strong></span> 
     </span>
    </p>
   </div>
   <div class='ocr_carea' id='block_1_27' title="bbox 1079 631 1886 672">
    <p class='ocr_par' dir='ltr' id='par_1_27' title="bbox 1079 631 1886 672">
     <span class='ocr_line' id='line_1_27' title="bbox 1079 631 1886 672; baseline -0.002 -9"><span class='ocrx_word' id='word_1_186' title='bbox 1079 631 1189 671; x_wconf 86' lang='lat' dir='ltr'><strong>quibus</strong></span> <span class='ocrx_word' id='word_1_187' title='bbox 1197 631 1316 663; x_wconf 89' lang='lat' dir='ltr'><strong>ostendi</strong></span> <span class='ocrx_word' id='word_1_188' title='bbox 1334 631 1426 672; x_wconf 86' lang='lat' dir='ltr'><strong>possit</strong></span> <span class='ocrx_word' id='word_1_189' title='bbox 1444 640 1536 672; x_wconf 86' lang='lat' dir='ltr'><strong>opera</strong></span> <span class='ocrx_word' id='word_1_190' title='bbox 1545 631 1645 672; x_wconf 78' lang='lat' dir='ltr'><strong>aliqua</strong></span> <span class='ocrx_word' id='word_1_191' title='bbox 1656 631 1722 662; x_wconf 88' lang='lat' dir='ltr'><strong>aliis</strong></span> <span class='ocrx_word' id='word_1_192' title='bbox 1737 631 1824 662; x_wconf 83' lang='lat' dir='ltr'><strong>etiam</strong></span> <span class='ocrx_word' id='word_1_193' title='bbox 1837 632 1886 662; x_wconf 80' lang='lat' dir='ltr'><strong>Pa-</strong></span> 
     </span>
    </p>
   </div>
   <div class='ocr_carea' id='block_1_28' title="bbox 1080 676 1886 715">
    <p class='ocr_par' dir='ltr' id='par_1_28' title="bbox 1080 676 1886 715">
     <span class='ocr_line' id='line_1_28' title="bbox 1080 676 1886 715; baseline -0.001 -8"><span class='ocrx_word' id='word_1_194' title='bbox 1080 676 1174 707; x_wconf 88' lang='lat' dir='ltr'><strong>tribus</strong></span> <span class='ocrx_word' id='word_1_195' title='bbox 1184 676 1254 707; x_wconf 88' lang='lat' dir='ltr'><strong>olim</strong></span> <span class='ocrx_word' id='word_1_196' title='bbox 1271 676 1347 708; x_wconf 84' lang='lat' dir='ltr'><strong>falso</strong></span> <span class='ocrx_word' id='word_1_197' title='bbox 1361 676 1471 708; x_wconf 87' lang='lat' dir='ltr'><strong>tributa</strong></span> <span class='ocrx_word' id='word_1_198' title='bbox 1482 676 1584 708; x_wconf 86' lang='lat' dir='ltr'><strong>fuisse:</strong></span> <span class='ocrx_word' id='word_1_199' title='bbox 1602 685 1702 715; x_wconf 91' lang='lat' dir='ltr'><strong>neque</strong></span> <span class='ocrx_word' id='word_1_200' title='bbox 1717 676 1794 707; x_wconf 87' lang='lat' dir='ltr'><strong>hanc</strong></span> <span class='ocrx_word' id='word_1_201' title='bbox 1803 684 1886 706; x_wconf 84' lang='lat' dir='ltr'><strong>meam</strong></span> 
     </span>
    </p>
   </div>
   <div class='ocr_carea' id='block_1_29' title="bbox 1079 719 1886 762">
    <p class='ocr_par' dir='ltr' id='par_1_29' title="bbox 1079 719 1886 762">
     <span class='ocr_line' id='line_1_29' title="bbox 1079 719 1886 762; baseline -0.002 -10"><span class='ocrx_word' id='word_1_202' title='bbox 1079 721 1250 762; x_wconf 88' lang='lat' dir='ltr'><strong>opinionem</strong></span> <span class='ocrx_word' id='word_1_203' title='bbox 1261 721 1438 752; x_wconf 85' lang='lat' dir='ltr'><strong>obstinatius</strong></span> <span class='ocrx_word' id='word_1_204' title='bbox 1447 720 1681 759; x_wconf 87' lang='lat' dir='ltr'><strong>defensurum,si</strong></span> <span class='ocrx_word' id='word_1_205' title='bbox 1697 729 1762 752; x_wconf 90' lang='lat' dir='ltr'><strong>eam</strong></span> <span class='ocrx_word' id='word_1_206' title='bbox 1777 719 1886 752; x_wconf 82' lang='lat' dir='ltr'><strong>eruditis</strong></span> 
     </span>
    </p>
   </div>
   <div class='ocr_carea' id='block_1_30' title="bbox 1078 765 1650 806">
    <p class='ocr_par' dir='ltr' id='par_1_30' title="bbox 1078 765 1650 806">
     <span class='ocr_line' id='line_1_30' title="bbox 1078 765 1650 806; baseline -0.002 -9"><span class='ocrx_word' id='word_1_207' title='bbox 1078 765 1250 797; x_wconf 89' lang='lat' dir='ltr'><strong>hominibus</strong></span> <span class='ocrx_word' id='word_1_208' title='bbox 1265 775 1324 797; x_wconf 91' lang='lat' dir='ltr'><strong>non</strong></span> <span class='ocrx_word' id='word_1_209' title='bbox 1340 765 1460 806; x_wconf 85' lang='lat' dir='ltr'><strong>probari</strong></span> <span class='ocrx_word' id='word_1_210' title='bbox 1474 765 1650 806; x_wconf 85' lang='lat' dir='ltr'><strong>intelligam.</strong></span> 
     </span>
    </p>
   </div>
   <div class='ocr_carea' id='block_1_31' title="bbox 1080 833 1885 875">
    <p class='ocr_par' dir='ltr' id='par_1_31' title="bbox 1080 833 1885 875">
     <span class='ocr_line' id='line_1_31' title="bbox 1080 833 1885 875; baseline -0.002 -10"><span class='ocrx_word' id='word_1_211' title='bbox 1080 833 1210 874; x_wconf 69' lang='lat' dir='ltr'><strong>§Xll.De</strong></span> <span class='ocrx_word' id='word_1_212' title='bbox 1217 834 1482 867; x_wconf 74' lang='lat' dir='ltr'><strong>lucubratiuncula</strong></span> <span class='ocrx_word' id='word_1_213' title='bbox 1488 834 1621 875; x_wconf 79' lang='lat' dir='ltr'><strong>quadam</strong></span> <span class='ocrx_word' id='word_1_214' title='bbox 1627 834 1664 866; x_wconf 89' lang='lat' dir='ltr'><strong>de</strong></span> <span class='ocrx_word' id='word_1_215' title='bbox 1670 833 1781 874; x_wconf 89' lang='lat' dir='ltr'><strong>Spiritu</strong></span> <span class='ocrx_word' id='word_1_216' title='bbox 1788 837 1885 864; x_wconf 89' lang='lat' dir='ltr'><strong>sancto.</strong></span> 
     </span>
    </p>
   </div>
   <div class='ocr_carea' id='block_1_32' title="bbox 1120 902 1886 945">
    <p class='ocr_par' dir='ltr' id='par_1_32' title="bbox 1120 902 1886 945">
     <span class='ocr_line' id='line_1_32' title="bbox 1120 902 1886 945; baseline -0.004 -9"><span class='ocrx_word' id='word_1_217' title='bbox 1120 904 1316 945; x_wconf 87' lang='lat' dir='ltr'><strong>76.Sequitur</strong></span> <span class='ocrx_word' id='word_1_218' title='bbox 1326 908 1391 945; x_wconf 93' lang='lat' dir='ltr'><strong>post</strong></span> <span class='ocrx_word' id='word_1_219' title='bbox 1402 904 1537 944; x_wconf 90' lang='lat' dir='ltr'><strong>quintum</strong></span> <span class='ocrx_word' id='word_1_220' title='bbox 1547 904 1580 934; x_wconf 74' lang='lat' dir='ltr'><strong>in</strong></span> <span class='ocrx_word' id='word_1_221' title='bbox 1595 903 1782 935; x_wconf 66' lang='lat' dir='ltr'><strong>Eunomia»;</strong></span> <span class='ocrx_word' id='word_1_222' title='bbox 1792 902 1886 933; x_wconf 88' lang='lat' dir='ltr'><strong>librum</strong></span> 
     </span>
    </p>
   </div>
   <div class='ocr_carea' id='block_1_33' title="bbox 222 946 1889 990">
    <p class='ocr_par' dir='ltr' id='par_1_33' title="bbox 222 946 1889 990">
     <span class='ocr_line' id='line_1_33' title="bbox 222 946 1889 990; baseline 0.002 -15"><span class='ocrx_word' id='word_1_223' title='bbox 222 948 314 976; x_wconf 85' lang='lat' dir='ltr'><strong>ratam</strong></span> <span class='ocrx_word' id='word_1_224' title='bbox 331 946 507 986; x_wconf 90' lang='lat' dir='ltr'><strong>promisisse</strong></span> <span class='ocrx_word' id='word_1_225' title='bbox 520 947 666 987; x_wconf 89' lang='lat' dir='ltr'><strong>videatur,</strong></span> <span class='ocrx_word' id='word_1_226' title='bbox 688 953 738 980; x_wconf 88' lang='lat' dir='ltr'><strong>aut</strong></span> <span class='ocrx_word' id='word_1_227' title='bbox 761 959 821 980; x_wconf 86' lang='lat' dir='ltr'><strong>non</strong></span> <span class='ocrx_word' id='word_1_228' title='bbox 837 950 988 990; x_wconf 86' lang='lat' dir='ltr'><strong>pertinent</strong></span> <span class='ocrx_word' id='word_1_229' title='bbox 1002 949 1039 981; x_wconf 89' lang='lat' dir='ltr'><strong>ad</strong></span> <span class='ocrx_word' id='word_1_230' title='bbox 1081 948 1339 983; x_wconf 85' lang='lat' dir='ltr'><strong>lucubratiuncula</strong></span> <span class='ocrx_word' id='word_1_231' title='bbox 1349 948 1484 989; x_wconf 65' lang='lat' dir='ltr'><strong>quaedam</strong></span> <span class='ocrx_word' id='word_1_232' title='bbox 1496 948 1532 979; x_wconf 84' lang='lat' dir='ltr'><strong>de</strong></span> <span class='ocrx_word' id='word_1_233' title='bbox 1544 949 1659 988; x_wconf 75' lang='lat' dir='ltr'><strong>spiritu</strong></span> <span class='ocrx_word' id='word_1_234' title='bbox 1670 950 1787 979; x_wconf 81' lang='lat' dir='ltr'><strong>sancto:</strong></span> <span class='ocrx_word' id='word_1_235' title='bbox 1800 947 1834 978; x_wconf 92' lang='lat' dir='ltr'><strong>de</strong></span> <span class='ocrx_word' id='word_1_236' title='bbox 1841 955 1889 987; x_wconf 84' lang='lat' dir='ltr'><strong>qua</strong></span> 
     </span>
    </p>
   </div>
   <div class='ocr_carea' id='block_1_34' title="bbox 220 991 1889 1034">
    <p class='ocr_par' dir='ltr' id='par_1_34' title="bbox 220 991 1889 1034">
     <span class='ocr_line' id='line_1_34' title="bbox 220 991 1889 1034; baseline 0.002 -15"><span class='ocrx_word' id='word_1_237' title='bbox 220 998 298 1027; x_wconf 90' lang='lat' dir='ltr'><strong>rem,</strong></span> <span class='ocrx_word' id='word_1_238' title='bbox 315 994 365 1021; x_wconf 87' lang='lat' dir='ltr'><strong>aut</strong></span> <span class='ocrx_word' id='word_1_239' title='bbox 390 1000 547 1032; x_wconf 86' lang='lat' dir='ltr'><strong>perperam</strong></span> <span class='ocrx_word' id='word_1_240' title='bbox 572 997 601 1024; x_wconf 88' lang='lat' dir='ltr'><strong>et</strong></span> <span class='ocrx_word' id='word_1_241' title='bbox 626 998 728 1024; x_wconf 86' lang='lat' dir='ltr'><strong>contra</strong></span> <span class='ocrx_word' id='word_1_242' title='bbox 747 993 892 1025; x_wconf 90' lang='lat' dir='ltr'><strong>librorum</strong></span> <span class='ocrx_word' id='word_1_243' title='bbox 907 995 1041 1026; x_wconf 89' lang='lat' dir='ltr'><strong>omnium</strong></span> <span class='ocrx_word' id='word_1_244' title='bbox 1081 1003 1161 1025; x_wconf 90' lang='lat' dir='ltr'><strong>nunc</strong></span> <span class='ocrx_word' id='word_1_245' title='bbox 1177 1003 1260 1025; x_wconf 89' lang='lat' dir='ltr'><strong>more</strong></span> <span class='ocrx_word' id='word_1_246' title='bbox 1274 997 1375 1025; x_wconf 85' lang='lat' dir='ltr'><strong>nostro</strong></span> <span class='ocrx_word' id='word_1_247' title='bbox 1391 993 1546 1034; x_wconf 88' lang='lat' dir='ltr'><strong>disputare</strong></span> <span class='ocrx_word' id='word_1_248' title='bbox 1561 992 1755 1024; x_wconf 86' lang='lat' dir='ltr'><strong>instituimus.</strong></span> <span class='ocrx_word' id='word_1_249' title='bbox 1773 991 1889 1023; x_wconf 85' lang='lat' dir='ltr'><strong>Libellus</strong></span> 
     </span>
    </p>
   </div>
   <div class='ocr_carea' id='block_1_35' title="bbox 220 1033 1889 1080">
    <p class='ocr_par' dir='ltr' id='par_1_35' title="bbox 220 1033 1889 1080">
     <span class='ocr_line' id='line_1_35' title="bbox 220 1033 1889 1080; baseline 0.001 -15"><span class='ocrx_word' id='word_1_250' title='bbox 220 1033 309 1080; x_wconf 84' lang='lat' dir='ltr'><strong>ﬁdem</strong></span> <span class='ocrx_word' id='word_1_251' title='bbox 322 1035 573 1075; x_wconf 84' lang='lat' dir='ltr'><strong>proferuntur.Ad</strong></span> <span class='ocrx_word' id='word_1_252' title='bbox 586 1038 714 1079; x_wconf 87' lang='lat' dir='ltr'><strong>primum</strong></span> <span class='ocrx_word' id='word_1_253' title='bbox 729 1048 823 1079; x_wconf 82' lang='lat' dir='ltr'><strong>genus</strong></span> <span class='ocrx_word' id='word_1_254' title='bbox 839 1043 953 1080; x_wconf 86' lang='lat' dir='ltr'><strong>spectat</strong></span> <span class='ocrx_word' id='word_1_255' title='bbox 968 1040 1041 1071; x_wconf 85' lang='lat' dir='ltr'><strong>illud</strong></span> <span class='ocrx_word' id='word_1_256' title='bbox 1082 1039 1133 1070; x_wconf 90' lang='lat' dir='ltr'><strong>ille</strong></span> <span class='ocrx_word' id='word_1_257' title='bbox 1148 1049 1207 1070; x_wconf 90' lang='lat' dir='ltr'><strong>non</strong></span> <span class='ocrx_word' id='word_1_258' title='bbox 1224 1042 1320 1079; x_wconf 84' lang='lat' dir='ltr'><strong>magni</strong></span> <span class='ocrx_word' id='word_1_259' title='bbox 1349 1042 1396 1070; x_wconf 88' lang='lat' dir='ltr'><strong>est</strong></span> <span class='ocrx_word' id='word_1_260' title='bbox 1419 1033 1562 1070; x_wconf 85' lang='lat' dir='ltr'><strong>momenti</strong></span> <span class='ocrx_word' id='word_1_261' title='bbox 1576 1048 1584 1079; x_wconf 87' lang='lat'><strong>;</strong></span> <span class='ocrx_word' id='word_1_262' title='bbox 1602 1047 1657 1069; x_wconf 91' lang='lat' dir='ltr'><strong>nec</strong></span> <span class='ocrx_word' id='word_1_263' title='bbox 1673 1037 1798 1068; x_wconf 92' lang='lat' dir='ltr'><strong>multum</strong></span> <span class='ocrx_word' id='word_1_264' title='bbox 1812 1035 1889 1067; x_wconf 82' lang='lat' dir='ltr'><strong>refert</strong></span> 
     </span>
    </p>
   </div>
   <div class='ocr_carea' id='block_1_36' title="bbox 222 1079 1044 1125">
    <p class='ocr_par' dir='ltr' id='par_1_36' title="bbox 222 1079 1040 1125">
     <span class='ocr_line' id='line_1_36' title="bbox 222 1079 1040 1125; baseline 0.005 -14"><span class='ocrx_word' id='word_1_265' title='bbox 222 1079 366 1112; x_wconf 88' lang='lat' dir='ltr'><strong>Davidis:</strong></span> <span class='ocrx_word' id='word_1_266' title='bbox 399 1082 511 1122; x_wconf 75' lang='grc' dir='ltr'>Καρδίαν</span> <span class='ocrx_word' id='word_1_267' title='bbox 539 1084 653 1123; x_wconf 69' lang='grc' dir='ltr'>καθαρὰν</span> <span class='ocrx_word' id='word_1_268' title='bbox 680 1085 769 1113; x_wconf 78' lang='grc' dir='ltr'><strong>κτίσον</strong></span> <span class='ocrx_word' id='word_1_269' title='bbox 798 1085 825 1113; x_wconf 77' lang='grc' dir='ltr'><strong>ἐν</strong></span> <span class='ocrx_word' id='word_1_270' title='bbox 841 1079 911 1125; x_wconf 48' lang='grc' dir='ltr'>ἐμοὶ,</span> <span class='ocrx_word' id='word_1_271' title='bbox 928 1087 941 1114; x_wconf 80' lang='grc' dir='ltr'>ὁ</span> <span class='ocrx_word' id='word_1_272' title='bbox 964 1086 1040 1118; x_wconf 79' lang='grc' dir='ltr'>Θεός.</span> 
     </span>
    </p>
   </div>
   <div class='ocr_carea' id='block_1_37' title="bbox 1088 1079 1887 1125">
    <p class='ocr_par' dir='ltr' id='par_1_37' title="bbox 1088 1081 1887 1122">
     <span class='ocr_line' id='line_1_37' title="bbox 1088 1081 1887 1122; baseline -0.006 -7"><span class='ocrx_word' id='word_1_273' title='bbox 1088 1084 1133 1116; x_wconf 86' lang='lat' dir='ltr'><strong>cui</strong></span> <span class='ocrx_word' id='word_1_274' title='bbox 1144 1084 1300 1122; x_wconf 87' lang='lat' dir='ltr'><strong>tribuatur,</strong></span> <span class='ocrx_word' id='word_1_275' title='bbox 1317 1083 1440 1121; x_wconf 88' lang='lat' dir='ltr'><strong>Basilio,</strong></span> <span class='ocrx_word' id='word_1_276' title='bbox 1455 1091 1493 1114; x_wconf 76' lang='lat' dir='ltr'><strong>an</strong></span> <span class='ocrx_word' id='word_1_277' title='bbox 1508 1083 1600 1114; x_wconf 89' lang='lat' dir='ltr'><strong>cuivis</strong></span> <span class='ocrx_word' id='word_1_278' title='bbox 1626 1082 1713 1114; x_wconf 84' lang='lat' dir='ltr'><strong>alteri</strong></span> <span class='ocrx_word' id='word_1_279' title='bbox 1740 1081 1867 1121; x_wconf 87' lang='lat' dir='ltr'><strong>scriptori</strong></span> <span class='ocrx_word' id='word_1_280' title='bbox 1881 1089 1887 1111; x_wconf 91' lang='lat'><em>:</em></span> 
     </span>
    </p>
   </div>
   <div class='ocr_carea' id='block_1_38' title="bbox 224 1125 1888 1170">
    <p class='ocr_par' dir='ltr' id='par_1_38' title="bbox 224 1125 1888 1170">
     <span class='ocr_line' id='line_1_38' title="bbox 224 1125 1888 1170; baseline 0.001 -15"><span class='ocrx_word' id='word_1_281' title='bbox 224 1125 284 1155; x_wconf 82' lang='lat' dir='ltr'><strong>Cor</strong></span> <span class='ocrx_word' id='word_1_282' title='bbox 304 1126 452 1158; x_wconf 83' lang='lat' dir='ltr'><strong>mundum</strong></span> <span class='ocrx_word' id='word_1_283' title='bbox 465 1135 533 1159; x_wconf 78' lang='lat' dir='ltr'><strong>orca</strong></span> <span class='ocrx_word' id='word_1_284' title='bbox 550 1129 582 1159; x_wconf 82' lang='lat' dir='ltr'><strong>in</strong></span> <span class='ocrx_word' id='word_1_285' title='bbox 605 1137 661 1167; x_wconf 81' lang='lat' dir='ltr'><strong>me,</strong></span> <span class='ocrx_word' id='word_1_286' title='bbox 691 1129 775 1161; x_wconf 87' lang='lat' dir='ltr'><strong>Deus</strong></span> <span class='ocrx_word' id='word_1_287' title='bbox 788 1129 832 1161; x_wconf 77' lang='grc'><strong>69.</strong></span> <span class='ocrx_word' id='word_1_288' title='bbox 856 1130 929 1161; x_wconf 89' lang='lat' dir='ltr'><strong>Item</strong></span> <span class='ocrx_word' id='word_1_289' title='bbox 944 1130 1016 1161; x_wconf 91' lang='lat' dir='ltr'><strong>illud</strong></span> <span class='ocrx_word' id='word_1_290' title='bbox 1034 1140 1041 1162; x_wconf 91' lang='lat'><strong>:</strong></span> <span class='ocrx_word' id='word_1_291' title='bbox 1084 1129 1223 1170; x_wconf 88' lang='lat' dir='ltr'><strong>quoniam</strong></span> <span class='ocrx_word' id='word_1_292' title='bbox 1232 1132 1330 1160; x_wconf 88' lang='lat' dir='ltr'><strong>tamen</strong></span> <span class='ocrx_word' id='word_1_293' title='bbox 1339 1128 1478 1159; x_wconf 88' lang='lat' dir='ltr'><strong>mihinon</strong></span> <span class='ocrx_word' id='word_1_294' title='bbox 1487 1127 1557 1159; x_wconf 88' lang='lat' dir='ltr'><strong>licet</strong></span> <span class='ocrx_word' id='word_1_295' title='bbox 1569 1127 1731 1168; x_wconf 88' lang='lat' dir='ltr'><strong>quidquam</strong></span> <span class='ocrx_word' id='word_1_296' title='bbox 1742 1125 1888 1168; x_wconf 77' lang='lat' dir='ltr'><strong>praeterire,</strong></span> 
     </span>
    </p>
   </div>
   <div class='ocr_carea' id='block_1_39' title="bbox 223 1171 1044 1215">
    <p class='ocr_par' dir='ltr' id='par_1_39' title="bbox 223 1171 1043 1215">
     <span class='ocr_line' id='line_1_39' title="bbox 223 1171 1043 1215; baseline 0.012 -18"><span class='ocrx_word' id='word_1_297' title='bbox 223 1171 302 1215; x_wconf 68' lang='lat' dir='ltr'><strong>l::vo~3</strong></span> <span class='ocrx_word' id='word_1_298' title='bbox 326 1182 371 1208; x_wconf 83' lang='grc' dir='ltr'><strong>μοι</strong></span> <span class='ocrx_word' id='word_1_299' title='bbox 397 1173 435 1204; x_wconf 79' lang='grc' dir='ltr'><strong>εἷς</strong></span> <span class='ocrx_word' id='word_1_300' title='bbox 462 1174 525 1202; x_wconf 74' lang='grc' dir='ltr'><strong>Θεὸν</strong></span> <span class='ocrx_word' id='word_1_301' title='bbox 565 1175 774 1212; x_wconf 72' lang='grc' dir='ltr'><strong>ὒπεραισπιστήν.</strong></span> <span class='ocrx_word' id='word_1_302' title='bbox 812 1175 882 1207; x_wconf 78' lang='lat' dir='ltr'><strong>Esto</strong></span> <span class='ocrx_word' id='word_1_303' title='bbox 906 1175 982 1207; x_wconf 79' lang='lat' dir='ltr'><strong>mihi</strong></span> <span class='ocrx_word' id='word_1_304' title='bbox 1008 1177 1043 1207; x_wconf 71' lang='lat' dir='ltr'><strong>in</strong></span> 
     </span>
    </p>
   </div>
   <div class='ocr_carea' id='block_1_40' title="bbox 1088 1171 1888 1215">
    <p class='ocr_par' dir='ltr' id='par_1_40' title="bbox 1088 1171 1888 1215">
     <span class='ocr_line' id='line_1_40' title="bbox 1088 1171 1888 1215; baseline -0.006 -10"><span class='ocrx_word' id='word_1_305' title='bbox 1088 1174 1186 1215; x_wconf 84' lang='lat' dir='ltr'><strong>paucis</strong></span> <span class='ocrx_word' id='word_1_306' title='bbox 1194 1173 1290 1205; x_wconf 90' lang='lat' dir='ltr'><strong>dicam</strong></span> <span class='ocrx_word' id='word_1_307' title='bbox 1300 1173 1380 1214; x_wconf 91' lang='lat' dir='ltr'><strong>quod</strong></span> <span class='ocrx_word' id='word_1_308' title='bbox 1389 1172 1638 1205; x_wconf 81' lang='lat' dir='ltr'><strong>sentio.Arbitror</strong></span> <span class='ocrx_word' id='word_1_309' title='bbox 1646 1171 1737 1212; x_wconf 80' lang='lat' dir='ltr'><strong>igitur</strong></span> <span class='ocrx_word' id='word_1_310' title='bbox 1747 1172 1801 1202; x_wconf 88' lang='lat' dir='ltr'><strong>hoc</strong></span> <span class='ocrx_word' id='word_1_311' title='bbox 1812 1179 1888 1210; x_wconf 91' lang='lat' dir='ltr'><strong>opus-</strong></span> 
     </span>
    </p>
   </div>
   <div class='ocr_carea' id='block_1_41' title="bbox 225 1213 1890 1261">
    <p class='ocr_par' dir='ltr' id='par_1_41' title="bbox 225 1213 1890 1261">
     <span class='ocr_line' id='line_1_41' title="bbox 225 1213 1890 1261; baseline 0.001 -16"><span class='ocrx_word' id='word_1_312' title='bbox 225 1213 322 1246; x_wconf 88' lang='lat' dir='ltr'><strong>Deum</strong></span> <span class='ocrx_word' id='word_1_313' title='bbox 332 1219 532 1256; x_wconf 80' lang='lat' dir='ltr'><strong>protectorem</strong></span> <span class='ocrx_word' id='word_1_314' title='bbox 548 1219 589 1249; x_wconf 83' lang='lat'><strong>70.</strong></span> <span class='ocrx_word' id='word_1_315' title='bbox 606 1219 680 1250; x_wconf 90' lang='lat' dir='ltr'><strong>lllud</strong></span> <span class='ocrx_word' id='word_1_316' title='bbox 706 1229 824 1261; x_wconf 89' lang='lat' dir='ltr'><strong>qnoque</strong></span> <span class='ocrx_word' id='word_1_317' title='bbox 841 1230 849 1250; x_wconf 89' lang='lat'><strong>:</strong></span> <span class='ocrx_word' id='word_1_318' title='bbox 868 1219 977 1260; x_wconf 78' lang='grc' dir='ltr'><strong>Ἐγένω</strong></span> <span class='ocrx_word' id='word_1_319' title='bbox 999 1232 1044 1259; x_wconf 83' lang='grc' dir='ltr'><strong>μοι</strong></span> <span class='ocrx_word' id='word_1_320' title='bbox 1085 1213 1183 1250; x_wconf 76' lang='lat' dir='ltr'><strong>culum</strong></span> <span class='ocrx_word' id='word_1_321' title='bbox 1194 1218 1294 1250; x_wconf 86' lang='lat' dir='ltr'><strong>Basilii</strong></span> <span class='ocrx_word' id='word_1_322' title='bbox 1309 1213 1369 1249; x_wconf 76' lang='lat' dir='ltr'><strong>non</strong></span> <span class='ocrx_word' id='word_1_323' title='bbox 1384 1227 1451 1249; x_wconf 87' lang='lat' dir='ltr'><strong>esse</strong></span> <span class='ocrx_word' id='word_1_324' title='bbox 1468 1229 1475 1247; x_wconf 87' lang='lat'><strong>:</strong></span> <span class='ocrx_word' id='word_1_325' title='bbox 1493 1217 1546 1249; x_wconf 88' lang='lat' dir='ltr'><strong>sed</strong></span> <span class='ocrx_word' id='word_1_326' title='bbox 1558 1217 1643 1257; x_wconf 85' lang='lat' dir='ltr'><strong>cujus</strong></span> <span class='ocrx_word' id='word_1_327' title='bbox 1653 1217 1704 1255; x_wconf 90' lang='lat' dir='ltr'><strong>sit,</strong></span> <span class='ocrx_word' id='word_1_328' title='bbox 1715 1215 1890 1261; x_wconf 13' lang='lat' dir='ltr'><strong>certordicere</strong></span> 
     </span>
    </p>
   </div>
   <div class='ocr_carea' id='block_1_42' title="bbox 222 1259 1889 1303">
    <p class='ocr_par' dir='ltr' id='par_1_42' title="bbox 222 1259 1889 1303">
     <span class='ocr_line' id='line_1_42' title="bbox 222 1259 1889 1303; baseline -0.003 -8"><span class='ocrx_word' id='word_1_329' title='bbox 222 1261 259 1292; x_wconf 72' lang='grc' dir='ltr'><strong>εἷς</strong></span> <span class='ocrx_word' id='word_1_330' title='bbox 274 1262 418 1301; x_wconf 75' lang='grc' dir='ltr'><strong>σωτηρίαν.</strong></span> <span class='ocrx_word' id='word_1_331' title='bbox 436 1264 545 1295; x_wconf 80' lang='lat' dir='ltr'><strong>Factus</strong></span> <span class='ocrx_word' id='word_1_332' title='bbox 559 1272 589 1295; x_wconf 84' lang='lat' dir='ltr'><strong>es</strong></span> <span class='ocrx_word' id='word_1_333' title='bbox 611 1265 688 1296; x_wconf 77' lang='lat' dir='ltr'><strong>mihi</strong></span> <span class='ocrx_word' id='word_1_334' title='bbox 707 1259 741 1296; x_wconf 63' lang='lat' dir='ltr'><strong>in</strong></span> <span class='ocrx_word' id='word_1_335' title='bbox 767 1259 911 1297; x_wconf 74' lang='lat' dir='ltr'><strong>salutem</strong></span> <span class='ocrx_word' id='word_1_336' title='bbox 923 1266 962 1295; x_wconf 77' lang='grc' dir='ltr'><strong>Ἷί.</strong></span> <span class='ocrx_word' id='word_1_337' title='bbox 978 1265 1043 1297; x_wconf 92' lang='lat' dir='ltr'><strong>Uno</strong></span> <span class='ocrx_word' id='word_1_338' title='bbox 1086 1273 1145 1295; x_wconf 89' lang='lat' dir='ltr'><strong>non</strong></span> <span class='ocrx_word' id='word_1_339' title='bbox 1157 1263 1319 1303; x_wconf 76' lang='lat' dir='ltr'><strong>queo.lihi</strong></span> <span class='ocrx_word' id='word_1_340' title='bbox 1337 1267 1437 1294; x_wconf 88' lang='lat' dir='ltr'><strong>tamen</strong></span> <span class='ocrx_word' id='word_1_341' title='bbox 1449 1262 1609 1293; x_wconf 86' lang='lat' dir='ltr'><strong>verisimile</strong></span> <span class='ocrx_word' id='word_1_342' title='bbox 1619 1262 1652 1293; x_wconf 83' lang='lat' dir='ltr'><strong>lit</strong></span> <span class='ocrx_word' id='word_1_343' title='bbox 1669 1260 1857 1302; x_wconf 84' lang='lat' dir='ltr'><strong>compositum</strong></span> <span class='ocrx_word' id='word_1_344' title='bbox 1865 1259 1889 1289; x_wconf 85' lang='lat' dir='ltr'><strong>id</strong></span> 
     </span>
    </p>
   </div>
   <div class='ocr_carea' id='block_1_43' title="bbox 224 1305 1890 1352">
    <p class='ocr_par' dir='ltr' id='par_1_43' title="bbox 224 1305 1890 1352">
     <span class='ocr_line' id='line_1_43' title="bbox 224 1305 1890 1352; baseline 0.001 -17"><span class='ocrx_word' id='word_1_345' title='bbox 224 1305 1044 1352; x_wconf 71' lang='lat' dir='ltr'><strong>verbo,quisquislegeritbrevebocquasifragmentum,</strong></span> <span class='ocrx_word' id='word_1_346' title='bbox 1085 1308 1177 1339; x_wconf 89' lang='lat' dir='ltr'><strong>fuisse</strong></span> <span class='ocrx_word' id='word_1_347' title='bbox 1189 1307 1226 1339; x_wconf 92' lang='lat' dir='ltr'><strong>ab</strong></span> <span class='ocrx_word' id='word_1_348' title='bbox 1239 1308 1296 1339; x_wconf 89' lang='lat' dir='ltr'><strong>hoc</strong></span> <span class='ocrx_word' id='word_1_349' title='bbox 1315 1308 1379 1348; x_wconf 90' lang='lat' dir='ltr'><strong>ipso</strong></span> <span class='ocrx_word' id='word_1_350' title='bbox 1407 1307 1619 1352; x_wconf 84' lang='lat' dir='ltr'><strong>scriptore,qui</strong></span> <span class='ocrx_word' id='word_1_351' title='bbox 1634 1306 1759 1338; x_wconf 91' lang='lat' dir='ltr'><strong>ultimos</strong></span> <span class='ocrx_word' id='word_1_352' title='bbox 1773 1305 1890 1352; x_wconf 78' lang='lat' dir='ltr'><strong>duos</strong></span> 
     </span>
    </p>
   </div>
   <div class='ocr_carea' id='block_1_44' title="bbox 225 1349 1888 1395">
    <p class='ocr_par' dir='ltr' id='par_1_44' title="bbox 225 1349 1888 1395">
     <span class='ocr_line' id='line_1_44' title="bbox 225 1349 1888 1395; baseline -0.001 -14"><span class='ocrx_word' id='word_1_353' title='bbox 225 1350 256 1381; x_wconf 90' lang='lat' dir='ltr'><strong>in</strong></span> <span class='ocrx_word' id='word_1_354' title='bbox 271 1360 330 1391; x_wconf 86' lang='lat' dir='ltr'><strong>quo</strong></span> <span class='ocrx_word' id='word_1_355' title='bbox 345 1356 450 1384; x_wconf 89' lang='lat' dir='ltr'><strong>auctor</strong></span> <span class='ocrx_word' id='word_1_356' title='bbox 461 1353 563 1384; x_wconf 91' lang='lat' dir='ltr'><strong>locum</strong></span> <span class='ocrx_word' id='word_1_357' title='bbox 577 1349 806 1386; x_wconf 72' lang='lat' dir='ltr'><strong>Proverbiorum</strong></span> <span class='ocrx_word' id='word_1_358' title='bbox 822 1349 981 1395; x_wconf 86' lang='lat' dir='ltr'><strong>explanare</strong></span> <span class='ocrx_word' id='word_1_359' title='bbox 996 1349 1045 1386; x_wconf 55' lang='lat' dir='ltr'><strong>in;</strong></span> <span class='ocrx_word' id='word_1_360' title='bbox 1087 1352 1275 1385; x_wconf 79' lang='lat' dir='ltr'><strong>Eunomium</strong></span> <span class='ocrx_word' id='word_1_361' title='bbox 1283 1352 1376 1384; x_wconf 88' lang='lat' dir='ltr'><strong>libros</strong></span> <span class='ocrx_word' id='word_1_362' title='bbox 1387 1352 1535 1384; x_wconf 87' lang='lat' dir='ltr'><strong>edidit.Et</strong></span> <span class='ocrx_word' id='word_1_363' title='bbox 1543 1351 1662 1392; x_wconf 91' lang='lat' dir='ltr'><strong>quidem</strong></span> <span class='ocrx_word' id='word_1_364' title='bbox 1679 1360 1741 1382; x_wconf 89' lang='lat' dir='ltr'><strong>non</strong></span> <span class='ocrx_word' id='word_1_365' title='bbox 1752 1349 1888 1382; x_wconf 78' lang='lat' dir='ltr'><strong>tantadili-</strong></span> 
     </span>
    </p>
   </div>
   <div class='ocr_carea' id='block_1_45' title="bbox 225 1395 1890 1441">
    <p class='ocr_par' dir='ltr' id='par_1_45' title="bbox 225 1395 1890 1441">
     <span class='ocr_line' id='line_1_45' title="bbox 225 1395 1890 1441; baseline 0.001 -16"><span class='ocrx_word' id='word_1_366' title='bbox 225 1395 849 1441; x_wconf 76' lang='lat' dir='ltr'><strong>stituerat,nequaquam,puto,inliciabitur</strong></span> <span class='ocrx_word' id='word_1_367' title='bbox 858 1399 956 1440; x_wconf 88' lang='lat' dir='ltr'><strong>ipsum</strong></span> <span class='ocrx_word' id='word_1_368' title='bbox 968 1410 1047 1441; x_wconf 78' lang='lat' dir='ltr'><strong>saepe</strong></span> <span class='ocrx_word' id='word_1_369' title='bbox 1087 1399 1185 1438; x_wconf 79' lang='lat' dir='ltr'><strong>gentia</strong></span> <span class='ocrx_word' id='word_1_370' title='bbox 1205 1397 1335 1439; x_wconf 85' lang='lat' dir='ltr'><strong>scriptus</strong></span> <span class='ocrx_word' id='word_1_371' title='bbox 1349 1401 1395 1429; x_wconf 91' lang='lat' dir='ltr'><strong>est</strong></span> <span class='ocrx_word' id='word_1_372' title='bbox 1410 1397 1457 1428; x_wconf 86' lang='lat' dir='ltr'><strong>bic</strong></span> <span class='ocrx_word' id='word_1_373' title='bbox 1486 1396 1617 1433; x_wconf 89' lang='lat' dir='ltr'><strong>libellus,</strong></span> <span class='ocrx_word' id='word_1_374' title='bbox 1635 1400 1666 1427; x_wconf 87' lang='lat' dir='ltr'><strong>ut</strong></span> <span class='ocrx_word' id='word_1_375' title='bbox 1681 1395 1787 1427; x_wconf 87' lang='lat' dir='ltr'><strong>Basilio</strong></span> 
     </span>
    </p>
   </div>
   <div class='ocr_carea' id='block_1_46' title="bbox 224 1439 1890 1484">
    <p class='ocr_par' dir='ltr' id='par_1_46' title="bbox 224 1439 1890 1484">
     <span class='ocr_line' id='line_1_46' title="bbox 224 1439 1890 1484; baseline 0.001 -15"><span class='ocrx_word' id='word_1_376' title='bbox 224 1440 342 1480; x_wconf 84' lang='lat' dir='ltr'><strong>quidvis</strong></span> <span class='ocrx_word' id='word_1_377' title='bbox 356 1441 455 1481; x_wconf 90' lang='lat' dir='ltr'><strong>potius</strong></span> <span class='ocrx_word' id='word_1_378' title='bbox 465 1442 585 1482; x_wconf 85' lang='lat' dir='ltr'><strong>fecisse,</strong></span> <span class='ocrx_word' id='word_1_379' title='bbox 599 1452 687 1484; x_wconf 90' lang='lat' dir='ltr'><strong>quam</strong></span> <span class='ocrx_word' id='word_1_380' title='bbox 710 1444 790 1483; x_wconf 88' lang='lat' dir='ltr'><strong>quod</strong></span> <span class='ocrx_word' id='word_1_381' title='bbox 803 1439 974 1477; x_wconf 84' lang='lat' dir='ltr'><strong>faciendum</strong></span> <span class='ocrx_word' id='word_1_382' title='bbox 990 1439 1047 1477; x_wconf 81' lang='lat' dir='ltr'><strong>sibi</strong></span> <span class='ocrx_word' id='word_1_383' title='bbox 1088 1443 1181 1474; x_wconf 90' lang='lat' dir='ltr'><strong>tribui</strong></span> <span class='ocrx_word' id='word_1_384' title='bbox 1189 1444 1257 1484; x_wconf 83' lang='lat' dir='ltr'><strong>jure</strong></span> <span class='ocrx_word' id='word_1_385' title='bbox 1267 1443 1359 1483; x_wconf 91' lang='lat' dir='ltr'><strong>possit</strong></span> <span class='ocrx_word' id='word_1_386' title='bbox 1375 1453 1383 1474; x_wconf 90' lang='lat'><strong>:</strong></span> <span class='ocrx_word' id='word_1_387' title='bbox 1395 1442 1456 1473; x_wconf 92' lang='lat' dir='ltr'><strong>imo</strong></span> <span class='ocrx_word' id='word_1_388' title='bbox 1465 1442 1563 1482; x_wconf 81' lang='lat' dir='ltr'><strong>potius</strong></span> <span class='ocrx_word' id='word_1_389' title='bbox 1572 1442 1758 1482; x_wconf 89' lang='lat' dir='ltr'><strong>compositus</strong></span> <span class='ocrx_word' id='word_1_390' title='bbox 1772 1444 1813 1471; x_wconf 84' lang='lat' dir='ltr'><strong>est</strong></span> <span class='ocrx_word' id='word_1_391' title='bbox 1822 1439 1890 1470; x_wconf 88' lang='lat' dir='ltr'><strong>indi-</strong></span> 
     </span>
    </p>
   </div>
   <div class='ocr_carea' id='block_1_47' title="bbox 227 1485 1890 1531">
    <p class='ocr_par' dir='ltr' id='par_1_47' title="bbox 227 1485 1890 1531">
     <span class='ocr_line' id='line_1_47' title="bbox 227 1485 1890 1531; baseline 0 -16"><span class='ocrx_word' id='word_1_392' title='bbox 227 1491 432 1531; x_wconf 81' lang='lat' dir='ltr'><strong>proposuerat.</strong></span> <span class='ocrx_word' id='word_1_393' title='bbox 444 1486 489 1518; x_wconf 83' lang='lat' dir='ltr'><strong>Ad</strong></span> <span class='ocrx_word' id='word_1_394' title='bbox 501 1488 667 1520; x_wconf 87' lang='lat' dir='ltr'><strong>secundum</strong></span> <span class='ocrx_word' id='word_1_395' title='bbox 690 1498 783 1529; x_wconf 85' lang='lat' dir='ltr'><strong>genus</strong></span> <span class='ocrx_word' id='word_1_396' title='bbox 794 1489 900 1521; x_wconf 87' lang='lat' dir='ltr'><strong>referri</strong></span> <span class='ocrx_word' id='word_1_397' title='bbox 910 1499 997 1531; x_wconf 89' lang='lat' dir='ltr'><strong>posse</strong></span> <span class='ocrx_word' id='word_1_398' title='bbox 1006 1491 1048 1521; x_wconf 84' lang='lat' dir='ltr'><strong>vi-</strong></span> <span class='ocrx_word' id='word_1_399' title='bbox 1057 1524 1076 1531; x_wconf 50' lang='lat' dir='ltr'><strong>ﬂ</strong></span> <span class='ocrx_word' id='word_1_400' title='bbox 1088 1488 1209 1528; x_wconf 84' lang='lat' dir='ltr'><strong>ligentia</strong></span> <span class='ocrx_word' id='word_1_401' title='bbox 1216 1488 1363 1529; x_wconf 83' lang='lat' dir='ltr'><strong>ea,quaein</strong></span> <span class='ocrx_word' id='word_1_402' title='bbox 1370 1496 1438 1519; x_wconf 90' lang='lat' dir='ltr'><strong>eum</strong></span> <span class='ocrx_word' id='word_1_403' title='bbox 1446 1496 1534 1528; x_wconf 92' lang='lat' dir='ltr'><strong>quem</strong></span> <span class='ocrx_word' id='word_1_404' title='bbox 1543 1486 1604 1518; x_wconf 88' lang='lat' dir='ltr'><strong>dixi</strong></span> <span class='ocrx_word' id='word_1_405' title='bbox 1612 1486 1789 1531; x_wconf 86' lang='lat' dir='ltr'><strong>scriptorem</strong></span> <span class='ocrx_word' id='word_1_406' title='bbox 1796 1485 1890 1531; x_wconf 82' lang='lat' dir='ltr'><strong>optime</strong></span> 
     </span>
    </p>
   </div>
   <div class='ocr_carea' id='block_1_48' title="bbox 226 1524 1044 1578">
    <p class='ocr_par' dir='ltr' id='par_1_48' title="bbox 226 1524 1044 1578">
     <span class='ocr_line' id='line_1_48' title="bbox 226 1524 1044 1578; baseline 0.006 -18"><span class='ocrx_word' id='word_1_407' title='bbox 226 1529 315 1578; x_wconf 79' lang='lat' dir='ltr'><strong>detur</strong></span> <span class='ocrx_word' id='word_1_408' title='bbox 328 1530 429 1563; x_wconf 88' lang='lat' dir='ltr'><strong>illud:</strong></span> <span class='ocrx_word' id='word_1_409' title='bbox 459 1532 600 1567; x_wconf 74' lang='grc' dir='ltr'><strong>Ἐποξησεν</strong></span> <span class='ocrx_word' id='word_1_410' title='bbox 628 1524 705 1566; x_wconf 57' lang='lat' dir='ltr'><strong>uici);</strong></span> <span class='ocrx_word' id='word_1_411' title='bbox 726 1524 942 1574; x_wconf 56' lang='grc' dir='ltr'><strong>καὶθυγατέρές.</strong></span> <span class='ocrx_word' id='word_1_412' title='bbox 967 1536 1044 1566; x_wconf 74' lang='lat' dir='ltr'><strong>Fecit</strong></span> 
     </span>
    </p>
   </div>
   <div class='ocr_carea' id='block_1_49' title="bbox 1088 1524 1891 1578">
    <p class='ocr_par' dir='ltr' id='par_1_49' title="bbox 1088 1524 1891 1578">
     <span class='ocr_line' id='line_1_49' title="bbox 1088 1524 1891 1578; baseline -0.005 -14"><span class='ocrx_word' id='word_1_413' title='bbox 1088 1524 1348 1570; x_wconf 56' lang='lat' dir='ltr'><strong>cdnveniatﬂuod</strong></span> <span class='ocrx_word' id='word_1_414' title='bbox 1364 1524 1465 1564; x_wconf 76' lang='lat' dir='ltr'><strong>autem</strong></span> <span class='ocrx_word' id='word_1_415' title='bbox 1479 1531 1553 1573; x_wconf 80' lang='lat' dir='ltr'><strong>dixi,</strong></span> <span class='ocrx_word' id='word_1_416' title='bbox 1569 1531 1666 1578; x_wconf 72' lang='lat' dir='ltr'><strong>videri</strong></span> <span class='ocrx_word' id='word_1_417' title='bbox 1674 1524 1759 1578; x_wconf 68' lang='lat' dir='ltr'><strong>hanc</strong></span> <span class='ocrx_word' id='word_1_418' title='bbox 1767 1524 1891 1578; x_wconf 36' lang='lat' dir='ltr'><strong>lucubra-I</strong></span> 
     </span>
    </p>
   </div>
   <div class='ocr_carea' id='block_1_50' title="bbox 226 1575 1893 1620">
    <p class='ocr_par' dir='ltr' id='par_1_50' title="bbox 226 1575 1893 1620">
     <span class='ocr_line' id='line_1_50' title="bbox 226 1575 1893 1620; baseline -0.001 -14"><span class='ocrx_word' id='word_1_419' title='bbox 226 1575 309 1612; x_wconf 78' lang='lat' dir='ltr'><strong>ﬁlios</strong></span> <span class='ocrx_word' id='word_1_420' title='bbox 323 1579 351 1607; x_wconf 83' lang='lat' dir='ltr'><strong>et</strong></span> <span class='ocrx_word' id='word_1_421' title='bbox 368 1576 460 1616; x_wconf 82' lang='lat' dir='ltr'><strong>ﬁlias.</strong></span> <span class='ocrx_word' id='word_1_422' title='bbox 476 1577 550 1608; x_wconf 88' lang='lat' dir='ltr'><strong>Nam</strong></span> <span class='ocrx_word' id='word_1_423' title='bbox 571 1578 602 1609; x_wconf 92' lang='lat' dir='ltr'><strong>in</strong></span> <span class='ocrx_word' id='word_1_424' title='bbox 627 1578 703 1611; x_wconf 89' lang='lat' dir='ltr'><strong>Gen.</strong></span> <span class='ocrx_word' id='word_1_425' title='bbox 718 1588 783 1619; x_wconf 86' lang='lat' dir='ltr'><strong>cap.</strong></span> <span class='ocrx_word' id='word_1_426' title='bbox 799 1587 819 1610; x_wconf 91' lang='lat' dir='ltr'><strong>v</strong></span> <span class='ocrx_word' id='word_1_427' title='bbox 833 1588 893 1610; x_wconf 90' lang='lat' dir='ltr'><strong>non</strong></span> <span class='ocrx_word' id='word_1_428' title='bbox 907 1589 975 1611; x_wconf 86' lang='lat' dir='ltr'><strong>raro</strong></span> <span class='ocrx_word' id='word_1_429' title='bbox 989 1579 1048 1620; x_wconf 84' lang='lat' dir='ltr'><strong>legi</strong></span> <span class='ocrx_word' id='word_1_430' title='bbox 1090 1579 1251 1610; x_wconf 89' lang='lat' dir='ltr'><strong>tiunculam</strong></span> <span class='ocrx_word' id='word_1_431' title='bbox 1273 1578 1309 1609; x_wconf 87' lang='lat' dir='ltr'><strong>ab</strong></span> <span class='ocrx_word' id='word_1_432' title='bbox 1323 1577 1430 1609; x_wconf 89' lang='lat' dir='ltr'><strong>eodem</strong></span> <span class='ocrx_word' id='word_1_433' title='bbox 1459 1577 1604 1618; x_wconf 88' lang='lat' dir='ltr'><strong>scriptore</strong></span> <span class='ocrx_word' id='word_1_434' title='bbox 1619 1576 1731 1608; x_wconf 84' lang='lat' dir='ltr'><strong>editam</strong></span> <span class='ocrx_word' id='word_1_435' title='bbox 1745 1575 1893 1620; x_wconf 18' lang='lat' dir='ltr'><strong>fuisse,»qui</strong></span> 
     </span>
    </p>
   </div>
   <div class='ocr_carea' id='block_1_51' title="bbox 227 1618 1044 1667">
    <p class='ocr_par' dir='ltr' id='par_1_51' title="bbox 227 1618 1044 1667">
     <span class='ocr_line' id='line_1_51' title="bbox 227 1618 1044 1667; baseline 0.009 -18"><span class='ocrx_word' id='word_1_436' title='bbox 227 1620 451 1667; x_wconf 46' lang='lat' dir='ltr'><strong>:sxz&#39;vvnoevulob:</strong></span> <span class='ocrx_word' id='word_1_437' title='bbox 466 1624 510 1651; x_wconf 80' lang='grc' dir='ltr'>καὶ</span> <span class='ocrx_word' id='word_1_438' title='bbox 524 1625 681 1664; x_wconf 66' lang='grc' dir='ltr'><strong>θυγατέρας,</strong></span> <span class='ocrx_word' id='word_1_439' title='bbox 700 1637 714 1652; x_wconf 78' lang='grc' dir='ltr'>α</span> <span class='ocrx_word' id='word_1_440' title='bbox 741 1618 850 1656; x_wconf 81' lang='lat' dir='ltr'><strong>Genuit</strong></span> <span class='ocrx_word' id='word_1_441' title='bbox 866 1624 941 1656; x_wconf 86' lang='lat' dir='ltr'><strong>ﬁlios</strong></span> <span class='ocrx_word' id='word_1_442' title='bbox 957 1628 986 1656; x_wconf 91' lang='lat' dir='ltr'><strong>et</strong></span> <span class='ocrx_word' id='word_1_443' title='bbox 1010 1618 1044 1656; x_wconf 62' lang='lat' dir='ltr'><strong>ii-</strong></span> 
     </span>
    </p>
   </div>
   <div class='ocr_carea' id='block_1_52' title="bbox 1088 1618 1893 1667">
    <p class='ocr_par' dir='ltr' id='par_1_52' title="bbox 1089 1618 1893 1667">
     <span class='ocr_line' id='line_1_52' title="bbox 1089 1618 1893 1667; baseline -0.007 -12"><span class='ocrx_word' id='word_1_444' title='bbox 1089 1627 1257 1664; x_wconf 88' lang='lat' dir='ltr'><strong>postremos</strong></span> <span class='ocrx_word' id='word_1_445' title='bbox 1263 1622 1338 1654; x_wconf 91' lang='lat' dir='ltr'><strong>duos</strong></span> <span class='ocrx_word' id='word_1_446' title='bbox 1345 1623 1379 1654; x_wconf 67' lang='lat' dir='ltr'><strong>in</strong></span> <span class='ocrx_word' id='word_1_447' title='bbox 1388 1622 1575 1654; x_wconf 79' lang='lat' dir='ltr'><strong>Eunomium</strong></span> <span class='ocrx_word' id='word_1_448' title='bbox 1583 1621 1675 1667; x_wconf 87' lang='lat' dir='ltr'><strong>libros</strong></span> <span class='ocrx_word' id='word_1_449' title='bbox 1685 1619 1819 1667; x_wconf 78' lang='lat' dir='ltr'><strong>vulgavit,</strong></span> <span class='ocrx_word' id='word_1_450' title='bbox 1828 1618 1857 1667; x_wconf 77' lang='lat' dir='ltr'><strong>id</strong></span> <span class='ocrx_word' id='word_1_451' title='bbox 1865 1625 1893 1667; x_wconf 65' lang='lat' dir='ltr'><strong>ex</strong></span> 
     </span>
    </p>
   </div>
   <div class='ocr_carea' id='block_1_53' title="bbox 227 1663 1894 1709">
    <p class='ocr_par' dir='ltr' id='par_1_53' title="bbox 227 1663 1894 1709">
     <span class='ocr_line' id='line_1_53' title="bbox 227 1663 1894 1709; baseline -0.001 -13"><span class='ocrx_word' id='word_1_452' title='bbox 227 1664 294 1706; x_wconf 79' lang='lat' dir='ltr'><strong>llas,</strong></span> <span class='ocrx_word' id='word_1_453' title='bbox 311 1677 326 1693; x_wconf 78' lang='grc' dir='ltr'><strong><em>ι</em></strong></span> <span class='ocrx_word' id='word_1_454' title='bbox 339 1665 401 1698; x_wconf 90' lang='lat' dir='ltr'><strong>scio</strong></span> <span class='ocrx_word' id='word_1_455' title='bbox 412 1667 534 1707; x_wconf 91' lang='lat' dir='ltr'><strong>quidem</strong></span> <span class='ocrx_word' id='word_1_456' title='bbox 551 1678 558 1699; x_wconf 89' lang='lat'><strong>:</strong></span> <span class='ocrx_word' id='word_1_457' title='bbox 577 1663 632 1700; x_wconf 90' lang='lat' dir='ltr'><strong>sed</strong></span> <span class='ocrx_word' id='word_1_458' title='bbox 647 1663 698 1700; x_wconf 89' lang='lat' dir='ltr'><strong>ubi</strong></span> <span class='ocrx_word' id='word_1_459' title='bbox 713 1672 856 1709; x_wconf 83' lang='lat' dir='ltr'><strong>scriptum</strong></span> <span class='ocrx_word' id='word_1_460' title='bbox 866 1670 1046 1707; x_wconf 88' lang='lat' dir='ltr'><strong>inveniatur,</strong></span> <span class='ocrx_word' id='word_1_461' title='bbox 1089 1663 1167 1700; x_wconf 77' lang='lat' dir='ltr'><strong>notis</strong></span> <span class='ocrx_word' id='word_1_462' title='bbox 1178 1671 1268 1709; x_wconf 89' lang='lat' dir='ltr'><strong>patet.</strong></span> <span class='ocrx_word' id='word_1_463' title='bbox 1290 1669 1324 1699; x_wconf 88' lang='lat' dir='ltr'><strong>In</strong></span> <span class='ocrx_word' id='word_1_464' title='bbox 1347 1668 1393 1698; x_wconf 88' lang='lat' dir='ltr'><strong>his</strong></span> <span class='ocrx_word' id='word_1_465' title='bbox 1408 1667 1488 1698; x_wconf 88' lang='lat' dir='ltr'><strong>enim</strong></span> <span class='ocrx_word' id='word_1_466' title='bbox 1512 1666 1684 1697; x_wconf 86' lang='lat' dir='ltr'><strong>monuimus</strong></span> <span class='ocrx_word' id='word_1_467' title='bbox 1699 1665 1801 1696; x_wconf 86' lang='lat' dir='ltr'><strong>ultima</strong></span> <span class='ocrx_word' id='word_1_468' title='bbox 1814 1663 1894 1704; x_wconf 90' lang='lat' dir='ltr'><strong>quinti</strong></span> 
     </span>
    </p>
   </div>
   <div class='ocr_carea' id='block_1_54' title="bbox 227 1709 1044 1754">
    <p class='ocr_par' dir='ltr' id='par_1_54' title="bbox 227 1711 1044 1754">
     <span class='ocr_line' id='line_1_54' title="bbox 227 1711 1044 1754; baseline 0.007 -16"><span class='ocrx_word' id='word_1_469' title='bbox 227 1711 352 1744; x_wconf 78' lang='grc' dir='ltr'><strong>ἐποίησεν</strong></span> <span class='ocrx_word' id='word_1_470' title='bbox 366 1712 436 1745; x_wconf 78' lang='grc' dir='ltr'><strong>υἱοὺς</strong></span> <span class='ocrx_word' id='word_1_471' title='bbox 451 1714 494 1741; x_wconf 78' lang='grc' dir='ltr'><strong>καὶ</strong></span> <span class='ocrx_word' id='word_1_472' title='bbox 508 1714 664 1754; x_wconf 72' lang='grc' dir='ltr'><strong>θυγατέρας,</strong></span> <span class='ocrx_word' id='word_1_473' title='bbox 685 1713 785 1746; x_wconf 71' lang='lat' dir='ltr'><strong>«Fecit</strong></span> <span class='ocrx_word' id='word_1_474' title='bbox 794 1714 871 1745; x_wconf 83' lang='lat' dir='ltr'><strong>ﬁlios</strong></span> <span class='ocrx_word' id='word_1_475' title='bbox 887 1718 916 1745; x_wconf 90' lang='lat' dir='ltr'><strong>et</strong></span> <span class='ocrx_word' id='word_1_476' title='bbox 928 1714 1016 1749; x_wconf 82' lang='lat' dir='ltr'><strong>ﬁlias,</strong></span> <span class='ocrx_word' id='word_1_477' title='bbox 1031 1727 1044 1743; x_wconf 67' lang='grc' dir='ltr'><strong>η</strong></span> 
     </span>
    </p>
   </div>
   <div class='ocr_carea' id='block_1_55' title="bbox 1088 1709 1894 1754">
    <p class='ocr_par' dir='ltr' id='par_1_55' title="bbox 1091 1709 1894 1754">
     <span class='ocr_line' id='line_1_55' title="bbox 1091 1709 1894 1754; baseline -0.006 -10"><span class='ocrx_word' id='word_1_478' title='bbox 1091 1714 1157 1745; x_wconf 92' lang='lat' dir='ltr'><strong>libri</strong></span> <span class='ocrx_word' id='word_1_479' title='bbox 1169 1713 1259 1745; x_wconf 87' lang='lat' dir='ltr'><strong>verba</strong></span> <span class='ocrx_word' id='word_1_480' title='bbox 1266 1723 1335 1744; x_wconf 90' lang='lat' dir='ltr'><strong>cum</strong></span> <span class='ocrx_word' id='word_1_481' title='bbox 1347 1713 1451 1754; x_wconf 91' lang='lat' dir='ltr'><strong>primis</strong></span> <span class='ocrx_word' id='word_1_482' title='bbox 1458 1713 1547 1753; x_wconf 87' lang='lat' dir='ltr'><strong>hujus</strong></span> <span class='ocrx_word' id='word_1_483' title='bbox 1569 1709 1831 1743; x_wconf 69' lang='lat' dir='ltr'><strong>lucubratiunculte</strong></span> <span class='ocrx_word' id='word_1_484' title='bbox 1844 1717 1894 1739; x_wconf 86' lang='lat' dir='ltr'><strong>ver-</strong></span> 
     </span>
    </p>
   </div>
   <div class='ocr_carea' id='block_1_56' title="bbox 228 1755 1892 1799">
    <p class='ocr_par' dir='ltr' id='par_1_56' title="bbox 228 1755 1892 1799">
     <span class='ocr_line' id='line_1_56' title="bbox 228 1755 1892 1799; baseline -0.001 -14"><span class='ocrx_word' id='word_1_485' title='bbox 228 1755 341 1787; x_wconf 89' lang='lat' dir='ltr'><strong>nescio.</strong></span> <span class='ocrx_word' id='word_1_486' title='bbox 360 1756 495 1788; x_wconf 83' lang='lat' dir='ltr'><strong>Fortasse</strong></span> <span class='ocrx_word' id='word_1_487' title='bbox 507 1758 635 1798; x_wconf 83' lang='lat' dir='ltr'><strong>scriptor</strong></span> <span class='ocrx_word' id='word_1_488' title='bbox 651 1759 761 1799; x_wconf 87' lang='lat' dir='ltr'><strong>putavit</strong></span> <span class='ocrx_word' id='word_1_489' title='bbox 776 1759 878 1798; x_wconf 81' lang='lat' dir='ltr'><strong>legere</strong></span> <span class='ocrx_word' id='word_1_490' title='bbox 897 1757 954 1789; x_wconf 90' lang='lat' dir='ltr'><strong>sibi</strong></span> <span class='ocrx_word' id='word_1_491' title='bbox 971 1758 1048 1790; x_wconf 89' lang='lat' dir='ltr'><strong>lice-</strong></span> <span class='ocrx_word' id='word_1_492' title='bbox 1091 1758 1137 1789; x_wconf 91' lang='lat' dir='ltr'><strong>bis</strong></span> <span class='ocrx_word' id='word_1_493' title='bbox 1151 1759 1192 1789; x_wconf 87' lang='lat' dir='ltr'><strong>ita</strong></span> <span class='ocrx_word' id='word_1_494' title='bbox 1207 1759 1237 1789; x_wconf 93' lang='lat' dir='ltr'><strong>in</strong></span> <span class='ocrx_word' id='word_1_495' title='bbox 1251 1758 1401 1790; x_wconf 83' lang='lat' dir='ltr'><strong>veteribus</strong></span> <span class='ocrx_word' id='word_1_496' title='bbox 1416 1757 1595 1798; x_wconf 87' lang='lat' dir='ltr'><strong>quibusdam</strong></span> <span class='ocrx_word' id='word_1_497' title='bbox 1607 1756 1694 1787; x_wconf 86' lang='lat' dir='ltr'><strong>libris</strong></span> <span class='ocrx_word' id='word_1_498' title='bbox 1705 1756 1783 1787; x_wconf 90' lang='lat' dir='ltr'><strong>inter</strong></span> <span class='ocrx_word' id='word_1_499' title='bbox 1791 1763 1822 1785; x_wconf 93' lang='lat' dir='ltr'><strong>se</strong></span> <span class='ocrx_word' id='word_1_500' title='bbox 1831 1762 1892 1799; x_wconf 48' lang='lat' dir='ltr'><strong>conf</strong></span> 
     </span>
    </p>
   </div>
   <div class='ocr_carea' id='block_1_57' title="bbox 228 1797 1044 1844">
    <p class='ocr_par' dir='ltr' id='par_1_57' title="bbox 228 1797 1044 1844">
     <span class='ocr_line' id='line_1_57' title="bbox 228 1797 1044 1844; baseline 0.009 -17"><span class='ocrx_word' id='word_1_501' title='bbox 228 1808 272 1836; x_wconf 80' lang='lat' dir='ltr'><strong>re,</strong></span> <span class='ocrx_word' id='word_1_502' title='bbox 285 1800 408 1834; x_wconf 74' lang='grc' dir='ltr'><strong>ἐποίησεν</strong></span> <span class='ocrx_word' id='word_1_503' title='bbox 420 1801 489 1835; x_wconf 80' lang='grc' dir='ltr'>υἱοὺς</span> <span class='ocrx_word' id='word_1_504' title='bbox 504 1803 548 1830; x_wconf 63' lang='grc' dir='ltr'><strong>καὶ</strong></span> <span class='ocrx_word' id='word_1_505' title='bbox 569 1797 723 1843; x_wconf 60' lang='grc' dir='ltr'><strong>θυγατέρας,</strong></span> <span class='ocrx_word' id='word_1_506' title='bbox 740 1797 820 1844; x_wconf 83' lang='lat' dir='ltr'><strong>quod</strong></span> <span class='ocrx_word' id='word_1_507' title='bbox 836 1804 878 1834; x_wconf 87' lang='lat' dir='ltr'><strong>ita</strong></span> <span class='ocrx_word' id='word_1_508' title='bbox 893 1803 959 1843; x_wconf 82' lang='lat' dir='ltr'><strong>ejus</strong></span> <span class='ocrx_word' id='word_1_509' title='bbox 976 1812 1044 1844; x_wconf 92' lang='lat' dir='ltr'><strong>pro-</strong></span> 
     </span>
    </p>
   </div>
   <div class='ocr_carea' id='block_1_58' title="bbox 1088 1797 1892 1844">
    <p class='ocr_par' dir='ltr' id='par_1_58' title="bbox 1088 1797 1892 1844">
     <span class='ocr_line' id='line_1_58' title="bbox 1088 1797 1892 1844; baseline -0.007 -10"><span class='ocrx_word' id='word_1_510' title='bbox 1088 1803 1185 1843; x_wconf 83' lang='lat' dir='ltr'><strong>jungi,</strong></span> <span class='ocrx_word' id='word_1_511' title='bbox 1201 1807 1232 1834; x_wconf 89' lang='lat' dir='ltr'><strong>ut</strong></span> <span class='ocrx_word' id='word_1_512' title='bbox 1248 1803 1388 1834; x_wconf 88' lang='lat' dir='ltr'><strong>continua</strong></span> <span class='ocrx_word' id='word_1_513' title='bbox 1399 1797 1533 1833; x_wconf 80' lang='lat' dir='ltr'><strong>oratione</strong></span> <span class='ocrx_word' id='word_1_514' title='bbox 1550 1802 1637 1842; x_wconf 90' lang='lat' dir='ltr'><strong>plane</strong></span> <span class='ocrx_word' id='word_1_515' title='bbox 1650 1801 1787 1841; x_wconf 87' lang='lat' dir='ltr'><strong>legantur</strong></span> <span class='ocrx_word' id='word_1_516' title='bbox 1803 1807 1813 1844; x_wconf 16' lang='lat'><strong>:7</strong></span> <span class='ocrx_word' id='word_1_517' title='bbox 1828 1797 1892 1844; x_wconf 81' lang='lat' dir='ltr'><strong>quod</strong></span> 
     </span>
    </p>
   </div>
   <div class='ocr_carea' id='block_1_59' title="bbox 228 1841 1893 1889">
    <p class='ocr_par' dir='ltr' id='par_1_59' title="bbox 228 1841 1893 1889">
     <span class='ocr_line' id='line_1_59' title="bbox 228 1841 1893 1889; baseline -0.001 -14"><span class='ocrx_word' id='word_1_518' title='bbox 228 1844 356 1885; x_wconf 89' lang='lat' dir='ltr'><strong>positum</strong></span> <span class='ocrx_word' id='word_1_519' title='bbox 373 1846 543 1886; x_wconf 89' lang='lat' dir='ltr'><strong>postularet:</strong></span> <span class='ocrx_word' id='word_1_520' title='bbox 561 1847 614 1878; x_wconf 92' lang='lat' dir='ltr'><strong>sed</strong></span> <span class='ocrx_word' id='word_1_521' title='bbox 631 1841 687 1879; x_wconf 83' lang='lat' dir='ltr'><strong>hoc</strong></span> <span class='ocrx_word' id='word_1_522' title='bbox 700 1848 728 1879; x_wconf 92' lang='lat' dir='ltr'><strong>ei</strong></span> <span class='ocrx_word' id='word_1_523' title='bbox 745 1841 810 1889; x_wconf 83' lang='lat' dir='ltr'><strong>quis</strong></span> <span class='ocrx_word' id='word_1_524' title='bbox 821 1841 954 1880; x_wconf 82' lang='lat' dir='ltr'><strong>dederit?</strong></span> <span class='ocrx_word' id='word_1_525' title='bbox 963 1841 1049 1888; x_wconf 82' lang='lat' dir='ltr'><strong>Ejus-</strong></span> <span class='ocrx_word' id='word_1_526' title='bbox 1089 1841 1172 1879; x_wconf 69' lang='lat' dir='ltr'><strong>certe</strong></span> <span class='ocrx_word' id='word_1_527' title='bbox 1182 1847 1291 1879; x_wconf 89' lang='lat' dir='ltr'><strong>indicio</strong></span> <span class='ocrx_word' id='word_1_528' title='bbox 1300 1851 1345 1878; x_wconf 90' lang='lat' dir='ltr'><strong>est</strong></span> <span class='ocrx_word' id='word_1_529' title='bbox 1353 1841 1732 1879; x_wconf 80' lang='lat' dir='ltr'><strong>hanclucubratiunculam</strong></span> <span class='ocrx_word' id='word_1_530' title='bbox 1744 1843 1816 1876; x_wconf 90' lang='lat' dir='ltr'><strong>nihil</strong></span> <span class='ocrx_word' id='word_1_531' title='bbox 1826 1841 1893 1889; x_wconf 82' lang='lat' dir='ltr'><strong>aliud</strong></span> 
     </span>
    </p>
   </div>
   <div class='ocr_carea' id='block_1_60' title="bbox 229 1887 1893 1934">
    <p class='ocr_par' dir='ltr' id='par_1_60' title="bbox 229 1887 1893 1934">
     <span class='ocr_line' id='line_1_60' title="bbox 229 1887 1893 1934; baseline -0.001 -15"><span class='ocrx_word' id='word_1_532' title='bbox 229 1889 297 1922; x_wconf 89' lang='lat' dir='ltr'><strong>dem</strong></span> <span class='ocrx_word' id='word_1_533' title='bbox 313 1890 431 1930; x_wconf 87' lang='lat' dir='ltr'><strong>generis</strong></span> <span class='ocrx_word' id='word_1_534' title='bbox 444 1895 513 1922; x_wconf 93' lang='lat' dir='ltr'><strong>sunt</strong></span> <span class='ocrx_word' id='word_1_535' title='bbox 529 1897 559 1922; x_wconf 93' lang='lat' dir='ltr'><strong>et</strong></span> <span class='ocrx_word' id='word_1_536' title='bbox 573 1892 623 1924; x_wconf 91' lang='lat' dir='ltr'><strong>illa</strong></span> <span class='ocrx_word' id='word_1_537' title='bbox 646 1893 688 1933; x_wconf 93' lang='lat' dir='ltr'><strong>(p.</strong></span> <span class='ocrx_word' id='word_1_538' title='bbox 713 1887 785 1934; x_wconf 67' lang='lat'><strong>293)</strong></span> <span class='ocrx_word' id='word_1_539' title='bbox 804 1903 811 1925; x_wconf 94' lang='lat'>:</span> <span class='ocrx_word' id='word_1_540' title='bbox 839 1894 950 1934; x_wconf 82' lang='grc' dir='ltr'><strong>Λέγεται</strong></span> <span class='ocrx_word' id='word_1_541' title='bbox 963 1887 992 1921; x_wconf 63' lang='grc' dir='ltr'><strong>δέ</strong></span> <span class='ocrx_word' id='word_1_542' title='bbox 1006 1894 1049 1922; x_wconf 76' lang='grc' dir='ltr'><strong>καὶ</strong></span> <span class='ocrx_word' id='word_1_543' title='bbox 1090 1902 1167 1931; x_wconf 87' lang='lat' dir='ltr'><strong>esse,</strong></span> <span class='ocrx_word' id='word_1_544' title='bbox 1186 1892 1244 1924; x_wconf 90' lang='lat' dir='ltr'><strong>nisi</strong></span> <span class='ocrx_word' id='word_1_545' title='bbox 1260 1892 1354 1933; x_wconf 88' lang='lat' dir='ltr'><strong>quinti</strong></span> <span class='ocrx_word' id='word_1_546' title='bbox 1370 1892 1440 1924; x_wconf 90' lang='lat' dir='ltr'><strong>libri</strong></span> <span class='ocrx_word' id='word_1_547' title='bbox 1451 1891 1602 1933; x_wconf 85' lang='lat' dir='ltr'><strong>epilogum</strong></span> <span class='ocrx_word' id='word_1_548' title='bbox 1618 1891 1657 1923; x_wconf 87' lang='lat' dir='ltr'><strong>ab</strong></span> <span class='ocrx_word' id='word_1_549' title='bbox 1673 1901 1734 1923; x_wconf 91' lang='lat' dir='ltr'><strong>uno</strong></span> <span class='ocrx_word' id='word_1_550' title='bbox 1757 1887 1893 1934; x_wconf 84' lang='lat' dir='ltr'><strong>eteadem</strong></span> 
     </span>
    </p>
   </div>
   <div class='ocr_carea' id='block_1_61' title="bbox 230 1933 1044 1978">
    <p class='ocr_par' dir='ltr' id='par_1_61' title="bbox 230 1933 1044 1978">
     <span class='ocr_line' id='line_1_61' title="bbox 230 1933 1044 1978; baseline 0.002 -14"><span class='ocrx_word' id='word_1_551' title='bbox 230 1936 271 1965; x_wconf 71' lang='grc' dir='ltr'><strong>ἐπὶ</strong></span> <span class='ocrx_word' id='word_1_552' title='bbox 288 1937 455 1974; x_wconf 77' lang='grc' dir='ltr'><strong>γεννήματος</strong></span> <span class='ocrx_word' id='word_1_553' title='bbox 483 1938 582 1975; x_wconf 66' lang='grc' dir='ltr'><strong>κτίσμα</strong></span> <span class='ocrx_word' id='word_1_554' title='bbox 610 1940 654 1966; x_wconf 63' lang='grc' dir='ltr'><strong>χαὶ</strong></span> <span class='ocrx_word' id='word_1_555' title='bbox 677 1933 795 1978; x_wconf 61' lang='grc' dir='ltr'><strong>ποίημά,</strong></span> <span class='ocrx_word' id='word_1_556' title='bbox 817 1940 853 1971; x_wconf 82' lang='grc' dir='ltr'>ὡς</span> <span class='ocrx_word' id='word_1_557' title='bbox 868 1938 898 1968; x_wconf 79' lang='grc' dir='ltr'><strong>τό</strong></span> <span class='ocrx_word' id='word_1_558' title='bbox 915 1947 923 1955; x_wconf 92' lang='grc'>⁶</span> <span class='ocrx_word' id='word_1_559' title='bbox 956 1938 1044 1968; x_wconf 79' lang='grc' dir='ltr'><strong>Ἐκτι-</strong></span> 
     </span>
    </p>
   </div>
   <div class='ocr_carea' id='block_1_62' title="bbox 1088 1933 1892 1978">
    <p class='ocr_par' dir='ltr' id='par_1_62' title="bbox 1090 1933 1892 1978">
     <span class='ocr_line' id='line_1_62' title="bbox 1090 1933 1892 1978; baseline 0 -10"><span class='ocrx_word' id='word_1_560' title='bbox 1090 1941 1211 1969; x_wconf 86' lang='lat' dir='ltr'><strong>auctore</strong></span> <span class='ocrx_word' id='word_1_561' title='bbox 1217 1937 1431 1978; x_wconf 87' lang='lat' dir='ltr'><strong>conscriptum.</strong></span> <span class='ocrx_word' id='word_1_562' title='bbox 1444 1936 1478 1969; x_wconf 85' lang='lat' dir='ltr'><strong>Et</strong></span> <span class='ocrx_word' id='word_1_563' title='bbox 1485 1937 1541 1969; x_wconf 89' lang='lat' dir='ltr'><strong>hoc</strong></span> <span class='ocrx_word' id='word_1_564' title='bbox 1547 1936 1618 1968; x_wconf 88' lang='lat' dir='ltr'><strong>inde</strong></span> <span class='ocrx_word' id='word_1_565' title='bbox 1625 1933 1795 1967; x_wconf 85' lang='lat' dir='ltr'><strong>confirmari</strong></span> <span class='ocrx_word' id='word_1_566' title='bbox 1802 1935 1892 1978; x_wconf 63' lang='lat' dir='ltr'><strong>potest,</strong></span> 
     </span>
    </p>
   </div>
   <div class='ocr_carea' id='block_1_63' title="bbox 229 1977 1044 2023">
    <p class='ocr_par' dir='ltr' id='par_1_63' title="bbox 229 1977 1044 2023">
     <span class='ocr_line' id='line_1_63' title="bbox 229 1977 1044 2023; baseline 0.006 -15"><span class='ocrx_word' id='word_1_567' title='bbox 229 1980 319 2018; x_wconf 76' lang='grc' dir='ltr'>σάμην</span> <span class='ocrx_word' id='word_1_568' title='bbox 335 1980 470 2020; x_wconf 72' lang='grc' dir='ltr'><strong>ἄνθρωπον</strong></span> <span class='ocrx_word' id='word_1_569' title='bbox 491 1981 533 2009; x_wconf 84' lang='grc' dir='ltr'><strong>διὰ</strong></span> <span class='ocrx_word' id='word_1_570' title='bbox 547 1987 594 2011; x_wconf 79' lang='grc' dir='ltr'><strong>τού</strong></span> <span class='ocrx_word' id='word_1_571' title='bbox 607 1986 682 2013; x_wconf 80' lang='grc' dir='ltr'><strong>Θεοῦ.</strong></span> <span class='ocrx_word' id='word_1_572' title='bbox 705 1977 801 2020; x_wconf 63' lang='lat' dir='ltr'><strong>«Quit!</strong></span> <span class='ocrx_word' id='word_1_573' title='bbox 817 1987 846 2014; x_wconf 81' lang='lat' dir='ltr'><strong>et</strong></span> <span class='ocrx_word' id='word_1_574' title='bbox 861 1982 996 2023; x_wconf 85' lang='lat' dir='ltr'><strong>genitura</strong></span> <span class='ocrx_word' id='word_1_575' title='bbox 1007 1982 1044 2013; x_wconf 81' lang='lat' dir='ltr'><strong>di-</strong></span> 
     </span>
    </p>
   </div>
   <div class='ocr_carea' id='block_1_64' title="bbox 1088 1977 1894 2023">
    <p class='ocr_par' dir='ltr' id='par_1_64' title="bbox 1092 1977 1894 2023">
     <span class='ocr_line' id='line_1_64' title="bbox 1092 1977 1894 2023; baseline -0.007 -11"><span class='ocrx_word' id='word_1_576' title='bbox 1092 1982 1170 2023; x_wconf 89' lang='lat' dir='ltr'><strong>quod</strong></span> <span class='ocrx_word' id='word_1_577' title='bbox 1192 1983 1222 2014; x_wconf 91' lang='lat' dir='ltr'><strong>in</strong></span> <span class='ocrx_word' id='word_1_578' title='bbox 1235 1977 1346 2013; x_wconf 77' lang='lat' dir='ltr'><strong>ultimis</strong></span> <span class='ocrx_word' id='word_1_579' title='bbox 1370 1982 1487 2013; x_wconf 88' lang='lat' dir='ltr'><strong>duobus</strong></span> <span class='ocrx_word' id='word_1_580' title='bbox 1506 1983 1542 2013; x_wconf 73' lang='lat' dir='ltr'><strong>in</strong></span> <span class='ocrx_word' id='word_1_581' title='bbox 1559 1981 1744 2013; x_wconf 78' lang='lat' dir='ltr'><strong>Eunomium</strong></span> <span class='ocrx_word' id='word_1_582' title='bbox 1764 1977 1851 2017; x_wconf 82' lang='lat' dir='ltr'><strong>libris,</strong></span> <span class='ocrx_word' id='word_1_583' title='bbox 1862 1977 1894 2006; x_wconf 80' lang='lat' dir='ltr'><strong>ita</strong></span> 
     </span>
    </p>
   </div>
   <div class='ocr_carea' id='block_1_65' title="bbox 231 2024 1893 2071">
    <p class='ocr_par' dir='ltr' id='par_1_65' title="bbox 231 2024 1893 2071">
     <span class='ocr_line' id='line_1_65' title="bbox 231 2024 1893 2071; baseline 0.001 -16"><span class='ocrx_word' id='word_1_584' title='bbox 231 2024 317 2071; x_wconf 58' lang='lat' dir='ltr'><strong>citur:</strong></span> <span class='ocrx_word' id='word_1_585' title='bbox 321 2029 458 2057; x_wconf 89' lang='lat' dir='ltr'><strong>creatura</strong></span> <span class='ocrx_word' id='word_1_586' title='bbox 471 2030 500 2057; x_wconf 90' lang='lat' dir='ltr'><strong>et</strong></span> <span class='ocrx_word' id='word_1_587' title='bbox 511 2026 674 2066; x_wconf 84' lang='lat' dir='ltr'><strong>factura,ut</strong></span> <span class='ocrx_word' id='word_1_588' title='bbox 689 2027 884 2068; x_wconf 87' lang='lat' dir='ltr'><strong>illud,Creavi</strong></span> <span class='ocrx_word' id='word_1_589' title='bbox 896 2027 1049 2059; x_wconf 90' lang='lat' dir='ltr'><strong>hominem</strong></span> <span class='ocrx_word' id='word_1_590' title='bbox 1092 2032 1121 2060; x_wconf 91' lang='lat' dir='ltr'><strong>et</strong></span> <span class='ocrx_word' id='word_1_591' title='bbox 1133 2027 1162 2058; x_wconf 93' lang='lat' dir='ltr'><strong>in</strong></span> <span class='ocrx_word' id='word_1_592' title='bbox 1178 2027 1229 2058; x_wconf 92' lang='lat' dir='ltr'><strong>illo</strong></span> <span class='ocrx_word' id='word_1_593' title='bbox 1245 2035 1363 2068; x_wconf 89' lang='lat' dir='ltr'><strong>quoque</strong></span> <span class='ocrx_word' id='word_1_594' title='bbox 1382 2027 1524 2068; x_wconf 89' lang='lat' dir='ltr'><strong>opusculo</strong></span> <span class='ocrx_word' id='word_1_595' title='bbox 1546 2025 1677 2071; x_wconf 83' lang='lat' dir='ltr'><strong>Spiritus</strong></span> <span class='ocrx_word' id='word_1_596' title='bbox 1688 2024 1893 2071; x_wconf 10' lang='lat' dir='ltr'><strong>sanctusqpefl</strong></span> 
     </span>
    </p>
   </div>
   <div class='ocr_carea' id='block_1_66' title="bbox 232 2065 1893 2112">
    <p class='ocr_par' dir='ltr' id='par_1_66' title="bbox 232 2065 1893 2112">
     <span class='ocr_line' id='line_1_66' title="bbox 232 2065 1893 2112; baseline -0.002 -9"><span class='ocrx_word' id='word_1_597' title='bbox 232 2079 286 2110; x_wconf 85' lang='lat' dir='ltr'><strong>per</strong></span> <span class='ocrx_word' id='word_1_598' title='bbox 300 2069 407 2101; x_wconf 83' lang='lat' dir='ltr'><strong>Deum.</strong></span> <span class='ocrx_word' id='word_1_599' title='bbox 427 2082 440 2100; x_wconf 76' lang='grc' dir='ltr'><strong>ιι</strong></span> <span class='ocrx_word' id='word_1_600' title='bbox 453 2071 541 2108; x_wconf 83' lang='lat' dir='ltr'><strong>Satis,</strong></span> <span class='ocrx_word' id='word_1_601' title='bbox 556 2071 672 2112; x_wconf 86' lang='lat' dir='ltr'><strong>opinor,</strong></span> <span class='ocrx_word' id='word_1_602' title='bbox 692 2065 797 2104; x_wconf 79' lang='lat' dir='ltr'><strong>omnes</strong></span> <span class='ocrx_word' id='word_1_603' title='bbox 818 2076 926 2104; x_wconf 89' lang='lat' dir='ltr'><strong>norunt</strong></span> <span class='ocrx_word' id='word_1_604' title='bbox 937 2081 997 2103; x_wconf 90' lang='lat' dir='ltr'><strong>non</strong></span> <span class='ocrx_word' id='word_1_605' title='bbox 1010 2072 1052 2103; x_wconf 87' lang='lat' dir='ltr'><strong>ita</strong></span> <span class='ocrx_word' id='word_1_606' title='bbox 1092 2076 1222 2105; x_wconf 89' lang='lat' dir='ltr'><strong>vocetur.</strong></span> <span class='ocrx_word' id='word_1_607' title='bbox 1245 2065 1421 2109; x_wconf 47' lang='lat' dir='ltr'><strong>Qua&#39;autem</strong></span> <span class='ocrx_word' id='word_1_608' title='bbox 1444 2065 1600 2111; x_wconf 78' lang='lat' dir='ltr'><strong>diligentia</strong></span> <span class='ocrx_word' id='word_1_609' title='bbox 1621 2070 1751 2111; x_wconf 84' lang='lat' dir='ltr'><strong>scriptus</strong></span> <span class='ocrx_word' id='word_1_610' title='bbox 1765 2070 1802 2101; x_wconf 90' lang='lat' dir='ltr'><strong>sit</strong></span> <span class='ocrx_word' id='word_1_611' title='bbox 1811 2068 1853 2100; x_wconf 86' lang='lat' dir='ltr'><strong>hic</strong></span> <span class='ocrx_word' id='word_1_612' title='bbox 1862 2065 1893 2096; x_wconf 87' lang='lat' dir='ltr'><strong>li-</strong></span> 
     </span>
    </p>
   </div>
   <div class='ocr_carea' id='block_1_67' title="bbox 233 2114 1895 2158">
    <p class='ocr_par' dir='ltr' id='par_1_67' title="bbox 233 2114 1895 2158">
     <span class='ocr_line' id='line_1_67' title="bbox 233 2114 1895 2158; baseline -0.001 -11"><span class='ocrx_word' id='word_1_613' title='bbox 233 2114 292 2154; x_wconf 85' lang='lat' dir='ltr'><strong>legi</strong></span> <span class='ocrx_word' id='word_1_614' title='bbox 305 2116 381 2148; x_wconf 85' lang='lat' dir='ltr'><strong>Gen.</strong></span> <span class='ocrx_word' id='word_1_615' title='bbox 394 2123 435 2153; x_wconf 79' lang='lat' dir='ltr'><strong>1v,</strong></span> <span class='ocrx_word' id='word_1_616' title='bbox 454 2118 483 2152; x_wconf 85' lang='lat' dir='ltr'><strong>l,</strong></span> <span class='ocrx_word' id='word_1_617' title='bbox 499 2116 621 2148; x_wconf 57' lang='lat' dir='ltr'><strong>(Creavi</strong></span> <span class='ocrx_word' id='word_1_618' title='bbox 633 2117 785 2149; x_wconf 89' lang='lat' dir='ltr'><strong>hominem</strong></span> <span class='ocrx_word' id='word_1_619' title='bbox 796 2127 849 2157; x_wconf 90' lang='lat' dir='ltr'><strong>per</strong></span> <span class='ocrx_word' id='word_1_620' title='bbox 859 2119 985 2149; x_wconf 69' lang='lat' dir='ltr'><strong>Deumzs</strong></span> <span class='ocrx_word' id='word_1_621' title='bbox 997 2117 1051 2148; x_wconf 86' lang='lat' dir='ltr'><strong>sed</strong></span> <span class='ocrx_word' id='word_1_622' title='bbox 1093 2117 1200 2156; x_wconf 90' lang='lat' dir='ltr'><strong>bellus,</strong></span> <span class='ocrx_word' id='word_1_623' title='bbox 1217 2117 1280 2158; x_wconf 89' lang='lat' dir='ltr'><strong>jam</strong></span> <span class='ocrx_word' id='word_1_624' title='bbox 1293 2116 1457 2148; x_wconf 82' lang='lat' dir='ltr'><strong>videamus.</strong></span> <span class='ocrx_word' id='word_1_625' title='bbox 1475 2115 1532 2148; x_wconf 92' lang='lat' dir='ltr'><strong>Ubi</strong></span> <span class='ocrx_word' id='word_1_626' title='bbox 1556 2119 1659 2147; x_wconf 88' lang='lat' dir='ltr'><strong>auctor</strong></span> <span class='ocrx_word' id='word_1_627' title='bbox 1674 2115 1712 2146; x_wconf 90' lang='lat' dir='ltr'><strong>de</strong></span> <span class='ocrx_word' id='word_1_628' title='bbox 1727 2114 1822 2146; x_wconf 89' lang='lat' dir='ltr'><strong>anima</strong></span> <span class='ocrx_word' id='word_1_629' title='bbox 1836 2119 1895 2154; x_wconf 73' lang='lat' dir='ltr'><strong>pura</strong></span> 
     </span>
    </p>
   </div>
   <div class='ocr_carea' id='block_1_68' title="bbox 232 2160 1044 2203">
    <p class='ocr_par' dir='ltr' id='par_1_68' title="bbox 232 2160 1044 2202">
     <span class='ocr_line' id='line_1_68' title="bbox 232 2160 1044 2202; baseline 0.001 -11"><span class='ocrx_word' id='word_1_630' title='bbox 232 2163 332 2192; x_wconf 80' lang='lat' dir='ltr'><strong>tamen</strong></span> <span class='ocrx_word' id='word_1_631' title='bbox 345 2169 409 2192; x_wconf 90' lang='lat' dir='ltr'><strong>rem</strong></span> <span class='ocrx_word' id='word_1_632' title='bbox 427 2161 513 2202; x_wconf 87' lang='lat' dir='ltr'><strong>paulo</strong></span> <span class='ocrx_word' id='word_1_633' title='bbox 527 2160 697 2201; x_wconf 86' lang='lat' dir='ltr'><strong>diligentius</strong></span> <span class='ocrx_word' id='word_1_634' title='bbox 709 2161 896 2194; x_wconf 84' lang='lat' dir='ltr'><strong>considerari</strong></span> <span class='ocrx_word' id='word_1_635' title='bbox 907 2161 1044 2193; x_wconf 70' lang='lat' dir='ltr'><strong>volo.Ho¢</strong></span> 
     </span>
    </p>
   </div>
   <div class='ocr_carea' id='block_1_69' title="bbox 1088 2160 1896 2203">
    <p class='ocr_par' dir='ltr' id='par_1_69' title="bbox 1093 2160 1896 2203">
     <span class='ocr_line' id='line_1_69' title="bbox 1093 2160 1896 2203; baseline -0.006 -10"><span class='ocrx_word' id='word_1_636' title='bbox 1093 2162 1235 2203; x_wconf 90' lang='lat' dir='ltr'><strong>loquitur,</strong></span> <span class='ocrx_word' id='word_1_637' title='bbox 1264 2161 1306 2192; x_wconf 90' lang='lat' dir='ltr'><strong>ita</strong></span> <span class='ocrx_word' id='word_1_638' title='bbox 1331 2161 1474 2202; x_wconf 87' lang='lat' dir='ltr'><strong>scripsit:</strong></span> <span class='ocrx_word' id='word_1_639' title='bbox 1500 2161 1618 2201; x_wconf 82' lang='grc' dir='ltr'><strong>Προσίτω</strong></span> <span class='ocrx_word' id='word_1_640' title='bbox 1639 2160 1667 2189; x_wconf 84' lang='grc' dir='ltr'><strong>δὲ</strong></span> <span class='ocrx_word' id='word_1_641' title='bbox 1689 2161 1785 2201; x_wconf 76' lang='grc' dir='ltr'>ἡσύχῳ</span> <span class='ocrx_word' id='word_1_642' title='bbox 1806 2161 1837 2197; x_wconf 75' lang='grc' dir='ltr'><strong>τῇ</strong></span> <span class='ocrx_word' id='word_1_643' title='bbox 1854 2167 1896 2184; x_wconf 72' lang='grc' dir='ltr'><strong>ια·</strong></span> 
     </span>
    </p>
   </div>
   <div class='ocr_carea' id='block_1_70' title="bbox 229 2205 1044 2252">
    <p class='ocr_par' dir='ltr' id='par_1_70' title="bbox 229 2205 1040 2252">
     <span class='ocr_line' id='line_1_70' title="bbox 229 2205 1040 2252; baseline 0.004 -17"><span class='ocrx_word' id='word_1_644' title='bbox 229 2205 319 2244; x_wconf 80' lang='lat' dir='ltr'><strong>igitur</strong></span> <span class='ocrx_word' id='word_1_645' title='bbox 347 2205 418 2237; x_wconf 89' lang='lat' dir='ltr'><strong>dicit</strong></span> <span class='ocrx_word' id='word_1_646' title='bbox 443 2207 582 2247; x_wconf 86' lang='lat' dir='ltr'><strong>scriptor,</strong></span> <span class='ocrx_word' id='word_1_647' title='bbox 611 2207 779 2247; x_wconf 81' lang='lat' dir='ltr'><strong>genituram</strong></span> <span class='ocrx_word' id='word_1_648' title='bbox 807 2206 908 2252; x_wconf 83' lang='lat' dir='ltr'><strong>vocari</strong></span> <span class='ocrx_word' id='word_1_649' title='bbox 921 2215 1040 2252; x_wconf 75' lang='lat' dir='ltr'><strong>posses</strong></span> 
     </span>
    </p>
   </div>
   <div class='ocr_carea' id='block_1_71' title="bbox 1088 2205 1896 2252">
    <p class='ocr_par' dir='ltr' id='par_1_71' title="bbox 1093 2205 1896 2252">
     <span class='ocr_line' id='line_1_71' title="bbox 1093 2205 1896 2252; baseline -0.006 -15"><span class='ocrx_word' id='word_1_650' title='bbox 1093 2209 1231 2239; x_wconf 70' lang='grc' dir='ltr'><strong>τιστάσιι.</strong></span> <span class='ocrx_word' id='word_1_651' title='bbox 1251 2207 1380 2248; x_wconf 78' lang='grc' dir='ltr'><strong>’Ἥσυχον</strong></span> <span class='ocrx_word' id='word_1_652' title='bbox 1395 2206 1423 2235; x_wconf 79' lang='grc' dir='ltr'><strong>δὲ</strong></span> <span class='ocrx_word' id='word_1_653' title='bbox 1447 2207 1530 2241; x_wconf 53' lang='lat' dir='ltr'><strong>aut-7.:</strong></span> <span class='ocrx_word' id='word_1_654' title='bbox 1556 2206 1638 2247; x_wconf 64' lang='grc' dir='ltr'><strong>ἔστω,</strong></span> <span class='ocrx_word' id='word_1_655' title='bbox 1664 2207 1703 2244; x_wconf 81' lang='grc' dir='ltr'><strong>μὴ</strong></span> <span class='ocrx_word' id='word_1_656' title='bbox 1719 2206 1798 2244; x_wconf 79' lang='grc' dir='ltr'>μόνον</span> <span class='ocrx_word' id='word_1_657' title='bbox 1811 2205 1896 2252; x_wconf 85' lang='grc' dir='ltr'><strong>τὸ</strong></span> 
     </span>
    </p>
   </div>
   <div class='ocr_carea' id='block_1_72' title="bbox 232 2245 1044 2293">
    <p class='ocr_par' dir='ltr' id='par_1_72' title="bbox 232 2245 1044 2293">
     <span class='ocr_line' id='line_1_72' title="bbox 232 2245 1044 2293; baseline 0.001 -12"><span class='ocrx_word' id='word_1_658' title='bbox 232 2262 244 2275; x_wconf 72' lang='grc' dir='ltr'><strong>ι</strong></span> <span class='ocrx_word' id='word_1_659' title='bbox 265 2254 431 2282; x_wconf 88' lang='lat' dir='ltr'><strong>creaturam</strong></span> <span class='ocrx_word' id='word_1_660' title='bbox 448 2245 591 2282; x_wconf 78' lang='lat' dir='ltr'><strong>facturam</strong></span> <span class='ocrx_word' id='word_1_661' title='bbox 610 2245 624 2284; x_wconf 66' lang='grc' dir='ltr'><em>ἶ</em></span> <span class='ocrx_word' id='word_1_662' title='bbox 635 2264 647 2280; x_wconf 76' lang='grc' dir='ltr'><strong>ι)</strong></span> <span class='ocrx_word' id='word_1_663' title='bbox 666 2252 745 2293; x_wconf 89' lang='lat' dir='ltr'><strong>quod</strong></span> <span class='ocrx_word' id='word_1_664' title='bbox 761 2256 793 2283; x_wconf 92' lang='lat' dir='ltr'><strong>ut</strong></span> <span class='ocrx_word' id='word_1_665' title='bbox 819 2245 936 2292; x_wconf 77' lang='lat' dir='ltr'><strong>probet,</strong></span> <span class='ocrx_word' id='word_1_666' title='bbox 953 2251 1044 2282; x_wconf 81' lang='lat' dir='ltr'><strong>locun</strong></span> 
     </span>
    </p>
   </div>
   <div class='ocr_carea' id='block_1_73' title="bbox 1088 2245 1898 2293">
    <p class='ocr_par' dir='ltr' id='par_1_73' title="bbox 1095 2245 1898 2293">
     <span class='ocr_line' id='line_1_73' title="bbox 1095 2245 1898 2293; baseline -0.005 -12"><span class='ocrx_word' id='word_1_667' title='bbox 1095 2253 1242 2293; x_wconf 78' lang='grc' dir='ltr'><strong>ρικεῑμενον</strong></span> <span class='ocrx_word' id='word_1_668' title='bbox 1268 2245 1357 2291; x_wconf 56' lang='lat' dir='ltr'><strong>amissi,</strong></span> <span class='ocrx_word' id='word_1_669' title='bbox 1379 2252 1422 2280; x_wconf 78' lang='grc' dir='ltr'>καὶ</span> <span class='ocrx_word' id='word_1_670' title='bbox 1444 2252 1458 2280; x_wconf 83' lang='grc' dir='ltr'>ὁ</span> <span class='ocrx_word' id='word_1_671' title='bbox 1474 2256 1519 2281; x_wconf 78' lang='grc' dir='ltr'><strong>τοῦ</strong></span> <span class='ocrx_word' id='word_1_672' title='bbox 1544 2245 1669 2290; x_wconf 58' lang='grc' dir='ltr'><strong>σώμαέος</strong></span> <span class='ocrx_word' id='word_1_673' title='bbox 1699 2250 1815 2279; x_wconf 82' lang='grc' dir='ltr'>κλύδων·</span> <span class='ocrx_word' id='word_1_674' title='bbox 1842 2245 1898 2293; x_wconf 54' lang='grc' dir='ltr'><strong>ᾇλλᾷ</strong></span> 
     </span>
    </p>
   </div>
   <div class='ocr_carea' id='block_1_74' title="bbox 233 2293 1052 2336">
    <p class='ocr_par' dir='ltr' id='par_1_74' title="bbox 233 2293 1052 2336">
     <span class='ocr_line' id='line_1_74' title="bbox 233 2293 1052 2336; baseline 0.001 -11"><span class='ocrx_word' id='word_1_675' title='bbox 233 2293 384 2326; x_wconf 88' lang='lat' dir='ltr'><strong>Geneseos</strong></span> <span class='ocrx_word' id='word_1_676' title='bbox 395 2304 588 2336; x_wconf 91' lang='lat' dir='ltr'><strong>corrumpere</strong></span> <span class='ocrx_word' id='word_1_677' title='bbox 608 2297 720 2328; x_wconf 85' lang='lat' dir='ltr'><strong>veritus</strong></span> <span class='ocrx_word' id='word_1_678' title='bbox 735 2305 794 2327; x_wconf 90' lang='lat' dir='ltr'><strong>non</strong></span> <span class='ocrx_word' id='word_1_679' title='bbox 810 2301 866 2327; x_wconf 91' lang='lat' dir='ltr'><strong>est.</strong></span> <span class='ocrx_word' id='word_1_680' title='bbox 893 2295 1052 2327; x_wconf 86' lang='lat' dir='ltr'><strong>Enimvero</strong></span> 
     </span>
    </p>
   </div>
   <div class='ocr_carea' id='block_1_75' title="bbox 235 2339 1054 2382">
    <p class='ocr_par' dir='ltr' id='par_1_75' title="bbox 235 2339 1054 2382">
     <span class='ocr_line' id='line_1_75' title="bbox 235 2339 1054 2382; baseline 0.002 -13"><span class='ocrx_word' id='word_1_681' title='bbox 235 2347 332 2379; x_wconf 89' lang='lat' dir='ltr'><strong>neque</strong></span> <span class='ocrx_word' id='word_1_682' title='bbox 337 2339 368 2370; x_wconf 89' lang='lat' dir='ltr'><strong>in</strong></span> <span class='ocrx_word' id='word_1_683' title='bbox 376 2340 593 2382; x_wconf 88' lang='lat' dir='ltr'><strong>Bibliis,neque</strong></span> <span class='ocrx_word' id='word_1_684' title='bbox 602 2341 633 2372; x_wconf 91' lang='lat' dir='ltr'><strong>iu</strong></span> <span class='ocrx_word' id='word_1_685' title='bbox 641 2341 719 2372; x_wconf 86' lang='lat' dir='ltr'><strong>notis</strong></span> <span class='ocrx_word' id='word_1_686' title='bbox 727 2340 951 2381; x_wconf 87' lang='lat' dir='ltr'><strong>Nobilii,neque</strong></span> <span class='ocrx_word' id='word_1_687' title='bbox 960 2341 989 2371; x_wconf 90' lang='lat' dir='ltr'><strong>in</strong></span> <span class='ocrx_word' id='word_1_688' title='bbox 996 2340 1054 2371; x_wconf 90' lang='lat' dir='ltr'><strong>He-</strong></span> 
     </span>
    </p>
   </div>
   <div class='ocr_carea' id='block_1_76' title="bbox 234 2383 1052 2426">
    <p class='ocr_par' dir='ltr' id='par_1_76' title="bbox 234 2383 1052 2426">
     <span class='ocr_line' id='line_1_76' title="bbox 234 2383 1052 2426; baseline 0.002 -12"><span class='ocrx_word' id='word_1_689' title='bbox 234 2383 441 2424; x_wconf 87' lang='lat' dir='ltr'><strong>xaplis,neque</strong></span> <span class='ocrx_word' id='word_1_690' title='bbox 454 2385 483 2415; x_wconf 92' lang='lat' dir='ltr'><strong>in</strong></span> <span class='ocrx_word' id='word_1_691' title='bbox 498 2385 565 2418; x_wconf 82' lang='lat' dir='ltr'><strong>aliis</strong></span> <span class='ocrx_word' id='word_1_692' title='bbox 577 2395 642 2426; x_wconf 76' lang='lat' dir='ltr'><strong>quae</strong></span> <span class='ocrx_word' id='word_1_693' title='bbox 656 2385 757 2417; x_wconf 87' lang='lat' dir='ltr'><strong>videre</strong></span> <span class='ocrx_word' id='word_1_694' title='bbox 772 2386 856 2417; x_wconf 86' lang='lat' dir='ltr'><strong>licuit</strong></span> <span class='ocrx_word' id='word_1_695' title='bbox 871 2385 1052 2426; x_wconf 85' lang='lat' dir='ltr'><strong>exemplari-</strong></span> 
     </span>
    </p>
   </div>
   <div class='ocr_carea' id='block_1_77' title="bbox 235 2430 1050 2472">
    <p class='ocr_par' dir='ltr' id='par_1_77' title="bbox 235 2430 1050 2472">
     <span class='ocr_line' id='line_1_77' title="bbox 235 2430 1050 2472; baseline 0 -10"><span class='ocrx_word' id='word_1_696' title='bbox 235 2430 290 2462; x_wconf 91' lang='lat' dir='ltr'><strong>bus</strong></span> <span class='ocrx_word' id='word_1_697' title='bbox 299 2439 423 2471; x_wconf 84' lang='lat' dir='ltr'><strong>usquam</strong></span> <span class='ocrx_word' id='word_1_698' title='bbox 431 2430 616 2470; x_wconf 86' lang='lat' dir='ltr'><strong>legiturGen.</strong></span> <span class='ocrx_word' id='word_1_699' title='bbox 628 2432 864 2472; x_wconf 73' lang='grc' dir='ltr'><strong>ιν,1,ὲκτισᾶμην,</strong></span> <span class='ocrx_word' id='word_1_700' title='bbox 882 2431 1017 2464; x_wconf 74' lang='grc' dir='ltr'><strong>«οι-θεινὶε</strong></span> <span class='ocrx_word' id='word_1_701' title='bbox 1038 2445 1050 2462; x_wconf 77' lang='grc' dir='ltr'>ι</span> 
     </span>
    </p>
   </div>
   <div class='ocr_carea' id='block_1_78' title="bbox 234 2475 1053 2515">
    <p class='ocr_par' dir='ltr' id='par_1_78' title="bbox 234 2475 1053 2515">
     <span class='ocr_line' id='line_1_78' title="bbox 234 2475 1053 2515; baseline 0.002 -9"><span class='ocrx_word' id='word_1_702' title='bbox 234 2475 287 2506; x_wconf 91' lang='lat' dir='ltr'><strong>sed</strong></span> <span class='ocrx_word' id='word_1_703' title='bbox 294 2475 406 2515; x_wconf 88' lang='lat' dir='ltr'><strong>ubique</strong></span> <span class='ocrx_word' id='word_1_704' title='bbox 414 2484 518 2515; x_wconf 77' lang='lat' dir='ltr'><strong>magno</strong></span> <span class='ocrx_word' id='word_1_705' title='bbox 526 2475 672 2507; x_wconf 90' lang='lat' dir='ltr'><strong>librorum</strong></span> <span class='ocrx_word' id='word_1_706' title='bbox 680 2477 759 2507; x_wconf 90' lang='lat' dir='ltr'><strong>inter</strong></span> <span class='ocrx_word' id='word_1_707' title='bbox 771 2485 803 2507; x_wconf 90' lang='lat' dir='ltr'><strong>se</strong></span> <span class='ocrx_word' id='word_1_708' title='bbox 813 2485 962 2508; x_wconf 86' lang='lat' dir='ltr'><strong>consensu</strong></span> <span class='ocrx_word' id='word_1_709' title='bbox 977 2476 1053 2515; x_wconf 80' lang='lat' dir='ltr'><strong>legi-</strong></span> 
     </span>
    </p>
   </div>
   <div class='ocr_carea' id='block_1_79' title="bbox 233 2520 1053 2561">
    <p class='ocr_par' dir='ltr' id='par_1_79' title="bbox 233 2520 1053 2561">
     <span class='ocr_line' id='line_1_79' title="bbox 233 2520 1053 2561; baseline 0.001 -10"><span class='ocrx_word' id='word_1_710' title='bbox 233 2524 281 2551; x_wconf 92' lang='lat' dir='ltr'><strong>tur</strong></span> <span class='ocrx_word' id='word_1_711' title='bbox 293 2520 479 2561; x_wconf 77' lang='grc' dir='ltr'><strong>Ἐκτησάμην,</strong></span> <span class='ocrx_word' id='word_1_712' title='bbox 494 2520 628 2553; x_wconf 79' lang='lat' dir='ltr'><strong>Possedt.</strong></span> <span class='ocrx_word' id='word_1_713' title='bbox 647 2520 714 2553; x_wconf 81' lang='lat' dir='ltr'><strong>Jam</strong></span> <span class='ocrx_word' id='word_1_714' title='bbox 727 2521 884 2553; x_wconf 84' lang='lat' dir='ltr'><strong>audiamus</strong></span> <span class='ocrx_word' id='word_1_715' title='bbox 898 2522 1053 2560; x_wconf 86' lang='lat' dir='ltr'><strong>Basilium,</strong></span> 
     </span>
    </p>
   </div>
   <div class='ocr_carea' id='block_1_80' title="bbox 235 2565 1055 2607">
    <p class='ocr_par' dir='ltr' id='par_1_80' title="bbox 235 2565 1055 2607">
     <span class='ocr_line' id='line_1_80' title="bbox 235 2565 1055 2607; baseline 0.001 -10"><span class='ocrx_word' id='word_1_716' title='bbox 235 2565 289 2604; x_wconf 88' lang='lat' dir='ltr'><strong>qui</strong></span> <span class='ocrx_word' id='word_1_717' title='bbox 304 2566 361 2597; x_wconf 90' lang='lat' dir='ltr'><strong>hoc</strong></span> <span class='ocrx_word' id='word_1_718' title='bbox 383 2565 448 2607; x_wconf 89' lang='lat' dir='ltr'><strong>ipso</strong></span> <span class='ocrx_word' id='word_1_719' title='bbox 463 2565 623 2606; x_wconf 71' lang='lat' dir='ltr'><strong>Scriptum</strong></span> <span class='ocrx_word' id='word_1_720' title='bbox 638 2565 808 2598; x_wconf 89' lang='lat' dir='ltr'><strong>testimonio</strong></span> <span class='ocrx_word' id='word_1_721' title='bbox 830 2565 1004 2598; x_wconf 82' lang='lat' dir='ltr'><strong>ﬁdelissime</strong></span> <span class='ocrx_word' id='word_1_722' title='bbox 1019 2567 1055 2598; x_wconf 88' lang='lat' dir='ltr'><strong>ad</strong></span> 
     </span>
    </p>
   </div>
   <div class='ocr_carea' id='block_1_81' title="bbox 236 2610 1055 2652">
    <p class='ocr_par' dir='ltr' id='par_1_81' title="bbox 236 2610 1055 2652">
     <span class='ocr_line' id='line_1_81' title="bbox 236 2610 1055 2652; baseline 0.001 -11"><span class='ocrx_word' id='word_1_723' title='bbox 236 2611 465 2652; x_wconf 88' lang='lat' dir='ltr'><strong>institutumque</strong></span> <span class='ocrx_word' id='word_1_724' title='bbox 484 2610 792 2642; x_wconf 79' lang='lat' dir='ltr'><strong>accommodatissime</strong></span> <span class='ocrx_word' id='word_1_725' title='bbox 805 2619 876 2642; x_wconf 91' lang='lat' dir='ltr'><strong>usus</strong></span> <span class='ocrx_word' id='word_1_726' title='bbox 893 2614 937 2642; x_wconf 89' lang='lat' dir='ltr'><strong>est</strong></span> <span class='ocrx_word' id='word_1_727' title='bbox 952 2611 1005 2642; x_wconf 90' lang='lat' dir='ltr'><strong>lib.</strong></span> <span class='ocrx_word' id='word_1_728' title='bbox 1021 2620 1055 2650; x_wconf 87' lang='grc' dir='ltr'><strong>ιι,</strong></span> 
     </span>
    </p>
   </div>
   <div class='ocr_carea' id='block_1_82' title="bbox 235 2655 1056 2696">
    <p class='ocr_par' dir='ltr' id='par_1_82' title="bbox 235 2655 1056 2696">
     <span class='ocr_line' id='line_1_82' title="bbox 235 2655 1056 2696; baseline -0.004 -9"><span class='ocrx_word' id='word_1_729' title='bbox 235 2665 319 2688; x_wconf 89' lang='lat' dir='ltr'><strong>num.</strong></span> <span class='ocrx_word' id='word_1_730' title='bbox 352 2656 405 2689; x_wconf 70' lang='grc'><strong>20.</strong></span> <span class='ocrx_word' id='word_1_731' title='bbox 442 2655 492 2688; x_wconf 91' lang='lat' dir='ltr'><strong>Sic</strong></span> <span class='ocrx_word' id='word_1_732' title='bbox 518 2659 617 2687; x_wconf 90' lang='lat' dir='ltr'><strong>autem</strong></span> <span class='ocrx_word' id='word_1_733' title='bbox 648 2655 804 2696; x_wconf 87' lang='lat' dir='ltr'><strong>loquitur:</strong></span> <span class='ocrx_word' id='word_1_734' title='bbox 833 2657 863 2685; x_wconf 88' lang='grc' dir='ltr'><strong>Ὀ</strong></span> <span class='ocrx_word' id='word_1_735' title='bbox 890 2657 940 2696; x_wconf 79' lang='grc' dir='ltr'><strong>γὰρ</strong></span> <span class='ocrx_word' id='word_1_736' title='bbox 963 2657 1056 2694; x_wconf 79' lang='grc' dir='ltr'><strong>εἰπὼν,</strong></span> 
     </span>
    </p>
   </div>
   <div class='ocr_carea' id='block_1_83' title="bbox 237 2700 1057 2742">
    <p class='ocr_par' dir='ltr' id='par_1_83' title="bbox 237 2700 1057 2742">
     <span class='ocr_line' id='line_1_83' title="bbox 237 2700 1057 2742; baseline -0.001 -12"><span class='ocrx_word' id='word_1_737' title='bbox 237 2701 415 2741; x_wconf 78' lang='grc' dir='ltr'><strong>Ἐκτησάμην</strong></span> <span class='ocrx_word' id='word_1_738' title='bbox 444 2701 580 2741; x_wconf 72' lang='grc' dir='ltr'><strong>ἄνθρωπον</strong></span> <span class='ocrx_word' id='word_1_739' title='bbox 608 2700 651 2730; x_wconf 78' lang='grc' dir='ltr'>διὰ</span> <span class='ocrx_word' id='word_1_740' title='bbox 677 2701 724 2730; x_wconf 82' lang='grc' dir='ltr'>τοῦ</span> <span class='ocrx_word' id='word_1_741' title='bbox 753 2705 829 2742; x_wconf 75' lang='grc' dir='ltr'><strong>Θεοῦ¹</strong></span> <span class='ocrx_word' id='word_1_742' title='bbox 869 2702 930 2742; x_wconf 79' lang='grc' dir='ltr'><strong>οὒχῖ</strong></span> <span class='ocrx_word' id='word_1_743' title='bbox 965 2702 1057 2733; x_wconf 63' lang='lat' dir='ltr'><strong>mlas:</strong></span> 
     </span>
    </p>
   </div>
   <div class='ocr_carea' id='block_1_84' title="bbox 237 2746 1058 2788">
    <p class='ocr_par' dir='ltr' id='par_1_84' title="bbox 237 2746 1058 2788">
     <span class='ocr_line' id='line_1_84' title="bbox 237 2746 1058 2788; baseline 0 -13"><span class='ocrx_word' id='word_1_744' title='bbox 237 2748 282 2777; x_wconf 73' lang='grc' dir='ltr'><strong>τὸν</strong></span> <span class='ocrx_word' id='word_1_745' title='bbox 298 2748 378 2787; x_wconf 71' lang='grc' dir='ltr'>Κάϊν,</span> <span class='ocrx_word' id='word_1_746' title='bbox 394 2746 462 2775; x_wconf 80' lang='grc' dir='ltr'>ἀλλὰ</span> <span class='ocrx_word' id='word_1_747' title='bbox 485 2747 628 2787; x_wconf 71' lang='grc' dir='ltr'><strong>γεννήσας,</strong></span> <span class='ocrx_word' id='word_1_748' title='bbox 661 2747 743 2786; x_wconf 69' lang='grc' dir='ltr'><strong>ταύτῃ</strong></span> <span class='ocrx_word' id='word_1_749' title='bbox 772 2747 890 2788; x_wconf 65' lang='grc' dir='ltr'><strong>φαίνεται</strong></span> <span class='ocrx_word' id='word_1_750' title='bbox 912 2747 1058 2787; x_wconf 77' lang='grc' dir='ltr'><strong>χρησάμε-</strong></span> 
     </span>
    </p>
   </div>
   <div class='ocr_carea' id='block_1_85' title="bbox 1094 2289 1898 2337">
    <p class='ocr_par' dir='ltr' id='par_1_85' title="bbox 1094 2289 1898 2337">
     <span class='ocr_line' id='line_1_85' title="bbox 1094 2289 1898 2337; baseline -0.006 -11"><span class='ocrx_word' id='word_1_751' title='bbox 1094 2289 1138 2326; x_wconf 70' lang='lat' dir='ltr'><strong>iui</strong></span> <span class='ocrx_word' id='word_1_752' title='bbox 1167 2300 1219 2326; x_wconf 81' lang='grc' dir='ltr'><strong>πᾶν</strong></span> <span class='ocrx_word' id='word_1_753' title='bbox 1241 2298 1271 2326; x_wconf 81' lang='grc' dir='ltr'>τὸ</span> <span class='ocrx_word' id='word_1_754' title='bbox 1291 2297 1417 2337; x_wconf 73' lang='grc' dir='ltr'><strong>περιέχον</strong></span> <span class='ocrx_word' id='word_1_755' title='bbox 1431 2304 1438 2311; x_wconf 87' lang='grc'><strong><em>³</em></strong></span> <span class='ocrx_word' id='word_1_756' title='bbox 1465 2297 1587 2334; x_wconf 63' lang='grc' dir='ltr'><strong>οὐρανὸς,</strong></span> <span class='ocrx_word' id='word_1_757' title='bbox 1614 2298 1661 2335; x_wconf 76' lang='grc' dir='ltr'><strong>γῆ,</strong></span> <span class='ocrx_word' id='word_1_758' title='bbox 1680 2295 1809 2331; x_wconf 64' lang='grc' dir='ltr'><strong>θάλασσα,</strong></span> <span class='ocrx_word' id='word_1_759' title='bbox 1823 2289 1898 2320; x_wconf 72' lang='grc' dir='ltr'>καὶτᾶ</span> 
     </span>
    </p>
   </div>
   <div class='ocr_carea' id='block_1_86' title="bbox 1095 2338 1897 2381">
    <p class='ocr_par' dir='ltr' id='par_1_86' title="bbox 1095 2338 1897 2381">
     <span class='ocr_line' id='line_1_86' title="bbox 1095 2338 1897 2381; baseline -0.007 -7"><span class='ocrx_word' id='word_1_760' title='bbox 1095 2343 1123 2371; x_wconf 80' lang='grc' dir='ltr'><strong>ἐν</strong></span> <span class='ocrx_word' id='word_1_761' title='bbox 1137 2343 1242 2375; x_wconf 79' lang='grc' dir='ltr'><strong>τούτοις</strong></span> <span class='ocrx_word' id='word_1_762' title='bbox 1255 2342 1366 2381; x_wconf 79' lang='grc' dir='ltr'><strong>λογικά.</strong></span> <span class='ocrx_word' id='word_1_763' title='bbox 1384 2341 1534 2372; x_wconf 71' lang='lat' dir='ltr'><strong>«Accedat</strong></span> <span class='ocrx_word' id='word_1_764' title='bbox 1546 2345 1646 2372; x_wconf 87' lang='lat' dir='ltr'><strong>autem</strong></span> <span class='ocrx_word' id='word_1_765' title='bbox 1656 2338 1815 2380; x_wconf 84' lang='lat' dir='ltr'><strong>tranquillo</strong></span> <span class='ocrx_word' id='word_1_766' title='bbox 1823 2339 1897 2367; x_wconf 77' lang='lat' dir='ltr'><strong>statu.</strong></span> 
     </span>
    </p>
   </div>
   <div class='ocr_carea' id='block_1_87' title="bbox 1095 2385 1898 2430">
    <p class='ocr_par' dir='ltr' id='par_1_87' title="bbox 1095 2385 1898 2430">
     <span class='ocr_line' id='line_1_87' title="bbox 1095 2385 1898 2430; baseline -0.006 -12"><span class='ocrx_word' id='word_1_767' title='bbox 1095 2386 1157 2418; x_wconf 85' lang='lat' dir='ltr'><strong>Nec</strong></span> <span class='ocrx_word' id='word_1_768' title='bbox 1165 2386 1261 2418; x_wconf 91' lang='lat' dir='ltr'><strong>solum</strong></span> <span class='ocrx_word' id='word_1_769' title='bbox 1272 2395 1380 2427; x_wconf 85' lang='lat' dir='ltr'><strong>corpus</strong></span> <span class='ocrx_word' id='word_1_770' title='bbox 1389 2387 1452 2426; x_wconf 90' lang='lat' dir='ltr'><strong>ejus</strong></span> <span class='ocrx_word' id='word_1_771' title='bbox 1464 2385 1692 2430; x_wconf 83' lang='lat' dir='ltr'><strong>circumjacens,</strong></span> <span class='ocrx_word' id='word_1_772' title='bbox 1705 2386 1832 2430; x_wconf 53' lang='lat' dir='ltr'><strong>maestus</strong></span> <span class='ocrx_word' id='word_1_773' title='bbox 1841 2387 1898 2430; x_wconf 46' lang='lat' dir='ltr'><strong>cor:</strong></span> 
     </span>
    </p>
   </div>
   <div class='ocr_carea' id='block_1_88' title="bbox 1096 2425 1899 2472">
    <p class='ocr_par' dir='ltr' id='par_1_88' title="bbox 1096 2425 1899 2472">
     <span class='ocr_line' id='line_1_88' title="bbox 1096 2425 1899 2472; baseline -0.007 -10"><span class='ocrx_word' id='word_1_774' title='bbox 1096 2433 1177 2472; x_wconf 88' lang='lat' dir='ltr'><strong>poris</strong></span> <span class='ocrx_word' id='word_1_775' title='bbox 1188 2425 1350 2471; x_wconf 82' lang='lat' dir='ltr'><strong>tranquilla</strong></span> <span class='ocrx_word' id='word_1_776' title='bbox 1360 2425 1420 2462; x_wconf 85' lang='lat' dir='ltr'><strong>sint</strong></span> <span class='ocrx_word' id='word_1_777' title='bbox 1433 2441 1440 2462; x_wconf 86' lang='lat'><strong><em>:</em></strong></span> <span class='ocrx_word' id='word_1_778' title='bbox 1454 2430 1509 2461; x_wconf 91' lang='lat' dir='ltr'><strong>sed</strong></span> <span class='ocrx_word' id='word_1_779' title='bbox 1522 2429 1610 2462; x_wconf 87' lang='lat' dir='ltr'><strong>etiam</strong></span> <span class='ocrx_word' id='word_1_780' title='bbox 1622 2428 1767 2470; x_wconf 88' lang='lat' dir='ltr'><strong>quidquid</strong></span> <span class='ocrx_word' id='word_1_781' title='bbox 1779 2425 1863 2459; x_wconf 83' lang='lat' dir='ltr'><strong>ambit</strong></span> 
     </span>
    </p>
   </div>
   <div class='ocr_carea' id='block_1_89' title="bbox 1096 2470 1898 2517">
    <p class='ocr_par' dir='ltr' id='par_1_89' title="bbox 1096 2470 1898 2517">
     <span class='ocr_line' id='line_1_89' title="bbox 1096 2470 1898 2517; baseline -0.009 -9"><span class='ocrx_word' id='word_1_782' title='bbox 1096 2470 1362 2517; x_wconf 70' lang='lat' dir='ltr'><strong>circumplectitur,</strong></span> <span class='ocrx_word' id='word_1_783' title='bbox 1379 2475 1487 2507; x_wconf 65' lang='lat' dir='ltr'><strong>coelum</strong></span> <span class='ocrx_word' id='word_1_784' title='bbox 1503 2474 1651 2513; x_wconf 89' lang='lat' dir='ltr'><strong>videlicet,</strong></span> <span class='ocrx_word' id='word_1_785' title='bbox 1675 2479 1766 2511; x_wconf 84' lang='lat' dir='ltr'><strong>terra,</strong></span> <span class='ocrx_word' id='word_1_786' title='bbox 1778 2478 1861 2507; x_wconf 87' lang='lat' dir='ltr'><strong>mare,</strong></span> <span class='ocrx_word' id='word_1_787' title='bbox 1874 2470 1898 2517; x_wconf 53' lang='grc' dir='ltr'><strong>εἴ</strong></span> 
     </span>
    </p>
   </div>
   <div class='ocr_carea' id='block_1_90' title="bbox 1097 2518 1897 2563">
    <p class='ocr_par' dir='ltr' id='par_1_90' title="bbox 1097 2518 1897 2563">
     <span class='ocr_line' id='line_1_90' title="bbox 1097 2518 1897 2563; baseline -0.009 -11"><span class='ocrx_word' id='word_1_788' title='bbox 1097 2530 1163 2561; x_wconf 60' lang='lat' dir='ltr'><strong>quas</strong></span> <span class='ocrx_word' id='word_1_789' title='bbox 1177 2521 1208 2552; x_wconf 91' lang='lat' dir='ltr'><strong>in</strong></span> <span class='ocrx_word' id='word_1_790' title='bbox 1223 2521 1260 2552; x_wconf 91' lang='lat' dir='ltr'><strong>iis</strong></span> <span class='ocrx_word' id='word_1_791' title='bbox 1274 2524 1345 2552; x_wconf 88' lang='lat' dir='ltr'><strong>sunt</strong></span> <span class='ocrx_word' id='word_1_792' title='bbox 1367 2519 1537 2552; x_wconf 84' lang='lat' dir='ltr'><strong>rationalia.</strong></span> <span class='ocrx_word' id='word_1_793' title='bbox 1551 2531 1565 2547; x_wconf 81' lang='grc'>»</span> <span class='ocrx_word' id='word_1_794' title='bbox 1592 2518 1681 2555; x_wconf 87' lang='lat' dir='ltr'><strong>Quasi</strong></span> <span class='ocrx_word' id='word_1_795' title='bbox 1696 2526 1766 2549; x_wconf 81' lang='lat' dir='ltr'><strong>vero</strong></span> <span class='ocrx_word' id='word_1_796' title='bbox 1780 2519 1897 2563; x_wconf 43' lang='lat' dir='ltr'><strong>situmul‘n</strong></span> 
     </span>
    </p>
   </div>
   <div class='ocr_carea' id='block_1_91' title="bbox 1096 2555 1896 2610">
    <p class='ocr_par' dir='ltr' id='par_1_91' title="bbox 1096 2555 1896 2610">
     <span class='ocr_line' id='line_1_91' title="bbox 1096 2555 1896 2610; baseline -0.009 -13"><span class='ocrx_word' id='word_1_797' title='bbox 1096 2555 1184 2597; x_wconf 76' lang='lat' dir='ltr'><strong>nobis</strong></span> <span class='ocrx_word' id='word_1_798' title='bbox 1194 2569 1284 2607; x_wconf 89' lang='lat' dir='ltr'><strong>esset,</strong></span> <span class='ocrx_word' id='word_1_799' title='bbox 1300 2569 1333 2597; x_wconf 91' lang='lat' dir='ltr'><strong>ut</strong></span> <span class='ocrx_word' id='word_1_800' title='bbox 1348 2565 1455 2598; x_wconf 69' lang='lat' dir='ltr'><strong>emtum</strong></span> <span class='ocrx_word' id='word_1_801' title='bbox 1474 2569 1611 2610; x_wconf 82' lang='lat' dir='ltr'><strong>terraque</strong></span> <span class='ocrx_word' id='word_1_802' title='bbox 1625 2568 1654 2595; x_wconf 92' lang='lat' dir='ltr'><strong>et</strong></span> <span class='ocrx_word' id='word_1_803' title='bbox 1666 2571 1747 2594; x_wconf 87' lang='lat' dir='ltr'><strong>mare</strong></span> <span class='ocrx_word' id='word_1_804' title='bbox 1757 2555 1896 2610; x_wconf 73' lang='lat' dir='ltr'><strong>tranquilla</strong></span> 
     </span>
    </p>
   </div>
   <div class='ocr_carea' id='block_1_92' title="bbox 1097 2604 1896 2654">
    <p class='ocr_par' dir='ltr' id='par_1_92' title="bbox 1097 2604 1896 2654">
     <span class='ocr_line' id='line_1_92' title="bbox 1097 2604 1896 2654; baseline -0.01 -12"><span class='ocrx_word' id='word_1_805' title='bbox 1097 2604 1293 2648; x_wconf 66' lang='grc' dir='ltr'><strong>τοι-θυι.ουοᾶ</strong></span> <span class='ocrx_word' id='word_1_806' title='bbox 1304 2610 1492 2652; x_wconf 87' lang='lat' dir='ltr'><strong>sequitur,ita</strong></span> <span class='ocrx_word' id='word_1_807' title='bbox 1507 2604 1669 2654; x_wconf 79' lang='lat' dir='ltr'><strong>obscurum</strong></span> <span class='ocrx_word' id='word_1_808' title='bbox 1684 2612 1739 2654; x_wconf 67' lang='lat' dir='ltr'><strong>est,</strong></span> <span class='ocrx_word' id='word_1_809' title='bbox 1756 2609 1788 2637; x_wconf 91' lang='lat' dir='ltr'><strong>ut</strong></span> <span class='ocrx_word' id='word_1_810' title='bbox 1801 2604 1896 2654; x_wconf 47' lang='lat' dir='ltr'><strong>docti?</strong></span> 
     </span>
    </p>
   </div>
   <div class='ocr_carea' id='block_1_93' title="bbox 1098 2650 1897 2697">
    <p class='ocr_par' dir='ltr' id='par_1_93' title="bbox 1098 2650 1897 2697">
     <span class='ocr_line' id='line_1_93' title="bbox 1098 2650 1897 2697; baseline -0.009 -10"><span class='ocrx_word' id='word_1_811' title='bbox 1098 2656 1167 2688; x_wconf 83' lang='lat' dir='ltr'><strong>simi</strong></span> <span class='ocrx_word' id='word_1_812' title='bbox 1182 2656 1240 2687; x_wconf 89' lang='lat' dir='ltr'><strong>duo</strong></span> <span class='ocrx_word' id='word_1_813' title='bbox 1255 2656 1311 2688; x_wconf 91' lang='lat' dir='ltr'><strong>viri</strong></span> <span class='ocrx_word' id='word_1_814' title='bbox 1319 2650 1533 2697; x_wconf 78' lang='lat' dir='ltr'><strong>Trapexuntius</strong></span> <span class='ocrx_word' id='word_1_815' title='bbox 1543 2657 1573 2686; x_wconf 94' lang='lat' dir='ltr'><strong>et</strong></span> <span class='ocrx_word' id='word_1_816' title='bbox 1582 2651 1778 2697; x_wconf 79' lang='lat' dir='ltr'><strong>Combelisius</strong></span> <span class='ocrx_word' id='word_1_817' title='bbox 1786 2650 1897 2697; x_wconf 48' lang='lat' dir='ltr'><strong>scriptu:</strong></span> 
     </span>
    </p>
   </div>
   <div class='ocr_carea' id='block_1_94' title="bbox 1097 2689 1898 2734">
    <p class='ocr_par' dir='ltr' id='par_1_94' title="bbox 1097 2689 1898 2734">
     <span class='ocr_line' id='line_1_94' title="bbox 1097 2689 1898 2734; baseline -0.012 -2"><span class='ocrx_word' id='word_1_818' title='bbox 1097 2701 1140 2733; x_wconf 90' lang='lat' dir='ltr'><strong>ris</strong></span> <span class='ocrx_word' id='word_1_819' title='bbox 1155 2705 1333 2734; x_wconf 82' lang='lat' dir='ltr'><strong>sententiam</strong></span> <span class='ocrx_word' id='word_1_820' title='bbox 1348 2689 1408 2733; x_wconf 75' lang='lat' dir='ltr'><strong>non</strong></span> <span class='ocrx_word' id='word_1_821' title='bbox 1423 2699 1554 2732; x_wconf 86' lang='lat' dir='ltr'><strong>assecuti</strong></span> <span class='ocrx_word' id='word_1_822' title='bbox 1567 2698 1663 2730; x_wconf 84' lang='lat' dir='ltr'><strong>fuisse</strong></span> <span class='ocrx_word' id='word_1_823' title='bbox 1688 2696 1846 2728; x_wconf 89' lang='lat' dir='ltr'><strong>videantur.</strong></span> <span class='ocrx_word' id='word_1_824' title='bbox 1858 2689 1898 2721; x_wconf 78' lang='lat' dir='ltr'><strong>Est</strong></span> 
     </span>
    </p>
   </div>
   <div class='ocr_carea' id='block_1_95' title="bbox 1100 2733 1898 2787">
    <p class='ocr_par' dir='ltr' id='par_1_95' title="bbox 1100 2733 1898 2787">
     <span class='ocr_line' id='line_1_95' title="bbox 1100 2733 1898 2787; baseline -0.013 -10"><span class='ocrx_word' id='word_1_825' title='bbox 1100 2749 1199 2778; x_wconf 89' lang='lat' dir='ltr'><strong>autem</strong></span> <span class='ocrx_word' id='word_1_826' title='bbox 1215 2733 1363 2787; x_wconf 83' lang='lat' dir='ltr'><strong>ejusmodi</strong></span> <span class='ocrx_word' id='word_1_827' title='bbox 1381 2757 1388 2778; x_wconf 92' lang='lat'>:</span> <span class='ocrx_word' id='word_1_828' title='bbox 1409 2747 1456 2777; x_wconf 75' lang='grc' dir='ltr'><strong>Καὶ</strong></span> <span class='ocrx_word' id='word_1_829' title='bbox 1472 2748 1544 2774; x_wconf 79' lang='grc' dir='ltr'>πᾶσα</span> <span class='ocrx_word' id='word_1_830' title='bbox 1557 2744 1704 2776; x_wconf 81' lang='grc' dir='ltr'>ὑπόστασις</span> <span class='ocrx_word' id='word_1_831' title='bbox 1725 2739 1838 2774; x_wconf 74' lang='grc' dir='ltr'><strong>δικαίων,</strong></span> <span class='ocrx_word' id='word_1_832' title='bbox 1863 2733 1898 2763; x_wconf 61' lang='grc' dir='ltr'><strong>παῖ</strong></span> 
     </span>
    </p>
   </div>
   <div class='ocr_carea' id='block_1_96' title="bbox 276 2825 1144 2866">
    <p class='ocr_par' dir='ltr' id='par_1_96' title="bbox 276 2825 1144 2866">
     <span class='ocr_line' id='line_1_96' title="bbox 276 2825 1144 2866; baseline -0.001 -8"><span class='ocrx_word' id='word_1_833' title='bbox 276 2826 309 2853; x_wconf 77' lang='grc' dir='ltr'><strong>ϐυ</strong></span> <span class='ocrx_word' id='word_1_834' title='bbox 322 2825 400 2858; x_wconf 82' lang='lat' dir='ltr'><strong>Psal.</strong></span> <span class='ocrx_word' id='word_1_835' title='bbox 417 2834 447 2865; x_wconf 73' lang='grc' dir='ltr'><strong>ι,</strong></span> <span class='ocrx_word' id='word_1_836' title='bbox 462 2828 511 2858; x_wconf 71' lang='grc'><strong>12.</strong></span> <span class='ocrx_word' id='word_1_837' title='bbox 554 2827 585 2854; x_wconf 85' lang='lat'><strong>70</strong></span> <span class='ocrx_word' id='word_1_838' title='bbox 600 2827 678 2860; x_wconf 79' lang='lat' dir='ltr'><strong>Psel.</strong></span> <span class='ocrx_word' id='word_1_839' title='bbox 695 2836 763 2866; x_wconf 80' lang='lat' dir='ltr'><strong>xxx,</strong></span> <span class='ocrx_word' id='word_1_840' title='bbox 782 2826 811 2859; x_wconf 90' lang='lat'><strong>3.</strong></span> <span class='ocrx_word' id='word_1_841' title='bbox 855 2827 878 2849; x_wconf 83' lang='grc'><strong>⁷¹</strong></span> <span class='ocrx_word' id='word_1_842' title='bbox 896 2827 975 2859; x_wconf 86' lang='lat' dir='ltr'><strong>Psal.</strong></span> <span class='ocrx_word' id='word_1_843' title='bbox 991 2835 1082 2865; x_wconf 84' lang='lat' dir='ltr'><strong>cxvu,</strong></span> <span class='ocrx_word' id='word_1_844' title='bbox 1094 2827 1144 2858; x_wconf 74' lang='grc'><strong>21.</strong></span> 
     </span>
    </p>
   </div>
  </div>
