2004 3143
209 177 361 202 CCLXXXVI

917 172 1210 206 PROLEGOMENA.

210 242 303 268 totum
311 238 620 278 occuparerecolendo
635 239 798 271 Dominica
815 238 1022 271 Circumcisio-
1033 247 1051 266 Α
1065 239 1263 278 perdurarit.»
1273 241 1341 272 Haec
1351 246 1382 271 ut
1394 241 1492 281 quoad
1505 250 1568 273 rem
1580 241 1722 282 pleraque
1732 248 1901 283 verasunt,

209 283 257 314 nis
264 284 411 324 mysterio.
417 284 469 315 His
477 285 624 315 recentior
632 285 802 316 Graecorum
815 284 1030 325 pietas,sa3culo

212 337 243 358 xr
257 328 372 360 addidit
395 329 514 359 tertium
534 329 592 369 ipsi
616 328 818 369 Gregorioque
836 329 987 368 Theologo
1003 333 1031 359 et

209 375 314 405 .loanni
323 374 529 414 Chrysostomo
539 375 738 406 communiter
748 375 973 407 celebrandum.
990 376 1031 406 De

208 419 265 450 hoc
272 419 436 450 ditTerimus
445 429 531 459 agere
538 429 632 461 usque
641 421 784 461 postActa
794 421 859 452 vitae
869 420 962 451 fusius
977 429 1030 451 ex—

209 464 673 505 plicandazdeprioribusduobus
681 465 795 505 przefari
805 465 910 505 placet.
925 465 1032 495 Latinis

210 519 280 548 ergo
295 510 509 549 Martyrologiis
522 510 578 540 hoc
594 519 643 541 xxv
657 510 737 541 Junii
753 510 900 549 ascriptus
912 514 1031 541 sanctus

213 554 338 584 Basilius
354 559 398 584 est
415 565 423 584 :
451 564 509 585 non
525 561 595 586 sunt
618 559 715 586 tamen
732 555 939 595 antiquissima
956 555 1003 585 illa
1021 565 1027 585 :

208 603 304 630 tacent
319 599 398 629 enim
414 599 451 630 de
467 600 574 631 Basilio
591 600 816 640 Hieronymiani
831 599 1031 640 Martyrologii

208 644 352 684 ecgrapba
366 644 466 675 omnia
481 653 487 675 :
506 654 622 676 necnon
637 646 786 685 genuinus
802 644 892 681 Beda,
912 645 1029 676 omnia-

207 698 264 730 que
281 689 368 720 Bedzn
385 694 496 720 vetusta
517 689 742 730 Supplementa,
768 699 826 721 una
852 699 918 720 cum
943 690 1029 720 Floro

207 734 446 773 Lugdunensi,ac
455 735 822 774 deniqueWandelbertus
833 734 1028 767 Prumiensis.

207 779 334 810 Primiin
345 779 395 810 illo
406 780 639 820 nominando,ex
654 780 806 811 communi
816 784 915 811 tamen
928 780 1029 811 nescio

206 833 264 862 quo
280 824 370 860 fonte,
389 824 506 855 fuerunt
520 823 674 856 Usuardus
689 829 718 855 et
733 825 795 855 Ado
809 835 815 854 ε
830 834 957 865 quorum
972 825 1031 865 pri-

208 878 284 905 mus,
303 878 385 899 more
396 878 450 899 suo
462 869 591 906 brevior,
605 869 641 900 ad
660 878 731 900 xvm
745 869 892 900 Kalendas
907 869 974 901 Julii
988 870 1029 901 sic

1072 284 1113 315 ita
1129 284 1159 315 in
1173 285 1402 316 circumstantiis
1417 286 1454 316 ab
1470 286 1592 317 historia
1606 286 1731 317 multum
1742 286 1901 329 aberrant;

1072 329 1151 369 quod
1169 329 1279 370 patebit
1293 330 1496 362 consideranti
1508 331 1580 361 Acta
1592 331 1717 362 inferius
1728 331 1838 363 danda.
1855 334 1902 364 Ex

1072 374 1178 405 Adone
1194 379 1291 406 tamen
1307 375 1486 416 ostenditur,
1500 380 1635 406 sanctum
1647 376 1798 413 Basilium,
1811 378 1903 408 annis

1072 418 1182 450 abhinc
1197 420 1375 459 octingentis
1392 420 1450 451 coli
1466 421 1564 451 solere
1581 421 1636 452 bac
1650 421 1768 452 decima
1793 427 1905 462 quarta

1071 463 1150 494 Junii
1165 474 1172 502 ;
1190 465 1319 505 indeque
1335 465 1477 495 suadetur
1499 465 1602 496 eadem
1619 466 1667 496 die
1691 471 1903 498 consecratum

1072 509 1243 549 episcopum
1259 520 1266 550 ;
1282 510 1414 550 quamvis
1444 510 1599 549 ignoretur
1616 511 1695 542 unde
1725 511 1781 542 hoc
1805 511 1903 542 Latini

1072 558 1262 594 acceperint;
1279 554 1447 585 tacentibus
1463 555 1584 587 Graecis.

1113 598 1142 629 3.
1157 598 1283 630 Usuardi
1296 599 1424 630 Lubecae
1433 601 1534 630 excusi
1547 603 1576 630 et
1587 600 1711 631 Florarii
1722 599 1901 632 Sanctorum

1071 648 1218 684 auctores,
1236 653 1302 674 cum
1319 644 1418 674 forsan
1432 644 1603 683 ignorarent
1617 654 1675 685 qua
1686 645 1723 675 de
1735 654 1823 676 causa
1834 646 1901 677 dies

1072 688 1121 718 hic
1137 689 1242 719 Basilio
1271 698 1356 719 sacer
1379 689 1548 726 haberetur,
1580 689 1806 721 translationem
1832 691 1901 730 ejus

1071 733 1297 774 quamdam,sed
1311 733 1451 765 omnibus
1464 734 1668 774 aliisignotam
1679 735 1898 774 excogitarunt,

1071 778 1190 809 Primus
1208 787 1215 809 :
1236 791 1249 806 «
1277 778 1363 818 Apud
1379 780 1542 810 Caesaream
1569 779 1772 820 Cappadocia,
1790 780 1897 821 inquit,

1072 823 1223 855 translatio
1234 824 1264 854 S.
1284 823 1395 860 Basilii,
1410 823 1540 863 episcopi
1554 824 1783 856 etconfessoris.
1801 837 1810 852 ι
1827 824 1899 855 Flo-

1071 868 1180 898 rarium
1194 868 1299 898 iisdem
1314 868 1407 905 addit,
1423 880 1435 896 α
1452 868 1553 899 fratris
1563 868 1697 908 Gregorii
1710 874 1739 900 et
1752 869 1898 910 Petri,qui

205 913 308 944 scribit
322 914 350 944 in
362 913 499 944 omnibus
513 914 574 945 fere
585 915 805 953 exemplaribus
820 925 825 945 :
843 927 854 941 «
870 915 956 954 Apud
969 916 1030 946 Ca3-
1043 926 1059 950 Β
1072 917 1207 953 tempore
1218 913 1703 953 Valentisimperstoris,doctrina
1715 919 1743 944 et
1753 914 1900 954 sapientia

204 969 317 990 saream
333 960 527 1000 Cappadociae
540 960 649 991 Natalis
659 961 690 992 S.
705 961 806 992 Basilii
819 961 962 1001 episcopi,
977 961 1028 1000 qui

208 1009 340 1044 tempore
357 1005 489 1035 Valentis
509 1005 643 1036 doctrina
669 1010 698 1036 et
723 1006 866 1046 sapientia
894 1006 1028 1045 insignis,

205 1049 404 1090 omnibusque
418 1049 575 1080 virtutibus
592 1050 741 1086 fundatus,
756 1050 934 1081 mirabiliter
946 1051 1029 1081 eﬂ‘ul-

206 1095 253 1125 sit.
275 1107 286 1121 ››
305 1095 364 1125 Per
377 1094 503 1125 natalem
521 1094 612 1132 diem,
629 1095 718 1125 alium
732 1095 779 1125 hic
793 1095 960 1134 intelligere
972 1105 1028 1126 non

209 1148 375 1179 possumus,
392 1149 481 1179 quam
497 1139 732 1170 anniversarium
755 1140 960 1177 ordinationis,
990 1137 1030 1170 uti

206 1189 327 1214 sanctus
343 1185 402 1215 Leo
419 1183 549 1223 Magnus,
562 1193 699 1215 sermone
710 1184 795 1215 tertio
812 1186 841 1214 in
854 1185 1030 1216 anniversa-

205 1229 251 1258 rio
267 1228 476 1268 assumptionis
492 1238 567 1263 suae,
586 1238 652 1259 eum
671 1230 821 1260 servitutis
844 1239 906 1259 sum
923 1230 1027 1260 natali-

207 1273 279 1303 tium
295 1273 373 1303 diem
400 1273 539 1313 appellat.
565 1274 633 1304 Ideo
659 1274 836 1304 hodiernum
863 1274 1028 1305 Romanum

208 1318 456 1357 Martyrolegium,
474 1319 595 1349 servatis
611 1318 677 1348 aliis
694 1318 819 1350 Usuardi
835 1318 947 1359 verbis,
965 1319 1030 1349 loco

208 1362 328 1400 Natalis,
365 1363 581 1393 ordinationem
609 1363 730 1402 posuit;
756 1363 925 1403 addiditque
952 1364 1029 1403 quod

207 1407 370 1438 Ecclesiam
381 1407 526 1438 adversus
537 1408 661 1438 Arianos
674 1412 702 1438 et
715 1407 943 1439 Macedonianos
955 1409 1031 1440 mira

206 1452 371 1482 constantia
388 1451 532 1482 defendit.

248 1540 277 1570 2.
294 1541 367 1574 Ado.
383 1541 469 1581 cujus
487 1542 583 1581 priora
597 1542 686 1573 verba
702 1543 888 1582 transcripsit
903 1543 967 1583 ejus
981 1542 1030 1574 ab-

1071 958 1208 997 iusignis;
1225 967 1292 988 cum
1310 958 1373 998 ipse
1391 958 1554 998 imperator
1569 959 1605 989 de
1620 958 1700 988 illius
1714 959 1818 990 exsilio
1833 969 1902 990 sen-

1072 1004 1190 1033 tentiam
1218 1002 1304 1032 vellet
1327 1003 1470 1039 scribere,
1500 1003 1624 1043 primus,
1635 1004 1899 1040 secundus,etter-

1073 1048 1129 1078 tius
1142 1047 1272 1078 calamus
1287 1048 1396 1078 fractus
1408 1052 1453 1078 est
1467 1058 1474 1085 ;
1487 1049 1566 1078 unde
1577 1047 1748 1088 indignatus
1763 1049 1896 1080 chartam

1073 1093 1169 1132 fregit.
1188 1092 1297 1123 tilaruit
1313 1102 1390 1123 anno
1413 1092 1517 1123 salutis
1533 1093 1601 1124 369.
1622 1105 1635 1120 ι)
1664 1094 1899 1133 Manuscriptum

1073 1137 1242 1174 S.Gudul$,
1249 1147 1307 1168 non
1317 1137 1499 1167 translationi
1507 1137 1559 1168 sed
1569 1138 1735 1174 elevationi,
1742 1139 1830 1178 hujus
1838 1139 1898 1170 diei

1073 1184 1179 1214 festum
1195 1182 1335 1213 ascribit:
1349 1187 1378 1212 et
1389 1188 1484 1221 recte,
1498 1183 1522 1212 si
1536 1187 1641 1221 praeter
1651 1183 1836 1214 ordinarium
1852 1184 1897 1214 lo-

1072 1228 1181 1269 quendi
1195 1227 1583 1267 modum,perelevationcm
1593 1227 1771 1267 intelligeret
1783 1228 1898 1259 exalta-

1072 1274 1182 1304 tionem
1200 1273 1266 1312 ejus
1277 1273 1307 1302 in
1322 1272 1491 1303 cathedram
1503 1273 1714 1312 episcopalem.
1726 1273 1856 1304 Additur
1866 1273 1897 1304 in

1072 1318 1176 1349 eodem
1186 1317 1315 1348 Florario
1323 1317 1450 1356 elogium
1457 1317 1502 1356 ,ab
1509 1316 1574 1347 aliis
1581 1316 1710 1348 Usuardi
1719 1318 1899 1358 apographis

1073 1363 1234 1398 diversum,
1253 1372 1308 1393 nec
1325 1361 1436 1392 erroris
1451 1371 1567 1402 expers.
1589 1375 1601 1389 α
1619 1363 1705 1401 Apud
1733 1362 1896 1393 Caesaream

1073 1407 1278 1447 Cappadocire,
1296 1407 1420 1437 elevatio
1435 1407 1512 1437 beati
1537 1411 1566 1437 et
1583 1407 1679 1445 magni
1700 1408 1811 1443 Basilii,
1828 1409 1896 1446 epi-

1071 1452 1152 1492 scopi
1172 1456 1201 1482 et
1214 1451 1408 1488 confessoris,
1437 1451 1535 1482 fratris
1557 1452 1650 1483 sancti
1677 1451 1812 1492 Gregorii
1837 1453 1896 1484 Na-

1070 1497 1200 1528 zianzeni
1217 1502 1245 1527 et
1261 1496 1339 1527 Petri
1357 1497 1420 1527 :cui
1432 1496 1567 1527 Christus
1586 1506 1653 1527 cum
1669 1498 1732 1528 suis
1756 1498 1897 1536 apostolis

1071 1550 1227 1583 apparens,
1243 1541 1441 1572 ministerium
1452 1541 1546 1572 Missa
1556 1541 1656 1572 docuit
1669 1552 1675 1572 :
1689 1546 1718 1572 et
1729 1542 1816 1582 cujus
1829 1552 1898 1582 pre-

207 1586 589 1626 breviatoranonymus,qui
602 1587 658 1618 sub
671 1588 761 1619 Bedae
775 1588 894 1618 nomine
907 1588 1019 1619 circum
1040 1609 1059 1634 ε
1072 1587 1156 1618 cibus
1182 1585 1420 1634 Ep_lirem_Syrus
1434 1585 1536 1616 Grazce
1553 1586 1669 1634 locutus
1684 1590 1730 1617 est
1746 1597 1752 1618 :
1785 1588 1897 1628 quique

207 1630 312 1666 fertur,
337 1635 366 1661 et
394 1632 550 1662 Baronium
580 1632 713 1672 aliosque
742 1633 842 1672 plures
869 1632 971 1663 fefellit
997 1630 1198 1663 ac'mortem
1214 1630 1325 1661 Juliani
1344 1631 1775 1670 Apostataeperrevelationem
1791 1642 1899 1671 cogno-

209 1675 292 1715 i‘allit,
310 1675 387 1711 Ado,
418 1676 550 1716 inquam,
580 1677 616 1708 ad
646 1677 774 1708 similem
805 1678 866 1708 fere
893 1677 1030 1708 Usuardo

206 1720 532 1756 commemorationem,
545 1722 592 1752 his
600 1721 698 1752 verbis
706 1726 880 1762 conceptam
896 1732 902 1751 :
920 1733 930 1749 α
945 1722 1029 1761 Apud

208 1764 373 1795 Caesaream
388 1765 581 1805 Cappadocia)
593 1769 684 1797 sancti
698 1766 797 1797 Basilii
810 1766 954 1806 episcopi,
968 1766 1029 1796 fra-

208 1810 260 1839 tris
271 1808 405 1848 Gregorii
417 1815 445 1839 et
466 1810 554 1847 Petri,
571 1823 582 1839 ιι
610 1811 759 1851 prolixiori
776 1811 871 1850 elogio
888 1811 1026 1842 eumdem

206 1854 249 1884 sic
260 1854 468 1894 prosequitur:
485 1868 497 1883 α
511 1855 566 1891 Qui
579 1865 643 1886 cum
655 1861 733 1887 esset
754 1856 893 1887 omnibus
913 1856 1011 1886 virtuti

207 1898 260 1929 bus
272 1898 422 1936 fundatus,
439 1903 468 1929 et
482 1900 608 1941 quodam
625 1905 761 1940 tempore
772 1911 788 1932 a
800 1900 924 1932 Valente
937 1901 1031 1941 impe-

208 1946 306 1974 ratore
322 1943 352 1973 in
369 1943 507 1974 exsilium
525 1954 576 1985 pro
589 1945 647 1976 fide
657 1950 821 1985 cogeretur,
835 1946 984 1977 exhibitus
993 1944 1029 1976 ad

208 1987 341 2018 tribunal
360 1988 500 2029 praefecti,
526 1989 748 2030 terroribusque
765 1994 805 2025 (ut
821 1991 864 2021 illi
880 1991 971 2022 moris
986 1993 1031 2022 est

208 2033 356 2072 potestati)
384 2037 412 2064 et
426 2033 513 2064 minis
524 2035 662 2065 maximis
672 2035 717 2075 agi
729 2035 829 2076 coepit,
840 2040 872 2066 ut
883 2036 940 2066 nisi
951 2046 1028 2076 pra;-

206 2077 301 2116 ceptis
311 2078 454 2118 principis
462 2078 766 2117 obediret,interitum
776 2080 832 2112 sibi
838 2081 899 2121 jam
905 2081 1028 2122 jamque

207 2127 342 2166 speraret
353 2121 628 2163 impendere.Tunc
640 2125 873 2166 ille,intrepidus
881 2129 908 2155 et
917 2121 1028 2166 absque

205 2165 267 2196 ulla
280 2166 371 2197 animi
389 2167 622 2209 perturbatione,
640 2169 704 2200 haec
719 2169 774 2200 sibi
787 2165 933 2200 minitanti
950 2165 1026 2210 prae-

206 2211 283 2242 fecto
299 2212 489 2251 respondisse
504 2213 597 2244 fertur
614 2224 620 2242 :
641 2225 654 2241 α
671 2216 767 2253 Atque
779 2213 890 2244 utinam
915 2214 1024 2254 aliquid

207 2255 278 2286 mihi
293 2260 371 2286 esset
385 2256 465 2296 digni
483 2259 626 2295 muneris,
640 2258 717 2298 quod
729 2258 868 2289 offerrem
884 2258 963 2295 huic,
977 2259 1027 2299 qui

207 2300 352 2330 maturius
365 2301 504 2333 Basilium
523 2303 560 2333 de
584 2296 661 2334 nodo
678 2302 756 2334 follis
775 2303 863 2342 hujus
888 2296 1026 2334 absolv-e-
1039 2296 1059 2321 ο

205 2348 263 2375 ret.
283 2357 295 2371 ι›
314 2345 447 2386 Cumque
463 2346 583 2378 daretur
599 2347 625 2379 ei
643 2357 698 2378 nox
715 2357 782 2388 quae
797 2352 859 2378 erat
869 2347 978 2388 media,
990 2344 1027 2380 ad

205 2389 328 2424 spatium
340 2389 528 2419 deliberandi.
547 2392 726 2426 respondisSe
738 2392 831 2421 denuo
840 2393 1026 2427 perhibetur:

209 2442 220 2458 α
240 2430 300 2467 Ego
316 2433 445 2460 crastino
462 2431 525 2471 ipse
541 2441 592 2462 ero
607 2433 658 2469 qui
684 2441 762 2462 nunc
780 2441 785 2463 :
805 2437 834 2462 tu
851 2438 890 2472 te,
914 2434 1026 2464 utinam

206 2483 265 2504 non
278 2474 437 2504 mutares!»
456 2473 489 2504 Ft
507 2475 557 2505 illa
571 2475 689 2515 quidem
712 2481 798 2507 nocte
811 2486 884 2508 uxor
898 2477 1030 2518 impera-

207 2517 377 2554 toris,velut
387 2519 547 2549 tortoribus
559 2517 1028 2562 tradita,cruciatur;fililiusvero,

207 2563 257 2603 qui
272 2562 316 2593 eis
344 2567 406 2593 erat
427 2562 542 2600 unicus,
573 2564 744 2601 exstinctus,
773 2569 900 2604 paternas
922 2566 1030 2606 impie-

206 2608 273 2638 tatis
287 2607 373 2638 solvit
385 2607 532 2652 supplicia
550 2617 556 2639 :
574 2609 613 2639 ita
625 2615 654 2639 ut
672 2614 738 2639 ante
750 2609 845 2640 lucem
863 2610 945 2641 missi
958 2611 1028 2652 sint,

207 2653 256 2692 qui
274 2657 413 2691 rogarent
430 2651 572 2683 Basiliam
591 2657 621 2683 ut
639 2654 777 2694 precibus
788 2655 848 2684 suis
863 2651 1028 2686 intercedeé

205 2701 251 2727 ret
268 2706 319 2735 pro
336 2699 391 2732 eis,
409 2706 447 2727 ne
461 2697 550 2728 etiam
563 2698 631 2737 ipsi,
646 2703 674 2728 et
685 2698 805 2738 quidem
819 2699 1029 2738 multojustius

205 2741 374 2772 interirent.
391 2741 440 2772 Sic
466 2743 586 2780 accidit,
604 2748 634 2773 ut
651 2752 716 2773 cum
743 2752 847 2774 omnes
861 2742 1031 2775 Catholicos

207 2786 352 2826 expulerit
371 2784 487 2825 Valens,
504 2787 631 2818 Basilius
652 2796 746 2827 usque
762 2787 797 2818 ad
813 2788 883 2819 vita;
906 2789 1027 2827 exitum,

205 2830 383 2862 intemerato
399 2833 618 2863 communionis
633 2836 832 2871 sacramento,
851 2833 881 2863 in
896 2833 1030 2867 Ecclesia

1072 1677 1122 1712 vit,
1141 1675 1193 1714 qui
1206 1675 1316 1706 vadens
1331 1675 1367 1705 ad
1381 1675 1491 1706 bellum
1507 1675 1671 1715 Persicum,
1690 1675 1746 1707 sibi
1758 1677 1787 1706 in
1800 1677 1895 1707 reditu

1072 1721 1308 1752 destructionem
1325 1720 1464 1751 Caesareae
1480 1720 1575 1750 fuerat
1589 1721 1800 1752 comminatus.
1821 1734 1832 1749 η
1851 1722 1895 1752 An

1072 1766 1240 1797 intellectus
1256 1774 1368 1801 errore.
1386 1775 1422 1796 an
1439 1765 1543 1796 calami
1560 1765 1685 1796 nimium
1713 1766 1892 1804 festinantis,

1072 1811 1274 1843 Nazianzenus
1291 1820 1341 1850 pro
1356 1811 1489 1850 Nysseno
1513 1810 1560 1841 hic
1585 1809 1709 1849 legatur,
1727 1820 1786 1842 non
1810 1811 1895 1842 facile

1071 1857 1191 1887 dixeris.
1209 1856 1250 1886 De
1266 1856 1392 1886 aliorum
1413 1855 1461 1886 hic
1478 1859 1662 1885 narraturum
1677 1856 1801 1886 veritate
1830 1860 1893 1887 sta-

1072 1906 1148 1942 tues,
1164 1910 1232 1932 cum
1246 1901 1319 1932 Acta
1334 1900 1457 1931 inferius
1471 1900 1568 1931 danda
1584 1899 1756 1940 perlegeris.

1112 1949 1141 1977 4.
1155 1948 1187 1978 ln
1202 1945 1358 1977 ritualibus
1369 1943 1537 1976 Graecorum
1545 1944 1642 1982 libris,
1651 1945 1709 1976 hoc
1719 1945 1769 1976 die
1778 1954 1823 1976 xiv
1838 1947 1894 1976 Ju-

1071 1992 1112 2022 nii
1126 1991 1275 2021 neminem
1293 1990 1421 2030 reperio,
1430 1989 1480 2030 qui
1489 1989 1670 2028 mentionem
1683 1990 1777 2021 sancti
1790 1990 1892 2022 Basilii

1070 2037 1278 2076 faciatpraeter
1292 2035 1483 2074 Horologium
1501 2043 1554 2065 seu
1564 2034 1733 2073 Horarium,
1754 2034 1792 2066 ad
1806 2044 1891 2066 usum

1071 2080 1245 2112 monasterii
1257 2082 1370 2120 Cryptaa
1382 2079 1498 2111 ferrata
1509 2083 1537 2110 et
1552 2079 1678 2111 aliorum
1691 2080 1890 2111 monasterio-

1069 2135 1134 2157 rum
1149 2125 1262 2156 ordinis
1273 2124 1303 2156 S.
1318 2124 1428 2164 Basilii,
1442 2128 1565 2155 curante
1578 2124 1817 2155 eminentissimo
1825 2134 1890 2156 car-

1069 2170 1168 2201 dinale
1176 2169 1396 2206 Nerlio,Rom:e
1408 2171 1601 2209 impressum,
1614 2168 1666 2199 ubi
1676 2168 1785 2208 legitur
1801 2169 1893 2200 divini

1070 2215 1161 2247 ofﬁcii
1177 2215 1224 2246 hic
1237 2215 1356 2245 titulus:
1373 2226 1387 2241 α
1401 2215 1500 2245 Sancti
1513 2213 1607 2245 Patris
1617 2214 1711 2244 nostri
1721 2213 1824 2244 Basilii
1836 2215 1881 2246 Ma

1068 2260 1127 2299 gni.
1146 2273 1159 2288 η
1178 2259 1286 2290 deinde
1298 2258 1498 2298 praescribitur
1507 2259 1592 2296 ordo,
1605 2258 1758 2298 plerisque
1770 2259 1894 2290 desum-

1069 2305 1125 2345 ptis
1137 2314 1171 2336 ex
1187 2304 1282 2344 prima
1296 2303 1426 2334 Januarii
1445 2314 1450 2334 :
1463 2304 1517 2334 hac
1531 2304 1612 2333 enim
1624 2303 1653 2333 in
1668 2304 1792 2342 praefato
1804 2303 1896 2335 Hora-

1069 2350 1113 2380 rio
1128 2349 1222 2380 sancti
1238 2349 1337 2379 Basilii
1354 2348 1460 2379 festum
1476 2348 1612 2385 habetur,
1630 2347 1808 2378 solemniter
1825 2358 1895 2389 per-

1069 2393 1394 2433 agendum,simulcum
1403 2392 1478 2423 festo
1488 2391 1789 2424 Circumcisionis.Et
1800 2393 1837 2423 de
1846 2393 1886 2424 Ba

1071 2438 1136 2469 silio
1152 2437 1270 2478 quidem
1288 2438 1322 2468 ad
1351 2437 1470 2468 missam
1487 2438 1542 2468 hoc
1558 2437 1673 2468 canitur
1701 2437 1867 2476 troparium
1885 2447 1893 2469 :

1075 2493 1088 2514 ς
1102 2484 1132 2512 lu
1146 2492 1265 2513 omnem
1276 2487 1384 2514 terram
1395 2482 1579 2513 exivitsonus
1596 2485 1711 2521 tuus,ut
1727 2481 1895 2523 susciperet

1071 2537 1238 2558 sermonem
1254 2531 1349 2564 tuum,
1367 2536 1426 2566 quo
1444 2536 1497 2557 nos
1511 2527 1609 2558 divine
1634 2531 1894 2567 congruenterque

1071 2571 1233 2610 erudivisti,
1251 2571 1412 2612 explanant:
1435 2575 1568 2601 naturam
1595 2580 1708 2607 rerum,
1735 2575 1769 2602 et
1794 2580 1894 2602 mores

1070 2617 1225 2648 hominnm
1254 2625 1410 2646 exornans.
1430 2615 1541 2646 Rebale
1566 2615 1781 2650 sacerdotium,
1808 2617 1894 2647 Pater

1070 2661 1342 2698 sancte,intercede
1353 2660 1430 2700 apud
1443 2660 1593 2691 Christum
1608 2661 1701 2691 Deum
1709 2664 1894 2695 nostrum,ut

1070 2706 1222 2737 salventur
1230 2706 1336 2736 animae
1348 2709 1484 2736 nostris.»
1497 2705 1575 2736 Huic
1585 2704 1778 2743 subiungitur
1787 2704 1826 2735 de
1834 2704 1896 2735 Cir-

1071 2750 1253 2781 cumcisione
1266 2750 1363 2780 simile
1375 2750 1539 2790 troparium
1554 2760 1579 2781 :«
1596 2748 1651 2785 Qui
1664 2749 1753 2779 sedes
1762 2749 1897 2779 inexcel-

1072 2795 1112 2826 sis
1125 2795 1215 2834 super
1228 2795 1369 2825 thronum
1385 2794 1478 2825 instar
1495 2794 1571 2833 ignis
1596 2792 1799 2833 splendidum,
1827 2802 1894 2824 cum

1073 2839 1158 2872 Patre
1169 2843 1280 2871 interno
1295 2843 1324 2870 et
1339 2839 1438 2870 divino
1450 2842 1499 2870 tuo
1509 2839 1635 2880 Spiritu,
1646 2837 1784 2878 dignatus
1796 2847 1828 2869 es
1844 2847 1897 2869 na-
