2004 3143
436 159 636 191 EXCERPTA
658 160 709 190 EX
730 157 839 190 ACTIS
859 157 889 188 S.
912 157 1053 192 BASILII
1075 164 1367 197 BOLLANDIANIS.

1612 175 1776 201 CCLXXXVI!

87 223 131 255 sci
146 225 276 274 interra
291 233 328 255 ex
341 227 438 274 matre
453 228 502 256 tua
524 225 634 274 intacta
652 225 786 274 Virgine,
803 228 832 255 et
846 223 906 274 cirI-
917 228 940 252 Δ
951 221 990 274 Eii
1006 229 1129 261 metrico
1145 231 1232 263 etiam
1260 234 1421 274 Synaxario
1436 245 1489 267 seu
1506 234 1687 268 Kalendario
1703 235 1770 267 dies

88 269 220 299 cumcidi
234 278 310 308 puer
317 273 383 300 octo
395 269 522 301 dierum:
539 270 577 300 sit
589 270 683 310 gloria
696 270 806 310 optimo
817 269 914 300 consi—

89 314 128 345 lio
141 313 303 354 tuo,gloria
316 313 516 345 incarnationi
533 315 701 354 tute,gloria
709 324 832 345 summie
845 323 914 353 erga

89 368 144 389 nos
157 358 335 389 demissioni
344 360 504 397 tum,unice
514 359 667 390 hominum
676 364 801 390 amator.
816 371 826 387 η
838 357 913 390 Hinc

87 412 194 434 rursus
204 403 240 434 ad
253 404 398 435 Basiliam
411 414 418 435 :
438 416 452 432 α
469 405 511 435 Tu
529 404 607 435 basis
622 404 799 435 inconcussa
808 403 911 434 Eccle-

87 450 151 487 size,
171 449 311 489 praebens
327 449 442 479 cunctis
460 449 636 480 mortalibus
647 450 817 480 inviolatum
831 449 913 479 refu-

89 494 300 534 gium,tuaque
309 494 492 524 confirmans
507 494 644 532 dogmata
657 505 664 535 ;
678 494 743 525 ειεΙί
756 494 848 524 instar
862 502 912 524 re-

88 538 265 579 splendens,
281 538 376 569 sancti
388 539 487 569 Basili.
505 551 517 566 υ
542 538 684 570 Similiter
694 537 856 579 etprimum
867 547 914 569 ve-

88 583 261 624 tustiusque
276 583 418 622 ofﬁcium,
435 583 616 624 descriptum
645 584 674 614 in
701 585 830 620 Menaeis,
849 583 913 613 festi

89 635 180 670 atque
193 629 288 660 sancti
300 630 436 660 encomia
449 629 595 667 misret;et
608 629 638 659 in
649 630 782 670 vesperis
791 629 912 668 quidem

90 674 182 705 habet
210 678 270 705 tres
311 683 415 705 versus
455 675 615 715 similares,
632 679 663 705 ut
686 677 812 710 vocant;
841 684 914 714 quo-

88 728 156 750 rum
174 719 287 758 primus
302 719 341 749 de
358 719 433 750 festo
450 719 608 750 ascribitur
623 721 736 760 Byzanti
755 730 761 752 :
779 719 839 749 duo
855 728 907 749 au-

89 769 150 794 tem
167 765 206 794 de
227 769 330 794 sancto
353 764 491 794 dicuntur
520 773 586 794 esse
613 764 713 795 Basilii
736 768 766 794 et
788 764 912 795 Joannis

87 808 318 845 monachorum,
335 817 460 848 quorum
480 809 625 848 posterior
643 809 758 840 videtur
773 817 839 839 esse
851 807 909 838 Da-

86 852 346 893 mascenus,idem
358 857 386 884 et
397 859 503 884 auctor
513 853 749 894 canonisprolixi
761 853 909 884 deeodem

85 903 200 935 sancto,
216 898 264 928 cui
280 898 408 937 elogium
427 898 464 928 de
476 898 532 929 vita
548 898 748 938 interponitur
758 898 815 929 hoc
826 897 909 928 disti-

1056 897 1059 899 .
1201 897 1218 904 .,
1413 897 1431 907 ,ι
1455 897 1459 901 -
1543 897 1547 905 ι

954 905 1101 935 larigna-.62
1132 909 1194 946 παρ’
1222 910 1311 949 ὀλίγον
1340 913 1389 946 τὴν
1418 913 1518 952 κῗρεσιν
1547 913 1611 948 ipsi

63 941 67 944 ⁷
84 943 140 974 cho
158 946 311 982 pmeuute
324 953 329 971 :

123 999 161 1034 Ζῇ
176 996 313 1027 Βασίλειος
328 997 372 1024 καὶ
386 997 472 1025 Θινὼν
491 998 518 1025 ἐν
536 998 633 1034 Κυρίω.

123 1031 161 1069 Ζῆ
177 1037 222 1064 καὶ
236 1035 299 1075 παρ’
314 1038 382 1074 ἡμῖν
399 1038 435 1068 ὡς
456 1037 544 1065 λαλῶν
560 1031 587 1066 ὲίι
601 1041 654 1066 τῶν
674 1039 785 1077 βὶϐλων,

122 1086 272 1129 Basilius,
291 1087 385 1129 etiam
398 1091 549 1129 mortuus.
571 1088 701 1120 Domino
719 1091 816 1129 vivit;

121 1127 274 1167 Nobisque
289 1128 375 1167 vivit,
389 1128 422 1158 in
437 1131 503 1159 suis
519 1128 644 1168 loquens
661 1129 759 1161 libris.

84 1180 189 1210 Exstat
201 1179 279 1219 apud
297 1179 507 1210 Combeﬁsium
531 1180 624 1210 oratio
641 1181 734 1211 sancti
749 1181 910 1222 Amphilo-

83 1225 153 1257 chii,
169 1224 325 1252 lconiensis
341 1225 512 1259 episcopi,in
527 1225 636 1253 Domini
647 1227 907 1259 circumcisionem,

82 1268 112 1298 in
124 1276 184 1307 quo
197 1266 248 1298 ille
261 1267 303 1298 sic
316 1266 352 1297 de
365 1272 466 1297 sancto
478 1267 585 1297 Basilio
600 1268 734 1306 loquitur
748 1280 754 1301 :
770 1281 780 1297 α
793 1269 846 1299 Hic
856 1272 912 1300 cir-

83 1312 350 1351 cumcisione,quaa
363 1312 394 1342 iit
407 1312 435 1342 in
449 1312 551 1351 spiritu
565 1317 594 1342 et
604 1313 702 1343 divino
716 1313 907 1353 baptismate,

82 1366 189 1396 magno
205 1357 305 1386 animo
330 1356 501 1396 praedicata,
520 1357 675 1396 perspicue
707 1357 869 1388 admodum
886 1361 909 1389 si

81 1402 149 1443 quis
157 1402 233 1432 alius
244 1401 297 1431 Dei
309 1401 681 1437 cultor,circumcisionem
696 1406 724 1432 in
736 1412 826 1433 carne
837 1407 909 1433 sub-

83 1446 184 1476 movit.
206 1445 320 1476 ldcirco
338 1445 425 1476 etiam
442 1447 507 1484 ejus
521 1446 556 1476 ad
572 1447 663 1478 Deum
678 1455 693 1477 a
705 1451 783 1477 terra
797 1452 825 1477 et
841 1456 911 1477 cor-

81 1500 154 1531 pore
169 1491 280 1521 solutio
299 1491 504 1530 migratioque,
523 1500 582 1522 non
609 1492 663 1522 abs
687 1501 732 1530 re,
750 1501 847 1532 neque
867 1493 911 1532 (ut

955 270 1052 304 obitus
1068 275 1132 314 ejus
1147 276 1203 308 hoc
1217 270 1301 309 versu
1317 280 1510 312 annuntiatur
1527 292 1534 311 :

997 317 1181 366 ⁷ξαννουπιιτὶίιιιο
1196 325 1269 357 θάνες
1287 326 1364 354 Βασι)
1371 327 1410 354 ἐΐε
1426 329 1531 366 πρώτῃ,

1000 363 1076 404 Ipsis
1089 368 1241 400 occumbis
1255 371 1341 411 Iuni,
1358 363 1484 409 Basilio,
1502 363 1656 403 Kalendis.

957 410 1040 461 Fl‘unc
1047 412 1134 443 etiam
1143 415 1277 461 ejusdem
1285 410 1390 449 festum
1400 419 1548 459 praecipuo
1557 419 1634 449 cultu
1642 419 1774 450 celebra-

957 457 1004 504 tur
1015 457 1044 504 in
1057 459 1244 504 sanctissima
1255 471 1358 502 magna
1365 457 1500 494 Ecclesia
1507 463 1772 504 Constantinopoli,

956 500 997 529 uti
1009 500 1120 550 legit-ur
1135 503 1164 534 iu
1192 506 1248 536 line
1274 500 1367 548 Elogii
1393 508 1538 543 historici.
1557 509 1634 549 quod
1651 500 1708 540 hoc
1722 500 1773 540 die

955 546 1151 595 recitandum,
1171 546 1370 588 praescribitur
1382 553 1411 584 in
1430 555 1550 585 Menaeis
1566 546 1682 585 excusis
1697 555 1770 586 Elo-

954 593 1034 639 gium
1049 593 1103 624 hoc
1117 603 1173 624 nou
1187 600 1270 627 caret
1284 598 1559 639 mentlis.Quare,eo
1574 600 1770 639 omisso,satis

956 635 1049 666 habeo
1066 639 1229 677 producere
1253 642 1330 672 aliud
1359 642 1488 681 brevius,
1506 635 1558 675 sed
1586 635 1726 675 vetustius
1743 649 1773 676 et

954 683 1133 730 accuratius,
1143 694 1176 715 ex
1191 685 1354 726 Menelogio
1372 688 1470 719 Basilii
1483 689 1743 730 imperatoris,circ
1755 701 1760 717 ι

952 733 1060 756 annum
1077 727 1136 758 984
1151 731 1319 771 conscripto
1335 733 1390 763 hac
1402 727 1559 765 verborum
1576 734 1686 765 forma:

993 771 1021 800 6.
1042 777 1060 801 Ο
1078 772 1104 800 ἐν
1122 774 1220 813 Ἀγίοις
1239 778 1326 815 Πατὴρ
1342 779 1419 815 ἡμῶν
1444 779 1578 812 Βισίλειος
1594 780 1626 813 ἦν
1656 780 1697 808 ἐπὶ
1720 781 1768 812 τῆς

952 815 1085 852 βχπιλείις
1118 819 1275 861 Οὒαὶλενῖος³
1314 822 1401 851 ὅντινι
1438 824 1570 853 Οὒάλελιτπ
1603 825 1636 852 τέι
1668 824 1768 863 Ἀρείου

952 863 997 887 τοὺ
1029 862 1158 899 αἱρετικοῦ
1194 870 1336 904 φρονοῦντα
1374 868 1620 907 πκρῤτιτιυάμενος
1659 868 1766 908 ἤλεγξε,

1615 916 1719 949 πισθειι,
1746 915 1768 942 εἰ

976 951 982 960 Ἴ
1036 953 1042 963 ’

951 962 990 987 μη
1020 954 1212 992 κισχυνόμενον
1236 957 1312 985 αὐτὸν
1341 956 1459 985 ἔϐλεπεν·
1485 958 1558 994 ὅμως
1583 959 1604 986 εἷ
1629 959 1676 992 τὴν
1692 959 1769 997 αἵρε-

950 1005 991 1023 σιν
1020 996 1127 1028 τελείως
1157 1000 1202 1026 οὒκ
1225 1000 1371 1039 ἠρνήσιιτῦ,
1401 1002 1467 1034 τέως
1497 1004 1540 1031 xxi
1563 1006 1595 1040 τῇ
1622 1002 1768 1039 Ἐκλλησίᾳ

950 1040 1092 1087 «Formiis,
1133 1043 1344 1083 λειτῡυργοῦντος
1382 1052 1427 1076 ταῦ
1466 1047 1583 1085 μεγάλου
1618 1047 1765 1087 Βατιλεὶου,

950 1085 993 1112 καὶ
1010 1084 1082 1131 δῶρα
1093 1088 1270 1128 προσέφερεν·
1292 1091 1324 1124 ἢν
1350 1091 1375 1119 δὲ
1403 1092 1416 1120 ὁ
1442 1092 1526 1131 μέγας
1548 1093 1684 1125 Basili-no:
1715 1094 1769 1124 υἱὸς

953 1130 1089 1158 Βασιλείου
1119 1137 1164 1160 τοῦ
1189 1133 1241 1162 ἀπὸ
1264 1140 1307 1163 τοὺ
1338 1137 1447 1172 Πόντου,
1475 1138 1517 1164 καὶ
1548 1136 1691 1174 Ἐμμελίας
1721 1140 1768 1170 τῆς

952 1173 1004 1202 ἀπό
1033 1176 1080 1209 τῆς
1111 1178 1310 1220 Καιπτιαδοκίπις⁷
1334 1180 1404 1212 ὅστις
1434 1181 1460 1209 ἐν
1491 1182 1567 1221 σοφίᾳ
1599 1182 1641 1209 καὶ
1670 1182 1768 1220 γνώσει

952 1219 1112 1252 πάνταςκαὶ
1137 1223 1198 1254 τοὺς
1225 1223 1353 1256 παλςιιηὺς
1383 1225 1501 1261 ἐνίκησε,
1532 1226 1712 1265 κπτεξκίρετυν
1743 1226 1769 1254 δὲ

951 1270 1077 1294 τοσοῦτον
1094 1266 1198 1305 ἐγένετο
1221 1267 1343 1306 εὸλαϐὶς,
1360 1271 1396 1301 ὡς
1412 1271 1454 1298 καὶ
1485 1270 1622 1310 ἀρχιερεὺς
1651 1270 1769 1309 γενέσθαι

951 1313 997 1337 τοῦ
1031 1310 1122 1349 θρόνου
1153 1315 1322 1352 Καισαρείας,
1354 1314 1418 1343 ὅπου
1443 1317 1487 1343 καὶ
1522 1315 1635 1348 πτλλλοὺς
1664 1315 1767 1354 ἀγῶνας

953 1354 1017 1393 ὒπὲρ
1034 1357 1082 1388 τῆς
1107 1357 1241 1394 ὀρθοδόξου
1271 1360 1384 1391 πίστεως
1409 1361 1562 1400 ὑπομείνας,
1579 1361 1622 1388 καὶ
1649 1360 1770 1398 βασιλεῖς

953 1399 997 1426 καὶ
1027 1400 1161 1441 ὑπάρχους
1192 1403 1376 1441 καταπλείξις,
1412 1406 1455 1433 καὶ
1493 1409 1546 1432 τὼν
1573 1406 1710 1444 αἱρετικῶκι
1738 1406 1770 1433 τὰ

954 1444 1075 1482 στόματι
1104 1446 1199 1486 φράξας
1240 1455 1298 1480 τῡτς
1333 1449 1433 1488 λόγοις,
1464 1451 1507 1478 καὶ
1545 1449 1633 1487 βιϐλία
1654 1450 1769 1478 πλετπα

952 1490 1187 1531 συγίραψάμενος,
1226 1493 1269 1520 καὶ
1307 1495 1385 1532 μυρία
1423 1495 1543 1532 θαύματα
1578 1496 1768 1533 ἐργασάμενος,

81 1530 148 1576 quis
161 1540 269 1577 praeter
279 1535 426 1566 rationem
439 1536 527 1566 fuerit
540 1536 718 1576 suspicatus)
731 1546 747 1567 a
758 1530 840 1577 casu,
851 1530 905 1568 h‘o-

953 1532 977 1561 ἐν
1008 1535 1099 1573 εἰρήνῃ
1116 1530 1184 1574 πρὸςν
1209 1538 1300 1576 Κύριον
1318 1530 1492 1575 ὲξὲδήμητεκ).
1510 1549 1525 1569 (
1543 1530 1667 1570 Sanctus
1679 1530 1770 1569 ‘Pater

80 1581 187 1612 dierna
199 1581 248 1611 die
258 1580 498 1611 circumcisionis
509 1581 693 1618 .lesu,media
702 1581 808 1612 divinae
819 1581 907 1613 Chriu

81 1626 118 1656 sti
131 1625 279 1656 nativitati
290 1625 498 1665 baptismoque
511 1625 664 1656 concurrit
679 1634 687 1663 ;
700 1626 752 1656 sed
766 1626 843 1657 velut
855 1627 904 1666 qui

82 1670 277 1702 beatissimus
293 1670 348 1707 vir,
362 1672 391 1700 in
405 1670 512 1701 Christi
530 1669 690 1701 nativitatis
706 1670 907 1711 baptismique

80 1715 300 1746 renuntiatione
312 1719 341 1745 et
350 1715 538 1752 exaltatione,
550 1715 739 1755 spiritu’alem
753 1715 909 1746 circumci-

81 1760 199 1790 siouem
215 1759 401 1794 exaltaverit,
419 1768 503 1790 sacra
518 1760 674 1790 memoria:
691 1761 757 1800 ejus
774 1760 836 1800 die,
853 1770 911 1792 una

83 1809 113 1836 et
128 1805 194 1845 ipse
209 1804 384 1841 resolutius,
400 1805 436 1835 ad
462 1804 610 1835 Christum
634 1805 755 1835 exaltari
773 1805 881 1835 meruit
902 1814 908 1837 ί

81 1849 298 1889 decretumque
311 1849 366 1880 fuit
378 1853 408 1880 ut
421 1858 473 1889 per
485 1849 512 1879 id
527 1853 644 1889 tempus
655 1859 754 1880 annua
766 1849 831 1889 ejus
844 1859 908 1880 me—

82 1894 178 1925 moria
184 1893 405 1934 celebritasque
413 1893 726 1925 recolereturzidcirco
735 1894 910 1925 universalis

83 1948 137 1979 per
158 1948 264 1970 omnes
280 1939 362 1969 orbis
387 1943 484 1979 partes
508 1942 679 1969 sanctorum
701 1939 907 1969 universorum

83 1984 230 2020 Ecclesia,
249 1983 463 2014 sanctissimam
494 1984 559 2023 ejus
583 1992 756 2023 sacramque
777 1984 826 2014 die
853 1984 908 2014 hac

83 2038 175 2068 agens
191 2028 423 2068 gloriﬁcansque
439 2028 625 2064 memoriam,
644 2029 818 2068 gratissimis
843 2029 905 2059 Deo

83 2073 234 2113 laudibus,
262 2082 320 2103 una
350 2073 511 2109 Christum,
545 2074 594 2113 qui
623 2073 771 2112 gloriosus
800 2079 845 2104 est
875 2074 904 2103 in

83 2121 198 2149 sanctis
212 2117 284 2158 suis,
303 2117 426 2148 canticis
443 2117 572 2148 celebrat
589 2118 780 2157 etglorilicat.
802 2131 812 2147 ι)

118 2163 146 2190 5.
164 2163 264 2191 Memea
281 2170 395 2198 quoque
407 2162 529 2190 Venetiis
539 2170 649 2194 excusa,
663 2163 754 2198 prima
765 2164 905 2197 Januarii,

949 1582 1048 1609 noster
1063 1579 1185 1610 Basilius
1199 1581 1297 1612 ﬂoruit
1308 1582 1361 1612 sub
1374 1583 1505 1614 Valentis
1518 1583 1768 1623 imperio.Valen.

950 1627 1007 1652 tem
1027 1633 1109 1663 vero,
1124 1625 1231 1656 Ariana
1240 1627 1344 1657 haeresi
1361 1627 1512 1665 infectum,
1525 1627 1648 1658 liberius
1664 1628 1770 1659 admo—

951 1668 1048 1698 nendo
1058 1669 1434 1711 redarguit,persuasitque
1445 1673 1658 1712 propemodum
1672 1673 1769 1703 haere-

950 1712 1006 1743 sim
1023 1713 1172 1754 abjurare,
1190 1716 1213 1745 si
1231 1724 1288 1746 non
1304 1717 1359 1746 sibi
1377 1717 1404 1748 id
1421 1717 1560 1748 dedecori
1580 1717 1710 1748 futurum
1729 1717 1769 1748 ti-

952 1757 1095 1790 muisset:
1114 1760 1248 1799 quamvis
1264 1761 1341 1791 enim
1359 1761 1495 1791 haeresim
1513 1762 1600 1801 plene
1614 1771 1672 1792 non
1688 1762 1769 1802 abju-

951 1803 1070 1848 raverit,
1099 1805 1261 1835 accedebat
1288 1812 1386 1836 tamen
1413 1807 1447 1837 δτι
1474 1807 1643 1844 ecclesiam,
1664 1817 1768 1848 magno

951 1846 1060 1879 Basilio
1075 1857 1137 1879 rem
1154 1849 1284 1879 divinam
1302 1850 1440 1887 faciente,
1456 1855 1485 1881 et
1511 1853 1587 1882 dona
1612 1846 1765 1884 otierebat.

954 1893 1022 1937 Erat
1032 1902 1101 1923 vero
1115 1903 1237 1933 magnus
1252 1895 1376 1925 Basilius
1392 1896 1469 1927 ﬁlius
1482 1896 1581 1927 Basilii
1601 1897 1724 1937 Pontici,
1742 1902 1771 1928 et

951 1936 1104 1969 Emmeliaa
1120 1938 1314 1979 Cappadocis.
1330 1939 1382 1971 Vir
1397 1941 1454 1971 iste
1467 1943 1613 1980 egregius,
1626 1942 1771 1981 sapientia

951 1987 980 2012 et
995 1983 1131 2014 doctrina
1145 1993 1258 2014 comvos
1279 1995 1362 2025 teque
1391 1994 1424 2016 ac
1448 1986 1585 2026 antiquos
1610 1987 1769 2026 superavit.

950 2027 1073 2058 Pietatis
1084 2037 1152 2059 vero
1166 2034 1229 2060 erat
1247 2035 1303 2060 tam
1317 2030 1445 2069 eximite,
1460 2035 1490 2060 ut
1502 2031 1530 2060 in
1548 2032 1685 2062 thronum
1702 2032 1768 2072 epi-

946 2073 1095 2111 scopalem
1108 2072 1249 2104 Caesareae
1265 2078 1385 2104 evectus
1396 2075 1446 2111 sit,
1463 2075 1511 2105 ubi
1524 2079 1553 2105 et
1566 2076 1657 2105 multa
1670 2079 1767 2106 certa-

949 2116 1027 2146 mina
1039 2126 1090 2157 pro
1102 2119 1265 2149 orthodoxa
1275 2119 1334 2150 [ide
1346 2120 1500 2153 sustinuit;
1515 2124 1665 2159 stuporem
1679 2120 1767 2150 simul

948 2165 976 2191 et
992 2165 1137 2193 terrorem
1154 2163 1388 2203 imperatoribus
1402 2170 1430 2194 et
1447 2164 1592 2204 praefectis
1607 2164 1770 2205 incutiens,

81 2208 188 2248 utjam
199 2209 302 2239 dicere
312 2208 400 2247 coepi,
413 2207 542 2238 olIicium
554 2207 647 2238 sancti
659 2208 907 2239 Basiliisolemni-
920 2205 1220 2251 Dbaareticorumque
1251 2217 1303 2238 ora
1333 2208 1454 2238 dicendi
1483 2210 1510 2238 vi
1540 2208 1680 2239 obturans
1699 2219 1705 2239 :
1736 2218 1771 2239 ac

83 2258 128 2283 ter
144 2252 374 2292 celebrandum,
392 2252 481 2282 simul
498 2261 564 2283 cum
580 2253 654 2283 festo
671 2253 908 2284 circumcisiouis

82 2297 248 2337 prazscribu
255 2297 418 2337 nt,hymnis
426 2296 513 2327 variis
526 2297 708 2337 canticisque
715 2297 748 2327 ad
763 2298 907 2329 honorem

82 2342 181 2373 sancti
197 2341 355 2380 intextum,
372 2341 479 2382 quibus
495 2341 659 2372 orthodoxa
671 2343 736 2382 ejus
762 2343 906 2379 doctrina,

83 2387 242 2427 pastoralis
251 2385 519 2423 sollicitudo,casta
534 2387 732 2423 conversatio,
747 2387 908 2418 miraculo—

82 2441 150 2462 rum
166 2432 260 2470 gratia
270 2431 388 2462 coalitus
401 2440 551 2471 concessa,
568 2431 734 2462 laudantur.
748 2432 789 2462 Ex
798 2432 906 2471 emplo,

84 2476 210 2516 reliquis
226 2474 356 2515 omissis,
373 2475 433 2506 sint
448 2476 511 2506 haec
528 2485 535 2505 :
557 2488 568 2503 ιι
586 2476 700 2507 Ditfusa
716 2481 758 2506 est
774 2477 864 2516 gratia
880 2477 909 2507 in

82 2521 170 2551 labiis
187 2520 256 2557 tuis,
269 2524 372 2551 sancte
389 2519 485 2557 Pater,
500 2524 528 2550 et
543 2520 637 2551 factus
654 2526 754 2561 pastor
768 2520 910 2552 Ecclesial.

83 2564 193 2596 Christi
207 2576 215 2604 ;
235 2565 363 2596 docuisti
377 2565 539 2596 rationales
552 2574 620 2595 oves
633 2566 756 2597 credere
772 2566 801 2596 in
814 2566 910 2597 Trini-

83 2614 185 2649 tatem,
202 2609 487 2641 consubstantialem
501 2610 530 2640 iu
548 2619 605 2640 una
617 2610 735 2641 deitate.
754 2611 910 2642 Miraculo-

83 2665 148 2686 rum
164 2656 259 2694 gratia
284 2654 403 2686 caelitus
420 2660 589 2685 exornatus.
607 2655 742 2686 fraudem
761 2655 909 2686 idolorum

83 2700 296 2740 prazdicatione
316 2699 488 2740 confudisti,
505 2699 666 2730 antistitum
685 2701 907 2740 princeps,glo-

82 2745 288 2786 ria,lulcimen
306 2744 480 2775 beatissime
492 2744 592 2782 Basili,
606 2749 633 2775 et
643 2746 761 2776 Patrum
773 2746 906 2776 ouiuium

82 2790 225 2822 doctrinae
238 2789 410 2829 exemplar.
422 2789 572 2820 Fiduciam
593 2790 669 2829 apud
688 2789 835 2821 Christum
852 2799 907 2820 na-

80 2835 256 2878 ctus,ipsum
268 2836 488 2874 deprecare,ut
496 2833 646 2865 salvantur
652 2835 758 2866 animae
766 2840 885 2867 nostris.
892 2848 904 2863 ιι

951 2251 1082 2291 tandem,
1101 2261 1167 2281 cum
1186 2252 1295 2282 multos
1312 2251 1406 2283 libros
1435 2252 1612 2292 scripsisset,
1630 2258 1658 2283 et
1675 2253 1769 2293 pluri-

952 2305 998 2326 ma
1015 2301 1159 2336 patrusset
1178 2297 1329 2335 miracula,
1342 2298 1370 2328 in
1388 2307 1459 2338 pace
1472 2298 1608 2337 migravit
1618 2299 1652 2328 ad
1667 2298 1771 2329 Domi—

952 2350 1033 2372 num.
1054 2354 1066 2368 ν

991 2386 1021 2417 7.
1038 2388 1141 2426 Neque
1167 2387 1263 2418 solum
1281 2389 1309 2418 in
1325 2388 1418 2419 sacris
1435 2388 1604 2420 Grrerorum
1620 2389 1700 2419 fastis
1716 2389 1771 2420 hac

951 2430 999 2462 die
1013 2432 1159 2471 ascriptus
1175 2436 1220 2463 est
1236 2437 1354 2463 sanctus
1369 2433 1495 2464 Basilius
1515 2443 1522 2469 ;
1538 2433 1589 2463 sed
1609 2437 1687 2464 tanta
1705 2433 1770 2464 festi

952 2477 1135 2517 solemnitas,
1152 2487 1217 2517 quae
1233 2486 1288 2518 per
1303 2478 1456 2510 Orientem
1475 2478 1569 2518 prima
1585 2478 1716 2510 Januarii
1733 2479 1769 2508 ad

952 2522 1015 2560 ejus
1031 2523 1251 2553 venerationem
1269 2522 1401 2554 instituta
1416 2527 1471 2561 est,
1488 2523 1675 2554 occasionem
1691 2533 1768 2563 prae-

951 2565 1015 2596 buit
1030 2567 1246 2607 antiquioribus
1261 2568 1476 2608 Martyrologiis
1491 2568 1615 2606 Latinis,
1628 2569 1694 2606 ejus
1704 2577 1770 2598 me—

954 2611 1075 2641 moriam
1084 2612 1187 2643 saltem
1196 2612 1323 2651 aliquam
1335 2614 1436 2643 eadem
1448 2612 1620 2653 quoquedie
1631 2612 1770 2643 faciendi.

954 2654 1033 2686 inter
1048 2666 1099 2686 eos
1115 2657 1196 2687 Beda
1210 2657 1414 2696 suppusillliUs
1432 2657 1531 2697 habet,
1548 2657 1641 2687 sancti
1670 2657 1769 2687 Basilii

950 2700 1093 2740 episcopi.
1110 2700 1261 2732 Usuardus
1282 2700 1480 2739 Coloniensis,
1497 2702 1526 2731 in
1542 2703 1675 2733 Caesarea
1692 2702 1769 2742 Cap-

952 2746 1082 2785 paducia‘,
1105 2746 1251 2785 depositio
1275 2747 1370 2777 sancti
1400 2746 1510 2777 Basilii.
1530 2746 1724 2787 )laurolycus,
1743 2751 1769 2776 in

950 2791 1084 2821 Czesarea
1098 2789 1288 2830 Cappadocize
1306 2791 1452 2831 depositio
1474 2791 1567 2821 sancti
1586 2790 1688 2821 Basilii
1704 2791 1770 2831 epi-

949 2835 1134 2876 scopi,cujus
1141 2835 1299 2866 celebritas
1306 2835 1423 2867 decimo
1434 2840 1539 2867 octavo
1547 2835 1694 2867 Kalendas
1701 2835 1771 2866 Julii
