2004 3143
448 123 653 156 EXCERPTA
677 125 728 156 EX
753 125 862 157 AGTIS
884 126 916 157 S.
942 125 1082 157 BASILII
1101 123 1392 158 BOLLANDIANIS.

134 191 320 223 Burchardus
339 191 503 229 Kederkin,

132 235 269 268 Nicotaus
283 237 472 268 Brunimom.

404 281 601 314 Subdiaconi.

130 327 262 359 Jacobus
278 326 315 357 de
332 326 461 366 Campis,

130 372 275 402 Ricardus
287 371 325 401 tle
338 371 470 411 Capella,

129 417 273 448 Henricus
289 416 326 447 de
342 417 436 453 Miret,

129 463 260 493 Joannes
277 461 426 493 Damiens.

430 506 584 546 Acolythi.

128 551 247 583 Carolus
263 551 382 589 Soillot,

127 597 255 628 Joannes
269 596 310 627 de
326 595 447 636 Feraye,

128 642 163 672 Et
176 641 311 673 Jacobus
328 641 365 672 de
381 641 564 681 Purgatorio.

322 685 442 717 Nofarii
456 695 524 717 vero
541 686 677 726 fuerunt,

126 729 254 761 Joannes
272 731 420 770 Flaming,

128 774 252 806 lacobus
267 775 393 806 Juvenis

127 819 223 851 Tertia
237 820 395 851 translatio
420 819 613 860 reliquiarum
640 821 733 851 sancti
759 821 858 852 Basilii
882 820 912 851 in

1693 135 1780 160 CCXCI

923 203 944 221 Α
956 193 1088 231 Augusto
1100 192 1313 232 imperaute,et
1323 197 1466 233 regnante
1476 193 1581 224 Carolo
1593 194 1782 226 secundulii-

955 237 1125 276 spaniarum
1143 246 1224 277 rege,
1242 236 1388 270 Flandrite
1414 238 1533 278 comite,
1559 239 1780 271 accesserimus

955 281 1156 321 supradictam
1175 281 1333 312 ecclesiam
1361 283 1576 326 cathedralem,
1609 282 1780 324 ibidemque

957 325 1177 365 pontiﬁcalibus
1190 326 1297 366 induti,
1314 335 1381 358 cum
1395 327 1540 358 ministris
1548 325 1578 358 et
1588 327 1782 368 lumineprae-

956 375 1040 400 sente
1051 371 1129 402 clero
1145 380 1178 402 ac
1192 371 1462 402 honorabilioribus
1474 372 1543 402 viris
1556 372 1632 404 infra
1645 373 1781 404 nomina-

955 415 1002 454 tis,
1016 419 1045 446 et
1054 415 1203 454 frequenti
1214 416 1335 456 populo,
1350 421 1419 447 ante
1429 425 1579 447 summum
1591 419 1684 449 altare
1696 418 1781 450 chori

954 461 1088 500 ejuspem
1107 461 1251 497 ecclesiae,
1271 461 1424 492 decantalo
1447 462 1528 501 prius
1554 462 1673 502 hymno,
1705 463 1782 494 Veni

954 509 1071 535 creator
1083 504 1232 544 Spiritus,
1246 514 1312 535 cum
1325 506 1448 536 collecta
1460 506 1607 546 ejusdem,
1623 514 1779 548 postquam

957 557 1018 579 rev.
1031 549 1111 579 adm.
1124 549 1263 580 dominus
1274 549 1416 591 decanus,
1428 551 1486 581 alta
1498 560 1580 589 voce,
1596 553 1715 583 nomine
1726 562 1779 584 suo

958 598 988 623 et
999 593 1118 633 capituli
1134 595 1311 634 exposuerit.
1330 604 1364 625 ac
1381 604 1434 625 nos
1451 595 1556 626 iterum
1590 597 1735 635 rogaverit
1749 601 1780 628 ut

957 637 1150 677 dignarentur
1161 639 1301 679 reliquias
1309 639 1466 679 praedictas
1478 643 1570 672 sancti
1578 640 1676 671 Basilii
1685 645 1782 673 trans-

956 682 1034 713 ferre
1052 683 1090 714 de
1105 683 1227 722 antiquo
1245 684 1274 714 in
1290 693 1397 715 novum
1414 684 1554 715 feretrum
1571 695 1579 722 ;
1600 687 1780 725 jusserimus

955 727 990 757 ad
1005 736 1059 758 nos
1073 728 1173 758 afferri
1183 731 1333 769 antiquam
1344 739 1462 770 capsam
1473 738 1525 760 seu
1536 730 1678 761 feretrum
1687 731 1781 763 dicta-

955 780 1020 802 rum
1037 772 1229 812 reliquiarum
1245 774 1340 804 sancti
1358 774 1471 812 Basilii,
1487 779 1557 805 ante
1572 779 1707 806 nostrum
1723 776 1778 808 ad-

954 821 1073 847 ventum
1091 818 1120 847 in
1138 827 1239 848 mensa
1261 828 1277 848 a
1293 819 1384 850 latere
1413 819 1554 858 evangelii
1583 824 1752 860 expositum
1770 837 1777 857 ε

94 875 188 896 novam
202 866 312 896 iterum
325 874 584 906 capsam,eamque
598 870 782 906 argenteam,
797 869 913 906 peracta
925 880 943 906 Β
954 862 1032 902 quod
1043 863 1151 902 praevia
1167 863 1299 902 diligenti
1316 864 1481 895 visitatione
1496 866 1664 903 reperimus
1678 866 1779 898 debite

94 911 192 940 esthac
204 914 308 940 nostra
319 913 416 950 astate,
425 919 502 941 anno
515 910 628 941 scilicet
641 911 729 948 1687;
742 910 913 941 celebritate

93 959 181 985 autem
194 954 316 994 majori,
335 954 360 985 si
377 955 552 994 dignitatem
565 964 759 994 personarum
772 955 911 995 excipias,

92 1009 150 1039 qum
164 999 318 1039 prioribus
344 999 554 1030 interfuerunt.
584 999 699 1031 Etenim
727 1000 913 1031 caaremouiw

93 1053 187 1074 omnes
201 1044 348 1075 adhibitae
365 1048 443 1081 sunt,
460 1054 527 1084 quae
551 1044 768 1076 solemnitatem
784 1044 912 1075 reddere

93 1093 218 1128 poterant
229 1088 686 1129 augustiorem,exquisitissima
699 1093 810 1120 musica
821 1089 912 1120 inter-

93 1134 212 1165 cinente.
224 1134 401 1166 Orationem
414 1135 546 1165 Latinam
560 1134 662 1165 hahuit
675 1135 789 1166 R.A.D.
806 1136 911 1166 Petrus

93 1179 176 1220 Maes,
192 1180 329 1220 ejusdem
360 1179 538 1210 cathedralis
563 1180 698 1211 ecclesiae
724 1181 909 1221 canonicus;

94 1224 243 1265 Belgicam,
260 1224 298 1255 ad
316 1225 480 1255 confertam
496 1225 595 1264 populi
626 1224 814 1260 concionem,
841 1225 914 1256 dixit

91 1269 120 1299 P.
135 1268 259 1300 Jacobus
274 1269 364 1309 Mols,
382 1270 534 1300 societatis
547 1270 617 1300 Jesu
633 1269 851 1300 celeberrimus
866 1269 911 1300 sui

95 1315 226 1353 temporis
241 1318 359 1345 orator.
379 1313 503 1354 Reliqua
529 1313 581 1344 tibi
597 1314 680 1345 dabit
693 1314 802 1354 ipsum,
832 1315 910 1353 quod

95 1366 124 1387 ea
136 1367 221 1398 super
234 1368 268 1389 re
284 1358 456 1389 confectum
474 1363 528 1396 est,
549 1358 699 1398 publicum
717 1359 911 1389 illustrissimi

95 1402 196 1433 domini
219 1403 368 1444 episcopi,
396 1403 537 1443 reliquias
559 1403 774 1440 transferentis,
797 1404 909 1434 instru-

97 1451 226 1479 mentum.

95 1503 255 1529 KUM'BERTUS
275 1505 467 1534 GUILIELMUS,
500 1506 547 1528 DEI
569 1506 607 1528 ET
626 1506 811 1530 APOSTOLICAE
832 1506 911 1529 SEDIS

956 907 1296 947 occlusum.Apertoque
1308 908 1345 939 de
1357 909 1494 939 mandato
1502 913 1601 940 nostro
1616 909 1693 940 dicto
1702 912 1779 941 anti-

955 954 1264 994 quoferetro,reperta
1273 954 1326 985 fuit
1335 955 1365 985 in
1374 965 1409 986 eo
1423 956 1543 996 parvula
1555 956 1660 986 cistula
1670 956 1777 1001 lignea,

955 998 1045 1028 rubro
1059 999 1188 1039 depicta,
1202 999 1330 1030 vinculis
1340 999 1444 1030 ferreis
1459 1000 1533 1031 bene
1542 1001 1671 1040 occlusa;
1684 1003 1711 1033 in
1722 998 1780 1043 qua

954 1044 1121 1082 reperimus
1137 1044 1191 1074 tria
1203 1053 1281 1084 ossa,
1296 1053 1402 1084 nempe
1413 1054 1548 1084 magnam
1562 1050 1673 1086 partem
1685 1047 1779 1088 spinas

955 1087 1047 1128 dorsi,
1064 1087 1112 1119 cui
1125 1089 1211 1119 afﬁxa
1223 1093 1268 1120 est
1278 1089 1419 1121 schedula
1436 1099 1628 1130 pergamena,
1641 1093 1669 1122 in
1680 1087 1789 1125 verbis

953 1136 1118 1173 continens,
1138 1134 1291 1168 HELIQUM‘.
1305 1143 1401 1165 SANCTI
1419 1136 1529 1166 BASILII
1544 1143 1779 1175 ARCHIEPISCOPI;

954 1181 983 1207 et
994 1177 1052 1207 duo
1066 1177 1226 1215 alia,simul
1235 1179 1365 1210 involuta
1375 1184 1523 1220 gossypio,
1534 1185 1562 1211 et
1570 1180 1699 1212 obducto
1710 1182 1778 1214 albo

953 1222 1048 1252 serico
1060 1222 1254 1264 Damasceno,
1270 1233 1337 1254 cum
1350 1224 1456 1255 litteris
1467 1226 1496 1255 in
1509 1234 1778 1265 pergameno,cum

955 1276 1060 1306 magno
1072 1267 1170 1307 sigillo
1179 1269 1445 1306 rubro,exhibeute
1455 1269 1583 1309 efﬁgiem
1593 1275 1772 1311 equestrem,

955 1316 983 1341 et
996 1313 1100 1343 sericis
1115 1313 1243 1352 antiquis
1259 1314 1427 1354 ligamentis
1440 1314 1607 1355 adjunctis:
1629 1317 1712 1356 cujus
1730 1317 1777 1347 le-

953 1361 1108 1394 ctura,tam
1121 1359 1150 1388 in
1162 1358 1258 1397 sigillo
1269 1368 1356 1398 quam
1372 1359 1402 1389 in
1417 1368 1670 1399 pergameno,non
1680 1361 1776 1400 potuit

953 1401 1030 1442 ﬁeri,
1049 1408 1170 1442 propter
1185 1404 1306 1434 nimiam
1323 1409 1508 1436 vetustatem.
1526 1406 1669 1445 Dictaque
1693 1415 1771 1445 ossa,

952 1447 1138 1488 discooperta
1145 1454 1172 1478 et
1182 1449 1571 1488 integreinventa,omnibus
1579 1451 1772 1491 praesentibus

950 1494 1120 1524 veneranda
1130 1495 1320 1533 exposuimus
1331 1499 1360 1525 et
1370 1495 1567 1526 exhibuimus:
1577 1505 1610 1526 ac
1618 1496 1773 1536 praedictas

130 1546 224 1568 casm
254 1545 755 1575 EPISCOPUSBRUGENSIS,PERPETUUS
764 1546 801 1569 ac
811 1547 909 1569 niani:—
919 1552 939 1578 α
951 1537 1103 1579 reliquias,
1124 1538 1153 1568 in
1170 1538 1317 1579 corporali
1331 1539 1388 1570 alio
1415 1540 1524 1571 mundo
1538 1541 1626 1571 simul
1637 1541 1768 1581 junctas,

130 1586 253 1609 DITAItlUS
280 1587 434 1609 FLANDﬂIrE
466 1586 694 1620 CANCELLARIUS,
725 1587 819 1610 Ill-201E
849 1587 910 1609 SUAE.

129 1626 274 1649 IAJESTATI
298 1627 320 1648 Δ
341 1626 477 1649 CONClLlO
497 1627 613 1655 STATUS,
630 1623 687 1650 etc.

133 1671 296 1703 (Universis
313 1676 343 1703 et
353 1672 477 1712 singulis
489 1678 651 1713 praesentes
663 1672 777 1703 litteras
788 1673 906 1713 visuris,

97 1717 202 1757 seulegi
214 1717 377 1757 audituris,
389 1718 514 1748 salutem
527 1718 555 1747 in
574 1718 710 1749 Domino.
726 1718 907 1749 Promotioni

97 1761 182 1792 cultus
196 1768 370 1792 sanctorum
400 1761 533 1793 studiose
562 1771 682 1803 semper
712 1761 906 1800 intendimus,

97 1805 211 1837 scientes
224 1808 321 1838 Deum
336 1807 571 1847 omnipotentem
584 1807 614 1837 in
625 1808 734 1838 sanctis
747 1807 809 1838 suis
819 1808 910 1837 hono-

97 1854 365 1888 ratum,sanctorum
378 1853 510 1882 cultores
522 1852 558 1882 ad
572 1857 742 1883 sanctorum
760 1855 788 1882 iu
802 1855 912 1883 εἰει-ηδ

99 1893 265 1928 beatitudine
276 1896 453 1927 societatem
466 1897 673 1936 disiionere,et
685 1896 834 1928 efﬁcacius
845 1906 912 1937 per-

98 1938 205 1972 ducere.
218 1941 292 1972 Cum
307 1941 406 1982 itaque
418 1951 524 1982 nuper,
550 1952 585 1973 ex
599 1942 705 1982 pietate
729 1946 757 1972 et
772 1943 912 1973 muniﬁca

98 1982 258 2016 liberalitate
264 1986 426 2017 reverendi
436 1986 635 2018 adm.domini
645 1986 770 2025 Eugenii
778 1986 815 2018 de
825 1987 908 2027 Vicq,

99 2027 189 2060 decani
203 2031 342 2062 ecclesiae
357 2031 536 2062 cathedralis
552 2032 653 2063 Sancti
669 2033 835 2069 Uouatiani,
854 2032 907 2063 ab-

100 2074 182 2105 soluto
196 2085 288 2114 opere
304 2075 373 2106 novi
402 2076 506 2107 feretri
532 2085 684 2107 sacrarum
714 2075 907 2117 reliquiarum

99 2120 165 2148 senti
179 2119 278 2151 Basilii
295 2121 407 2160 Magni,
433 2121 573 2152 Caesareae
601 2121 630 2152 iu
645 2121 831 2161 Cappadocia
859 2131 908 2152 ar-

100 2162 269 2205 chiepiscopi
285 2170 315 2196 et
344 2166 535 2204 confessoris,
566 2166 723 2206 singularis
740 2166 864 2207 patroni.
893 2176 910 2198 a

950 1583 1093 1614 decenter
1104 1583 1240 1613 manibus
1251 1584 1360 1614 nostris
1372 1585 1556 1615 involvimus.
1570 1589 1633 1616 etin
1641 1595 1770 1625 praesen-

952 1627 989 1657 tia
1000 1627 1142 1657 nostrain
1152 1628 1256 1658 eodem
1268 1628 1414 1669 corporali
1427 1630 1704 1662 consuicuravimus
1711 1631 1768 1662 ﬁlis

951 1671 1078 1711 byssinis
1094 1680 1101 1702 :
1114 1672 1149 1702 ad
1163 1681 1235 1711 quas
1246 1673 1352 1703 eodem
1368 1675 1549 1705 reverendos
1563 1675 1724 1706 admodum
1739 1686 1772 1708 ac

950 1716 1136 1747 venerabiles
1151 1717 1290 1747 dominos
1304 1717 1342 1748 de
1358 1719 1438 1749 clero
1463 1720 1598 1757 ejusdem
1625 1722 1772 1759 ecclesiae,

949 1761 1083 1801 aliosque
1097 1761 1290 1792 notabiliores
1300 1768 1474 1804 praesentes,
1488 1768 1546 1795 tam
1559 1765 1777 1799 ecclesiasticos

953 1815 1042 1846 quam
1057 1806 1225 1842 saaculares,
1238 1807 1275 1838 ad
1291 1808 1425 1838 osculum
1441 1815 1511 1840 ante
1522 1819 1672 1841 summum
1685 1811 1777 1843 altare

954 1851 1086 1891 praedicti
1098 1851 1240 1892 choriper
1248 1852 1383 1883 ordinem
1390 1853 1575 1887 admisimus.
1584 1855 1776 1888 Postmodum

952 1904 1056 1926 omnes
1071 1896 1191 1927 easdem
1207 1898 1361 1937 reliquias,
1380 1898 1458 1928 dicto
1471 1901 1617 1940 corporali
1633 1901 1777 1942 inclusas,

952 1940 983 1970 in
1000 1949 1074 1970 novo
1086 1940 1183 1971 serico
1195 1942 1323 1972 caeruleo
1335 1942 1391 1973 ﬁlis
1403 1943 1509 1974 sericis
1521 1944 1654 1984 ejusdem
1667 1940 1778 1977 coloris

951 1985 1138 2016 involvimus.
1158 1985 1292 2027 Denique
1307 1987 1385 2017 idem
1402 1988 1586 2020 involucrum
1600 1990 1777 2022 inclusimus

951 2038 1040 2076 novae
1048 2029 1173 2076 cistulae,
1186 2030 1222 2060 ab
1236 2035 1318 2062 extra
1328 2031 1443 2063 affabre
1453 2033 1591 2073 depictas,
1600 2039 1629 2065 et
1640 2044 1777 2076 supernas

951 2075 1102 2113 inscriptae
1116 2075 1206 2105 rubro
1224 2076 1324 2107 colore
1341 2087 1348 2106 :
1367 2077 1521 2112 [ὶειιουιιε
1546 2087 1646 2110 SANC'I‘l
1663 2075 1777 2111 BASiLii

952 2118 1247 2155 Macenraansu'rza
1259 2129 1309 2151 xui
1319 2120 1398 2152 Junn
1415 2122 1491 2154 1687
1505 2133 1513 2163 ;
1526 2127 1557 2154 et
1570 2123 1606 2154 ab
1628 2125 1705 2155 intra
1723 2134 1776 2155 co-

951 2168 1062 2204 opertae
1076 2165 1170 2194 satino
1182 2165 1308 2196 caeruleo
1318 2166 1418 2206 (quam
1433 2168 1540 2206 praevie
1547 2168 1630 2207 juxta
1645 2169 1777 2208 praescri-

101 2207 187 2239 multis
202 2213 281 2241 retro
296 2210 415 2241 saeculis
429 2211 461 2241 in
477 2211 580 2242 eadem
598 2211 726 2242 ecclesia
748 2211 910 2242 cathedrali
922 2228 942 2253 ο
953 2213 1033 2249 ptum
1050 2208 1229 2240 Pontiﬁcalis
1244 2210 1383 2251 Romani,
1400 2221 1468 2242 cum
1482 2213 1621 2252 praedicto
1638 2207 1712 2244 novo
1728 2212 1774 2244 fe-

99 2259 318 2294 asservatarum,
336 2259 364 2286 et
395 2255 450 2294 pia;
475 2256 659 2287 venerationi
686 2256 908 2295 exhibilarum;

100 2295 170 2340 adm.
186 2299 341 2330 reverendi
355 2303 384 2329 et
399 2299 586 2331 venerabiles
608 2300 734 2336 domini,
753 2300 912 2340 praedictus

100 2339 218 2373 decanus
227 2348 256 2374 et
266 2343 427 2383 capitulum
440 2344 578 2384 ejusdem
591 2339 912 2382 ecclesiae,desideran-

104 2388 142 2416 tes
156 2396 205 2426 pro
221 2397 309 2428 posse
321 2389 464 2420 mandare
490 2389 672 2420 exsecutioni
688 2389 911 2421 translationem

102 2431 295 2475 praedictarum
312 2438 482 2465 sanctarum
499 2434 706 2475 reliquiarum,
724 2443 762 2465 ex
789 2434 912 2474 antiquo

101 2473 127 2504 in
139 2476 314 2509 antedictum
327 2487 434 2509 novum
446 2473 659 2516 feretrum,nos
671 2479 772 2510 debita
782 2487 849 2511 cum
864 2479 913 2510 in—

103 2521 197 2551 stantia
208 2522 411 2564 requisierint,
421 2523 452 2554 id
466 2524 530 2555 ﬁeri
545 2533 612 2555 cum
632 2523 871 2555 solemnitatibus
885 2527 913 2554 et

103 2566 280 2609 caeremoniis
295 2568 470 2608 opportunis
483 2569 521 2599 ad
536 2569 594 2600 hoc
608 2568 770 2609 requisitis.

140 2619 155 2654 si
169 2608 242 2641 Hinc
256 2615 303 2642 est
319 2612 397 2652 quod
414 2622 468 2643 nos
485 2622 521 2643 ea
536 2613 575 2644 de
588 2608 688 2654 causa,
704 2622 782 2644 anno
797 2612 918 2645 Domini

951 2258 1031 2284 retro
1044 2254 1147 2293 majori
1158 2259 1309 2294 argenteo,
1325 2255 1544 2297 benediximus)
1556 2267 1614 2289 una
1625 2267 1691 2289 cum
1705 2267 1778 2298 prae-

951 2298 1085 2329 sentihus
1101 2299 1208 2329 nostris
1231 2299 1348 2337 litteris,
1367 2301 1506 2340 praedicto
1534 2305 1703 2341 pervetusto
1734 2301 1778 2333 illi

954 2352 1134 2383 pergameno
1159 2343 1401 2381 transﬁxis,inter
1410 2345 1482 2376 duas
1489 2347 1626 2379 culcitras
1635 2357 1671 2379 ex
1682 2348 1778 2378 satino

953 2387 1082 2418 caeruleo
1095 2388 1133 2418 ah
1151 2392 1274 2428 utraque
1292 2394 1375 2429 parte
1388 2390 1492 2431 factas,
1504 2400 1539 2422 ac
1555 2393 1641 2433 copia
1657 2401 1711 2433 per
1725 2401 1779 2422 nos

954 2432 1155 2464 authenticata
1170 2437 1199 2464 et
1215 2433 1341 2473 sigillata
1357 2435 1511 2475 cujusdam
1529 2432 1693 2468 testimonii
1709 2438 1780 2468 anni

955 2477 1104 2507 millesimi
1117 2478 1273 2508 contesimi
1286 2479 1456 2518 octogesimi
1468 2481 1544 2512 sexti
1552 2489 1603 2513 Vill
1616 2480 1778 2518 Kal.Junii;

954 2531 1012 2562 qua
1027 2526 1120 2563 patet,
1133 2531 1186 2563 per
1198 2522 1378 2564 Philippum.
1392 2524 1483 2556 lilium
1494 2526 1672 2557 Theudorici
1683 2526 1779 2557 comi-

955 2570 1014 2597 tem
1030 2566 1188 2604 Flandriae,
1206 2567 1237 2598 iu
1254 2569 1411 2608 praesentia
1425 2569 1569 2602 Florentii
1585 2571 1700 2601 comitis
1710 2570 1782 2602 Hol-

958 2611 1077 2650 laudias,
1096 2613 1222 2644 Gerardi
1236 2613 1386 2654 prtepositi
1403 2614 1502 2646 Sancti
1526 2615 1694 2652 Donatiani,
1709 2614 1781 2646 item

104 2652 251 2685 millesimo
262 2657 480 2688 sexcentesimo
489 2662 577 2698 atque
586 2652 768 2698 octogesimo
777 2661 917 2698 septimo,
959 2657 1084 2688 Gerardi
1095 2652 1246 2698 praepositi
1256 2652 1431 2697 iusiulaui,et
1442 2660 1550 2700 reliqui
1564 2660 1637 2691 cieri
1645 2659 1782 2691 ecclesiae

105 2699 207 2745 mensis
216 2700 296 2731 Junii
308 2701 356 2732 die
366 2709 430 2741 xui,
446 2702 542 2743 pridie
566 2703 634 2734 festi
663 2703 797 2744 ejusdem
824 2703 918 2734 sancti
962 2702 1060 2733 Sancti
1077 2702 1242 2742 Donatiani,
1256 2702 1410 2743 praedictas
1420 2699 1562 2745 reliquias
1575 2705 1671 2736 sancti
1682 2704 1783 2736 Basilii

115 2741 220 2781 Basilii,
232 2745 356 2778 sedente
366 2749 396 2777 in
410 2741 551 2779 cathedra
560 2748 654 2779 sancti
665 2741 742 2779 lietri
753 2747 856 2779 Romae
869 2747 921 2779 ln-
963 2747 1069 2786 Magni,
1087 2747 1218 2787 aliasque
1232 2741 1400 2788 complures
1414 2741 1504 2780 fuisse
1519 2748 1649 2781 visitatas
1675 2749 1783 2781 debitis

107 2789 234 2820 mentio
248 2798 326 2832 papa
341 2791 406 2832 ejus
421 2792 553 2824 nominis
576 2793 749 2834 undecimo,
772 2792 922 2834 Leopoldo
963 2791 1164 2832 caeremoniis,
1181 2796 1211 2824 et
1223 2792 1317 2833 sigillo
1333 2794 1468 2835 ejusdem
1496 2793 1614 2827 comitis
1637 2795 1784 2827 Flaudriae
