2005 3142
232 147 328 172 που

941 140 1225 175 PROLEGOMENA
1233 167 1238 172 .

233 206 389 252 adjuncto,
403 206 536 247 apposito
551 206 709 252 antedictaz
722 215 806 238 novas
820 206 936 252 cistula
955 207 1052 247 sigillo
1061 211 1083 237 Δ
1095 207 1301 248 Hooghstrate,
1316 210 1425 242 comite
1441 210 1478 241 de
1491 209 1681 252 Renebourg,
1694 216 1712 243 ‘a
1723 212 1851 244 concilio
1864 213 1918 245 Ini-

233 256 347 290 nostro,
363 251 402 282 ab
417 256 542 289 utroque
557 251 649 283 latere
664 251 695 282 in
710 261 781 282 cera
796 251 898 283 rubra.

280 299 369 328 «Acta
381 296 501 328 fuerunt
513 297 575 328 haec
585 297 614 327 in
627 296 719 327 choro
731 305 809 337 saepe
825 297 912 328 dictae
923 297 1057 329 ecclesias

235 342 414 373 cathedralis
425 341 525 373 Sancti
539 341 694 372 Donatiani
709 341 825 381 Brugis,
835 351 925 382 anno,
941 351 1055 383 mense,

235 392 264 419 et
274 387 447 427 die,quibus
460 386 760 427 supra,prsasentibus
771 387 800 417 in
813 387 918 418 eadem
927 387 1056 418 solemni

232 432 423 463 translatione
437 431 595 462 admodum
609 432 782 462 reverendis
792 436 820 463 et
835 432 1055 463 venerabilibus

235 477 376 514 dominis,
388 475 523 507 videlicet
536 475 628 506 nobili
641 476 763 507 domino
775 477 909 516 Eugenio
917 478 955 508 (le
967 477 1052 517 Vicq,

230 523 258 553 J.
275 521 310 554 U.
328 521 361 552 L.
380 520 529 562 praedicta;
549 521 685 552 ecclesiae
709 521 844 562 decano;
873 523 908 554 D.
934 521 1054 554 Joanne

231 566 363 604 Pinckel,
388 567 467 598 S.T.
497 565 529 597 L.
557 566 788 604 archidiacono;
817 566 853 598 D.
879 566 991 598 Jacobo
1017 569 1055 598 de

230 612 317 650 Crits,
336 615 469 649 cantore;
482 612 517 643 D.
531 611 644 642 Joanne
654 611 691 642 de
710 611 816 652 Blissy,
833 611 864 643 S.
878 612 914 643 Τ.
944 614 978 644 L.
1003 621 1054 643 ar-

229 657 451 698 chipresbytero
465 665 474 694 ;
490 658 526 688 D.
542 655 656 688 Joanne
682 657 840 688 Francisco
856 657 894 688 de
920 657 1053 688 Baillen-

228 706 325 743 court,
341 700 369 733 J.
389 701 422 733 V.
439 701 471 732 [ι.
490 700 581 731 nobili
598 702 632 733 D.
644 700 759 733 Joanne
769 711 824 732 vnn
836 701 962 739 Volden,
975 701 1003 734 J.
1015 703 1052 741 ν,

228 748 263 780 L.
280 748 315 777 D.
332 746 490 778 Francisco
506 755 560 776 van
575 745 681 787 Torre,
699 745 732 777 Ι).
750 747 872 778 Claudio
886 748 1012 786 Agretti,
1024 748 1052 780 J.

228 791 264 824 V.
282 794 318 824 Ι).
334 791 427 823 nobili
442 792 477 823 D.
494 790 624 822 Boberto
639 791 809 823 Alexandro
827 793 864 822 de
879 791 1005 832 Haynin,
1024 791 1051 823 J.

226 836 262 869 U.
280 837 314 869 D.
333 837 454 868 Alberto
470 836 639 877 Claysman,
652 837 677 868 Ι.
693 837 729 869 U.
744 837 777 869 L.
791 837 882 868 nobili
896 838 931 868 D.
946 837 1053 868 Carolo

1100 252 1178 284 litari
1192 263 1252 285 suae
1267 254 1430 295 majestatis
1459 259 1488 286 et
1511 255 1780 296 superintendente
1808 257 1921 288 militias

1098 298 1257 338 provincias
1267 299 1428 339 Flandriaa;
1437 299 1531 331 nobili
1544 300 1778 332 D.Ferdinando
1786 302 1922 342 Augusti-

1098 352 1136 374 no
1153 343 1192 375 de
1209 343 1295 385 Vicq,
1309 345 1450 385 toparcba
1462 345 1500 376 de
1512 345 1668 377 Menlevelt
1682 350 1713 377 et
1724 347 1922 385 Desmarreis,

1097 388 1246 420 civitentis
1260 389 1421 430 Brugensis
1437 390 1562 421 sculteto
1580 390 1694 427 ;nobili
1710 392 1745 423 D.
1765 391 1922 422 Francisco

1097 433 1190 474 Nans,
1207 433 1375 475 Toparcha,
1392 434 1430 466 de
1444 434 1699 473 Meetkerckhove,
1725 435 1920 476 Brugensium

1096 478 1307 518 burgimagisto
1319 479 1474 519 primario;
1483 479 1575 511 nobili
1589 479 1623 510 Ι).
1635 480 1757 512 Glaudto
1768 480 1809 511 de
1821 481 1917 519 Certe,

1094 523 1290 563 Brugensium
1302 523 1528 564 burgimagistro
1540 524 1917 564 secundario;nobiliChri-

1096 569 1238 610 stophoro
1253 578 1306 600 van
1321 569 1445 605 Volden,
1462 569 1558 609 primo
1569 569 1765 610 Brugensium
1782 571 1917 611 graphia-

1096 613 1162 652 rio;
1178 613 1272 644 nobili
1287 613 1451 645 Pbiliberto
1467 623 1522 645 van
1552 613 1681 652 Volden,
1713 615 1858 656 toparcha
1882 615 1916 646 de

1096 658 1251 698 Crengert,
1264 658 1546 690 Franconatensium
1561 659 1684 690 consule
1696 660 1852 700 primario;
1869 669 1917 691 no-

1096 702 1149 733 bili
1159 702 1194 734 D.
1206 702 1326 735 Nicolao
1337 703 1475 743 d’Heere,
1487 704 1769 736 Franconatensium
1781 705 1915 743 consule;

1095 747 1316 779 consultissima
1331 748 1452 779 domino
1462 747 1574 780 Jacobo
1586 748 1623 779 de
1634 748 1917 790 Steenberge,Fran-

1094 793 1297 824 conatensium
1313 793 1483 833 graphiario
1500 793 1660 835 primario:
1678 794 1916 836 [generosissimo

1094 838 1155 868 viro
1171 837 1203 869 D.
1221 836 1379 868 Ambrosio
1395 837 1433 868 de
1448 837 1631 877 Prascipiano
1651 838 1760 869 comite
1776 838 1815 870 de
1833 837 1916 879 Soye,

226 881 336 920 Triest,
348 883 374 914 J.
387 881 423 914 υ.
434 882 467 913 L.
480 880 512 912 G.
526 881 653 912 Henrico
665 882 785 920 Mortel,
797 883 831 914 Ι).
842 883 955 914 Joanne
968 883 1050 921 Bapt.
1065 893 1083 918 Β
1094 883 1184 922 regize
1199 891 1261 913 suae
1276 882 1421 922 majestati
1436 891 1452 914 a
1474 882 1606 913 consiliis
1622 882 1738 914 bellicis
1754 888 1784 914 et
1809 884 1916 915 militiai

225 927 353 963 Besmte,
370 928 396 958 J.
412 926 446 958 U.
464 925 496 957 L.
509 925 542 956 D.
559 926 680 957 Nicolao
710 926 863 966 Rosignol,
875 928 911 958 Ι).
922 926 1053 967 Gaspare

224 971 345 1012 Gelson,
413 970 569 1002 Theodoro
584 970 699 1008 Benoit,
717 971 810 1002 nobili
832 971 867 1002 D.
883 971 1052 1002 Alexandro

227 1026 281 1047 van
296 1015 423 1054 Volden,
439 1015 467 1047 J.
481 1015 517 1046 V.
530 1016 564 1046 L.
579 1016 615 1047 D.
630 1015 736 1047 Carolo
751 1015 855 1047 Alexio
870 1016 907 1047 de
924 1016 1051 1047 Baillen-

224 1066 319 1100 court,
335 1060 363 1092 J.
381 1062 414 1091 V.
431 1060 463 1092 L.
477 1059 512 1092 Ι).
528 1059 641 1092 Joanna
652 1060 737 1101 Bapt.
751 1061 866 1093 vanden
884 1061 1048 1102 Bogaerde,

227 1107 260 1138 D.
274 1105 421 1137 Ludovico
429 1104 569 1142 Collaert,
584 1104 619 1136 D.
637 1104 726 1136 Petro
741 1105 833 1146 Maes,
848 1105 876 1136 J.
895 1105 930 1135 V.
948 1106 982 1137 L.
998 1115 1050 1136 no-

224 1150 278 1182 bill
287 1150 321 1183 D.
329 1149 488 1182 Guilielmo
503 1149 630 1190 Josepho
640 1150 788 1182 Alverado
799 1159 815 1190 y
828 1151 1048 1189 Braccamonte,

222 1196 316 1227 nobili
331 1196 366 1227 Ι).
383 1194 494 1226 Jacobo
511 1193 668 1226 Francisco
684 1195 722 1225 de
733 1195 865 1233 Aranda,
879 1196 904 1226 J.
918 1196 953 1227 V.
967 1195 998 1226 L.
1013 1195 1048 1227 D.

223 1240 311 1272 Petro
326 1240 493 1281 Stalpaert;
511 1239 673 1278 canonicis,
692 1239 871 1282 presbyteris
888 1250 923 1271 ac
935 1239 1050 1281 reliquo

222 1286 357 1327 ejusdem
372 1284 455 1316 ebori
471 1284 581 1316 clerico
598 1293 607 1321 ;
634 1293 751 1315 necnon
767 1285 847 1316 adm.
876 1285 1048 1316 reverendis

221 1335 251 1362 et
264 1329 483 1362 venerabilibus
498 1329 640 1365 dominis,
654 1329 716 1361 DD.
730 1329 849 1360 Placido
861 1329 1046 1371 Ockerhout,

221 1380 250 1406 et
264 1375 387 1407 Msrtino
403 1374 497 1410 Colle,
516 1375 545 1406 S.
563 1373 690 1405 Andreas
706 1378 737 1405 et
748 1374 932 1405 Dunensium
944 1383 1047 1415 respe-

220 1421 295 1452 ctive
309 1419 466 1451 abbatibus
481 1428 489 1457 ;
506 1420 541 1450 D.
557 1418 672 1450 Judoco
687 1418 780 1449 Ranst
794 1419 821 1450 J.
838 1419 876 1451 V.
892 1421 927 1452 L.
943 1423 973 1450 et
988 1420 1044 1452 de-

220 1474 294 1496 cano
318 1464 452 1496 ecclesiae
480 1463 660 1495 cathedralis
675 1464 705 1495 S.
735 1464 860 1496 Bavonis
886 1465 1042 1506 Gandavi;

1094 928 1231 969 praefecto
1243 936 1251 965 ;
1271 927 1501 967 generosissimo
1510 927 1574 958 viro
1586 928 1622 959 D.
1635 927 1759 959 Alberto
1769 928 1808 960 de
1819 929 1912 960 Mero-

1092 972 1141 1010 de,
1158 972 1265 1004 comite
1280 972 1318 1002 de
1331 971 1451 1004 Wattou
1467 976 1497 1003 et
1519 972 1625 1009 Thian,
1643 972 1761 1004 tribuno
1792 973 1913 1013 legionis

1093 1017 1239 1057 pedestris
1246 1016 1376 1057 praesidii
1383 1016 1652 1056 Brugensismobili
1661 1015 1774 1048 Jacobo
1781 1017 1820 1049 de
1827 1017 1912 1049 Croo-

1093 1061 1242 1096 mendale,
1258 1061 1323 1092 vice
1347 1064 1453 1092 comite
1470 1061 1507 1092 de
1531 1060 1694 1101 Vlieringe,
1710 1062 1854 1102 toparcha
1879 1063 1912 1093 de

1093 1106 1254 1138 Breetbaut
1270 1116 1278 1144 ;
1298 1105 1393 1136 nobili
1408 1105 1443 1137 D.
1470 1105 1609 1146 Philippo
1625 1106 1746 1137 Alberto
1762 1106 1800 1137 de
1831 1107 1910 1146 Vicq,

1092 1151 1204 1183 barone
1219 1151 1256 1182 de
1271 1151 1420 1190 Cumtigb.
1439 1150 1581 1192 toparcba
1592 1150 1629 1182 de
1640 1150 1826 1192 Vissennacq
1840 1162 1847 1188 ;
1865 1162 1910 1183 no-

1092 1195 1144 1228 bili
1160 1198 1195 1228 D.
1212 1195 1328 1228 Joanne
1345 1195 1464 1234 Carillo,
1477 1195 1621 1236 toparcha
1630 1195 1667 1226 de
1679 1196 1905 1237 Cauwerbourg;

1092 1242 1185 1274 nobili
1199 1244 1236 1274 D.
1254 1241 1357 1274 Carolo
1371 1241 1482 1283 Gillon,
1500 1242 1641 1282 toparcha
1655 1242 1694 1273 de
1721 1242 1909 1283 Snellegem;

1090 1293 1120 1319 et
1132 1288 1164 1318 in
1181 1286 1339 1328 praesentia
1351 1287 1547 1327 plurimorum
1573 1286 1809 1318 reverendorum
1824 1292 1905 1329 atque

1089 1327 1309 1360 honorabilium
1325 1327 1482 1366 utriusque
1497 1326 1613 1358 ordinis
1627 1328 1771 1359 virorum.
1789 1328 1821 1358 in
1834 1338 1905 1369 quo-

1088 1382 1154 1404 rum
1170 1375 1302 1404 omnium
1317 1371 1406 1403 ﬁdem
1420 1381 1454 1402 ac
1484 1371 1687 1403 testimonium
1717 1372 1772 1403 has
1802 1372 1909 1404 litteras

1087 1417 1208 1459 propria
1222 1426 1313 1448 manu
1329 1416 1521 1456 signavimus,
1546 1425 1664 1448 necnon
1680 1417 1787 1457 majori
1813 1423 1907 1449 nostro

1086 1462 1196 1503 sigillo,
1212 1465 1242 1493 et
1256 1461 1411 1493 secretarii
1432 1460 1527 1492 nostri
1555 1463 1718 1501 signatura,
1734 1462 1908 1494 communiri

219 1508 394 1542 reverendis
412 1508 544 1549 patribus
559 1508 667 1540 Garolo
697 1508 853 1540 Glaesman
877 1513 906 1541 et
935 1509 1043 1542 Jacobo
1082 1508 1242 1549 iussimus.

220 1554 305 1593 Mols,
323 1553 503 1595 presbyteris
518 1553 675 1586 Societatis
689 1553 774 1586 Jesu.

259 1598 460 1633 Praesentibus
476 1599 565 1630 etiam
580 1601 631 1630 aut
656 1598 788 1630 invitatis
817 1598 1040 1640 praenobilibus,

218 1645 372 1686 generosis
383 1653 419 1675 ac
434 1642 659 1675 honorabilibus
672 1643 743 1675 viris
755 1643 816 1676 DD.
831 1643 1044 1675 excellentissi-

218 1700 267 1722 mo
282 1690 403 1721 domino
416 1688 563 1730 Procopio
576 1688 614 1720 de
630 1688 743 1727 Lalein,
766 1697 801 1720 ex
817 1688 977 1720 comitibus
1004 1689 1043 1721 de

1376 1551 1412 1583 Il.
1428 1550 1463 1583 G.
1480 1557 1636 1583 EPISGOPUS
1655 1558 1830 1585 nnumsrs.
1856 1565 1869 1581 ι

1052 1573 1072 1598 c
1084 1597 1174 1639 Infra,
1190 1597 1228 1630 de
1239 1573 1649 1629 mandato-
1655 1573 1910 1630 752753633»:

1307 1641 1367 1673 Dm”
1379 1641 1509 1682 episcopi
1522 1641 1658 1680 prafatt'.

1145 1686 1351 1721 Brouckmans
1367 1689 1510 1717 secretar.
1526 1685 1615 1718 1687.

569 1880 650 1928 DE
688 1881 854 1928 VlTA.
896 1879 1122 1928 BASlLII
1162 1877 1557 1937 APOCRYPHA,

487 1991 525 2021 Et
545 1991 655 2022 sancto
676 1988 898 2030 Amphilochia
918 1989 1069 2030 episcopo
1090 1986 1249 2020 Iconiensi
1273 1994 1441 2028 perperam
1462 1986 1626 2027 imputata.

1022 2076 1072 2086 ——

255 2153 512 2192 Quemadmodum
532 2163 620 2186 nemo
645 2154 758 2185 curavit
782 2155 877 2186 sancti
902 2153 1147 2194 GregoriiDputa
1158 2152 1189 2184 S.
1206 2151 1370 2185 Notkerum
1387 2150 1419 2181 in
1447 2159 1502 2182 suo
1529 2149 1748 2192 Martyrologio,
1785 2152 1819 2181 ut
1847 2148 1904 2181 dixi

215 2199 391 2232 Nazianzeni
404 2199 500 2230 Vitam
511 2199 656 2238 scribere,
669 2203 729 2230 tum
743 2209 810 2230 cum
822 2199 920 2231 adhuc
931 2207 1039 2230 recens

215 2247 296 2276 esset
306 2249 438 2285 actorum
450 2245 514 2285 ejus
526 2247 680 2282 memoria;
691 2244 742 2275 sed
753 2244 866 2285 primus
877 2244 1039 2283 Gregorius

214 2285 333 2325 quidam
341 2284 495 2326 presbyter
507 2285 616 2316 saeculo
630 2284 780 2316 circiter'x
793 2284 822 2316 id
840 2293 916 2325 opus
926 2292 1040 2315 assum-

215 2329 286 2370 psit,
299 2333 358 2361 tam
372 2329 545 2370 infeliciter,
561 2334 593 2360 ut
625 2329 689 2370 ejus
704 2329 826 2370 scriptio
850 2328 972 2368 indigna
999 2328 1040 2359 sit

213 2373 275 2405 visa
291 2382 356 2413 quae
370 2373 447 2413 apud
463 2382 517 2404 nos
531 2373 736 2412 recuderetur,
750 2373 793 2405 sic
807 2382 904 2416 neque
920 2377 1039 2404 sanctus

214 2418 345 2451 Basilius
360 2417 539 2458 scriptorem
557 2418 650 2449 etatis
676 2418 851 2461 propinquae
866 2422 896 2449 et
921 2417 1038 2449 idoneas

213 2462 345 2494 scientiae
355 2462 488 2502 reperit;
507 2461 616 2495 uinculo
639 2466 738 2494 autem
750 2471 801 2494 vnn
814 2461 863 2494 uel
877 2471 916 2499 Ix,
930 2462 1038 2505 prodiit

212 2506 332 2548 aliquis,
346 2510 390 2538 vel
400 2506 461 2538 ﬂcti
476 2506 606 2537 nominis
620 2506 862 2548 Amphilochius.
875 2516 965 2540 ausus
979 2506 1037 2539 sli-

214 2554 287 2595 quid
302 2557 360 2585 tam
371 2553 461 2593 digno
470 2557 643 2593 argumento
654 2562 760 2595 parum
771 2553 953 2585 conveniens
970 2564 976 2585 :
989 2553 1038 2589 cui

213 2602 310 2630 tamen
323 2597 482 2640 postremis
493 2597 540 2629 bis
551 2598 669 2631 saeculis
681 2607 816 2638 magnam
828 2598 1037 2630 auctoritatem

211 2644 336 2678 contulit
362 2644 398 2675 L.
424 2642 662 2683 Amphilochius,
687 2643 850 2675 Iconiensis
878 2646 1036 2685 episcopus

210 2689 328 2730 ipsique
335 2692 437 2719 sancto
446 2687 829 2729 familiarissimus,l‘acilius
836 2688 970 2720 creditus
978 2689 1034 2720 Ba-

211 2733 271 2765 silii
282 2733 373 2764 vitam
379 2732 618 2775 scripsisse,quia
626 2733 713 2775 hujus
721 2733 890 2764 encomium
899 2733 1031 2774 aliquod,

212 2777 292 2828 quod
303 2787 394 2828 supra
405 2776 491 2828 nobis
502 2778 620 2828 Prologi
631 2777 787 2828 _loco.fu_it_,
799 2778 957 2828 reliquisse
975 2787 1031 2821 po-

211 2821 641 2862 sterissciebatur;omnihaud
647 2822 737 2854 dubie
743 2823 802 2855 ﬁde
810 2822 1033 2863 dignissimum.

210 2866 336 2909 Decepit
348 2875 384 2900 ea
399 2876 447 2900 res
462 2867 621 2910 plerosque
636 2868 785 2908 sequioris
794 2868 848 2900 nivi
858 2867 1033 2909 scriptores,

1080 2198 1195 2230 Comm.
1213 2206 1259 2238 pr.
1276 2206 1306 2228 n.
1322 2196 1341 2228 7
1355 2207 1363 2234 ;
1388 2195 1576 2236 Sigebertum
1589 2194 1851 2235 Gemblacensem,
1874 2194 1903 2225 in

1080 2241 1232 2281 Cataloga
1243 2241 1415 2274 illustrium
1433 2240 1619 2280 scriptorum
1631 2251 1640 2282 ς
1651 2239 1773 2272 Petrum
1787 2239 1903 2280 episco-

1080 2295 1149 2328 pum
1165 2285 1350 2328 Equilinum,
1368 2286 1396 2316 in
1412 2282 1560 2325 Catologo
1584 2287 1770 2325 sanctorum,
1788 2283 1845 2316 lib.
1873 2292 1902 2322 n,

1079 2340 1147 2373 cap.
1163 2331 1223 2370 28',
1240 2329 1431 2362 Vincentium
1452 2329 1706 2370 Bellovacencem,
1724 2329 1756 2360 in
1778 2328 1904 2369 Speculo

1078 2376 1235 2414 historico,
1250 2375 1300 2407 lib.
1314 2383 1373 2414 xxv,
1389 2383 1455 2416 cap.
1469 2375 1520 2414 78,
1538 2374 1575 2407 19
1601 2378 1631 2406 et
1646 2374 1707 2418 80;
1722 2374 1755 2406 S.
1780 2373 1905 2418 Antoni-

1079 2430 1162 2456 num.
1179 2426 1264 2462 parte
1280 2428 1315 2461 II,
1331 2421 1374 2453 tit.
1388 2420 1419 2460 9,
1436 2429 1503 2461 cap.
1520 2420 1552 2461 5,
1566 2419 1583 2460 δ
1597 2419 1638 2463 8;
1654 2416 1772 2451 Sixtum
1787 2416 1903 2451 sonen-

1079 2475 1155 2503 sem,
1168 2466 1209 2497 lib
1216 2489 1221 2496 .
1228 2475 1257 2498 ιν
1267 2464 1462 2497 Bibliotheca
1472 2470 1595 2505 sancta,
1604 2473 1709 2495 omnes
1716 2472 1734 2495 a
1745 2463 1904 2496 Rosweido

1078 2510 1184 2542 citatos
1197 2510 1233 2541 ad
1244 2510 1327 2542 Vitas
1343 2510 1461 2540 Patrum
1479 2518 1546 2550 pag.
1565 2509 1622 2544 165
1638 2532 1645 2543 ,
1656 2507 1798 2541 omnibus
1810 2513 1903 2543 autem

1078 2555 1193 2596 praeivit
1207 2553 1312 2586 Ursus.
1329 2552 1362 2586 S.
1378 2554 1416 2586 Η.
1432 2552 1467 2585 E.
1484 2551 1696 2591 subdiaconus,
1726 2553 1802 2585 Vitas
1829 2553 1904 2586 illius

1078 2600 1228 2640 interpres
1244 2598 1353 2631 saeculo
1367 2606 1408 2637 ιι,
1427 2602 1459 2631 ut
1476 2607 1544 2630 mox
1556 2598 1684 2631 dicetur.

1117 2646 1148 2676 2.
1160 2644 1227 2676 Istis
1237 2648 1338 2677 tamen
1352 2642 1492 2675 omnibus
1502 2643 1618 2675 cautior
1628 2641 1901 2685 Baronius,eﬂlore-

1076 2694 1180 2721 scente
1192 2689 1334 2730 paulatim
1341 2688 1458 2720 critices
1471 2687 1636 2731 majoribus
1643 2687 1790 2727 neglecta;
1811 2687 1901 2720 studio

1074 2733 1106 2766 in
1117 2733 1200 2766 Notis
1215 2734 1251 2766 ad
1267 2734 1435 2766 Romanum
1449 2731 1702 2777 Martyrologium,
1718 2740 1739 2763 ιι
1754 2731 1898 2774 Januarii,

1076 2779 1116 2828 ait
1135 2789 1178 2828 ἷζε
1193 2778 1294 2811 Exstat
1315 2776 1522 2828 Amphilocbii
1550 2777 1674 2828 nomine
1700 2777 1818 2828 scripta
1840 2777 1902 2819 Vita

1076 2823 1180 2855 Basilii
1190 2832 1255 2864 quas
1267 2828 1379 2860 tamen,
1395 2830 1432 2853 ex
1442 2821 1670 2863 prudentiorum
1683 2821 1820 2854 omnium
1833 2830 1899 2854 sen-

1076 2868 1179 2909 tentia,
1195 2868 1320 2900 alterius
1334 2866 1500 2907 cujuspiam
1515 2866 1615 2907 potius
1627 2875 1717 2908 quam
1745 2868 1897 2909 Amphilo-
