2005 3142
239 141 349 177 cum

924 134 1219 172 PROLEGOMENA.

242 212 329 254 ginca
337 211 450 241 viscera
460 207 491 239 in
502 207 670 254 convallem
679 205 770 254 hujus
779 205 883 254 mundi
894 205 1060 254 descendit:
1072 207 1095 233 Δ
1104 202 1202 254 amplo
1214 201 1325 251 tamine
1338 202 1517 241 praepotens,
1525 202 1576 254 aut
1585 201 1643 254 tam
1655 198 1774 254 profusa
1785 196 1928 247 facundus

243 250 277 288 ac
294 257 456 287 humanum
472 262 578 293 genus,
593 251 673 292 qued
694 250 765 281 olim
790 251 970 282 aemulatoris
994 251 1063 282 dolo

244 302 401 341 deceptum
417 299 521 334 fuerat,
539 301 687 328 coaeterni)
702 295 764 326 Deo
779 295 859 326 Patri
871 296 1065 341 reconciliare

243 340 378 386 cupiens,
391 341 684 386 incontemplahilem
701 340 798 386 ignem
820 340 915 386 sancti
938 340 1066 386 Spiritus

245 384 483 422 misericorditer
503 385 664 417 accendit:
691 385 729 416 de
754 394 812 423 quo
837 384 976 415 nimirum
999 385 1067 423 igne

245 435 382 477 primitus
397 433 480 464 valde
504 429 675 477 conﬂagrati
689 434 759 460 sunt
783 429 878 460 sancti
902 430 1064 477 prophetat,

245 474 311 521 post
323 479 389 510 illos
403 477 497 509 sancti
518 475 655 521 apostoli,
682 478 836 514 martyres,
864 474 1064 521 confessores,

245 518 385 565 virgines,
395 527 535 554 etomnes
543 520 700 565 utriusque
707 519 906 556 sexussancti,
914 518 964 558 qui
973 527 1067 557 usque

244 570 280 601 ad
293 563 402 600 metam
413 567 523 603 carnis,
536 574 590 606 pro
606 564 671 605 ejus
686 563 856 594 dilectionis
871 563 985 595 ardore.
1002 565 1064 601 ipso

245 615 333 650 duce,
344 612 467 643 viriliter
479 611 661 641 dimicarunt
675 617 682 640 :
693 609 731 639 de
739 608 848 648 quibus
859 606 999 638 nimirum
1010 616 1064 645 ag-

245 658 377 689 minibus
392 656 501 688 sanctis
517 654 642 685 Basilius
654 653 766 684 exstitit
783 657 915 692 sanctus,
931 652 981 692 qui
1002 652 1066 681 sine

245 703 391 735 effusione
405 700 557 740 sanguinis
570 702 680 738 martyr
700 697 823 728 effectus
833 702 890 727 est.
916 697 1005 735 Cujus
1021 695 1062 725 vi-

245 754 305 780 tam
321 752 349 778 et
364 746 504 787 praeclara
520 743 673 779 miracula,
689 742 774 787 cogis
789 750 837 772 me
852 740 970 777 Ursum,
999 749 1064 787 om-

245 793 328 824 nium
334 785 570 823 Christianorum
579 787 717 818 ultimum
726 786 923 826 inﬁmumque
929 785 1069 816 sacerdo-

245 841 320 874 tem,
331 846 348 867 o
356 834 666 876 Gregoriclarissime,
683 831 763 862 ﬁlius
775 830 1068 876 atquenepos,l'i_'ater

1105 246 1293 287 loquacitate,
1307 249 1338 276 ut
1349 253 1519 276 sermonem
1531 242 1644 274 valeret
1657 242 1785 273 reddere
1799 243 1928 273 sermoni

1108 291 1196 331 (sicut
1207 300 1273 329 nos,
1286 300 1345 321 non
1357 292 1474 329 sponte,
1486 287 1537 318 sed
1549 287 1634 319 inviti
1654 287 1804 325 fecimus),
1825 290 1854 316 et
1871 297 1929 318 non

1107 345 1212 367 omnes
1227 335 1303 366 vires
1319 333 1518 374 grammaticas
1531 332 1601 363 artis
1612 332 1770 363 suﬁ'ocaret
1785 345 1791 364 :
1811 331 1928 375 quando

1108 386 1138 412 et
1154 381 1209 421 ipsi
1224 380 1275 421 qui
1296 385 1379 420 gesta
1389 382 1559 411 sanctorum
1572 377 1826 418 conscripserunt,
1841 376 1930 416 magis

1108 435 1214 457 sensus
1224 433 1313 465 quam
1324 423 1412 455 verba
1423 423 1583 462 scripsere,
1595 421 1682 452 sicuti
1694 423 1821 462 majores
1835 421 1931 451 nostri

1107 471 1253 502 referunt.
1265 471 1383 501 Interea
1393 467 1502 499 obnixe
1514 472 1729 507 quaesumus,ut
1740 468 1830 498 ﬁdem
1846 465 1931 496 dictis

1108 515 1285 555 adhibeatis,
1301 523 1353 554 per
1364 513 1463 544 omnia
1472 511 1643 549 credentes,
1655 512 1723 551 quia
1735 513 1882 543 veraciter
1893 514 1932 541 ta-

1108 560 1167 591 lem
1183 560 1262 590 illam
1280 558 1495 595 transtulimus,
1511 556 1628 597 qualem
1640 557 1722 587 illam
1734 558 1878 598 scriptam
1896 555 1930 586 ab

1108 605 1317 645 Amphilochio
1324 603 1450 644 praesule
1457 601 1671 641 lconiensi,qui
1684 611 1798 642 magnae
1807 601 1930 633 auctori-

1108 652 1175 680 tatis
1185 654 1242 686 est,
1257 649 1285 680 in
1298 647 1468 680 Graecorum
1482 646 1661 677 commentis
1672 646 1851 678 invenimus.
1864 647 1930 677 Cre-

1108 693 1180 724 dere
1191 702 1260 725 vero
1272 703 1309 724 ne
1320 690 1545 731 dubitetis,quia
1556 691 1586 720 in
1601 689 1650 720 illa
1661 691 1819 722 invenietis
1826 691 1929 722 animae

1107 737 1268 779 ferculum,
1284 742 1313 769 et
1335 737 1449 777 galeam
1477 735 1685 775 clypeumque,
1713 745 1803 776 quem
1833 740 1926 767 vestro

1109 783 1187 814 hosti
1203 784 1371 823 opponatis,
1389 785 1418 812 et
1432 781 1481 811 illo
1497 780 1626 816 devicto,
1647 789 1798 811 summum
1823 780 1925 819 Regem

1109 827 1185 858 facie
1197 827 1232 859 ad
1245 827 1352 858 faciem
1367 824 1664 864 videatis;adjuvsnte
1676 825 1778 866 utique
1790 825 1924 867 ipso,cui-.

247 873 431 921 patruusque
444 880 571 910 ducum:
586 885 717 921 necnon
729 880 760 907 et
774 876 832 921 loci
844 879 977 906 servator
990 873 1068 921 Nea-
1078 886 1099 912 Β

247 918 359 966 poleos,
369 918 428 965 quo
436 923 472 954 de
483 921 580 953 Attica
588 921 620 952 in
642 920 918 966 Latinamiinguam
934 918 1067 966 transfe-

246 963 323 1008 ram,
337 963 407 1000 etin
417 967 529 1008 gremio
540 970 651 997 sanctae
663 965 766 996 matris
776 963 918 996 Ecclesiae
928 963 1008 994 ﬁdeli
1024 963 1065 993 fa-

247 1015 329 1045 mine
345 1013 530 1052 consignem.

287 1060 316 1091 6.
333 1071 346 1086 α
360 1057 419 1089 Nos
430 1065 498 1087 vero
509 1054 774 1086 animadvertimus
788 1058 917 1084 nostram
930 1052 1068 1083 inertiam

247 1109 278 1135 et
289 1104 381 1134 multo
392 1102 486 1141 magis
496 1103 686 1141 peccatorum
700 1098 833 1140 pondere
844 1098 1016 1136 titubamus,
1032 1105 1070 1127 ne

247 1148 303 1180 sub
318 1153 400 1179 tanto
417 1155 511 1178 onere
525 1144 760 1175 succumbamus
773 1153 782 1182 ;
798 1147 827 1174 et
842 1148 900 1173 tam
924 1147 1025 1172 sancto
1041 1145 1071 1172 et

246 1191 415 1224 admirabili
422 1191 486 1222 viro
496 1190 589 1230 magis
599 1189 758 1220 ridiculum
768 1197 858 1228 quam
872 1187 989 1218 laudem
1002 1195 1070 1226 pro-

247 1246 407 1278 ponamus.
423 1235 483 1267 Sed
499 1240 540 1271 tu,
558 1233 735 1274 clarissime,
750 1242 819 1278 cum
836 1241 890 1262 nos
903 1231 1071 1278 renitentes

248 1275 435 1321 multumque
449 1283 648 1320 repugnantes
663 1277 825 1318 conspicis,
841 1277 896 1314 ais,
912 1278 981 1316 quia
1007 1275 1067 1306 Do-

248 1328 347 1359 minus
361 1325 398 1357 ab
412 1325 496 1356 initio
508 1332 568 1354 non
578 1332 647 1354 cum
660 1321 858 1363 philosophis,
872 1330 927 1351 nec
937 1321 1068 1351 rhetori-

1110 918 1226 948 Arcs’bsss
1242 919 1273 946 in
1286 918 1390 946 sumtis
1407 924 1466 945 una
1479 919 1516 944 est
1533 924 1596 944 cum
1612 916 1693 945 Patre
1704 920 1845 952 potestas;

1110 955 1168 983 Par
1182 954 1316 991 splendor.
1333 952 1485 991 communis
1495 959 1578 991 apem,
1591 952 1690 980 sociale
1707 960 1846 987 cacumen,

1111 988 1215 1026 @qmis
1227 991 1324 1022 honor,
1336 989 1421 1018 virtus
1435 988 1538 1020 eadem,
1554 988 1609 1026 sine
1627 991 1742 1026 tempore
1758 997 1888 1024 regnum;

1111 1023 1221 1068 sgam
1235 1026 1409 1068 principium,
1425 1023 1644 1068 sceptrumjug'e,
1659 1024 1752 1068 gloria
1766 1023 1889 1068 consors,

1114 1060 1243 1097 Μαιθῇιαὶ
1259 1060 1366 1096 similis,
1375 1068 1423 1096 per
1432 1060 1527 1088 omnia
1539 1060 1636 1087 sarcula
1649 1060 1823 1089 meatorum.
1841 1063 1925 1089 Antea.

1151 1147 1181 1176 7.
1202 1143 1352 1176 Hactenus
1365 1145 1456 1174 Ursus
1463 1141 1662 1174 subdiaconus
1675 1153 1681 1173 :
1693 1145 1780 1184 cujus
1792 1144 1926 1184 interpre-

1116 1191 1257 1221 tationem
1273 1198 1377 1230 parum
1395 1193 1527 1219 exactam
1543 1196 1609 1218 esse
1624 1189 1760 1228 queritur
1782 1189 1922 1221 Combeﬁ-

1113 1236 1184 1272 sius,
1204 1234 1306 1265 nescio
1322 1242 1359 1264 an
1374 1231 1520 1263 dicendus
1535 1232 1599 1272 ipse
1613 1237 1732 1264 exactus
1749 1234 1853 1273 magis.
1869 1233 1923 1266 0b-

1111 1278 1238 1311 scuriori
1252 1285 1333 1314 certe
1349 1281 1381 1308 ut
1395 1276 1555 1317 plurimum
1576 1278 1675 1316 phrasi
1687 1278 1780 1309 utitur
1793 1288 1800 1310 :
1813 1284 1911 1310 conlex

1112 1327 1173 1355 tum
1191 1328 1289 1355 tamen
1304 1322 1479 1362 ampliorem
1494 1321 1622 1361 praefert;
1634 1323 1702 1362 quia
1715 1323 1795 1354 hunc
1807 1324 1850 1354 vel
1860 1324 1914 1355 inte

247 1373 302 1404 bus
311 1370 502 1410 tragicisque,
514 1377 569 1398 nec
579 1377 647 1398 cum
658 1367 787 1407 physicis
806 1366 999 1402 locutionem,
1015 1365 1067 1396 sed
1111 1377 1195 1408 gruni
1214 1368 1320 1400 Ursum
1331 1375 1389 1398 non
1401 1365 1513 1397 habuit.
1525 1366 1570 1397 vel
1581 1367 1714 1407 quasdam
1729 1369 1829 1399 minus
1838 1369 1923 1399 credi-

247 1426 317 1448 cum
332 1415 472 1446 ruricolis
485 1422 519 1444 ac
536 1412 732 1453 piscatoribus
748 1416 778 1442 et
791 1410 891 1441 idiotis
906 1410 1067 1441 oralionem
1112 1413 1184 1444 bilia
1199 1417 1304 1454 sponte
1319 1411 1519 1452 praetermisit.
1546 1412 1657 1443 Novam
1684 1421 1739 1452 ego
1767 1414 1924 1445 versionem

247 1461 371 1498 habuit;
389 1463 418 1490 et
434 1458 526 1490 multo
539 1457 635 1497 magis
646 1455 803 1502 puritatem
815 1455 937 1495 spiritus
948 1463 1070 1502 prospe-
1112 1458 1227 1498 darem,
1238 1461 1264 1489 si
1275 1466 1340 1489 eam
1352 1460 1455 1502 auctor
1464 1460 1642 1487 mereretur.
1652 1456 1750 1498 Nunc,
1758 1467 1826 1489 cum
1839 1464 1923 1489 osten-

247 1510 317 1546 ctat,
333 1513 421 1546 quam
436 1502 659 1534 dialecticorum
673 1500 888 1546 rhetorumque
904 1500 1070 1546 tendiculas
1112 1503 1185 1535 dere
1200 1503 1300 1543 velim,
1314 1510 1381 1533 esse
1396 1501 1484 1532 vitam
1510 1501 1633 1532 omnino
1662 1503 1874 1543 apocrypham,
1901 1507 1923 1533 et

247 1560 282 1581 ac
297 1544 448 1590 phalerata
459 1552 638 1585 commenta,
649 1546 710 1578 Nos
722 1554 792 1576 vero
804 1544 854 1576 ubi
864 1548 996 1575 vestrum
1004 1545 1070 1576 aﬁe-
1080 1574 1099 1590 τ,
1113 1548 1325 1580 Combeﬁsium
1341 1555 1406 1578 eam
1436 1555 1578 1577 excusare
1602 1546 1747 1578 volentem
1773 1548 1904 1579 refutare
1918 1557 1924 1585 ;

248 1599 328 1627 ctum
353 1592 621 1628 consideravimus,
653 1590 786 1630 tandem,
811 1590 903 1629 magis
932 1590 956 1619 vi
981 1590 1230 1633 quamViequum
1247 1596 1340 1623 estut
1361 1599 1468 1621 novam
1486 1590 1580 1631 ipsius
1608 1592 1775 1623 versionem
1806 1602 1922 1631 sequar,

247 1634 1070 1680 sponteinclinati,perraximusaddominumNicolaum.
1114 1637 1225 1669 omisso
1242 1640 1340 1667 tamen
1356 1639 1437 1667 textu
1454 1636 1557 1680 Graeco
1570 1635 1648 1676 :qui,
1662 1635 1732 1667 dum
1747 1638 1830 1677 apud
1841 1638 1927 1678 ipsum

247 1679 404 1725 praesulem
421 1681 632 1723 peritissimum
649 1681 820 1712 Graecorum
836 1683 927 1725 atque
941 1679 1073 1725 pliiloso-
1114 1681 1308 1713 columnatim
1324 1680 1496 1725 impressus,
1505 1679 1565 1725 legi
1580 1684 1688 1720 potest,
1706 1682 1813 1721 exiguo
1841 1683 1928 1714 fructu

248 1723 351 1769 phum,
368 1733 398 1758 et
430 1728 597 1758 secundum
623 1729 752 1755 vestrum
786 1723 951 1769 votumrile
973 1724 1075 1755 Graeca
1114 1731 1237 1767 augeret
1247 1725 1355 1757 molem
1367 1723 1518 1765 operis.Si
1531 1733 1645 1764 quaeras
1656 1727 1927 1767 curscripturatam

248 1768 278 1803 in
294 1774 426 1804 Latinam
455 1771 585 1810 linguam
603 1769 741 1805 ﬁdeliter,
755 1768 835 1806 quod
860 1768 1068 1807 injunxerstis,
1111 1772 1601 1812 apocryphanoncontemnaturae
1611 1771 1856 1809 praetermittatur
1867 1776 1927 1809 tota,

249 1817 460 1848 transtulimus.
478 1814 639 1846 Humiliter
656 1822 727 1854 ergo
742 1813 860 1844 veniam
877 1821 893 1842 a
909 1813 1070 1844 lectoribus

249 1862 442 1903 postulamus,
456 1864 488 1890 ut
499 1858 646 1898 quidquid
658 1857 792 1898 ineptum
804 1858 971 1903 invenerint
982 1867 1068 1898 saga-

248 1902 312 1938 cius
323 1907 484 1945 corrigant,
497 1907 528 1934 et
536 1903 691 1943 ignoscant
708 1903 785 1934 aetati
802 1902 910 1943 puerili
924 1903 1068 1941 fragilita-

249 1953 330 1992 tique
340 1952 489 1985 humanae,
503 1953 532 1980 et
543 1948 636 1988 magis
647 1948 928 1986 obedientiaquam
939 1949 1070 1979 audaciae

249 1996 424 2027 temeritatis
434 1994 595 2026 ascribant.
607 1995 748 2024 Attamen
758 1993 784 2024 si
795 1994 860 2033 quis
871 1993 989 2031 garrula
997 2002 1070 2024 voce

249 2041 280 2072 in
292 2041 499 2073 clamationem
512 2039 694 2079 proruperit,
712 2038 822 2068 indicet
832 2038 915 2078 prius
926 2037 991 2078 ipse
1012 2047 1068 2068 no-

250 2085 308 2126 bis,
334 2086 400 2126 quis
424 2092 554 2126 unquam
580 2084 636 2115 t'uit
652 2082 723 2115 tanti
742 2083 866 2122 ingenii,
883 2088 914 2114 et
929 2082 996 2123 quis
1011 2088 1069 2114 tam

1110 1815 1394 1857 sicutprastermissa
1401 1818 1446 1845 est
1452 1813 1518 1845 Vita
1525 1812 1756 1854 Nasianzeni,de
1765 1826 1824 1856 qua
1835 1817 1928 1857 praefa-

1112 1864 1158 1892 tus
1165 1870 1244 1901 sum,
1261 1868 1383 1891 causam
1395 1868 1462 1890 esse
1469 1858 1618 1898 intelligas
1626 1859 1756 1899 plurium
1765 1871 1867 1892 rerum
1874 1871 1931 1892 nar-

1111 1907 1253 1946 rationes,
1258 1905 1366 1946 passim
1383 1913 1420 1935 ex
1434 1904 1489 1934 hac
1504 1903 1562 1934 vita
1578 1903 1744 1945 descriptas
1758 1906 1796 1937 ab
1807 1906 1928 1938 auctori-

1113 1948 1607 1992 bus,quasexaminaridistinctius.
1618 1949 1807 1989 solidiusque
1814 1951 1927 1982 refutari

1112 2000 1181 2037 puto
1197 1995 1242 2026 rei
1259 1994 1406 2025 litterariae
1421 1994 1566 2024 interesse
1583 2003 1590 2024 :
1607 2000 1794 2035 quapropter
1809 1996 1926 2027 adnota-

1112 2041 1210 2072 tiones
1225 2039 1317 2071 etiam
1334 2045 1365 2070 et
1379 2047 1513 2070 censurae
1539 2037 1718 2078 prolixiores
1733 2045 1832 2080 erunt,
1851 2050 1928 2081 quam

1112 2085 1187 2118 alias
1201 2087 1370 2115 mereretur
1383 2083 1464 2114 ﬁctio
1481 2087 1537 2114 tam
1553 2081 1743 2122 palpabiblis.

817 2305 966 2354 VlTA
1003 2305 1378 2355 APOCRYPHA

564 2414 740 2454 Interprete
755 2415 793 2446 It.
810 2415 845 2446 P.
859 2413 1024 2446 Francisco
1039 2414 1226 2448 Combeﬂsio
1246 2415 1368 2448 ordinis
1382 2416 1637 2450 Praedicatorum.

556 2580 770 2614 PROLOGUS.

298 2630 484 2668 Charissimi,
497 2638 558 2660 non
568 2628 623 2659 fuit
633 2628 791 2669 absonum,
804 2633 836 2659 ut
852 2629 952 2660 devoti
962 2630 1015 2661 ﬁlii
1026 2640 1079 2662 su-

253 2685 308 2716 per
323 2682 451 2717 paterno
469 2674 552 2706 obitu
565 2673 814 2704 contristarentur
825 2684 833 2712 ;
846 2678 937 2714 utque
944 2675 1042 2714 justas
1053 2675 1080 2706 ei

254 2723 399 2762 lacrymas
410 2719 613 2759 indulgerent,
625 2719 706 2759 quod
717 2727 823 2750 omnes
835 2720 872 2757 (1)
883 2719 1027 2751 hactenus
1035 2721 1080 2751 af-

291 2804 338 2846 (1)
349 2805 500 2846 Quandiu,
512 2812 625 2846 quaeso,
638 2803 757 2846 duravit
765 2803 815 2835 hic
827 2804 951 2836 luctus?
969 2806 1001 2835 Si
1014 2804 1080 2836 Vita

251 2844 316 2878 hac
326 2844 367 2878 ab
377 2844 590 2887 Amphilochia
600 2844 712 2886 scripta
735 2849 795 2883 est,
806 2849 959 2886 oporteret
973 2846 1078 2877 saltem

1085 2585 1219 2617 Dﬁciose
1235 2585 1363 2625 egimus.
1379 2585 1540 2619 Enimvero
1556 2590 1709 2628 postquam
1728 2588 1829 2619 luctus
1845 2587 1930 2627 caligi-

1123 2639 1204 2668 nem,
1216 2630 1293 2661 sicut
1304 2630 1446 2671 scriptum
1457 2636 1513 2670 est,
1526 2633 1722 2669 excussimus,
1736 2637 1766 2663 et
1782 2633 1819 2664 ad
1831 2638 1927 2673 gratam

1123 2674 1385 2716 supplicationem,
1405 2676 1609 2707 universorum
1633 2677 1773 2718 Domino,
1790 2687 1858 2709 vero
1881 2677 1927 2708 Deo

1122 2724 1225 2751 nostro
1239 2719 1356 2750 Christo
1367 2721 1604 2761 rependendam,
1618 2721 1738 2762 paribus
1747 2722 1855 2754 studiis
1864 2722 1929 2753 exci-

1122 2813 1177 2855 pop
1183 2805 1349 2855 triennium
1364 2805 1499 2855 durasse;
1512 2805 1622 2855 scripta
1635 2806 1744 2855 quippe
1759 2810 1806 2838 est
1819 2811 1884 2855 post

1121 2843 1247 2877 imbrem
1258 2843 1526 2887 orationem,cujiis
1535 2843 1613 2878 infra
1620 2843 1724 2878 auctor
1733 2843 1881 2886 meminit,
1889 2846 1927 2877 di-
