2005 3142
195 156 389 187 EXCERPTA
411 154 461 186 EX
484 152 589 185 AGTIS
610 155 639 185 S.
664 155 803 186 BASILII
827 153 1117 187 BOLLANDIANIS.
1132 170 1172 176 —
1187 154 1280 186 VITA
1302 153 1541 186 APOCRYPHA.

1634 162 1729 187 ορκον

71 227 112 258 tali
122 234 226 260 sumus;
239 233 335 264 operae
347 223 473 264 pretium
486 223 703 261 duximus,tum
720 224 864 255 illustrem
878 229 895 250 Α
908 229 963 250 cue
979 220 1177 260 expugnavit;
1194 219 1244 264 qui
1260 219 1498 251 Christianorum
1522 228 1623 251 sanam
1641 220 1730 252 ﬁdem

70 272 215 310 vitam,tum
230 278 294 300 vera
306 277 471 308 magnaque
485 269 609 308 pastoris
620 269 712 300 nostri
725 273 753 299 et
764 269 869 300 docto-

70 318 104 348 ris
118 315 210 347 Basilii
223 313 364 344 miracula
382 313 477 353 (utne
490 313 604 343 diutino
619 317 712 344 tractu
726 313 870 355 temporis

70 359 205 401 profundae
215 358 357 389 oblivioni
369 357 485 388 tradiea
504 358 666 398 contingat)
681 361 790 399 scripto
802 368 871 389 con-

68 406 182 444 signare.
191 404 261 435 Cum
273 403 352 434 enim
366 406 426 433 tres
439 402 630 433 sacratissimi
641 403 791 444 divinique
802 404 867 440 viri,

69 450 212 488 Gregorius
229 448 283 488 (ἓ),
297 448 428 488 inquam,
443 447 592 487 theologia
604 448 723 485 clarus;
739 448 870 488 alterque

70 500 91 526 et
110 496 167 535 ipse
180 493 353 532 Gregorius,
370 491 455 523 urbis
482 491 669 532 Nyssaeorum
697 493 870 524 decantatus

69 540 207 579 episcopus
222 538 262 576 (3)
277 548 285 575 ;
303 546 357 567 nec
371 546 429 567 non
446 537 539 567 eremi
556 538 712 578 praefectus
733 537 869 568 beatissi—

70 593 124 614 mus
135 583 270 623 Ephrem,
284 581 477 622 aliique,aliis
487 582 613 622 aliisque
624 583 796 623 epitaphicis
807 592 872 613 ser-

70 628 190 659 monibus
202 626 276 658 tanti
288 627 341 657 viri
354 627 529 657 memoriam
540 627 764 665 illustraverint;
777 628 872 658 visum

68 679 103 704 est
112 679 136 704 et
147 673 226 710 mihi,
240 677 380 712 tanquam
392 672 534 709 abortivo,
546 676 578 702 ut
589 682 657 703 cum
669 673 809 712 Apostolo
825 673 871 703 lo-

69 728 129 758 quar
140 717 242 758 (u),ubi
254 726 317 757 prte
330 716 467 748 manibus
482 717 745 758 accepissem,quae
755 718 872 757 utrique

68 763 102 794 illi
130 762 220 801 magni
250 762 306 792 viri
346 762 515 792 narratione
554 761 670 793 fuerant
711 762 870 802 prosecuti,

68 808 189 848 supplere
208 816 274 847 quas
299 807 431 838 dessent.
450 806 586 838 Debitum
616 807 870 847 repraesentanda,

69 863 113 893 pro
121 852 210 884 devoti
224 851 280 882 filii
292 851 407 882 ratione
420 864 427 888 ;
440 855 470 882 et
480 851 559 882 velut
569 851 629 890 qui.
646 851 869 891 utfexistimatis,
885 870 902 894 Β

68 898 97 928 ab
107 897 180 928 initio
193 900 372 933 assectatus,
390 901 560 927 accuratam
577 896 709 927 notitiam
722 897 766 937 (4)
782 905 870 927 acce-

69 942 248 982 periiii.Novit
259 941 341 971 enim
348 941 441 978 ,novit
451 941 539 972 etiam
552 941 647 972 nubes
655 941 747 972 solem
756 945 870 981 tegere;

69 988 196 1027 longaque
207 987 345 1026 corporis
357 986 507 1018 successio
519 985 671 1026 (5),bonas
677 985 762 1017 facile
773 995 872 1017 narra-

68 1033 161 1070 tiones,
178 1030 320 1062 oblivioni
336 1030 500 1061 tradiderit.

101 1077 176 1113 Quod
189 1076 279 1116 igitur
295 1084 419 1114 magnus
436 1075 486 1106 ille
502 1075 671 1116 mundoque
686 1085 774 1116 quam
791 1077 871 1107 cele-

69 1122 119 1152 bris
127 1121 355 1157 Basilius,Pater
364 1120 588 1158 noster,absens
595 1121 871 1162 csset,sapientissi-

69 1176 123 1197 mus
137 1166 184 1197 ille
199 1165 344 1206 pontifex,
359 1164 408 1194 ille
418 1165 583 1196 ccelestium
596 1165 734 1197 virtutum
751 1166 871 1203 sodalis,

67 1212 150 1242 clarus
160 1218 300 1241 sei-mone
308 1209 568 1250 penetrabilisque,
575 1212 714 1250 magister
722 1210 872 1248 Ecclesiae,

67 1256 146 1286 solida
152 1259 230 1286 recto
236 1264 303 1285 rum
319 1254 676 1293 dogmatumcolumna,is
685 1255 873 1296 (6),inquam,

68 1303 107 1340 qui
121 1301 266 1341 sapienter
283 1299 440 1330 hominum
459 1309 557 1330 mores
569 1300 758 1341 instituit,qui
771 1309 871 1332 rerum

68 1350 184 1376 naturam
193 1344 382 1375 enucleatius
391 1344 623 1385 erplanavit,qui
634 1345 871 1376 infensissimum

67 1390 199 1421 Trinitatis
214 1390 364 1421 lulianum
380 1391 549 1428 Apostatam
567 1390 629 1421 suis
644 1389 784 1430 precibus
800 1399 870 1431 pro-

67 1435 215 1476 stravit;qui
232 1433 366 1466 Valentis
377 1442 411 1463 os
425 1434 630 1474 hlasphemum
643 1435 788 1466 obstruxit
801 1445 808 1474 ;
821 1439 870 1474 qui

68 1481 225 1511 Arianorum
236 1487 355 1519 pravam
369 1478 534 1509 doctrinam
545 1479 742 1520 haeresimque
758 1481 873 1521 perspi-

910 264 1041 295 dilucide
1052 263 1271 295 stabilivit.Dux
1282 264 1333 294 ille
1343 264 1541 304 princepsque
1548 265 1732 305 sapientissi-

912 318 976 339 mus
983 309 1081 349 gentis
1088 313 1313 348 sanctae,pastor
1320 308 1512 348 acceptabilis
1518 309 1731 349 populi,Eccle-

911 354 962 384 siae
973 354 1071 393 regale
1082 353 1407 390 sacerdotium,Christi
1419 354 1518 384 ovium
1531 354 1628 385 varius
1639 355 1730 392 aries,

911 398 1018 428 divinae
1032 398 1100 429 fidei
1126 398 1266 437 magister
1279 397 1398 428 inclitus
1411 408 1419 436 ;
1435 397 1550 437 magnis
1566 402 1594 429 et
1610 399 1689 431 vivus
1704 404 1734 431 et

913 447 977 482 post
993 443 1106 473 obitum
1124 442 1275 473 miraculis
1291 441 1411 483 clarus;
1426 446 1492 483 post
1506 444 1682 485 conscitam,
1701 448 1734 476 ut

912 487 1022 518 dictum
1040 492 1094 527 est,
1107 487 1225 518 Iuliano
1235 486 1295 517 Deo
1310 486 1495 527 odibili,ejus
1505 487 1644 527 precibus
1656 498 1734 520 mor-

913 535 991 572 tem;
1006 532 1201 572 illi,inquam,
1217 531 1267 571 qui
1283 541 1377 562 cornu
1393 531 1423 562 in
1440 532 1531 562 altum
1545 533 1736 571 extulerat,et

914 576 1054 607 adversus
1069 578 1164 607 Deum
1178 576 1295 607 locutus
1311 576 1407 607 fuerat
1420 577 1628 616 iniquitatem;
1649 579 1735 618 cujus

915 621 958 662 (7)
971 629 1043 651 avus
1051 620 1297 660 Valens,indigne
1309 630 1469 661 purpuram
1481 621 1664 662 imperialem
1671 632 1736 654 sus-

914 667 1004 706 cepit,
1018 666 1260 705 Arizinorumque
1268 674 1356 705 pravo
1372 665 1502 704 dogmati
1517 670 1658 706 patronus
1668 667 1732 706 fuit,

914 711 951 741 ad
959 711 1102 741 illustrem
1112 714 1243 741 nostram
1251 710 1470 741 Caisareensem
1479 711 1735 752 metropolim,una

913 764 981 785 cum
996 758 1113 795 pastore
1143 753 1252 785 urbem
1277 754 1474 785 subversurus
1493 755 1584 786 venit.
1605 755 1642 788 Ut
1656 756 1736 787 enim

914 807 962 830 res
973 802 1055 839 gesta
1068 798 1117 839 sit,
1128 803 1158 829 et
1172 808 1259 839 quam
1282 799 1319 830 ob
1331 808 1463 839 causam,
1476 808 1536 829 non
1551 804 1596 830 est
1604 809 1735 839 praesen-

916 844 951 874 tis
968 844 1111 882 temporis
1128 851 1261 875 narrare.
1278 843 1338 874 Sed
1353 843 1389 874 ad
1419 846 1602 884 propositum
1626 846 1734 876 redea-

915 898 993 928 mus,
1009 889 1075 928 ejus
1090 887 1126 918 ab
1143 887 1279 928 uterolad
1290 888 1381 919 ﬁnem
1394 897 1488 928 usque
1499 888 1621 920 virtutes
1631 898 1737 929 prose-

913 933 1020 964 cuturi.

1241 979 1366 1012 CAPUT
1387 981 1409 1010 Ι,

934 1027 1146 1060 Adolescentia
1161 1027 1279 1059 Basilii
1292 1031 1322 1058 et
1332 1027 1435 1059 studia
1450 1027 1589 1067 Athenis,
1606 1028 1721 1061 Eubuli

1149 1075 1319 1115 philosophi
1335 1076 1503 1106 conversio.

955 1120 1083 1152 Basilius
1098 1120 1180 1151 solus
1196 1121 1226 1151 in
1243 1125 1333 1158 terra,
1350 1121 1454 1161 aequali
1470 1121 1576 1152 claruit
1590 1125 1651 1152 tum
1665 1122 1736 1161 vita,

915 1174 1086 1196 sermonum
1104 1168 1212 1195 ornatu
1227 1165 1457 1205 eruditioneque
1472 1165 1654 1203 decora,tum
1670 1176 1738 1198 ser-

916 1219 1004 1241 mone
1019 1219 1054 1240 ac
1066 1210 1092 1240 vi
1105 1209 1239 1247 dicendi,
1249 1209 1444 1250 doctrinaque
1458 1213 1544 1241 vitam
1556 1210 1739 1242 exhilarante

916 1256 1060 1296 sapientia
1086 1255 1205 1287 divina:
1223 1255 1273 1296 qui
1294 1255 1408 1287 Christo
1425 1255 1542 1286 dederit
1557 1255 1737 1297 omnia,ani-

917 1310 1006 1340 mam,
1024 1308 1142 1340 corpus,
1164 1308 1349 1337 sermonem,
1366 1309 1490 1337 manus;
1507 1303 1630 1341 propter
1656 1301 1736 1341 quod

914 1346 1001 1376 etiam
1020 1353 1151 1375 errorem
1173 1344 1341 1385 gentilium,
1355 1344 1438 1376 velut
1451 1354 1626 1376 aranearum
1641 1345 1725 1387 telas,

913 1390 1053 1430 disrupit.
1074 1390 1129 1420 Hic
1144 1393 1258 1429 septem
1270 1398 1418 1421 annorum
1433 1390 1652 1428 factus,litteris
1666 1390 1725 1422 im-

914 1436 1051 1466 buendus
1076 1444 1093 1464 a
1118 1434 1289 1475 parentibus
1311 1435 1436 1466 traditur
1453 1436 1507 1475 (8).
1531 1435 1604 1467 Cum
1626 1441 1726 1467 autem

915 1479 1120 1520 quinquennio
1134 1487 1256 1519 operam
1267 1480 1412 1511 doctrinae
1418 1481 1551 1521 artisque
1562 1481 1725 1522 prameptio

69 1569 130 1593 ctam
145 1573 157 1593 a
176 1565 378 1600 Nazianzeno:
405 1563 482 1592 illam
494 1569 588 1593 autem
598 1564 661 1600 ipso
671 1571 730 1594 non
740 1565 796 1594 nisi
816 1569 902 1594 ter-tt.“
915 1565 1026 1594 locbius
1041 1564 1261 1600 Nazianzenide
1281 1564 1386 1593 Basilio
1404 1565 1569 1600 scribentis,
1585 1565 1670 1594 intuli
1687 1573 1742 1594 su-

69 1601 100 1639 tio
116 1609 132 1639 _a
154 1605 250 1639 morte»
267 1598 367 1639 Basilii
392 1606 468 1639 anno
492 1598 681 1639 ponuntiavit.
711 1600 877 1639 Quinimo,

70 1637 132 1665 siab
144 1635 341 1672 Amphilocbio
357 1635 470 1673 scripta
496 1637 555 1664 hac
578 1636 638 1665 Vita
662 1641 714 1669 est,
743 1635 878 1673 scriptam

70 1679 121 1708 esse
134 1670 239 1707 oportet
255 1673 325 1707 post
337 1670 423 1708 aliam
449 1678 530 1708 suam
547 1673 717 1708 orationem,
743 1670 828 1708 quain
849 1675 878 1704 in

70 1707 497 1747 festoCircumcisionis.Domini
513 1707 672 1747 eodemque
684 1707 775 1747 sancti
802 1710 878 1738 Basi-

71 1744 104 1778 lii,
117 1744 147 1771 de
162 1745 260 1772 eodem
277 1743 473 1771 sacratissimo
493 1744 629 1780 mysterio
641 1743 798 1780 eodemque
812 1753 878 1774 san-

71 1784 107 1808 cto
124 1779 236 1819 habuit;
254 1780 358 1819 in_qtia
384 1786 450 1807 cum
465 1779 616 1819 praeclaras
641 1779 735 1819 Basilii
751 1779 878 1811 ’virtutes

71 1817 277 1856 perstringisset,
288 1814 524 1856 itanprosequitur
539 1823 546 1843 :
567 1825 578 1840 ι
590 1814 663 1856 l-laec,
676 1817 803 1856 inquam,
816 1825 878 1856 oin-

72 1850 108 1878 nia
121 1851 204 1879 sacris
220 1848 313 1879 divini
330 1848 460 1886 Gregorii
475 1848 660 1879 sermonibus
673 1848 786 1880 abunde
797 1848 862 1882 arbi

70 1890 119 1924 tror
132 1894 162 1915 ac
174 1888 328 1924 sapienter
344 1887 445 1915 tradita
458 1896 465 1918 -,
491 1893 793 1924 supervacaneumque
817 1891 879 1918 exi-

71 1922 166 1958 stimavi
181 1923 306 1958 longiori
323 1922 352 1952 in
373 1924 588 1958 praesentiarum
604 1924 732 1952 oratione
745 1922 879 1954 dissere-

71 1963 103 1985 re.
122 1957 211 1996 iACur,
230 1957 347 1992 amabo,
363 1960 386 1987 si
413 1957 504 1996 Vitam
529 1957 621 1986 Basilii
642 1959 877 1996 Amphilochius,

71 1998 123 2021 ante
144 1994 216 2022 hanc
244 1996 405 2024 orationem
431 1993 569 2030 habitam.
589 1993 739 2030 scripserit
768 2004 775 2028 ;
813 1993 878 2026 cum

71 2030 235 2067 mentionem
256 2030 442 2067 Gregorianae
474 2029 616 2067 orationis
640 2029 768 2063 faceret.
798 2032 878 2061 nullo

73 2065 144 2103 verbo
157 2065 272 2103 addidit,
291 2064 329 2095 se'
339 2073 453 2102 quoque
470 2065 504 2093 de
521 2064 618 2093 Basilii
634 2066 709 2095 Actis
718 2067 877 2103 scripsisse,

72 2101 135 2139 quod
152 2102 275 2139 maxime
289 2101 522 2139 conveniens“
546 2105 737 2139 opportunum
763 2101 878 2139 tempori

71 2137 234 2172 orationique
248 2137 401 2167 videbatur
413 2137 434 2174 ξ
451 2136 725 2174 Βίοθιιᾱῃωᾴιείιυθ
749 2139 801 2167 erit
816 2136 879 2168 'aun

71 2174 172 2205 tutorem,
189 2177 253 2209 post
277 2174 382 2203 festum
407 2172 641 2209 Circumcisionis
661 2172 689 2202 et
710 2176 879 2209 pronuntia-

71 2209 124 2245 tuiii
139 2207 232 2245 Basilii
249 2210 426 2242 encomium,
442 2207 579 2245 adhujus
591 2207 679 2245 Vitam
695 2207 878 2245 prolixiorem

70 2243 236 2273 scribendam
267 2246 437 2280 accessisse,
463 2243 584 2279 ideoque
614 2244 675 2280 ejus
695 2243 878 2275 ‘meutionem

71 2284 120 2314 non
143 2280 252 2309 iecisse.
277 2283 310 2309 Ai
335 2288 368 2310 eo
390 2287 459 2309 casu
482 2280 623 2314 oportebit
648 2281 757 2310 luctum
783 2282 878 2311 Basilii

70 2313 217 2354 iunebrem,
236 2324 252 2354 a
268 2323 328 2352 quo
344 2313 511 2354 desumitpr’
533 2315 695 2354 exordium,
722 2318 882 2354 pariquin-

68 2351 353 2390 quennium_dtirusse
370 2363 375 2380 :
403 2351 493 2390 quod,
506 2351 686 2390 paradoxum
704 2351 756 2382 est.
773 2351 812 2382 Et
832 2355 882 2390 qui

69 2387 242 2419 potuitatali
263 2387 344 2417 luctu
368 2387 453 2416 verus
480 2387 696 2422 Amphilochius
723 2387 882 2418 orationem

71 2422 193 2455 exordiri,
222 2427 362 2459 tanquam
383 2424 413 2452 in
439 2430 502 2452 eam
526 2430 616 2458 usque
641 2423 715 2452 diem
741 2424 882 2459 durante;

69 2459 240 2495 cumrmulto
274 2458 351 2493 ante,
378 2460 406 2487 in
432 2459 562 2495 oratione
587 2458 622 2495 de
647 2459 882 2495 Circumcisione,

69 2494 140 2526 quasi
154 2495 248 2522 omnis
265 2495 374 2532 doloris
392 2494 588 2532 oblitus,ha:c
599 2494 667 2532 laeta
684 2496 768 2524 verba
789 2494 883 2532 palam

70 2534 244 2564 usurpasset:
265 2541 276 2555 ι
295 2530 349 2559 Nos
364 2531 479 2559 interim
496 2529 584 2558 divini
599 2530 693 2560 Patris
715 2529 883 2561 memoriam

70 2563 143 2603 hodie
166 2566 345 2603 honoremus
371 2567 500 2597 canticis.
523 2566 716 2603 divinitusque
739 2567 884 2602 inspiratis

69 2598 189 2629 laudibus
214 2602 345 2639 magistri
366 2603 484 2630 virtutes
507 2601 650 2637 condigne
669 2598 884 2639 "prosequamur

68 2638 167 2675 plausu.
190 2648 200 2662 ι
218 2637 293 2666 Hinc-
302 2638 403 2675 itaque
426 2642 510 2672 patet,
530 2637 685 2667 exordium
701 2639 754 2668 hoc
769 2637 887 2675 Amphi-

69 2673 150 2699 tocbio
164 2677 259 2708 inepte
276 2672 416 2702 uinctum.

98 2711 132 2746 t2)
148 2712 274 2742 Ercusat
290 2721 321 2741 se
341 2713 534 2742 Nazianzenus
563 2714 645 2743 initio
673 2717 812 2744 orationis
838 2716 882 2750 20,

71 2750 136 2781 quod
153 2758 164 2773 α
182 2749 386 2787 ωυιιοηεςθτὶυε
401 2757 486 2786 quam
498 2754 627 2787 Mtelnpus
643 2751 825 2787 postulabat,
853 2760 885 2781 ac

72 2785 240 2823 Post‘mulios
254 2785 338 2816 alios.
354 2786 402 2821 qui
428 2793 473 2814 res
498 2785 590 2823 Basilii
605 2786 737 2823 privatim
763 2785 890 2823 publice-

72 2825 118 2852 que
131 2821 263 2849 laudibus
275 2826 428 2853 ornarunt,
445 2830 458 2847 ›
475 2821 511 2849 ad
526 2829 591 2850 eum
609 2821 782 2851 laudandum
793 2831 891 2853 acces-

73 2859 142 2884 serit.
158 2857 227 2890 Quia
243 2863 317 2884 vero
337 2857 388 2884 hoc
402 2858 463 2885 loco
484 2859 657 2886 mentionem
679 2859 745 2887 facit
768 2861 891 2895 Amphi-

102 2925 136 2953 te)
155 2921 166 2948 l
182 2921 246 2950 Cor.
272 2926 321 2953 xv,
337 2923 362 2948 tt.

920 1608 980 1636 pra,
1005 1604 1068 1629 ante
1090 1600 1178 1637 hunc
1192 1598 1275 1628 illum
1297 1600 1458 1635 scripsisse,
1484 1608 1518 1629 ex
1542 1598 1599 1636 quo
1628 1601 1740 1637 reliqua

920 1635 1059 1671 sequntur
1074 1635 1207 1671 absurda.

956 1670 993 1707 (3)
1009 1671 1121 1699 Videtur
1136 1670 1183 1698 hic
1201 1671 1235 1700 de
1248 1671 1302 1699 vita
1316 1670 1415 1699 functo
1440 1671 1519 1707 loqui
1538 1675 1647 1705 auctor,
1673 1679 1741 1701 cum

919 1712 1015 1737 tamen
1022 1714 1107 1735 verus
1116 1707 1337 1744 Amphilochius
1343 1707 1440 1744 paucis
1449 1707 1597 1744 mensibus
1614 1707 1743 1744 Nysseno

920 1743 1135 1779 supervixerit;
1162 1743 1238 1778 quod
1261 1743 1284 1771 si
1310 1742 1357 1770 hic
1378 1743 1486 1779 ultimis
1507 1743 1569 1779 vita:
1596 1742 1743 1773 mensibus

919 1777 1074 1814 scripserit.
1096 1777 1238 1815 oportebit
1252 1785 1319 1807 eum
1336 1777 1552 1815 quatuordecim
1567 1780 1651 1808 annis
1679 1783 1744 1815 post

920 1814 1331 1853 BaSilii_mortem_scripsisse,
1349 1814 1426 1850 quod
1445 1814 1519 1843 male
1529 1815 1654 1844 cohaeret
1675 1814 1742 1844 cum

920 1851 1094 1886 praefationis
1109 1850 1198 1878 initio.

955 1887 995 1922 (4)
1024 1886 1156 1922 Potuitne
1179 1885 1269 1922 magis
1295 1889 1458 1922 accuratam
1486 1885 1590 1915 habere
1608 1886 1742 1915 notitiam

920 1920 1271 1958 pseudo-Amphilochius.
1288 1928 1373 1956 quam
1389 1921 1584 1958 Naziansenus
1601 1926 1649 1951 aut
1667 1922 1743 1958 Nys-

919 1956 1006 1986 senus
1020 1956 1034 1983 ?
1048 1957 1178 1986 Potuitne
1191 1956 1386 1986 Nazianzanus
1400 1957 1509 1993 aliquid
1522 1958 1663 1993 gravioris
1677 1956 1743 1987 mo-

920 1994 1008 2021 menti
1029 1993 1178 2028 praeterire
1194 1993 1207 2020 τ
1743 2004 1744 2007 η

956 2029 995 2064 (5)
1011 2029 1144 2057 Potuitne
1160 2028 1244 2064 longe
1263 2032 1424 2063 temporum
1432 2035 1494 2057 esse
1504 2029 1659 2064 successio,
1670 2030 1743 2059 inter

920 2064 1056 2094 Basilium
1076 2068 1103 2092 et
1117 2064 1360 2099 Amphilochium,
1378 2064 1427 2099 qui
1442 2065 1528 2092 cowvi
1545 2064 1690 2094 fuerunt?

955 2101 994 2136 (6)
1009 2099 1075 2128 Hec
1094 2104 1121 2128 et
1144 2107 1210 2135 quae
1228 2100 1557 2136 sequuntur-Lvidentur
1581 2106 1683 2136 magna
1708 2107 1744 2130 ex

921 2134 999 2170 parte
1019 2143 1034 2164 e
1051 2134 1163 2165 Μσηωίὸ
1175 2134 1334 2170 desumpta,
1351 2135 1392 2162 vel
1408 2135 1468 2163 haec
1483 2134 1550 2170 inde
1564 2134 1647 2164 aucta
1664 2141 1743 2165 sunt.

960 2173 999 2211 (7)
1016 2171 1118 2202 Graece
1134 2171 1240 2204 οὒάλης
1255 2169 1386 2211 ἆτοςὴουν
1398 2173 1483 2203 θεῖος.
1512 2169 1604 2202 Ursus
1625 2171 1746 2202 subdia-

920 2218 1021 2243 conus.
1038 2211 1147 2246 primus
1170 2210 1364 2246 Amphilochii
1380 2210 1531 2247 interpres,
1544 2211 1616 2247 hac
1639 2211 1746 2247 omisit,

921 2247 963 2286 vel
977 2247 1042 2282 quia
1054 2247 1152 2286 minus
1166 2247 1317 2286 intellexit,
1328 2247 1370 2286 vel
1382 2246 1447 2286 quia
1460 2246 1643 2286 manifestum
1655 2246 1745 2283 agnoé

923 2283 961 2313 vit
972 2291 1117 2314 errorem.
1130 2283 1230 2314 Auum
1244 2282 1333 2312 vertit
1343 2282 1665 2313 Combeﬁsius.Verum
1673 2282 1745 2317 θεῖος

922 2323 1088 2351 avunculum
1115 2323 1212 2358 potius
1236 2322 1280 2358 vel
1299 2324 1434 2357 patruum
1457 2322 1608 2357 signiﬁcat.
1636 2323 1747 2352 Deinde

922 2358 998 2387 idem
1014 2357 1200 2394 Combeﬁsius
1216 2357 1403 2393 coniectando
1417 2359 1583 2394 interrogat,
1595 2365 1631 2387 an
1644 2363 1747 2388 natura

924 2394 988 2423 talis
1004 2394 1100 2424 fuerit.
1117 2393 1217 2423 saltem
1232 2400 1268 2422 ex
1288 2397 1378 2422 matre
1390 2394 1403 2420 τ
1420 2396 1452 2422 At
1465 2401 1519 2429 ego
1531 2393 1639 2429 pariter
1661 2395 1748 2423 dubi-

925 2430 1010 2459 tando
1026 2431 1181 2465 interrogo,
1203 2436 1258 2465 qua
1274 2430 1385 2458 ratione
1399 2429 1534 2465 Basilina,
1557 2430 1661 2459 Juliani
1687 2438 1750 2460 ina-

925 2470 976 2498 ter,
994 2465 1052 2494 ﬁlia
1071 2470 1119 2494 aut
1133 2473 1215 2493 soror
1234 2465 1318 2493 fuerit
1336 2465 1472 2498 Valentis,
1488 2469 1519 2494 ut
1535 2466 1581 2493 hic
1595 2472 1681 2494 sensu
1693 2467 1749 2495 sal-

925 2505 984 2533 tem
1001 2501 1098 2542 aliquo
1111 2504 1184 2533 θετος
1196 2501 1255 2532 dici
1266 2501 1369 2541 possit.
1387 2500 1445 2532 Sed
1458 2501 1611 2542 confungit
1622 2502 1749 2534 Combe-

926 2541 1007 2570 ﬁsius
1023 2544 1058 2570 ad
1075 2548 1192 2570 sensum
1204 2542 1442 2576 metaphoricum,
1456 2541 1591 2577 dicitque,
1604 2542 1749 2570 Valentem

924 2577 1030 2606 Juliani
1050 2578 1225 2606 avunculum
1240 2584 1289 2605 aut
1303 2584 1388 2605 avuni
1405 2578 1511 2609 vocari.
1527 2584 1586 2606 non
1600 2579 1666 2612 quia
1683 2585 1749 2606 eum

926 2613 1070 2642 aﬂlnitatis
1083 2617 1132 2641 aut
1150 2613 1408 2648 consanguinitatis
1424 2613 1526 2648 gradu,
1542 2613 1591 2641 sed
1606 2613 1672 2648 quia
1688 2620 1750 2642 ma-

927 2649 985 2677 litia
1003 2653 1030 2676 et
1045 2649 1072 2676 in
1087 2648 1262 2676 Christianos
1276 2648 1383 2676 saevitia
1404 2650 1558 2683 praecessit.
1575 2648 1679 2676 Verum
1692 2656 1751 2684 quo

926 2685 1057 2719 exemplo
1077 2684 1283 2712 monstrabitur
1302 2684 1366 2712 talis
1382 2686 1546 2718 metaphora
1566 2685 1594 2712 in
1618 2691 1670 2712 usu
1696 2692 1750 2713 un-

925 2727 1010 2756 quam
1028 2720 1142 2748 iuisse?
1168 2719 1224 2755 Ego
1248 2720 1379 2748 existimo
1404 2720 1544 2749 inscitiam
1560 2720 1753 2755 pseudo-Am-

930 2756 1068 2792 philochii
1085 2756 1151 2783 hinc
1165 2756 1245 2790 argui
1270 2757 1429 2784 manifeste.

968 2792 1008 2826 (8)
1036 2792 1216 2825 Quibusnam
1249 2798 1316 2820 vero
1347 2791 1466 2820 traditus
1506 2795 1548 2819 est
1572 2798 1587 2819 θ
1623 2793 1753 2827 parenti-

934 2828 985 2856 bus
1003 2828 1017 2855 Ϋ
1030 2827 1092 2856 Non
1112 2827 1183 2855 alios
1199 2831 1383 2863 praceptores
1407 2827 1435 2855 in
1458 2827 1579 2862 pueritia
1604 2832 1631 2855 et
1656 2827 1754 2856 adole-

934 2863 1039 2892 scentia
1054 2863 1176 2892 Basilius
1194 2863 1294 2892 habuit
1308 2869 1394 2898 quam
1410 2867 1541 2897 parentes
1559 2869 1627 2892 suos
1642 2870 1649 2893 ;
1668 2868 1698 2892 ut
1718 2868 1754 2891 ex
