2005 3142
984 164 1280 199 PROLEGOMENA.

269 241 361 274 nibus
373 241 534 282 posuisset,
546 247 602 271 nec
614 238 646 270 in
658 238 703 270 eis
719 236 885 269 molliorem
900 245 933 267 se
943 235 1091 267 exhibuis-
1100 241 1120 265 A
1132 233 1189 282 hoc
1199 231 1651 282 consecutus,mansit_illic,sese
1661 230 1816 282 obiectans
1827 229 1943 282 medita-

269 291 325 323 set,
344 286 506 328 plurimum
518 284 650 315 scientiae
666 282 880 328 philosophicas
889 282 1088 318 fructum,tta-

271 327 353 363 turea,
362 335 392 362 et
408 329 520 371 ingenii
537 328 689 368 facilitate,
712 327 915 367 consequitur.

311 376 431 408 Relicta
440 375 527 415 igitur
538 373 726 414 postmodum
738 371 830 414 patria
839 374 915 410 (erat
927 370 1086 409 enimCap-

267 421 363 463 pedox
376 418 695 460 genere),eloquentite
705 422 831 448 matrem
843 417 976 463 Athenas
988 415 1026 455 (9;
1039 424 1089 455 pe-

267 460 301 496 tit
314 477 322 502 ;
336 465 490 504 multaque
501 472 568 494 cum
579 463 789 500 castitate,tum
803 460 986 492 continentia
1000 465 1088 490 etso-

267 510 393 542 brietate
408 512 544 548 ornatus,
556 507 686 548 profante
701 511 731 538 et
744 507 923 539 Graecanica;
931 504 1089 545 sapientiae

267 559 481 596 pmeeptorem
498 552 571 590 adit,
588 551 734 584 Eubulum
751 551 874 582 nomine
889 549 948 591 (10)
963 559 971 587 ;
987 549 1089 589 sicque

266 600 397 640 seipsum
404 597 571 638 disciplinis
582 597 751 634 tradidit,ut
763 599 911 640 essettttm
925 598 1087 640 praecepto-

264 638 430 682 ribtrs,tum
437 639 1000 682 condiscipulisadmirationi.Fnerunt
1009 638 1087 669 enim

264 689 433 721 studiorum
450 687 525 718 socii
533 688 655 726 Magnus
670 685 842 726 Gregorius,
854 684 948 716 factus
959 683 1069 716 Naaian
1080 699 1087 704 -

265 741 358 765 lenus
375 729 535 773 episcopus
551 731 623 771 (11),
637 731 689 770 qui
699 735 729 761 et
739 730 826 761 annis
842 729 962 760 circiter
973 728 1088 773 duode-

265 778 326 809 cim
337 771 512 818 apostolicae
526 776 607 807 sedis
624 775 686 816 (12)
699 774 898 815 gubernacula
909 774 1002 805 tenuit
1017 771 1089 810 ;Jn-

265 817 366 853 lienus
381 829 511 861 quoque,
524 828 586 851 non
601 819 642 851 ita
657 819 773 860 pridem
784 818 970 850 Christianus
982 818 1005 857 (1
1013 817 1092 861 3),et

265 860 409 897 Libanius
420 860 495 904 (14).
515 863 564 894 Sic
579 868 676 894 autem
693 862 834 894 omnibus
849 861 1034 893 admirabilis
1047 860 1091 890 vir

266 909 497 951 posuitin'corde
503 917 558 939 suo
565 917 625 939 non
631 916 754 939 sumere
760 915 867 947 partem
874 906 1088 951 etvinum(15‘l,

265 954 364 985 donec
383 952 542 985 assistente
565 961 694 993 superna
708 951 906 991 Providentia,
923 950 1029 981 divinae
1042 959 1088 980 sa-

265 998 389 1040 pientiae
408 1006 516 1029 arcana
529 1000 709 1038 penetraret.
725 996 931 1028 Commoratus
946 1001 1043 1026 autem
1059 995 1087 1025 itt

264 1042 433 1084 disciplinis
443 1042 530 1073 annis
546 1041 802 1081 quindecim,cum
813 1040 1014 1073 Graecanicam
1024 1049 1087 1070 om«

265 1097 335 1119 nem
343 1087 521 1128 sapientiam
529 1088 566 1118 ad
575 1087 663 1117 ﬁnem
671 1085 1091 1117 decurrisset.astronomiam—

265 1141 326 1173 que
339 1135 370 1164 et
385 1132 591 1170 geometriam,
601 1140 636 1163 ac
648 1131 759 1172 optima
769 1139 895 1170 quaeque
909 1129 1089 1169 collegisset,

263 1185 299 1208 ac
309 1185 365 1207 nec
377 1177 414 1206 iis
425 1181 524 1207 tamen
532 1176 594 1207 ullo
606 1176 696 1207 modo
709 1174 843 1206 omnium
853 1174 1090 1214 Creatoremtiti)

264 1221 401 1252 invenire
415 1224 537 1261 posset;
554 1222 681 1261 quadam
708 1224 795 1251 nocte
820 1219 953 1259 vigilanti
973 1218 1091 1250 divinus

263 1265 408 1306 splendor
421 1265 499 1303 inﬁt,
518 1270 550 1296 ut
565 1265 712 1305 cujusque
733 1264 887 1303 religionis
909 1264 1086 1303 scripturam

263 1313 455 1351 percurreret
469 1310 549 1350 (17).
574 1309 710 1349 Surgens
737 1318 808 1348 ergo
834 1308 984 1349 protectus
998 1309 1086 1339 estin

263 1355 434 1395 Egyptum,
451 1359 481 1385 et
491 1354 639 1386 accedens
649 1353 686 1384 ad
702 1353 860 1394 quemdam
872 1353 1087 1384 archimandri-

263 1403 336 1436 tant,
352 1398 551 1439 Porphyrium
573 1398 707 1436 nomine,
724 1398 827 1439 petivit
841 1398 898 1429 sibi
914 1397 979 1428 dari
996 1398 1086 1429 libros

263 1452 376 1483 mres,
393 1443 502 1484 quibus
516 1443 616 1474 divina
631 1442 768 1483 dogmata
784 1443 979 1484 perdisceret.
996 1445 1085 1474 Porro

263 1533 355 1565 ipsius
370 1532 540 1562 Naxiattseni
554 1532 717 1561 testimonio
732 1531 837 1562 dicitur
853 1533 881 1561 in
909 1531 977 1565 Vita,
1004 1532 1234 1563 num.ccedens
1264 1531 1439 1561 Nasianzeno
1471 1539 1563 1560 annos
1590 1532 1740 1561 duodecim
1759 1552 1767 1564 ,

295 1568 416 1641 (δ)ιὲοη
432 1609 510 1641 recte
534 1603 632 1641 saltem
655 1603 782 1641 Athenas
802 1605 882 1640 petit,
901 1604 987 1641 haesit
1010 1605 1087 1634 enim

263 1638 432 1676 aliquandiu
450 1638 708 1675 Constantinopoli.
725 1639 783 1668 Nec
799 1638 936 1676 credibile
951 1645 1005 1674 est,
1015 1641 1087 1669 duo-

263 1675 386 1718 dentiam
404 1677 494 1711 patria
507 1677 677 1704 exuessisse.
692 1676 770 1711 quod
785 1680 880 1705 tamen
895 1675 941 1704 hic
951 1675 1087 1705 adfirmari

263 1711 514 1782 "ﬁgrﬁnbulnm
531 1754 546 1774 a
562 1745 643 1775 nullo
657 1746 714 1775 alio
736 1747 810 1776 inter
824 1747 1010 1776 Athenienses
1035 1748 1086 1776 do-

262 1786 358 1824 ctores
374 1786 556 1810 numeratum
571 1783 693 1817 reperio,
708 1782 815 1812 nedum
831 1783 904 1812 inter
919 1783 1014 1812 Basilii
1030 1791 1088 1812 ma-

264 1821 526 1891 ‘Itiligsiiregorlus
541 1852 734 1891 Nazianzenus
744 1861 763 1891 ρ
780 1854 878 1891 patria,
896 1861 955 1883 non
969 1855 1005 1891 ab
1024 1855 1086 1891 epi-

264 1887 384 1924 scopatn
399 1887 506 1920 dictus,
523 1887 673 1917 ordinatus
684 1887 800 1925 quidem
820 1889 915 1919 fuerat
937 1887 1088 1927 episcopus

263 1924 324 1954 Soet
333 1931 459 1954 morum.
477 1923 526 1952 sed
544 1924 626 1953 titulo
641 1929 724 1953 tenus
735 1945 742 1954 .
760 1925 849 1954 natris
863 1930 958 1954 autem
973 1927 1018 1954 sui
1040 1927 1088 1954 vi-

263 1928 459 1956 Sastmotum,
477 1928 526 1952 sed
544 1928 626 1953 tttuto
641 1929 724 1953 tenus
735 1945 742 1957 .
760 1928 849 1961 patris
863 1930 958 1954 autem
973 1928 1018 1955 sui
1040 1928 1088 1954 vi-

263 1961 361 1988 carius
375 1959 515 1988 duntaxat
538 1959 681 1995 Nazianzi,
704 1962 781 1989 venit
803 1961 868 1989 inde
889 1961 1086 1991 Constantino

263 1996 362 2031 polim,
379 1995 485 2023 labenti
503 1995 637 2024 Ecclesia
646 1996 840 2025 subventurus
857 2006 864 2030 ;
881 1998 929 2026 ubi
944 1997 1030 2026 ﬁdem
1045 2005 1089 2026 or-

264 2031 461 2069 thodoxamin
478 2038 529 2059 sua
550 2031 701 2069 Anactoria
714 2033 891 2061 resuscitavit
903 2043 919 2069 7;
939 2034 1088 2069 episcopa«

262 2066 318 2104 lem
331 2074 398 2095 vero
409 2067 547 2095 thronum
559 2068 687 2104 nonnisi
698 2069 797 2104 paucis
808 2066 1087 2098 mensibus—insedit.

261 2102 359 2140 Neque
373 2109 454 2140 e_t_ror
469 2106 527 2131 tam
551 2102 708 2140 gravisrin'
732 2104 931 2139 Amphilochio
956 2105 1088 2133 excusari

261 2137 365 2202 potest,
380 2137 536 2179 Hettaornst
555 2137 733 2179 auctoritate,
751 2137 837 2181 quam
862 2139 943 2169 atiert
956 2140 1090 2181 _Combe—

282 2181 353 2202 stus.
370 2174 504 2202 Ouamvts
518 2181 550 2202 ea
569 2174 615 2202 dte
628 2174 664 2202 30
680 2175 820 2202 Januartt.
841 2175 993 2202 duodectm
1009 2175 1066 2202 Con
1077 2191 1084 2196 -

282 2175 353 2207 sius.
370 2174 504 2208 Quamvis
518 2181 550 2203 ea
569 2174 615 2203 die
628 2174 664 2203 30
680 2174 820 2210 Januarii,
841 2175 993 2204 duodecim
1009 2175 1066 2205 Con
1077 2191 1084 2196 -

261 2206 508 2247 stantinppolitani
531 2210 711 2246 episcopatus
741 2206 832 2240 annos
861 2211 996 2247 Gregorio
1030 2206 1114 2240 tri-"

260 2246 359 2274 bnant.
375 2249 528 2282 potuerunt
542 2252 643 2274 eorum
663 2251 795 2275 auctores
809 2246 930 2282 errare,’
946 2247 994 2276 diu
1021 2252 1084 2282 post

260 2288 321 2318 rem
337 2286 446 2318 gestam
459 2281 618 2318 scribentes
634 2289 642 2310 :
658 2283 708 2310 sed
723 2289 823 2311 errare
837 2282 866 2311 in
899 2290 934 2311 eo
948 2289 1006 2312 non
1021 2281 1084 2318 ’po-

261 2317 363 2355 inisset
395 2316 621 2355 Amphilochius,
652 2321 708 2346 tum
746 2319 882 2355 temporis
925 2316 1084 2348 lconietisis

262 2352 586 2395 episcopusquihpene
596 2360 692 2393 coram
708 2352 813 2395 oculis;
827 2354 887 2382 suis
903 2361 997 2395 omnta
1019 2361 1085 2395 spe-

261 2388 356 2419 ctavit,
376 2393 436 2429 quae
468 2388 545 2429 circa
557 2388 766 2429 “episcopatum
794 2388 1084 2429 Constantinopolita-

260 2429 332 2462 num
345 2426 424 2462 gesta
443 2425 511 2451 sunt
525 2431 540 2450 a
555 2422 702 2462 (ᾔθεοι-ῖς).
719 2424 818 2462 itaque
833 2425 876 2454 vel
893 2422 1085 2460 pseudo-Am-

261 2457 426 2498 philochius
441 2464 537 2486 errare
550 2457 654 2487 Mutina
674 2459 748 2498 iecit,
762 2457 801 2498 si
813 2457 901 2495 prius
915 2462 1061 2498 scripserit
1075 2471 1081 2494 ;

262 2493 346 2556 fell-‘si
360 2494 462 2526 serius.
476 2499 605 2522 errorem
622 2502 658 2523 ex
672 2494 780 2524 Nmis
795 2493 824 2524 in
839 2504 890 2525 sua
905 2493 1010 2532 scripta
1034 2504 1083 2526 re—

273 2536 310 2556 nt
327 2549 333 2556 .

261 2533 333 2558 ῑιιηι.

296 2563 351 2600 (12)
364 2563 509 2605 cathedrae
522 2565 688 2600 apostolicae
702 2567 819 2605 nomine
828 2567 883 2605 hic
911 2567 1082 2604 intelligitur

258 2600 585 2640 Constantinopolitana,
602 2606 743 2640 quatenus
758 2603 794 2640 _S.
819 2603 944 2640 Andreas
968 2600 1081 2640 aposto-

259 2636 305 2665 lus
321 2637 504 2668 szantinam
520 2636 672 2665 Ecclesiam
698 2638 832 2667 fundasse
855 2636 1003 2668 creditur':
1031 2640 1080 2668 sed

259 2673 325 2709 quia
343 2672 524 2709 becppinio,
536 2672 632 2709 ignota
648 2674 749 2709 priscis
762 2674 950 2708 saeculis,non
965 2675 1019 2704 nisi
1031 2675 1079 2704 diu

257 2707 322 2743 post
338 2707 513 2748 _tundatam_
536 2707 812 2748 Constantinopolim
850 2711 927 2748 credi
968 2712 1055 2748 cmpit
1071 2732 1079 2743 ,

311 2743 514 2784 udo-Dorothei
530 2743 764 2784 _commentario_
776 2747 856 2784 nisa,
889 2747 929 2784 uti
958 2743 1081 2775 ostendit

274 2779 419 2817 anningus
439 2783 456 2806 t
470 2779 549 2817 Junii
563 2780 578 2815 ἕ
592 2779 610 2807 5
625 2787 653 2812 ot
667 2780 686 2808 6
700 2782 734 2810 de
749 2782 777 2810 S.
797 2779 990 2817 Metropbatte,
1015 2787 1081 2810 ante

257 2821 344 2851 quem
358 2814 457 2854 nullus
479 2814 616 2850 probatur
641 2817 792 2854 episcopus
820 2814 947 2854 Byzantii
971 2818 1078 2851 fuisse;

257 2851 376 2891 apparet
403 2850 462 2891 haec
493 2857 557 2891 lnon
586 2850 667 2881 esse'
684 2850 875 2890 Ambbiloch'ii
891 2864 910 2891 _;
936 2850 1082 2891 _idemque

253 2885 356 2924 probat
379 2885 566 2922 gravissimus
597 2894 691 2922 error,
711 2885 747 2918 ea"
778 2890 808 2918 in
844 2885 979 2918 cathedra
1008 2885 1081 2917 edn-

1132 279 1213 309 tione
1223 278 1391 309 divinorum
1408 277 1611 316 eloquiorum,
1624 285 1698 316 aqua
1714 281 1744 307 et
1760 275 1892 306 oleribus
1907 278 1942 304 vl-

1132 323 1250 355 ctitans.
1268 326 1351 353 Anno
1364 327 1462 353 autem
1480 322 1598 362 integro
1613 321 1722 351 ibidem
1739 324 1942 355 commoratus,

1131 368 1314 408 verbumque
1330 367 1462 398 veritatis
1479 367 1536 398 ﬁde
1557 365 1944 404 considerans,intelligens-

1133 423 1190 453 que
1219 414 1299 452 quod
1316 413 1376 450 illa,
1393 413 1416 442 si
1432 421 1495 442 eam
1520 412 1646 442 velimus
1661 410 1803 450 scrutari,
1819 410 1943 447 ﬂuctum,

1131 458 1233 498 petivit
1247 467 1280 488 se
1295 457 1403 488 dimitti
1419 456 1655 496 Hierosolymam
1664 456 1830 492 voticausa,
1844 463 1878 485 ac
1889 455 1945 494 ejus

1131 502 1189 533 loci
1212 503 1415 542 inspecturum
1446 501 1599 532 miracula.
1629 502 1666 531 At
1690 501 1751 540 ille,
1778 505 1945 540 apprecatus

1130 546 1219 584 bene,
1237 547 1353 577 dimisit
1369 556 1449 577 eum.

1171 592 1303 624 Rediens
1313 596 1412 622 autem
1427 591 1488 631 (18)
1506 591 1556 621 ubi
1581 590 1749 622 Graecorum
1769 590 1943 629 philosophia

1129 636 1224 667 fuerat
1240 636 1404 673 institutus,
1418 636 1507 676 coepit
1519 635 1617 666 verbis
1633 635 1756 665 ﬂectere
1772 635 1881 665 multos
1890 635 1943 675 phi-

1132 682 1284 721 losophos,
1303 681 1481 720 Christoque
1498 680 1719 711 multitudinem
1736 679 1883 720 gentium,
1900 680 1931 709 de

1132 729 1295 757 monstrata
1312 725 1356 757 eis
1369 725 1472 756 salutis
1487 725 1545 762 via,
1563 724 1682 755 oﬁ‘erre.
1699 724 1842 760 Quaesivit
1856 729 1941 754 autem

1132 776 1161 802 et
1174 775 1388 811 praeceptorem
1402 779 1487 801 suum
1505 769 1650 800 Eubulum
1668 769 1702 804 (is
1712 770 1791 800 enim
1805 769 1862 800 dux
1874 769 1942 800 verbi

1132 820 1162 846 et
1178 815 1357 856 eloquentiae
1372 824 1483 855 praeses
1497 817 1648 854 erat),quo
1665 815 1694 844 in
1711 814 1846 845 laborum
1863 815 1943 854 ipsius

1133 861 1417 897 remunerationem,
1435 860 1593 900 inculpatae
1616 868 1683 889 eum
1706 859 1775 890 fidei
1799 859 1942 890 admovere

1133 908 1317 945 tentaret;sic
1327 905 1462 945 platte,ut
1472 914 1508 935 eo
1519 909 1628 935 rectam
1641 904 1677 934 ad
1697 904 1787 934 iidem
1804 910 1941 943 currente,

1131 959 1187 981 ceu
1194 950 1366 990 magistrum
1379 953 1578 988 sequerentur
1585 953 1733 989 quotquot
1745 949 1908 989 philosophi
1919 949 1942 979 in

1131 1004 1195 1026 eam
1213 995 1444 1026 concessissent.
1472 995 1544 1026 Cum
1570 998 1669 1024 autem
1687 994 1716 1023 in
1734 994 1873 1024 omnibus
1885 1003 1941 1024 eutn

1128 1039 1241 1070 scholis
1255 1040 1441 1080 requisisset,
1460 1039 1584 1069 offendit
1609 1039 1639 1069 in
1663 1037 1810 1068 suburbio
1827 1039 1941 1079 quodam

1131 1084 1342 1123 disputantem,
1357 1084 1446 1114 sociis
1457 1092 1575 1123 quoque
1587 1084 1650 1113 aliis
1661 1083 1848 1123 philosophis
1861 1093 1867 1113 :
1879 1084 1941 1114 nihil

1131 1129 1211 1160 enim
1225 1129 1304 1160 aliud
1313 1128 1576 1169 studebant,quam
1591 1132 1621 1158 ut
1634 1128 1771 1159 dicerent
1783 1133 1811 1159 et
1820 1129 1943 1160 audirent

1131 1174 1246 1213 aliquid
1263 1174 1341 1205 novi.

1173 1219 1247 1250 Cum
1261 1227 1332 1258 ergo
1343 1218 1632 1254 dissereret,instans
1642 1217 1864 1258 imminensque
1874 1219 1943 1250 Basi-

1130 1262 1302 1304 lius,ipsum
1315 1263 1468 1303 corripuit.
1483 1262 1556 1293 Tum
1571 1262 1676 1302 aliquis
1693 1271 1797 1293 eorum
1811 1264 1860 1303 qui
1871 1268 1944 1294 erant

1128 1318 1195 1340 cum
1211 1308 1289 1348 ipso,
1308 1308 1344 1339 ad
1361 1317 1429 1340 eum
1443 1319 1450 1337 :
1471 1320 1483 1336 α
1502 1307 1651 1347 Corripuit
1667 1311 1695 1338 te
1711 1308 1868 1348 quidam,o
1884 1309 1941 1348 phi-

1129 1353 1252 1394 losophe
1266 1366 1279 1381 »
1296 1357 1334 1384 At
1348 1353 1397 1384 ille
1412 1364 1418 1385 :
1438 1365 1452 1381 α
1468 1353 1519 1383 Vel
1536 1352 1626 1389 Deus,
1638 1352 1681 1382 vel
1692 1352 1835 1384 Basilius.
1853 1365 1865 1383 ι
1879 1355 1942 1384 Cum

1128 1407 1198 1437 ergo
1216 1407 1284 1429 eum
1297 1401 1477 1438 agnovisset,
1491 1406 1602 1438 eosque
1617 1397 1669 1437 qui
1685 1398 1811 1428 aderant
1823 1398 1938 1428 dimisis-

1127 1448 1186 1484 set,
1202 1443 1308 1474 mansit
1324 1452 1392 1474 cum
1408 1442 1528 1479 Basilio,
1546 1452 1580 1474 ac
1594 1447 1655 1473 tres
1668 1441 1732 1473 dies
1740 1443 1840 1483 jejuni
1856 1452 1943 1483 perse-

1803 1533 1850 1567 qui
1881 1532 1943 1561 Con-

1129 1567 1386 1608 stantinopolitana
1392 1567 1525 1596 Ecclesiae
1535 1574 1633 1596 curam
1643 1572 1672 1597 ut
1682 1575 1828 1596 summum
1840 1568 1942 1597 triennii

1148 1608 1226 1633 OSSII.

1130 1613 1226 1675 8°???)-
1248 1639 1357 1672 Melius,
1389 1639 1488 1668 saitem
1512 1639 1608 1675 quoad
1631 1640 1666 1667 ad
1696 1639 1857 1672 historiam,
1890 1647 1944 1667 wr-

1129 1676 1163 1705 tit
1177 1675 1266 1704 Ursus
1281 1675 1481 1708 subdiaconus,
1512 1674 1588 1710 apud
1617 1674 1818 1710 Rosweydum,
1853 1675 1942 1703 dicens

1129 1711 1206 1776 amid
1233 1711 1367 1740 Julianus
1385 1731 1392 1743 ,
1431 1711 1466 1740 ad
1496 1711 1581 1739 breve
1613 1715 1745 1746 tempus,
1777 1710 1942 1740 Christianus

1164 1783 1223 1817 (14)
1242 1782 1384 1815 Libamus,
1400 1789 1453 1811 nec
1472 1781 1698 1819 condiscipulus,
1732 1788 1787 1810 nec
1817 1784 1944 1819 magister

1129 1818 1224 1848 Basilii
1241 1818 1293 1847 fuit
1306 1818 1424 1846 Athenis
1440 1825 1446 1846 ς
1462 1818 1512 1846 sed
1532 1817 1627 1853 aliqua
1657 1818 1732 1847 inter
1746 1824 1795 1846 eos
1815 1817 1943 1849 Constan-

1128 1854 1247 1890 tinopoti
1256 1854 1424 1890 intercessit
1439 1853 1626 1882 familiaritas.

1166 1889 1224 1925 (15)
1251 1889 1281 1919 Si
1301 1890 1395 1918 solum
1425 1889 1553 1921 dixisset,
1573 1899 1584 1915 ‹
1601 1896 1662 1918 non
1682 1897 1796 1918 sumere
1826 1892 1917 1920 vinum
1934 1902 1941 1914 ι

1131 1925 1277 1955 tolerabile
1292 1925 1384 1958 foret;
1401 1925 1540 1961 potuiseet
1557 1926 1634 1953 enim
1650 1932 1723 1961 aqua
1753 1926 1813 1954 sola
1828 1932 1856 1955 et
1880 1934 1944 1962 pane

1131 1962 1217 1991 vitam
1232 1964 1410 1990 sustentare:
1430 1967 1528 1989 verum
1542 1967 1611 1997 cum
1622 1963 1704 1995 panis
1727 1967 1823 1997 usum,
1840 1967 1942 1991 susten-

1130 1997 1229 2026 tationi
1246 2001 1302 2025 tam
1318 2003 1522 2025 necessarium.
1551 1996 1717 2027 excluserit,
1744 1998 1855 2026 videtur
1887 2006 1941 2033 pro-

1130 2034 1255 2069 positum
1271 2033 1346 2061 istud
1370 2039 1421 2061 seu
1436 2037 1532 2061 votum
1561 2038 1617 2060 tam
1646 2032 1832 2062 indiscretum
1854 2032 1940 2062 inissa

1133 2068 1165 2098 tit
1183 2069 1212 2097 in
1230 2068 1362 2097 Basilium
1381 2068 1482 2097 cadere
1498 2075 1553 2096 non
1567 2069 1702 2104 potuerit.

1168 2105 1224 2139 (16)
1253 2104 1434 2133 Perabsurde
1464 2104 1620 2139 ﬁngeretur
1650 2105 1697 2131 hic
1724 2104 1857 2137 Basilius,
1886 2113 1942 2133 cum

1131 2140 1248 2170 Athenis
1263 2139 1492 2176 essettomnium
1512 2139 1673 2168 Creatorem
1689 2140 1842 2175 ignorasse
1858 2142 1944 2176 :qnip-

1126 2183 1161 2212 pe
1175 2176 1224 2212 qui
1240 2180 1331 2211 prima
1348 2175 1412 2212 ﬁdei
1429 2176 1573 2211 mysteria,
1588 2178 1619 2204 ut
1635 2176 1663 2203 in
1683 2176 1741 2204 Vita
1758 2176 1834 2212 ejus.
1863 2175 1944 2211 capite

1127 2211 1152 2245 1,
1170 2211 1285 2244 dicitur,
1297 2216 1324 2240 et
1337 2219 1353 2240 a
1368 2211 1489 2240 Macrine
1515 2211 1576 2240 avia
1592 2218 1656 2242 sua,
1672 2215 1700 2240 et
1724 2219 1740 2240 a
1768 2211 1858 2240 matre
1887 2212 1943 2240 Em-

1126 2247 1210 2276 melia
1236 2254 1307 2283 puer
1333 2246 1472 2278 dilicerat,
1505 2253 1559 2275 nec
1585 2253 1714 2282 unquam
1743 2248 1942 2276 immutaverat.

1127 2283 1305 2319 Quapropter
1320 2283 1359 2311 sic
1373 2283 1560 2311 Combeﬁsius
1585 2282 1680 2319 locum
1698 2283 1848 2318 explicuit,
1865 2289 1892 2312 ut
1916 2284 1939 2311 in

1126 2318 1255 2355 profanis
1271 2319 1398 2347 scientiis
1412 2318 1484 2347 nihil
1502 2318 1653 2355 invenerit.
1678 2318 1754 2353 quod
1770 2319 1806 2347 ad
1823 2320 1870 2348 Dei
1886 2319 1939 2347 cul-

1126 2353 1185 2396 tum
1203 2355 1381 2396 perduceret,
1397 2354 1525 2391 quamvis
1549 2353 1709 2383 Creatorem
1736 2356 1865 2383 omnium
1890 2362 1940 2383 non

1126 2395 1280 2426 ignoraret.

1162 2426 1220 2461 (17)
1236 2426 1297 2455 Ursi
1328 2425 1522 2461 interpretatio
1544 2425 1638 2458 habet,
1658 2436 1668 2450 ι
1700 2430 1732 2454 ut
1755 2430 1860 2455 nostrae
1883 2426 1942 2455 reli-

1126 2462 1218 2498 gionis
1233 2462 1410 2498 Scripturam
1427 2466 1626 2498 percurreret:
1656 2472 1666 2486 ι
1684 2461 1734 2489 sed
1749 2462 1785 2490 ad
1806 2463 1859 2490 hcc
1878 2468 1941 2497 opus

1125 2497 1183 2526 non
1201 2502 1261 2526 erat
1277 2497 1309 2526 ut
1323 2497 1415 2526 abiret
1440 2497 1466 2525 in
1492 2497 1653 2533 Egyptum,
1683 2504 1745 2525 eam
1767 2498 1902 2533 petiturus
1928 2505 1939 2524 a

1126 2533 1284 2568 Porphyrio
1309 2533 1542 2565 srchimandrita,
1569 2533 1690 2561 necdum
1715 2533 1833 2562 aliunde
1856 2538 1939 2562 noto:

1124 2575 1191 2597 nam
1207 2569 1284 2597 illam
1299 2569 1418 2597 Athenis
1438 2569 1491 2596 sibi
1504 2575 1670 2602 comparare
1686 2574 1804 2604 peierat,
1816 2577 1872 2604 quo
1882 2575 1938 2597 cum

1125 2605 1213 2668 impio
1223 2604 1340 2633 Juliano
1351 2604 1384 2632 ad
1404 2604 1540 2640 legendos
1560 2604 1649 2632 libros
1679 2611 1776 2633 sacros
1806 2606 1937 2637 accessit;

1125 2648 1154 2668 se
1187 2644 1215 2668 et
1235 2648 1269 2668 ex
1285 2641 1369 2668 domo
1380 2644 1496 2668 naterna
1514 2640 1619 2668 habere
1633 2639 1808 2668 Scrinturam
1830 2644 1937 2668 noteral.

1124 2639 1175 2669 sed
1187 2644 1215 2669 et
1235 2648 1269 2669 ex
1285 2641 1369 2669 domo
1380 2644 1496 2676 paterna
1514 2640 1619 2676 habere
1633 2639 1808 2674 Scripturam
1830 2644 1937 2675 poterat.

1123 2684 1155 2705 ea
1169 2677 1245 2704 enim
1262 2675 1394 2705 utebatur
1409 2675 1558 2707 Emmelia.
1576 2675 1610 2703 ad
1624 2676 1821 2705 instruendam
1846 2676 1936 2704 Macri-

1123 2719 1187 2740 nam
1204 2712 1293 2740 ﬁliam
1308 2719 1400 2744 suam,
1416 2715 1486 2739 teste
1504 2711 1632 2746 Nysseno
1649 2712 1676 2738 in
1697 2709 1768 2739 Vita.

1158 2748 1216 2783 (18)
1234 2747 1448 2783 Peregrinatum
1463 2754 1494 2775 se
1510 2754 1574 2783 esse
1592 2747 1620 2775 in
1636 2746 1789 2782 Egyptum
1805 2752 1830 2775 et
1845 2747 1935 2775 Hiero-

1124 2783 1274 2819 solymam,
1293 2782 1411 2819 testatur
1432 2782 1493 2817 ipse
1508 2782 1628 2811 Basilius
1645 2789 1689 2818 ep.
1707 2783 1741 2811 79
1757 2791 1764 2812 :
1781 2783 1829 2812 sed
1850 2787 1937 2818 postea

1123 2818 1242 2847 rediisse
1257 2819 1350 2854 ipsum
1367 2818 1490 2848 Athenas
1523 2823 1641 2854 apparet
1670 2819 1818 2847 manifeste
1831 2819 1936 2846 ialsum.

1123 2853 1319 2884 consideranti
1340 2853 1429 2884 Vitam
1442 2861 1527 2889 supra
1542 2853 1645 2882 datam.
