2005 3142
231 136 435 168 EXCERPTA
456 136 507 167 EX
529 135 638 167 AGTIS
662 136 691 167 S.
714 134 837 166 BASiLI
859 134 1156 167 BOLLANDIANIS.
1175 151 1215 157 -—
1229 133 1324 167 VITA
1344 132 1586 166 APOGRYPHA.

95 205 234 232 verautes
242 203 249 236 ί
257 205 263 231 I
271 201 315 240 9},
329 204 431 231 mutuo
443 200 650 232 conferebant.
665 199 859 240 Interrogavit
869 200 923 232 ita-

94 256 152 286 que
163 246 296 277 Eubulus
309 245 462 276 Basilium:
480 257 491 274 α
504 246 575 281 Quae
587 245 774 276 estdcﬁnitio
788 243 921 284 philoso-

97 291 174 331 phiae
187 291 261 331 (ρο),
275 290 409 322 Basilii?»
423 289 477 326 Qui
488 291 561 321 ait:«
573 289 673 321 Prima
682 290 817 320 deﬁnitio
829 290 924 328 philo-

94 336 220 376 sophiae,
239 334 391 375 meditatio
420 335 533 365 mortis.
556 347 568 361 ιι
588 334 641 364 ille
672 343 742 365 vero
772 334 923 366 admirans

94 381 136 410 ait
148 391 154 410 :
175 392 187 409 κ
201 380 274 416 Quis
285 383 317 410 ιιι
330 378 461 410 mundus
471 379 486 409 ε)
499 392 512 407 η
527 379 711 419 Respondit:
725 391 738 407 «
752 379 803 410 ille
816 379 866 419 qui
880 384 925 410 est

94 434 186 465 supra
202 424 356 455 mundum.
375 423 410 454 Et
425 424 544 464 quidem
556 423 662 455 dulces
673 428 742 454 sunt
752 424 853 454 mundi
863 433 923 454 ser-

94 479 210 509 mones,
236 469 302 509 ipse
325 478 394 500 vero
418 468 547 499 mundus
569 469 763 500 vehementer
791 477 921 506 amarus,

93 514 217 554 quando
233 514 300 554 quis
316 514 415 545 eidem
428 513 519 543 animi
535 513 639 544 vitiosa
652 513 809 544 affectione
825 513 923 544 adhae-

91 559 166 590 serit
183 570 189 589 :
209 562 238 589 et
254 559 313 589 alia
329 564 374 590 est
399 558 532 598 voluptas
561 559 711 598 corporis,
728 558 786 589 alia
810 562 922 589 natura;

91 603 354 643 incorporeaeznec
364 603 428 634 ﬁeri
441 607 582 643 potest,ut
593 603 682 634 simul
691 603 800 643 aliquis
811 607 921 634 utram-

91 657 151 688 que
164 648 290 679 habeat:
305 657 373 678 nam
388 656 475 678 nemo
484 651 581 687 potest
589 647 843 686 duobusldomiuis
853 656 919 679 ser-

94 693 166 722 vire.
199 693 356 732 Cteterum,
384 695 527 731 quantum
548 701 723 731 possumus,
751 693 921 731 frangamus

90 737 295 768 esurientibus
307 737 443 767 scientiae
464 746 569 777 panem
585 748 592 777 ;
606 741 634 767 et
645 746 707 773 eos,
720 737 770 778 qui
790 737 863 768 citra
873 737 919 768 vi—

91 784 165 812 tium
182 786 212 813 et
225 782 344 821 culpam
361 786 430 812 sunt
445 784 511 812 sine
526 786 615 818 tecto,
635 791 688 821 per
702 782 840 813 virtutem
865 783 920 813 sub

91 831 204 857 tectum
217 827 371 858 ducamus.
385 826 468 862 Quod
479 826 504 856 si
515 826 604 857 etiam
616 826 777 857 viderimus
793 826 918 865 nudum,

92 874 276 911 operiamus,
302 880 358 902 nec
389 871 569 902 domesticos
597 871 718 902 seminis
747 871 920 912 despexeri-

93 925 175 947 mus.
196 930 210 944 ιι

132 962 206 992 Cum
220 962 285 992 haec
295 961 428 1001 dixisset,
445 962 530 1002 eique
544 961 702 993 Salvatoris
713 961 743 991 in
756 970 810 992 nos
823 960 922 992 media

90 1007 268 1047 poenitentia
277 1005 560 1045 benignitatem,seu
569 1005 921 1047 iuimagine,parabolice

93 1052 290 1091 expressissei
299 1076 306 1088 ,
325 1056 385 1082 tres
400 1051 521 1082 tabellas
531 1060 583 1090 pro
595 1050 708 1082 foribus
720 1051 813 1082 animi
826 1046 920 1082 menti

92 1097 234 1136 proponit
251 1106 257 1127 ;
276 1105 364 1126 unam
378 1096 498 1136 quidem
511 1105 600 1136 supra
611 1095 701 1136 fores,
716 1105 785 1136 quae
800 1095 921 1127 exhibe-

88 1147 132 1172 ret
145 1141 297 1181 virtutem,
313 1150 421 1180 nempe
434 1140 634 1181 prudentiam,
649 1140 921 1180 fortitudinem,ju-

89 1185 461 1226 stitiam,temperantiam;
473 1186 505 1216 in
517 1185 635 1216 sinistra
654 1194 721 1217 vero
735 1190 817 1226 parte
829 1185 918 1217 decc--

89 1232 235 1272 ptionem;
245 1232 326 1262 circu
335 1240 362 1261 ru
375 1230 468 1270 ipsam
480 1234 579 1261 autem
591 1230 918 1270 iutemperautiam,iu-

90 1276 222 1315 xuriam,
239 1275 428 1314 ebrietatem,
441 1275 670 1315 impudentiam,
691 1275 848 1315 pigritiam,
866 1284 918 1305 ca-

90 1320 247 1356 lumniam,
259 1319 745 1359 linguositatem,adulationem,et
753 1320 810 1351 tale
821 1319 920 1359 quod-

90 1368 157 1396 dam
169 1365 311 1395 vitiorum
322 1373 458 1396 examen:
469 1366 676 1404 paenitentiam
688 1369 788 1396 autem
801 1364 920 1395 decenti

90 1411 192 1440 habitu
200 1435 208 1449 ,
218 1409 286 1440 lene
297 1409 461 1449 ridentem,
470 1409 608 1440 blandam
620 1412 650 1441 et
660 1414 855 1446 mansuetam;
867 1410 921 1440 sd-

87 1455 239 1486 versarios
253 1454 373 1495 quidem
386 1454 431 1485 sui
445 1454 546 1494 populi
557 1456 786 1495 reprimentem,
797 1455 850 1485 sed
865 1455 919 1494 qui

87 1499 253 1531 necessarii
270 1503 382 1530 essent.
396 1498 484 1530 Juxta
498 1499 574 1530 hanc
592 1508 662 1530 vero
691 1499 915 1540 abstinentiam,

88 1545 296 1584 sagacitatem,
327 1544 515 1583 modestiam,
533 1544 730 1583 honestatem,
760 1545 917 1585 pudorem,

88 1589 358 1625 humanitatem,ac
368 1589 528 1619 multorum
537 1588 683 1619 bonorum
693 1588 918 1628 plebem.Porro

85 1643 196 1664 sensus
205 1634 255 1672 liuj
261 1643 294 1664 us
305 1633 436 1664 historiae
442 1633 617 1664 videntibus
626 1634 747 1674 quidem
759 1637 916 1673 cautioest,

87 1679 285 1709 audientibus
300 1687 371 1709 vero
390 1678 514 1709 meliora
527 1679 686 1709 aemulandi
700 1679 830 1710 occasio.

129 1738 140 1751 υ
157 1723 229 1754 Haec
236 1733 307 1754 sane
318 1728 346 1753 et
356 1732 409 1762 ego
417 1723 521 1754 videns
532 1723 695 1755 admiratus
703 1728 814 1764 sum,et
822 1723 853 1754 in
862 1724 919 1755 hoc

85 1770 197 1800 ductus
213 1779 292 1806 sum,
311 1767 440 1800 Eubule.
458 1769 533 1800 Sunt
546 1768 658 1808 quippe
681 1768 712 1799 in
728 1769 825 1805 nobis,
858 1778 917 1800 non

87 1814 234 1852 imagines
247 1823 345 1853 neque
355 1814 527 1854 amigmata,
537 1813 588 1844 sed
603 1813 668 1853 ipsa
684 1812 796 1853 liquida
808 1813 916 1844 veritas

86 1859 122 1889 ad
134 1859 261 1889 salutem
274 1858 435 1889 adducens.
447 1859 649 1897 Resurgemus
661 1857 740 1889 enim
755 1867 870 1894 omnes,
884 1858 915 1888 hi

84 1904 115 1934 iu
127 1903 216 1934 vitam
228 1906 417 1940 2eternam,et
431 1903 459 1934 hi
471 1903 500 1933 in
513 1902 711 1944 opprobrium
723 1905 754 1932 et
763 1902 918 1934 confusio-

89 1957 159 1978 nom
180 1949 395 1987 sempiternam
414 1957 421 1984 ;
440 1950 470 1979 et
498 1947 659 1978 astabimus
686 1951 754 1978 ante
786 1946 917 1979 tribunal

85 1992 465 2033 Christi,qnemadmodum
475 1992 646 2023 docentuos
656 1991 838 2032 magniloqui
849 2001 916 2032 pro-

86 2038 196 2077 phetaa,
210 2038 312 2078 lsaias,
328 2036 485 2074 Jeremias,
513 2037 662 2074 Ezechiel,
678 2041 768 2077 atque
783 2037 887 2068 Daniel
904 2047 915 2075 ;

84 2081 176 2113 David
189 2083 261 2113 item
274 2091 337 2118 rex,
350 2082 528 2123 divinosque
538 2082 646 2113 Paulus
661 2092 668 2119 ;
681 2086 746 2122 post
760 2082 814 2113 hos
825 2082 914 2113 deni-

85 2137 144 2167 que
156 2127 219 2166 ipse
234 2128 377 2158 Dominus
385 2127 470 2157 dator
480 2127 661 2167 paenitentiae
669 2132 696 2158 et
706 2131 915 2159 remuneratur

85 2171 234 2211 ejusdem,
250 2172 516 2212 perquisivitovem
528 2172 687 2212 perditam;
698 2172 747 2211 qui
759 2181 825 2202 cum
837 2172 914 2203 mul-

83 2217 120 2246 tis
138 2216 253 2247 divitiis
269 2217 337 2246 sinu
355 2220 480 2256 paterno
496 2217 676 2247 abstractum
692 2216 798 2255 tilium,
815 2216 913 2257 iisque

85 2261 238 2292 luxuriose
254 2261 420 2301 absumptis
435 2265 537 2302 postea
551 2261 732 2292 redeuntem
744 2265 773 2292 et
784 2261 861 2292 fame
873 2266 913 2292 ta-

83 2306 269 2343 bescentem,
287 2305 405 2336 sincere
415 2306 604 2346 amplexatur
618 2315 626 2343 ;
640 2306 800 2336 honestans
811 2307 914 2346 splen-

82 2350 154 2381 dida
169 2356 265 2388 veste,
277 2355 305 2382 et
315 2351 424 2381 annulo
439 2350 589 2391 epuloque
601 2350 726 2390 opiparo
741 2350 816 2382 :iilio
828 2351 911 2389 item,

83 2396 134 2435 qui
147 2395 222 2426 nihil
233 2399 588 2436 peccaverat,auctorest,
600 2399 630 2426 ut
642 2405 678 2426 ue
693 2395 770 2426 ferat
780 2395 912 2437 indigne,

83 2441 138 2471 sed
151 2440 346 2480 indulgeatut
361 2441 457 2472 fratri.
471 2441 521 2472 Sic
536 2441 629 2471 nimia
647 2440 791 2471 Dominus
803 2440 916 2473 effusus

122 2521 179 2554 (19)
201 2520 311 2549 Fuisset
325 2521 382 2549 haec
394 2528 452 2550 non
461 2527 546 2556 parva
559 2520 720 2556 philosophi
732 2520 911 2550 iuurbauitas

85 2557 109 2585 si
131 2557 273 2592 hospitem
298 2556 334 2585 ad
351 2563 382 2585 se
409 2564 529 2592 peregre
552 2557 760 2592 advenientem,
785 2556 912 2585 triduum

79 2591 214 2627 ieiunare
231 2591 417 2627 permisisset;
447 2591 568 2628 Et’quis
597 2591 704 2624 credat,
734 2592 770 2620 ab
796 2593 911 2622 ethuico

84 2628 266 2663 philosopho,
297 2632 408 2656 tantum
438 2627 554 2663 repente
573 2632 745 2663 conceptum
762 2627 912 2663 jejuuandi

84 2663 281 2691 desiderium?

103 2671 260 2692 esiuerium
274 2671 279 2691 Ξ

120 2700 175 2733 (20)
197 2699 316 2727 Erudite
339 2699 464 2728 ostendit
494 2699 689 2731 Combeﬂsius,
718 2703 808 2727 totum
833 2700 911 2727 hunc

86 2735 182 2763 Basilii
206 2742 273 2763 cum
300 2734 411 2763 Eub.lo
438 2742 611 2768 sermonem,
633 2734 780 2763 fundatum
799 2742 863 2764 esse
881 2736 911 2764 iu

85 2771 268 2811 philosophia
286 2769 428 2811 Platonica
444 2776 471 2799 et
490 2778 566 2799 sacra
587 2770 743 2811 Scriptura:
765 2771 852 2811 Aine
868 2771 911 2800 vel

85 2805 124 2835 sic
141 2805 211 2836 mihi
227 2805 426 2842 persuadebit,
444 2813 509 2835 eum
525 2805 657 2843 unquam
679 2814 696 2835 a
723 2806 829 2834 Basilio
844 2813 912 2842 pro-

119 2884 157 2920 (a)
177 2883 191 2913 Ι
210 2882 281 2912 Cor.
296 2887 328 2916 ιι,
347 2881 375 2909 9.

1666 139 1792 168 coxam

934 206 952 229 A
966 199 1110 238 bonitate,
1126 201 1164 232 iis
1184 200 1237 241 qui
1258 203 1406 232 venerunt
1420 199 1500 231 circa
1518 199 1628 231 horam
1658 197 1786 236 undeci-

968 254 1057 285 mam,
1086 245 1233 284 aequalem
1264 244 1432 276 mercedem
1459 244 1578 276 tribuit.
1610 241 1737 274 Donabit
1756 246 1786 274 et

965 289 1029 330 ipse
1046 289 1255 330 paenitentibus
1274 289 1370 325 nobis,
1396 293 1427 320 et
1454 298 1489 320 ex
1518 297 1595 329 aqua
1622 292 1653 319 et
1680 288 1787 328 spiritu

964 334 1222 373 regenerationem
1246 333 1489 375 suscipientibus,
1515 342 1584 374 quae
1605 341 1661 365 nec
1683 332 1788 364 oculus

964 379 1048 416 vidit,
1066 389 1122 411 nec
1143 379 1224 411 auris
1237 379 1360 416 audivit,
1378 388 1432 409 nec
1447 378 1478 409 in
1495 387 1548 409 cor
1576 378 1706 409 hominis
1733 386 1789 409 as-

964 425 1141 462 cenderunt,
1159 433 1228 463 quae
1244 423 1420 464 praeparavit
1441 424 1521 455 Deus
1534 422 1573 455 iis
1589 423 1639 463 qui
1661 422 1788 463 diligunt

963 469 1061 508 ipsum
1079 469 1132 508 (α).
1152 479 1167 499 ›

1003 513 1136 545 Eubulus
1149 523 1230 554 ergo,
1248 523 1317 545 eum
1336 513 1366 544 in
1379 513 1514 545 animum
1522 512 1588 544 haec
1601 511 1783 553 induisset,

962 562 1001 590 ait
1016 558 1094 596 i2l):
1113 572 1122 587 ε
1139 560 1288 590 Conemur
1297 559 1396 599 igitur,
1419 558 1508 589 Basili
1531 557 1610 597 quod
1632 560 1664 588 tu
1679 556 1782 597 iubes.

961 604 1073 635 Verum
1080 605 1145 635 haec
1151 604 1271 644 quidem
1281 603 1318 634 ad
1329 604 1473 634 rationem
1484 602 1667 643 pmuitentiaa
1672 605 1787 642 specta-

962 649 1068 687 verint,
1089 648 1178 680 modo
1192 651 1292 681 autem
1310 647 1383 679 mihi
1402 647 1555 688 eloquere,
1581 647 1660 687 quod
1688 655 1787 687 nuper

962 693 1178 734 percunctabar
1192 693 1324 725 divinum
1340 697 1558 724 sacramentum
1575 691 1726 733 (22),quod
1741 692 1785 723 ui-

963 739 1069 769 mirum
1082 739 1118 770 ad
1135 738 1239 770 urbem
1248 737 1537 778 Hierosolymorum,
1546 736 1668 777 quidam
1676 736 1784 769 illuce-

961 783 1228 822 scerejaiuutd‘orte
1235 792 1304 815 vero
1311 790 1429 813 mecum
1439 781 1708 822 lustrans,aiicujus
1717 790 1785 813 sau-

962 829 1000 859 cti
1015 828 1262 859 consuetudinem
1274 827 1451 859 obtinueris.
1465 826 1614 858 Caeterum
1622 826 1783 864 ue,Basiii,

936 878 952 902 Β
964 872 1063 904 divina
1077 873 1214 912 dogmata
1227 871 1505 912 disceremupienti,
1522 879 1646 903 narrare
1656 870 1783 902 distule-

961 917 1015 950 ris.
1030 928 1044 947 ›
1058 917 1156 949 Atille
1166 917 1206 948 ait
1218 926 1226 948 ι
1241 928 1253 946 ι
1266 916 1373 948 Audivi
1380 915 1420 947 de
1428 915 1593 949 Jerusalem
1608 924 1616 946 :
1630 915 1702 946 nihil
1714 924 1784 947 vero

963 962 1062 993 minus
1072 962 1214 993 aestimavi
1227 970 1317 1002 quam
1329 961 1438 994 calum
1450 969 1458 992 :
1471 964 1503 991 ut
1514 959 1716 1000 nequeviilnm
1727 960 1785 1000 ipsi

962 1006 1480 1047 viciuanﬁnomineBethlehem,qmu
1487 1005 1709 1037 cascutientium
1715 1013 1785 1036 ocu-

964 1051 1029 1082 loru
1034 1062 1062 1082 m
1073 1051 1197 1083 decussa
1204 1051 1331 1091 caligine
1340 1051 1508 1090 iisdemque
1515 1049 1673 1088 muudatis,
1677 1049 1715 1081 ad
1722 1058 1784 1081 me-

961 1097 1066 1128 liorem
1078 1097 1147 1128 vitaa
1156 1096 1304 1128 rationem
1315 1095 1465 1136 vitamque
1475 1094 1675 1132 verissimam,
1683 1097 1782 1125 trans-

962 1145 1071 1173 mutata
1087 1146 1142 1173 est.
1167 1141 1249 1177 Quod
1269 1149 1357 1180 porro
1375 1139 1462 1171 unius
1476 1139 1530 1171 Dei
1544 1139 1686 1177 cultores,
1702 1139 1783 1170 auti-

960 1187 1080 1226 quiores
1094 1187 1154 1218 sint
1167 1185 1279 1217 Graecis
1292 1189 1321 1216 et
1331 1185 1481 1216 universis
1495 1183 1676 1222 nationibus,
1689 1183 1783 1216 doce-

961 1240 1026 1263 mns
1041 1241 1110 1263 vere
1125 1241 1159 1262 ex
1176 1230 1284 1262 divinis
1299 1229 1439 1268 eloquiis.
1452 1229 1527 1261 Nam
1543 1238 1562 1260 ι
1572 1228 1702 1269 primum
1716 1228 1783 1269 pla-

960 1280 1058 1307 smata
1072 1276 1194 1307 homine
1204 1277 1325 1306 nomine
1332 1273 1479 1312 Adam,ad
1489 1273 1655 1314 usqueNoe
1663 1277 1780 1314 tempo-

961 1329 1004 1359 ra,
1023 1321 1078 1352 sub
1094 1330 1151 1361 quo
1166 1319 1325 1357 diluvium,
1346 1319 1467 1350 fuerunt
1480 1318 1586 1350 decem
1613 1319 1784 1358 generatio-

963 1374 1015 1396 nes
1034 1366 1104 1396 auni
1118 1372 1271 1397 nccxnu.
1283 1364 1400 1396 Pariter
1409 1371 1528 1404 quoque
1537 1372 1555 1394 a
1565 1362 1678 1395 diluvio
1690 1371 1785 1404 usque

961 1410 997 1440 ad
1028 1409 1190 1450 Abraham,
1218 1408 1427 1450 generationes
1447 1407 1651 1448 decem,auui
1681 1415 1782 1448 smn;

960 1453 1111 1485 Abraham
1138 1458 1237 1485 autem
1267 1457 1331 1485 erat
1358 1461 1505 1484 annorum
1533 1460 1622 1494 Lxxv,
1651 1461 1720 1484 cum
1742 1462 1785 1485 ex

960 1499 1173 1539 Mesopotamia
1202 1498 1463 1538 trausmigravitiu
1489 1501 1600 1529 terram
1629 1497 1781 1536 Chanaan,

927 1543 1026 1575 Cubis
1041 1545 1127 1575 annis
1142 1553 1198 1576 xxv
1230 1544 1412 1580 demoratus,
1437 1543 1538 1583 genuit
1551 1541 1635 1574 Isaac
1664 1554 1672 1582 ;
1700 1541 1782 1574 Isaac

960 1593 1057 1619 autem
1072 1599 1139 1620 cum
1155 1589 1276 1620 vixisset
1290 1597 1386 1619 annos
1396 1587 1559 1627 sexaginta,
1576 1586 1654 1619 duos
1678 1587 1780 1629 progi-

959 1634 1023 1673 gnit
1038 1634 1124 1665 ﬁlios.
1147 1633 1190 1665 Ex
1216 1634 1253 1664 iis
1277 1641 1347 1664 vero
1373 1631 1477 1671 Iacob,
1507 1640 1655 1663 annorum
1682 1632 1782 1663 iactus

959 1686 1047 1715 eux,
1064 1678 1222 1709 descendit
1238 1678 1269 1709 in
1283 1677 1442 1717 [Egyptum
1458 1685 1527 1707 cum
1541 1675 1701 1708 duodecim
1710 1676 1781 1712 ﬁliis

959 1727 989 1754 et
1003 1723 1163 1763 nepotibus
1177 1723 1239 1754 suis
1251 1731 1377 1753 numero
1391 1729 1479 1753 Lxxv.

993 1766 1559 1807 «CumantemAbrahametejussemen
1565 1766 1780 1799 fuissetaccoia

958 1813 987 1844 in
1001 1819 1079 1844 terra
1091 1813 1208 1854 [Egypti
1217 1812 1303 1844 annis
1317 1819 1405 1852 ccxx,
1417 1811 1580 1852 fuissetque
1597 1811 1779 1852 multiplica-

958 1862 1031 1894 tum,
1047 1858 1077 1888 in
1087 1857 1181 1888 tribus
1190 1857 1348 1888 duodecim
1364 1855 1513 1887 consitum
1529 1860 1585 1896 est,
1601 1860 1630 1887 et
1644 1856 1677 1888 in
1691 1865 1780 1888 sexa-

958 1903 1038 1942 ginta
1055 1905 1184 1933 virorum
1200 1901 1295 1932 millia
1308 1900 1561 1942 computatum.Et
1576 1901 1698 1942 quidem
1709 1903 1780 1934 Levi

958 1947 1121 1987 abnepotes
1135 1947 1258 1978 fuerunt
1272 1945 1385 1987 Moyses
1399 1950 1429 1977 et
1451 1946 1563 1984 Aaron,
1579 1955 1706 1987 quorum
1730 1947 1780 1981 hic

958 1992 1078 2032 quidem
1094 1991 1258 2023 sacerdotio
1273 1991 1477 2031 pratiatusest;
1493 1991 1612 2032 Moyses
1628 1996 1726 2023 autem
1740 1993 1779 2024 ad

959 2038 1155 2079 principatum
1174 2042 1340 2078 provectus.
1356 2039 1384 2069 Is
1399 2047 1476 2068 anno
1498 2038 1564 2069 vitae
1587 2046 1665 2070 Lxxx
1694 2048 1778 2071 mare

956 2083 1091 2114 Rubrum
1101 2083 1238 2123 calcat,et
1247 2083 1347 2114 educit
1359 2083 1500 2122 populum
1512 2082 1550 2113 de
1558 2082 1691 2123 Egypto.
1704 2083 1777 2115 Flam

956 2129 1016 2159 ruit
1031 2128 1079 2158 hic
1097 2130 1213 2168 Moyses
1228 2126 1412 2168 temporibus
1426 2126 1543 2164 Inachi,
1558 2127 1609 2166 qui
1622 2127 1735 2167 primus
1747 2129 1777 2160 in

926 2185 946 2211 ο
955 2173 1067 2205 Graecia
1075 2172 1271 2212 regnavit.Sic
1279 2170 1449 2203 suutJudaai
1459 2171 1642 2211 antiquiores
1650 2171 1761 2205 Graecis
1767 2197 1775 2212 ,

955 2227 1010 2249 nec
1021 2219 1101 2257 leges
1112 2218 1223 2249 habent
1234 2217 1332 2248 minus
1347 2220 1475 2252 veteres.
1487 2214 1572 2252 Quod
1584 2215 1666 2250 enim
1680 2217 1774 2250 Deum

954 2273 1047 2295 unum
1061 2263 1587 2302 colereutetcognoscerent,paterua
1594 2266 1776 2302 acceperunt

956 2308 1114 2339 traditione
1132 2319 1138 2338 :
1157 2307 1299 2347 iegislatio
1310 2310 1421 2344 autem,
1439 2310 1504 2345 post
1522 2309 1582 2336 tres
1596 2305 1661 2337 dies
1677 2307 1774 2348 profe-

956 2353 1062 2383 ctionis
1077 2362 1114 2384 ex
1129 2352 1254 2393 lEgypto
1269 2351 1367 2382 divina
1380 2360 1452 2382 voce
1462 2350 1665 2382 datur.iilorati
1675 2355 1775 2384 autem

957 2398 1068 2428 suntin
1084 2397 1201 2428 deserto
1218 2397 1304 2428 anuis
1319 2395 1521 2437 quadraginta.
1536 2395 1598 2427 Sub
1609 2394 1681 2428 Jesu
1696 2396 1777 2437 priu-

956 2443 1022 2482 cipe
1036 2443 1156 2473 fuerunt
1170 2442 1257 2473 anuis
1270 2450 1328 2474 xxv
1343 2452 1352 2481 ;
1365 2441 1422 2473 sub
1433 2440 1586 2481 judicibus
1600 2450 1670 2473 vero
1687 2443 1777 2474 anuis

953 2522 1054 2559 latum,
1070 2529 1117 2552 aut
1138 2523 1209 2553 satis
1224 2527 1290 2559 apte
1315 2522 1352 2552 ad
1371 2525 1496 2551 mentem
1516 2523 1609 2552 sancti
1623 2530 1687 2552 esse
1705 2530 1776 2553 con-

952 2558 1210 2629 ﬂcgﬁldacunam
1247 2594 1295 2622 hic
1331 2600 1465 2629 magnam
1498 2593 1628 2629 implevit
1654 2593 1776 2623 Combe-

952 2630 1053 2665 ﬂsius,
1086 2639 1120 2659 ex
1147 2638 1207 2659 uno
1234 2629 1390 2666 antiquiori
1425 2629 1516 2666 Regio
1559 2629 1677 2662 codice,
1704 2629 1774 2658 reli-

952 2668 1017 2702 quis
1033 2667 1259 2695 desiderantibus
1278 2665 1444 2694 describeus
1466 2665 1585 2694 alteram
1601 2668 1709 2700 partem
1725 2672 1776 2694 cs-

953 2703 1237 2774 ieiiiiedibusmqm
1252 2736 1400 2774 intelligit,
1416 2743 1502 2774 quem
1518 2735 1634 2773 quidem
1658 2735 1775 2774 ieroso-

954 2773 1037 2838 lbymis
1063 2772 1111 2802 vel
1137 2775 1166 2801 iu
1193 2772 1317 2802 Jordaue
1332 2772 1491 2802 devotionis
1520 2778 1606 2801 causa
1635 2772 1778 2813 suscipis-

975 2816 1010 2837 au
1028 2831 1031 2837 .
