2005 3142
230 127 360 154 CCXCVII!

934 115 1227 148 PROLEGOMENA.

232 197 351 221 ccocuv
364 188 401 220 ad
416 197 511 229 usque
524 197 648 228 reguum
664 186 771 223 Saulis,
799 185 849 226 qui
864 185 977 226 primus
1004 182 1048 229 illi
1059 186 1076 211 Α
1090 181 1208 229 quiest.
1222 181 1300 229 Quid
1313 181 1403 229 igitur
1415 179 1611 229 evangelista?
1631 180 1666 229 Iri
1686 179 1839 229 principio
1846 184 1913 211 erat

233 234 343 275 populo
353 242 407 265 rex
417 227 534 265 creatus
544 227 589 264 est
599 243 607 273 ;
617 232 672 263 sub
683 241 752 273 quo,
765 240 843 262 anno
856 230 953 275 primo
966 227 1051 275 regni

233 274 336 319 ipsius,
351 288 473 318 magnus
482 277 573 310 David
585 281 670 309 natus
682 281 738 308 est.
752 275 896 307 Similiter
905 274 941 305 ab
954 275 975 305 Α
981 274 1052 319 ιπδτ

233 318 301 354 ham
316 332 411 364 usque
432 322 468 353 ad
494 322 634 354 Davidem
662 321 870 362 generationes
894 327 960 364 xxv,
983 318 1053 349 anni

233 375 332 400 Imm.
343 363 369 399 Ᾱ
381 367 490 399 Davide
500 370 599 398 autem
610 375 706 406 usque
717 366 755 397 ad
763 363 1052 404 transmigrationem

232 412 400 453 Babylonis.
417 412 626 452 generationes
639 419 699 449 xtv,
712 410 783 442 anni
797 418 859 441 uix.
877 410 902 440 A
919 407 1052 453 transmif

234 452 370 497 gratione
384 466 454 488 vero
471 456 630 497 Babylonis
653 464 747 496 usque
761 455 797 486 ad
823 454 956 492 Darium,
985 452 1054 483 anni

233 511 305 534 xxv.
321 503 347 534 A
362 511 454 541 regno
469 505 570 533 autem
588 501 668 532 Darii
684 508 779 540 usque
789 499 826 530 ad
840 497 943 530 Jesum
960 498 1053 528 tilium

234 546 372 587 Josedec,
389 546 459 577 anni
474 554 553 577 xux.
569 547 594 577 A
609 545 679 577 Jesu
695 543 757 575 ﬁlio
769 543 895 575 Josedec
911 551 1005 582 usque
1019 541 1055 572 ad

235 591 348 632 Iesum,
365 586 415 631 qui
432 591 540 622 dicitur
555 590 700 626 Christus,
718 588 788 620 anni
805 595 962 619 ccccxxxtv
976 598 983 624 -,
1012 586 1055 617 si-

237 636 297 666 mul
313 640 412 667 autem
430 635 642 676 computando,
658 633 824 665 secundum
841 633 950 663 seriem
977 637 1056 662 tem-

236 689 353 721 porum,
370 681 538 712 invenimus
557 679 595 711 ab
623 678 746 710 homine
762 681 887 718 primum
918 677 1055 715 formato,

236 734 331 766 usque
344 725 380 756 ad
396 725 557 762 Christum,
574 733 669 755 annos
682 731 865 756 uuuuuucx.

280 782 294 798 «
312 769 447 801 Nascitur
461 770 559 810 itaque
588 768 731 800 Dominus
745 769 831 800 Iesus
861 766 996 799 Christus
1022 775 1057 796 ex

1096 225 1221 257 Verbum
1236 226 1280 265 (ιι)
1300 237 1306 256 :
1325 225 1393 266 quia
1412 224 1484 255 nihil
1500 224 1580 254 aliud
1596 228 1671 264 erat,
1689 228 1797 264 praeter
1817 227 1912 262 ipsum

1093 271 1142 311 qui
1159 275 1204 302 est
1219 281 1252 302 ex
1268 273 1362 308 Patre,
1379 270 1428 310 qui
1443 278 1564 308 semper
1579 273 1634 309 est,
1653 268 1766 300 habens
1790 273 1915 299 comter—

1094 325 1163 346 num
1181 315 1321 355 Spiritum
1339 318 1488 346 sanctum.
1503 313 1574 344 Erat
1590 314 1619 344 in
1649 314 1806 353 principio.
1839 313 1917 350 Quid

1097 360 1167 391 mihi
1177 369 1357 391 annumeras
1364 358 1629 398 smcula?Eratipse
1639 358 1670 389 in
1685 358 1919 398 principiozsuut

1096 405 1197 436 omnia
1213 411 1278 445 post
1293 406 1402 445 ipsum,
1419 404 1565 445 siquidem
1581 409 1611 434 et
1626 405 1725 434 omnia
1741 413 1795 443 per
1808 404 1918 443 ipsum.

1095 450 1132 481 In
1138 450 1292 490 principio
1300 454 1367 481 erat
1374 449 1500 481 Verbum
1508 448 1696 489 .Erat,neque
1703 449 1918 488 proferebatur.

1096 494 1227 526 Verbum
1244 501 1321 535 erat,
1342 504 1398 525 nec
1427 493 1549 534 syllabis
1578 492 1820 532 componebatur.
1851 494 1920 525 Erat

1099 539 1229 570 Verbum
1247 539 1331 579 illud,
1349 549 1404 570 nec
1418 539 1471 570 fuit
1487 539 1594 578 linguae
1606 537 1701 568 ﬂuxus
1716 539 1817 569 :solus
1830 539 1919 570 Filius

1099 585 1327 624 unigenitusquc
1338 590 1367 615 et
1382 584 1488 615 veritas
1503 593 1520 614 a
1529 584 1628 617 Patre,
1640 583 1720 613 nulla
1730 585 1918 624 corruptione

1099 628 1486 668 genitus.Quemadmodum
1493 628 1615 659 verbum
1624 633 1761 659 nostrum
1775 633 1914 668 etsermo,

1099 677 1129 704 in
1146 674 1242 705 lucem
1259 673 1371 713 profert
1387 673 1482 704 latens
1493 674 1585 703 animi
1599 673 1814 710 consilium,ita
1830 673 1915 704 etDei

1099 718 1192 749 Filius
1201 718 1348 749 occultum
1361 718 1390 748 in
1409 719 1492 749 Patre
1515 718 1717 748 manifestavit
1732 718 1798 748 orbi
1825 724 1915 749 terra-

1100 772 1165 794 rum
1182 767 1386 803 praaaeternum
1400 767 1633 794 sacramentum.
1663 763 1913 799 Quemadmodum

236 814 315 846 tribu
331 814 417 852 Juda,
430 823 465 845 ex
481 807 597 845 semine
610 812 715 850 David,
728 813 806 852 quod
817 814 931 851 spectat
942 810 978 841 ad
991 818 1056 840 car-
1071 824 1088 849 θ
1101 808 1222 838 verbum
1231 807 1406 848 procedens,
1421 817 1476 838 nec
1485 807 1633 838 dicentem
1645 807 1759 838 nudum
1768 809 1914 848 relinquit,

237 869 320 896 nem,
331 858 386 890 sub
398 860 485 890 ﬁnem
496 859 614 889 dierum
626 856 885 898 sesquimillesimo
895 865 983 891 anno,
993 863 1058 885 xxiv

237 903 363 944 Augusti
379 903 578 943 imperatoris,
595 911 698 933 mense
713 900 883 937 Decembri,
896 909 949 931 xxv
964 899 1058 939 ipsius

238 948 300 987 (23)
314 948 489 980 indictionis
516 957 533 978 x
545 947 595 978 die
608 951 702 978 sexta.
718 948 740 976 A
755 945 860 977 Christi
877 954 965 985 porro
981 944 1056 975 uati-

238 993 338 1033 v‘itate,
350 1002 446 1033 usque
456 992 493 1023 ad
505 992 731 1024 Constantinum
747 993 884 1029 Magnum
900 989 1059 1028 imperato-

238 1047 302 1070 rem
317 1043 349 1068 et
359 1038 452 1068 virum
463 1036 647 1076 religiosum,
660 1036 779 1067 fuerunt
791 1035 861 1065 anni
874 1042 972 1066 ccux.
985 1033 1057 1065 Cum

239 1093 309 1123 ergo
324 1082 427 1114 Judaea
439 1092 513 1122 gens
528 1086 609 1113 tanto
623 1086 757 1121 tempore
772 1080 810 1111 sit
823 1079 1060 1120 antiquior,quo-

240 1127 329 1159 modo
345 1136 405 1158 non
419 1127 538 1158 erubuit
552 1126 645 1163 Plato,
658 1126 786 1166 primum
803 1129 831 1155 et
842 1125 1008 1155 secundum
1018 1124 1061 1155 di-

242 1173 351 1204 luvium
367 1181 509 1203 enarrans
521 1175 535 1203 ἲ
548 1170 702 1208 Quondam
721 1179 809 1210 porro
827 1174 932 1200 natura
948 1174 1060 1206 nostra,

241 1217 380 1249 universo
392 1217 503 1257 totique
513 1215 556 1246 illi
564 1214 779 1246 accensebatur
791 1224 797 1244 :
813 1223 934 1244 eramus
943 1213 1023 1244 enim
1035 1214 1064 1243 et

242 1262 344 1302 ipsi,in
352 1261 541 1292 rationalium
551 1260 648 1291 ovium
656 1259 829 1290 centenario
839 1258 1061 1298 comprehensi.

243 1307 401 1346 Postquam
416 1315 485 1336 vero
500 1315 558 1336 una
585 1305 633 1335 illa
649 1307 721 1341 ovis,
738 1307 843 1335 natura
860 1307 970 1340 nostra,
996 1311 1062 1334 ser-

245 1350 342 1390 pentis
354 1349 468 1387 fraude,
486 1349 600 1380 cmiesti
626 1348 752 1379 statione
773 1347 897 1388 depulsa
922 1352 977 1384 est,
1005 1356 1063 1378 non

244 1394 458 1435 ampliusidem
471 1393 523 1424 ille
534 1402 679 1424 numerus
688 1393 720 1423 in
731 1401 820 1432 grege
833 1401 891 1423 non
901 1392 1063 1423 errantium

245 1438 492 1478 memoratur,sed
499 1438 691 1469 nominantur
697 1437 853 1476 nonaginta
859 1436 1068 1468 novem.Venit

247 1484 325 1524 gitur
335 1482 580 1523 Christus,Filius
588 1482 641 1513 Dei
649 1481 854 1522 viv1.quserere
864 1481 1010 1512 etsaltmm
1021 1481 1047 1512 fa
1054 1499 1063 1504 -

242 1537 312 1560 cere
323 1527 401 1568 quod
415 1528 648 1567 perieratmtque
661 1535 764 1558 rerum
773 1536 831 1557 non
841 1526 1066 1557 consistentium

243 1573 372 1604 vanitate
387 1572 537 1613 perditum
552 1572 705 1603 hominem
735 1572 868 1602 humeris
884 1571 1067 1611 impositum,

243 1617 457 1650 exsistentibus
471 1617 563 1648 rebus
575 1617 713 1658 verisque
725 1617 906 1656 postliminio
918 1616 1069 1653 redderet,

246 1672 305 1703 quo
317 1671 435 1693 rursum
444 1661 618 1693 Dominicus
625 1670 850 1692 numerusunus
857 1661 951 1692 ﬁeret.
958 1661 1070 1692 idcirco

247 1707 399 1746 Evangelii
415 1707 543 1747 scriptor
555 1706 698 1744 Joannes,
711 1711 864 1746 paternam
877 1705 1068 1746 piscationem

245 1751 406 1791 omniaque
425 1756 523 1782 creata
551 1751 737 1791 relinquens,
753 1759 852 1781 aerem
869 1750 938 1780 item
957 1750 1068 1781 transi-

246 1795 334 1833 liens,
353 1803 408 1825 nec
419 1795 513 1825 solem
543 1799 675 1825 moratus
689 1804 744 1825 nec
760 1796 858 1825 lunam
879 1804 886 1831 ;
903 1793 1067 1825 celsissima

248 1848 318 1870 vero
334 1839 399 1870 εωΙὶ
409 1847 568 1878 superans,
583 1843 774 1879 temporaque
787 1841 1012 1879 praetergressus
1023 1844 1067 1870 est

245 1887 277 1915 et
291 1883 420 1922 saecula;
437 1883 489 1913 sed
506 1889 537 1914 et.
552 1884 678 1924 Moyses,
696 1884 846 1924 principio
862 1883 913 1914 illo
929 1883 1039 1914 omisso
1057 1892 1064 1914 :

247 1938 306 1960 non
322 1928 404 1959 enim
420 1927 503 1965 dixit,
520 1929 550 1959 in
564 1928 709 1968 principio
725 1929 807 1968 fecit,
825 1933 857 1959 ut
865 1929 917 1967 qui
933 1938 992 1960 non
1018 1929 1065 1959 in-

246 1973 327 2004 duxit
340 1976 505 2004 creaturam
526 1983 533 2011 ;
551 1974 603 2004 sed
618 1977 782 2004 creatorem
800 1973 993 2005 annuntiavit.
1011 1973 1066 2005 Ubi

245 2018 327 2050 enim
342 2022 386 2049 est
395 2021 541 2055 creatura,
559 2018 706 2058 quispiam
723 2018 810 2054 fecit;
827 2018 877 2048 ubi
889 2027 958 2049 vero
974 2028 1068 2059 gene-

245 2064 321 2097 ratio
333 2067 408 2102 erat,
425 2070 461 2093 ex
475 2072 511 2095 eo
527 2063 577 2104 qui
591 2068 646 2094 est.
657 2062 712 2100 Qui
725 2066 803 2094 enim
816 2067 874 2102 est,
887 2073 955 2094 eum
968 2063 1070 2103 genuit

283 2171 340 2206 (23)
360 2170 396 2210 In
408 2170 607 2210 hunc__loeum
637 2171 674 2200 ita
703 2175 911 2210 commentatur
926 2171 1069 2210 Combeﬁ-
1083 2177 1098 2201 ε
1111 2172 1226 2210 cimam,
1243 2176 1319 2210 utex
1334 2173 1517 2210 Gonebrardo
1532 2178 1559 2201 et
1574 2173 1637 2202 aliis
1652 2175 1775 2210 quisque
1791 2174 1871 2203 facile
1885 2181 1923 2201 ετο-

247 2208 308 2236 sius
326 2216 333 2236 :
353 2217 366 2233 ε
382 2206 543 2243 Absurdius
557 2211 609 2241 est,
626 2213 712 2242 quam
729 2212 760 2235 ut
772 2207 837 2243 quis
862 2207 1004 2236 tantillum
1024 2215 1070 2235 sa-

247 2244 329 2278 piens
344 2243 379 2271 de
394 2242 628 2272 Constantiniana
645 2243 700 2271 hoc
714 2242 873 2271 indictione
888 2244 1012 2277 potuerit
1024 2250 1067 2271 ac.

249 2279 343 2314 cipere
365 2289 372 2305 :
389 2279 456 2313 quia
474 2278 549 2307 hanc
574 2278 678 2307 Christi
706 2279 840 2307 nativitas
857 2279 1006 2314 praecessit
1021 2285 1071 2307 ccc

248 2313 362 2342 circiter
381 2314 488 2342 annis:
512 2321 546 2350 ac
561 2321 654 2350 neque
672 2314 706 2342 de
722 2313 794 2346 aliis.
812 2314 835 2342 si
855 2313 919 2350 qua:
935 2314 977 2342 vol
997 2315 1071 2343 veri-

248 2353 305 2391 tate
319 2353 485 2391 rsseruntur
505 2349 548 2391 vel
574 2349 789 2391 continguntur,
806 2349 874 2391 puta
896 2352 1068 2391 Augustana.

249 2384 491 2421 Antoniana._etc.
517 2384 715 2421 Perspicacius
738 2384 953 2421 ergo'intuenti.
976 2386 1070 2414 statim

249 2419 409 2456 occurrerit
422 2419 543 2449 lndictio
576 2419 706 2454 Iudaica,
722 2419 807 2456 quam
824 2421 878 2449 sibi
892 2427 1001 2454 auctor,
1016 2422 1072 2450 ins-

250 2455 503 2492 tar_Constantinia
509 2462 561 2492 nae,
578 2457 722 2492 contingat
731 2455 763 2485 1-t
777 2461 919 2489 numt-ret,
932 2465 945 2485 ο
963 2457 1066 2491 perfec-

249 2495 276 2520 ta
296 2490 466 2528 liberatione
488 2490 648 2528 Iudaeorum
675 2490 699 2528 ὁ,
712 2492 848 2528 servitute
873 2490 1072 2528 Macedonica;

249 2526 395 2563 quomodo
409 2525 612 2563 Constantinus
638 2531 665 2555 et
683 2526 782 2555 Patres
798 2527 915 2561 Nicaeni,
934 2525 1073 2556 numera;

250 2561 307 2591 tam
323 2561 477 2592 voluerunt
495 2562 760 2592 Constantinianam
779 2562 866 2594 illam.
894 2571 907 2590 a
934 2564 1075 2592 vindicata

250 2598 413 2631 Christiana
442 2597 582 2634 religione
611 2603 640 2627 et
669 2598 806 2627 exstincto
833 2599 972 2627 Maxentio
1000 2607 1006 2627 :
1035 2600 1076 2628 sic

250 2635 326 2663 enim
343 2633 604 2665 invenietur’natus
618 2634 756 2663 Dominus
770 2633 806 2663 ad
822 2634 1011 2664 indictiouem
1030 2636 1077 2663 de-

288 2710 326 2744 (a)
343 2709 426 2739 Joan.
443 2716 463 2742 i,
487 2711 511 2738 t.

288 2745 327 2779 (ὁ)
347 2745 429 2773 Marc.
451 2752 469 2778 ι,
490 2745 517 2774 3.

292 2781 313 2808 ’c
346 2780 426 2809 Rom.
448 2787 486 2814 1x,
506 2782 532 2809 5.

292 2780 331 2843 ὴὲ
347 2815 440 2843 Matth.
463 2823 522 2843 XVI.

288 2793 331 2851 tif)
346 2793 582 2851 ﬁ‘.’ii‘i.‘§'vii'm.

1100 857 1129 883 et
1145 852 1241 892 replet
1255 852 1427 883 audientem
1444 852 1502 892 (sic
1518 852 1596 882 enim
1612 852 1674 883 adit
1687 853 1868 891 audientem,
1888 860 1915 884 ut

1101 907 1158 928 non
1175 897 1306 928 discedat
1320 906 1337 928 a
1353 897 1511 937 discente),
1530 897 1570 928 ita
1579 897 1681 928 etDivi
1693 897 1915 939 Verbum,quod

1101 946 1144 973 est
1158 942 1188 972 in
1205 943 1292 973 Patre
1308 942 1345 972 ob
1362 947 1473 972 naturae
1490 942 1744 981 communionem,
1779 943 1917 983 nobisque

1101 987 1214 1017 unitum
1233 987 1461 1026 proptergratiae
1474 986 1651 1026 largitatem,
1671 987 1818 1018 exsistens
1836 989 1915 1024 deos,

1100 1031 1177 1072 quod
1196 1035 1307 1071 spectat
1322 1031 1358 1061 ad
1376 1035 1531 1068 naturam;
1547 1030 1676 1062 Verbum
1695 1039 1798 1063 autem
1820 1033 1916 1073 appel-

1102 1076 1210 1106 latione
1224 1081 1254 1106 et
1269 1076 1457 1114 cognomine.

1146 1121 1419 1158 «Quemadmodum
1427 1121 1507 1152 enim
1514 1120 1726 1160 Joannes,cum
1737 1127 1838 1154 natura
1846 1130 1916 1154 esset

1104 1168 1194 1198 homo
1224 1168 1336 1198 ratione
1353 1172 1451 1198 tamen
1478 1167 1701 1208 praedicationis
1716 1178 1768 1200 vox
1795 1171 1917 1201 clamans

1105 1217 1223 1244 vocatus
1238 1216 1284 1243 est
1300 1213 1351 1252 (b);
1368 1213 1408 1243 ita
1420 1217 1449 1244 et
1464 1212 1519 1245 Dei
1532 1212 1634 1254 Filius,
1648 1214 1726 1244 Deus
1738 1214 1776 1244 de
1790 1216 1858 1251 Deo,
1869 1226 1917 1255 ap-

1106 1257 1232 1298 pellatus
1248 1262 1293 1287 est
1310 1258 1451 1297 Verbum,
1476 1262 1600 1298 propter
1618 1259 1738 1289 liberam
1756 1270 1770 1287 δ
1799 1260 1918 1291 ﬂuxiono

1104 1301 1378 1342 generationem!"
1390 1303 1539 1342 principio
1550 1307 1616 1333 erat
1634 1303 1767 1340 Verbum,
1779 1305 1919 1345 liauthuar

1106 1356 1193 1388 quam
1210 1356 1277 1377 vero
1292 1346 1422 1378 Verbum
1441 1356 1500 1377 non
1516 1347 1696 1379 subsistens.
1714 1349 1813 1380 Verba
1827 1351 1880 1380 alia
1896 1355 1918 1381 et

1107 1401 1263 1423 sermones
1273 1391 1338 1432 Dei,
1353 1396 1499 1432 praecepta
1510 1397 1580 1423 sunt
1590 1397 1619 1423 et
1636 1393 1859 1433 justiticationos
1873 1408 1880 1427 :
1897 1400 1920 1424 at

1108 1436 1280 1476 unigenitus
1292 1437 1385 1468 Filius
1395 1446 1493 1468 sermo
1501 1442 1619 1473 est,non
1626 1438 1746 1478 syllabis
1753 1440 1919 1470 verborum-

1109 1493 1166 1524 que
1182 1493 1255 1514 sono
1271 1483 1489 1523 pronuntiatus,
1505 1484 1557 1514 sed
1573 1493 1670 1514 sermo
1682 1490 1711 1515 et
1721 1485 1852 1526 verbum,
1867 1496 1920 1517 vere

1110 1529 1215 1559 borum
1229 1528 1462 1568 fonteslargiens
1476 1539 1484 1568 ;
1498 1529 1748 1568 quemadmodum
1762 1531 1812 1562 ait:
1824 1533 1850 1561 Si
1863 1532 1920 1572 quis

1111 1573 1192 1604 audit
1208 1581 1365 1604 sermones
1380 1582 1473 1613 meos,
1487 1573 1576 1604 habet
1588 1574 1674 1604 vitam
1688 1579 1841 1606 aeternam.
1857 1579 1919 1608 Cum

1113 1619 1241 1649 Joannes
1251 1617 1381 1656 dicat,ln
1387 1618 1662 1658 principio;Paulus
1676 1620 1920 1657 vero,Seuumlum

1113 1672 1249 1699 carnem,
1261 1664 1314 1703 qui
1322 1666 1363 1694 est
1371 1664 1570 1702 superetnm'a
1581 1665 1657 1694 Deus
1668 1665 1704 1704 (ε)
1716 1675 1726 1703 ;
1746 1667 1850 1696 Petrus
1860 1676 1921 1706 quo-

1112 1717 1170 1748 que
1182 1718 1188 1738 :
1204 1708 1246 1738 Tu
1256 1717 1287 1739 es
1296 1707 1435 1739 Christus
1442 1708 1542 1739 Filius
1554 1709 1608 1740 Dei
1619 1710 1837 1749 viviid);David
1849 1721 1919 1742 vero:

1115 1753 1151 1781 Tu
1165 1756 1256 1781 autem
1270 1752 1340 1781 idem
1354 1753 1410 1789 ipse
1425 1762 1462 1785 es,
1479 1757 1502 1780 et
1519 1754 1586 1782 anni
1601 1754 1642 1782 tui
1658 1762 1713 1782 non
1737 1755 1858 1791 deﬁcient
1871 1762 1900 1790 te)
1914 1766 1919 1787 ;

1113 1794 1214 1833 etipse
1225 1793 1386 1825 Dominus:
1399 1794 1464 1834 Ego
1474 1803 1541 1825 sum.
1561 1795 1618 1825 lum
1637 1795 1757 1833 mundi,
1771 1801 1799 1826 et
1816 1798 1920 1836 veritas,

1108 1842 1137 1868 et
1153 1837 1258 1868 ostium
1275 1838 1358 1877 regni
1375 1839 1518 1869 caelorum
1536 1839 1610 1875 (lt.Si
1623 1849 1693 1879 ergo
1706 1846 1748 1871 est
1765 1842 1836 1880 quid
1847 1851 1921 1872 crea-

1109 1883 1354 1923 tum,§quomodo
1370 1887 1414 1914 est
1425 1887 1529 1914 auctor
1545 1888 1572 1915 et
1589 1889 1705 1915 creator
1720 1890 1884 1926 temporum:
1899 1892 1921 1916 et

1108 1928 1282 1960 saeculorum
1292 1928 1304 1960 ?
1313 1929 1424 1960 Omnia
1436 1939 1490 1970 per
1503 1932 1599 1970 ipsum
1611 1931 1691 1969 facta
1702 1935 1774 1962 sunt
1793 1932 1849 1972 (g).
1859 1931 1920 1962 Nam

1109 1978 1191 2004 sexta
1208 1974 1257 2004 die
1273 1974 1382 2004 creavit
1399 1975 1562 2009 hominem.
1581 1985 1638 2016 qua
1657 1976 1746 2006 etiam
1764 1976 1833 2006 fecit
1856 1986 1920 2016 qua-

1110 2018 1255 2058 drupedis
1269 2023 1297 2049 et
1309 2018 1439 2060 reptilia;
1452 2021 1556 2060 quinta
1566 2025 1662 2052 autem
1675 2021 1804 2052 volatilia
1814 2022 1886 2052 caeli.
1899 2025 1922 2051 et

1111 2063 1206 2104 pisces
1218 2065 1446 2104 maris;quarta,
1460 2065 1554 2096 solem
1570 2070 1599 2097 et
1611 2066 1723 2102 lunam;
1738 2067 1921 2107 tertin,aquas

1111 2208 1250 2244 gnovurit.
1267 2208 1378 2243 Ubique
1403 2209 1621 2244 Amphilochius
1644 2211 1713 2238 scite
1726 2208 1845 2238 ‘nlludit.
1865 2221 1875 2235 ι
1892 2210 1922 2237 ita

1112 2243 1308 2281 Comheﬂsius.
1326 2244 1440 2277 Verum,
1458 2243 1526 2273 cum
1552 2245 1655 2273 eruditi
1677 2246 1806 2281 plerique
1833 2254 1921 2281 contr:

1113 2279 1206 2313 niant,
1222 2279 1355 2316 exiguum
1371 2285 1420 2308 aut
1438 2281 1550 2309 nullum
1566 2285 1630 2309 ante
1647 2279 1826 2310 constantini
1845 2280 1922 2316 Magni

1113 2320 1239 2349 tempora
1253 2315 1443 2344 Iudictionum
1459 2323 1543 2344 usum
1560 2316 1657 2348 fuisse,
1675 2319 1771 2345 nescio
1790 2318 1864 2345 unde
1881 2315 1921 2343 lla-

1113 2350 1277 2378 cedoninam
1299 2351 1495 2384 lndictionem,
1520 2358 1566 2380 aut
1587 2352 1733 2380 Juduicum
1752 2353 1920 2381 COD]b8ﬂ>ih‘

1112 2387 1253 2421 acceperit
1268 2387 1281 2414 ν
1295 2387 1376 2415 Certe
1389 2387 1511 2415 Basilius
1524 2392 1550 2415 et
1561 2388 1789 2422 Amphilochius,
1807 2390 1829 2417 si
1846 2388 1921 2416 Indac-

1115 2422 1220 2461 tionem
1250 2422 1385 2458 aliquam,
1415 2424 1491 2461 intvr
1521 2425 1757 2461 computandum,
1791 2425 1922 2461 nominare

1115 2457 1269 2495 voluissent
1281 2468 1287 2491 ;
1299 2457 1380 2495 "non,
1397 2459 1480 2487 aliam
1497 2457 1703 2489 nominassent.
1723 2465 1823 2495 praeter
1839 2460 1917 2493 vuig-i-

1115 2500 1176 2530 rem
1192 2497 1217 2521 et
1243 2493 1519 2526 Constantinianam,
1550 2502 1636 2530 quam
1665 2493 1756 2524 solam
1787 2499 1913 2524 noveram

1118 2529 1247 2566 Eli-rorem
1263 2530 1357 2565 itaque
1372 2530 1546 2558 ascribamos
1559 2529 1729 2559 ’oscitantiae
1750 2532 1918 2566 pseudo-Am-

1118 2563 1267 2601 philochii,
1284 2563 1355 2593 nihil
1371 2566 1446 2594 inter
1463 2566 1556 2599 priora
1574 2570 1599 2594 ot
1616 2574 1665 2595 sua
1686 2563 1813 2601 tempora
1831 2567 1921 2594 discer-

1117 2600 1232 2628 nentis:
1251 2605 1282 2629 ut
1294 2601 1402 2637 reliqua
1419 2601 1504 2637 hujus
1518 2602 1710 2638 chronologiae
1730 2600 1850 2631 absurda
1867 2609 1910 2637 pro:

1119 2639 1269 2664 tereamus.

1156 2712 1190 2746 (ε)
1213 2710 1283 2740 Psai.
1303 2718 1344 2744 οι,
1366 2712 1411 2740 28.

1154 2747 1190 2783 (Ι)
1206 2747 1285 2776 Joan.
1307 2755 1365 2783 Vili,
1382 2750 1415 2777 15
1431 2758 1438 2782 ;
1456 2755 1510 2781 xiv,
1531 2750 1565 2783 6;
1588 2756 1616 2781 x,
1633 2749 1657 2775 9.

1153 2785 1193 2819 (ρ)
1217 2783 1297 2812 Joan.
1319 2792 1337 2817 ι,
1361 2786 1386 2813 3.
