2005 3142
209 146 405 178 EXGERPTA
430 147 479 178 EX
501 148 610 178 ACTIS
632 148 661 178 S.
687 147 822 179 BASlLli
844 149 1132 181 BOLLANDIANIS.
1151 168 1187 173 —-
1208 151 1295 183 VlTA
1320 151 1558 182 APOCRYPHA.

1661 156 1748 181 CLXIIII

85 224 135 254 quo
147 214 219 245 liber
233 224 267 244 an
280 214 500 245 abducentibus
515 214 654 245 satellitio
671 215 888 246 dimitteretur:
902 219 920 244 Α
932 215 995 251 Quo
1010 222 1143 258 accepto,
1161 221 1200 248 ait
1217 218 1342 249 Basilius
1364 228 1373 248 :
1391 229 1401 245 α
1422 219 1481 248 Nos
1496 217 1615 257 quidem
1626 215 1751 253 tibi,im-

84 260 127 290 ille
138 269 200 290 vero
212 258 371 289 exbibitam
382 259 411 289 in
424 259 488 299 ipso
504 259 721 290 humanitatem
734 269 793 290 non
807 260 891 299 igno-

85 313 154 341 rans,
169 304 278 334 accedit
293 303 329 334 ad
346 304 489 334 Basiliam
506 304 616 343 gratias
627 313 718 343 agens
733 315 739 335 :
754 305 894 335 advocata

85 354 170 380 autem
182 349 302 386 femina,
322 348 445 389 duplum
461 349 488 379 ei
501 349 525 379 si
540 350 608 388 quid
622 349 763 386 debebat,
775 359 812 381 ex
823 359 893 389 pro-

86 394 148 434 priis
163 394 224 433 ipse
238 393 381 424 reddidit.

118 440 197 470 Circa
207 439 236 470 id
249 443 367 480 tempus
377 449 443 470 cum
456 440 587 470 Julianus
599 439 671 477 (38),
684 439 893 470 odiosissiinus

85 485 392 525 imperator,adversus
401 486 504 515 Persas
515 484 852 524 prolicisceretur,venit
864 485 893 514 in

86 535 172 570 partes
182 530 415 561 Caesareensium
431 529 578 560 :Basilius
592 533 702 569 autem,
717 539 775 560 una
790 530 816 560 ei
826 539 892 560 cum

85 575 172 614 sociis,
189 574 304 605 obviam
323 574 478 614 processit.
496 575 569 604 Eum
588 574 893 614 intiiittisirnperator,

86 620 170 650 dixit:
192 631 204 646 ε
220 620 262 650 Te
284 619 474 659 philosophia
494 619 562 654 vici,
580 619 677 650 Basili.
700 631 713 648 ›
733 619 897 659 Respondit

85 674 144 695 vero
159 664 287 695 Basilius
303 673 308 694 :
331 677 340 692 α
363 664 481 696 Utinam
498 663 708 704 philosophum
726 663 860 703 egisses!
880 677 893 691 »

85 709 158 740 Tunc
167 713 288 739 sanctus
300 710 391 739 tresei
400 718 490 749 panes
502 708 656 745 obtulit,ex
672 717 896 748 annona,quani

86 753 231 784 inferebat.
248 753 288 784 At
305 754 368 791 ille,
385 762 441 793 pro
459 754 591 783 muneris
607 753 747 793 parvitate
770 757 851 784 ratus
867 762 898 782 se

86 798 181 837 injuria
195 798 345 836 affectum,
360 798 453 837 jussit
478 797 657 828 satellitibus
673 803 703 828 ut
720 807 810 837 panes
827 797 897 834 qui-

86 843 144 873 dem
159 843 346 884 acciperent,
357 852 459 873 eorum
472 846 569 873 autem
586 843 650 873 loco
666 842 767 873 fenum
780 842 896 873 darent.

935 266 1067 302 perator,
1080 263 1161 293 exiis
1177 258 1339 303 attulimus,
1353 262 1460 303 quibus
1476 261 1640 301 vescimur;
1659 265 1688 291 tu
1704 270 1756 290 au-

936 311 993 336 tem
1008 307 1091 337 exiis
1103 308 1390 347 relribuisti,quibus
1408 307 1635 346 lirulajumenta
1656 305 1755 345 alis,id

935 351 1056 390 quidem
1072 353 1206 384 ati‘ectata
1221 353 1369 384 irrisionis
1385 353 1507 393 specie;
1525 352 1576 382 sed
1590 351 1639 391 qui
1651 351 1755 381 nolens

935 396 963 425 in
980 397 1102 435 hujusce
1119 399 1192 438 prati
1204 407 1310 438 pascua
1320 399 1384 438 (3‘))
1401 407 1453 428 nos
1467 397 1574 427 mittas.
1590 409 1603 424 η
1623 396 1756 427 Audiens

935 445 1032 471 antem
1044 443 1269 483 .lulianus,quod
1277 443 1356 473 velut
1366 444 1528 482 imperator
1538 442 1660 481 gratiam
1670 449 1753 471 suam

935 494 1077 517 revocare
1097 497 1156 518 non
1170 492 1279 528 posset,
1291 489 1390 518 furore
1403 487 1532 528 percitus
1548 487 1588 517 ait
1600 486 1635 516 ad
1648 485 1731 516 illum
1745 495 1752 517 ε

937 540 950 559 α
966 530 1110 569 Equidem
1125 531 1198 571 prati
1210 542 1317 567 pascua
1326 532 1376 562 tibi
1389 541 1455 562 mea
1466 531 1584 561 donavit
1596 531 1733 570 majestas
1747 538 1754 565 ;

937 580 1075 606 caeterum
1091 576 1141 607 ubi
1171 578 1300 607 subactis
1333 576 1430 607 Persis
1456 577 1563 606 iterum
1594 575 1753 605 divertere.

939 623 1017 649 luam
1028 620 1175 652 civitatem
1193 622 1256 652 solo
1269 626 1411 662 aequatam
1432 620 1522 651 arabo
1536 631 1542 651 ί
1557 624 1590 650 ut
1605 619 1758 650 fructifera

939 664 1037 702 potius
1048 665 1296 704 ei‘ﬁcialur,quam
1311 666 1483 697 hominibus
1495 664 1617 695 edendis
1629 664 1758 694 educan-

939 708 1046 748 disque
1061 715 1250 750 comparata:
1264 711 1340 741 haud
1357 710 1436 742 enim
1452 710 1568 749 decepti
1583 718 1599 738 a
1615 713 1642 739 te
1660 707 1760 748 populi

943 754 1154 793 impudentiam
1173 756 1290 786 nescio:
1310 761 1340 786 ut
1356 756 1534 795 impotentes
1548 753 1669 791 invidia,
1683 753 1758 784 For-

941 802 1040 828 tunam
1057 809 1143 839 quam
1161 809 1215 838 ego
1240 800 1325 831 deam
1352 800 1411 840 {40)
1437 800 1540 835 adoro,
1559 802 1716 838 postquam
1732 797 1759 827 ei

941 843 1038 883 libavi,
1052 845 1131 874 omni
1149 854 1269 884 prorsus
1286 846 1410 881 honore,
1426 844 1601 875 minuerint.
1618 855 1631 870 ii
1648 841 1701 872 His
1712 851 1761 871 au-

85 932 204 969 omisisse
221 932 347 969 videtnr,
365 932 454 969 victus
483 932 581 969 operis
610 931 782 969 prolixitate,
811 939 898 966 quam
911 935 929 959 Β
941 932 1042 961 damus
1054 932 1232 969 combeﬂsio,
1254 941 1309 969 qua
1326 935 1433 962 ratione
1449 934 1569 962 Basilius
1584 933 1639 960 dici
1649 931 1762 969 poterit

85 968 142 1003 quia
154 968 265 996 codices
283 968 374 1002 ipsius
388 967 415 995 id
430 968 663 996 desideraverint.
696 968 760 998 Cur.
791 975 896 1003 quaeso,

86 1004 234 1038 proiixitate
259 1003 392 1031 codicum
413 1011 532 1032 suorum
562 1003 724 1032 vinceretur
747 1003 845 1036 Ursus,
874 1005 897 1034 si

87 1039 111 1066 hi
139 1040 231 1075 capita
256 1041 311 1067 ista
340 1039 517 1068 habntrint?
548 1040 645 1074 Meque
667 1039 803 1075 primuur
822 1046 898 1070 caret

88 1047 111 1066 ni
139 1047 167 1067 ca
191 1047 231 1067 ita
256 1047 311 1067 ism
341 1047 517 1068 ηθουεςτιηιτ
550 1047 645 1074 sicque
667 1047 792 1075 primum
822 1047 895 1070 caret

86 1075 155 1102 omni
169 1047 346 1107 gitﬁcultaie,
367 1076 497 1110 quamvis
517 1075 546 1103 id
574 1079 652 1110 putet
685 1074 870 1105 Combeﬁsins
889 1088 895 1104 :

86 1118 176 1147 parum
193 1112 301 1146 quippe
316 1111 448 1139 credibile
465 1111 587 1145 videtur,
601 1115 815 1147 exauctoratum
829 1120 896 1147 prae-

86 1146 176 1179 sidem,
190 1147 269 1184 et_ad_
284 1147 399 1175 vincula
415 1147 591 1184 damnatum,
614 1146 708 1175 Basilii
726 1146 901 1184 apudimpe-

86 1185 199 1210 ratorem
214 1182 363 1211 Julianum
395 1187 443 1211 aut
459 1183 655 1211 Constantium
668 1182 900 1213 intercessionem

86 1217 245 1254 postulasse,
263 1223 291 1247 et
308 1225 358 1253 per
373 1218 435 1246 eam
447 1218 578 1254 dignitati
596 1219 758 1246 restitutum

117 1253 169 1287 (38)
185 1253 252 1282 Haec
273 1254 309 1282 de
323 1254 437 1282 Juliano
467 1253 639 1289 imperatore
653 1254 758 1282 omissa
783 1259 849 1283 sunt
867 1255 902 1284 ab

88 1287 150 1326 ilirso
162 1290 352 1326 subdiacopo,
366 1295 394 1326 et
409 1287 677 1319 merito'omittenda
694 1294 775 1326 erant
798 1291 835 1324 ei,
850 1292 899 1326 qui

91 1325 173 1353 Vitam
193 1326 268 1354 hanc
299 1325 393 1353 Basilii
427 1326 511 1354 vellet
539 1326 632 1354 facere
662 1325 837 1354 credibilem.
867 1327 902 1355 At

86 1360 273 1393 Combeﬁsius,
294 1361 398 1389 voluns
429 1362 506 1389 hunc
522 1362 548 1388 et
571 1361 642 1389 alios
667 1361 902 1390 anachronismos

87 1403 224 1426 excusare.
242 1397 312 1425 dicit
331 1397 359 1425 in
376 1397 428 1425 hac
450 1397 511 1425 Vita
527 1397 599 1424 nihil
632 1397 732 1426 ordine
763 1399 902 1433 temporis

87 1433 197 1461 narrari.
215 1433 359 1468 Adeoque,
376 1433 507 1468 quamvis
532 1433 669 1461 adventus
690 1433 797 1461 Juliani
812 1434 899 1462 Caesa-

88 1474 157 1504 ream
172 1469 217 1496 hic
239 1471 387 1501 narretur,
405 1476 438 1496 ac
457 1469 480 1496 si
509 1469 675 1504 contigisset
704 1473 766 1504 post
790 1470 901 1504 episco-

89 1503 172 1538 palem
189 1504 286 1532 Basilii
304 1505 550 1533 consecrationem
569 1514 575 1537 ι
592 1503 664 1532 nihil
682 1503 818 1539 impedire
829 1513 899 1540 quo-

89 1540 183 1568 mimus
206 1540 309 1568 referri
336 1540 424 1575 possit
442 1540 477 1568 ad
510 1541 651 1569 anteriora
681 1544 816 1575 tempora,
836 1549 900 1569 cum

90 1581 183 1610 nempe
200 1575 326 1604 Basilius
348 1583 398 1610 pro
416 1575 535 1603 Eust’bill
554 1577 686 1610 episcopo
716 1576 832 1608 latente,
853 1576 902 1604 de-

939 969 1061 996 vicarius
1080 968 1168 997 fuisse
1189 965 1314 1002 Eusebii,
1348 970 1457 999 vivente
1475 970 1590 998 Juliano
1605 970 1618 995 ‘!
1649 965 1760 999 lilortui,

940 1004 1032 1039 inquit
1046 1003 1105 1036 ille,
1127 1010 1175 1033 aut
1192 1005 1313 1038 latentis,
1332 1011 1380 1034 aut
1395 1005 1478 1034 aliter
1494 1005 1629 1034 absentis.
1647 1003 1759 1039 Absen-

940 1038 995 1067 tem
1011 1039 1107 1068 tandiu
1129 1048 1252 1076 unquam
1270 1041 1356 1069 fuisse
1373 1050 1386 1069 a
1413 1049 1465 1069 suo
1481 1042 1644 1076 episcopatu
1674 1038 1761 1066 Euse-

940 1076 1029 1107 bium,
1048 1080 1077 1113 ut
1091 1076 1202 1113 rvicario
1220 1077 1384 1110 indiguerit,
1401 1079 1488 1113 gratis
1503 1077 1640 1113 asseritur
1654 1079 1680 1102 ct
1709 1080 1761 1113 ne-

940 1116 1032 1146 gatur.
1053 1111 1166 1140 Juliauo
1186 1117 1388 1146 praemortuum
1403 1110 1481 1146 'esse,
1510 1112 1612 1140 falsum
1643 1110 1761 1138 omnino

941 1152 983 1175 est
999 1157 1004 1174 :
1018 1151 1128 1175 constat
1144 1155 1267 1183 namque
1287 1155 1323 1175 ex
1346 1148 1522 1176 Nazianzeno
1539 1148 1643 1175 vixisse
1678 1146 1759 1174 illum

944 1183 1023 1212 initio
1039 1183 1169 1211 Valentis.
1192 1183 1266 1216 Quin
1284 1191 1384 1218 capere
1400 1191 1456 1212 non
1475 1190 1599 1218 possum,
1616 1185 1760 1217 quomodo

944 1219 970 1246 id
987 1220 1016 1247 in
1043 1223 1166 1247 meutem
1195 1220 1300 1247 venerit
1329 1219 1495 1248 Combeﬁsio
1524 1230 1530 1248 :
1561 1221 1763 1253 argumentum

946 1256 1032 1286 enim,
1049 1262 1105 1289 quo
1123 1255 1283 1282 ostenditur
1296 1254 1411 1283 Basilius
1427 1262 1484 1283 non
1501 1255 1586 1282 fuisse
1605 1255 1763 1288 imperante

941 1291 1055 1319 Juliano
1071 1291 1231 1325 episcopus,
1250 1291 1315 1318 inde
1345 1291 1512 1321 desumitur,
1529 1289 1605 1326 quod
1627 1290 1679 1318 sub
1708 1291 1763 1319 Va—

944 1327 1018 1354 lente
1035 1326 1128 1354 adhuc
1143 1326 1172 1354 in
1188 1326 1256 1354 vivis
1272 1330 1347 1354 esset
1360 1326 1506 1355 Eusebius.
1534 1326 1588 1354 Nec
1606 1326 1699 1360 aptius
1724 1331 1763 1355 est

943 1362 1080 1397 effugium
1097 1369 1147 1397 per
1162 1361 1276 1390 Eusebii
1293 1362 1414 1390 latebras
1432 1373 1437 1389 :
1452 1369 1501 1390 cur
1517 1363 1594 1390 enim
1611 1362 1656 1388 tiic
1669 1361 1764 1390 latuis-

944 1403 987 1426 set
1002 1398 1131 1426 veniente
1147 1398 1298 1426 Czesaream
1316 1398 1430 1426 Juliano
1443 1399 1457 1425 ἲ)
1487 1397 1670 1426 incurrerent
1698 1397 1766 1432 qui—

945 1435 1009 1461 dem
1025 1435 1159 1468 Apostatae
1174 1433 1269 1461 odium
1284 1432 1487 1465 Cmsareenses,
1516 1441 1615 1461 everso
1636 1432 1766 1462 Fortunae

943 1469 1048 1504 templo
1065 1479 1071 1501 ;
1089 1469 1138 1496 sed
1159 1470 1244 1497 minis
1261 1473 1287 1497 et
1312 1469 1399 1498 multa
1417 1470 1579 1504 pecuniaria
1597 1468 1766 1504 plerumque

943 1505 1074 1533 saeviebat
1090 1505 1150 1537 ille,
1173 1509 1204 1533 ut
1220 1505 1416 1540 prterreliquis
1435 1504 1674 1537 Caesareensibus,
1694 1504 1766 1532 nihil

942 1541 996 1569 sibi
1018 1541 1119 1569 timere
1138 1540 1252 1568 deberet
1270 1539 1418 1569 Eusebius.
1437 1541 1519 1574 Quod
1535 1541 1559 1568 si
1575 1545 1669 1568 tamen
1688 1540 1769 1575 judi-

943 1581 1035 1604 cesset
1050 1576 1184 1611 expedire
1200 1575 1334 1606 tantisper
1352 1576 1482 1604 iracundi
1500 1576 1681 1611 imperatoris
1698 1583 1768 1603 ocu-

90 1614 193 1648 tuncto,
207 1615 256 1648 aut
272 1611 376 1640 saltem
393 1611 445 1640 alia
461 1611 495 1639 de
510 1619 593 1639 causa
611 1611 737 1648 absente,
767 1616 932 1648 tanquamc
945 1612 987 1640 los
1003 1610 1217 1648 subtrfugere,
1228 1611 1328 1639 saltem
1344 1612 1414 1639 nihil
1433 1619 1505 1647 opus
1521 1610 1582 1648 erat
1595 1610 1682 1639 latere
1704 1615 1767 1645 post

90 1646 233 1683 primarius
248 1646 325 1675 inter
341 1647 520 1683 presbyteros
539 1651 565 1676 et
579 1647 704 1681 episcopi
720 1646 842 1676 vicarius
858 1649 903 1676 Ec-

92 1681 196 1710 clesiam
213 1681 663 1711 Caesareansem'administraret.
678 1682 810 1718 Magnum
825 1685 894 1718 quip

91 1723 121 1780 ple
140 1723 198 1747 erat
217 1718 316 1746 Basilii
335 1725 450 1749 nomen,
468 1719 552 1747 etiam
565 1722 717 1754 antequam
742 1718 905 1748 sacerdotio

119 1758 249 1780 liceretur
265 1754 343 1780 anud
372 1754 550 1780 Cappadocas
580 1758 606 1780 et
621 1754 752 1780 nationes
785 1760 903 1780 exieras.

119 1758 249 1788 ageretur
265 1754 343 1789 apud
372 1754 550 1788 Cappadocas
580 1754 752 1783 ctnationcs
785 1760 903 1787 exteras,

92 1792 117 1828 ut
134 1795 165 1816 ex
184 1789 364 1828 Nazianzeno
394 1789 516 1818 aﬂirmat
544 1789 754 1828 Combcﬂsius:
788 1791 906 1826 ipsaque

92 1825 266 1854 Casareensis
283 1826 385 1854 civitas
398 1833 462 1854 eum
479 1830 612 1860 tanquam
627 1825 806 1854 conditorem
822 1825 905 1855 suum

92 1864 367 1900 et_c_9nservatorem
385 1861 566 1900 suspiciebat.
584 1860 699 1900 Deinde,
715 1861 808 1900 inquit
820 1862 904 1900 idem,

92 1895 156 1923 nihil
171 1901 307 1926 narratur
323 1901 380 1925 tota
395 1895 447 1925 hac
468 1897 584 1926 historia
612 1897 717 1925 factum
745 1895 764 1925 a
788 1897 904 1931 Basilio,

94 1931 159 1966 quod
173 1940 186 1960 a
199 1933 370 1968 presbytero
398 1937 425 1961 et
441 1933 566 1968 episcopi
586 1932 702 1969 Avicario
723 1933 820 1969 peragi
848 1941 905 1961 non

93 1969 225 2002 potuerit:
241 1967 308 2001 nec,
331 1969 386 1996 nisi
403 1967 498 2001 semel,
518 1967 641 1996 Basilius
657 1972 777 1997 vocatur
795 1967 907 2004 cpisco-

94 2011 149 2044 pus.
168 2004 267 2034 Potuit
283 2008 383 2034 autem
399 2004 484 2035 facile
510 2005 550 2033 ἀτὶ
575 2005 665 2043 ἱερέως
691 2013 743 2043 pro
765 2005 929 2044 ἀρχιερέως»

93 2051 106 2072 a
118 2043 234 2085 librario
251 2044 393 2084 quopiam
405 2043 536 2076 describi
549 2054 557 2083 ;
570 2044 614 2074 vel
624 2043 711 2085 etiam
725 2043 911 2085 μοιηίἰὰρχιεη

93 2084 143 2124 ρερς
162 2089 243 2115 recte
259 2084 362 2115 vocari
378 2084 545 2124 presbyter,
561 2084 611 2124 qui
631 2084 728 2114 oliicio
744 2089 773 2114 et
784 2084 910 2124 juristii~

92 2123 185 2156 ctione.
199 2129 231 2153 ut
261 2123 385 2157 vocant;
398 2123 523 2159 episcopi
539 2123 718 2159 iungeretur
739 2132 746 2152 :
776 2123 817 2152 sic
836 2130 912 2154 certe

93 2165 173 2187 unum
195 2161 327 2196 episcopi
345 2160 499 2195 vicariique
513 2160 642 2188 tribunal
657 2160 860 2195 agnoscimus;
885 2165 911 2189 et

92 2199 162 2257 gesta
179 2196 280 2223 vicarii
298 2195 387 2231 ipsius
402 2196 527 2231 episcopi
545 2201 621 2231 gesta
640 2203 850 2230 nuncupamus.
870 2197 910 2225 ita

110 2231 275 2257 ombeﬂsius
292 2232 370 2257 hunc
380 2232 633 2257 anachronismum
647 2238 784 2257 excusare
796 2233 908 2257 nititur:

110 2231 275 2260 ombcﬂsius
292 2232 370 2260 hunc
380 2232 633 2259 anachronismum
647 2238 784 2259 excusare
796 2233 908 2260 nititur:

92 2272 170 2302 quam
187 2267 314 2295 feliciter
341 2267 448 2302 judicet
477 2267 575 2295 lector.
596 2266 684 2295 Nemo
713 2267 812 2295 saltem
843 2268 913 2296 mihi

945 1649 1103 1676 discessum
1118 1647 1231 1678 Juliani.
1255 1647 1312 1675 imo
1331 1652 1393 1682 post
1422 1654 1521 1676 necem
1554 1647 1654 1682 ipsius,
1682 1653 1768 1681 quam

946 1685 1051 1712 dicitur
1071 1684 1217 1712 nuntiasse
1237 1683 1398 1717 Libanus;
1421 1688 1448 1712 et
1478 1691 1528 1718 pro
1554 1689 1610 1718 quo
1641 1686 1769 1717 tempore

947 1719 1067 1748 Basilius
1099 1723 1215 1748 vocatur
1254 1718 1401 1753 pontifex,
1439 1726 1495 1747 non
1531 1719 1568 1747 ita
1612 1725 1680 1746 sane
1717 1726 1766 1753 np-

947 1755 1097 1790 pellendus
1131 1755 1166 1783 ab
1200 1754 1423 1788 Amptiilocbio,
1455 1755 1479 1782 si
1517 1754 1639 1782 vicarius
1671 1754 1765 1782 solum

948 1791 1055 1819 fuisset.
1075 1791 1141 1819 Nam
1156 1798 1216 1818 non
1245 1790 1419 1825 distinguere
1439 1791 1513 1819 inter
1542 1791 1708 1825 episcopum
1741 1795 1768 1817 et

948 1827 1009 1863 ejus
1026 1827 1164 1855 vicarium
1183 1825 1507 1866 imperitisquandoquc
1519 1826 1608 1861 possit
1620 1826 1770 1866 continge—

949 1861 989 1894 re.
1006 1869 1064 1891 non
1080 1870 1145 1890 vero
1161 1869 1257 1890 rerum
1273 1861 1531 1890 ecclesiasticarum
1552 1861 1680 1896 apprime
1697 1868 1769 1896 gna-

951 1907 992 1926 ro.
1009 1898 1131 1927 Librarii
1143 1905 1266 1926 crrot‘em
1285 1897 1361 1932 quod
1377 1901 1491 1932 spectat.
1524 1897 1611 1933 gratis
1637 1897 1683 1924 hic
1696 1904 1769 1931 quo-

950 1942 1006 1969 que
1021 1935 1202 1969 supponitur,
1223 1933 1303 1961 nullo
1320 1933 1405 1962 allato
1421 1932 1574 1962 codice’in
1605 1940 1662 1968 quo
1690 1932 1771 1961 aliter

954 1968 1083 2004 légalur,’
1102 1970 1183 1998 nullo
1212 1973 1332 2004 urgente
1347 1974 1527 2004 argumento.
1560 1969 1650 1997 Manet
1675 1968 1771 2003 itaque

953 2005 1194 2037 anach.onismus,
1212 2005 1334 2040 prodens
1350 2012 1435 2039 quam
1466 2004 1645 2040 impudenter
1673 2008 1772 2032 auctor

953 2042 1177 2077 Amphilochium
1198 2041 1333 2069 mentitus
1353 2040 1398 2068 sit.

990 2085 1045 2120 (30)
1061 2097 1071 2112 ε
1097 2086 1209 2114 Videtur
1225 2085 1438 2113 consuetudinis
1468 2085 1588 2114 fuisse...
1611 2089 1641 2113 ut
1666 2084 1708 2112 vel
1724 2092 1772 2112 ac-

954 2123 1047 2156 ceptio
1066 2122 1107 2150 vel
1125 2121 1238 2150 traditio
1268 2120 1470 2149 nonnullarum
1504 2121 1617 2155 frugum
1646 2120 1773 2156 cujusvis

952 2155 1041 2191 fundi,
1058 2158 1093 2186 ad
1108 2165 1192 2193 quem
1209 2158 1362 2192 imperator
1374 2157 1544 2188 advenisset,
1557 2161 1605 2184 aut
1623 2155 1770 2193 occupatio

954 2191 1182 2226 habereturiaut
1203 2191 1300 2221 missio
1323 2192 1350 2219 in
1378 2192 1587 2226 possessionem
1606 2199 1612 2219 :
1630 2195 1660 2218 ut
1689 2191 1773 2218 dein~

953 2236 1019 2264 ceps
1036 2228 1077 2257 vel
1091 2229 1208 2264 principi
1221 2228 1342 2258 cederet,
1356 2229 1379 2254 si
1401 2228 1423 2255 is
1437 2227 1594 2264 quidquam
1605 2227 1640 2254 de
1651 2226 1771 2264 alicujus

954 2262 1057 2299 privati
1072 2262 1140 2299 agro
1157 2262 1346 2300 sumpsisset;
1364 2264 1405 2290 vel
1421 2262 1521 2300 in‘jus
1539 2263 1667 2294 alterius,
1697 2262 1775 2290 velut

91 2298 166 2330 facile
183 2298 379 2337 persuadebit,
396 2310 452 2331 non
469 2303 555 2331 fuisse
584 2307 707 2330 mentem
737 2304 860 2331 auctoris
883 2311 910 2332 in
922 2304 945 2329 D
956 2298 1082 2336 principe
1094 2298 1380 2337 ὶιοοῖιηιθξιτίιηείωιῇ
1391 2299 1413 2337 si
1431 2298 1491 2334 ipée
1506 2298 1540 2326 de
1556 2306 1622 2337 agro
1636 2299 1670 2337 ad
1683 2305 1775 2337 ipsum

92 2336 137 2373 liae
162 2338 222 2366 Vita
239 2339 440 2373 describenda,
465 2345 578 2366 servare
608 2338 736 2366 ordinem
767 2341 911 2373 temporis.

90 2371 164 2410 Certe
179 2375 272 2410 capita
301 2371 442 2410 capitibus
459 2378 664 2410 annectunturr
683 2371 913 2410 inciioantiirque

91 2408 123 2435 iis
133 2408 271 2444 loquendi
291 2409 431 2441 formulis,
448 2409 550 2444 quibus
570 2410 610 2437 uti
625 2409 749 2437 solemus
761 2417 826 2437 cum
838 2408 915 2439 inier

90 2445 264 2473 narrandum
295 2445 425 2473 ordinem
455 2446 590 2480 temporis
622 2446 842 2480 prosequimur.
875 2446 912 2474 ita

90 2486 206 2508 numero
224 2480 271 2514 32,
295 2486 445 2516 postquam
470 2481 539 2508 dixit
556 2488 571 2509 a
594 2480 695 2508 Basilio
726 2486 913 2510 convocatum

90 2517 222 2550 populum
240 2516 278 2544 ad
294 2516 444 2544 ecclesiam
459 2516 627 2544 auditurum
644 2516 761 2544 verbum
779 2516 836 2551 Dei,
869 2526 913 2545 se-

89 2557 218 2587 quentem
236 2559 391 2580 numerum
410 2552 454 2583 33,
471 2559 528 2587 quo
543 2556 678 2580 narratur
692 2552 782 2580 Judaei
798 2560 914 2582 conver-

91 2586 139 2617 sio.
155 2588 198 2623 sic
214 2588 334 2616 inchoat
350 2595 357 2616 :
376 2597 386 2612 ι
399 2587 464 2616 Cum
480 2586 632 2623 itaquercs
647 2594 727 2615 sacra
743 2594 887 2623 ageretur,
904 2601 908 2612 ι

90 2626 138 2650 ulc.
157 2622 228 2656 Quis
244 2630 306 2651 non
322 2623 434 2658 colliget
451 2630 486 2650 ex
505 2622 559 2651 hec
575 2622 710 2658 loquendi
734 2622 828 2656 moto,
846 2632 915 2652 con-

91 2659 250 2694 versionem
266 2658 353 2686 Judaei
372 2659 500 2687 evenisse
517 2660 591 2686 inter
610 2665 669 2694 rem
688 2658 823 2691 divinam,
854 2665 916 2694 post

92 2693 217 2722 habitum
233 2694 270 2722 ad
290 2695 425 2730 populum
437 2701 599 2722 sermonem
615 2693 666 2721 ?Et
678 2693 916 2730 postquumh’nnc

91 2735 243 2767 numerum
260 2730 290 2757 in
304 2729 387 2758 Judaai
399 2730 566 2767 baptismate
578 2729 726 2761 conclusit,
742 2729 776 2758 ad
791 2739 915 2767 sequam-

91 2768 141 2805 tam
157 2764 192 2792 3L
201 2767 245 2805 sic
259 2767 360 2805 transit
370 2776 384 2805 ;_
397 2776 407 2790 ι
425 2766 550 2805 Qumque
565 2770 679 2805 sanctus
690 2764 885 2805 egredereiur.
901 2778 912 2793 ι

89 2798 239 2829 Contendit
256 2804 351 2828 tamen
367 2798 562 2833 Combeﬂsius,
576 2798 721 2836 quidquid
730 2801 783 2830 hoc
795 2809 915 2832 numero

90 2841 233 2871 narratur,
259 2835 298 2864 ad
329 2839 470 2866 anteriora
495 2843 622 2871 tempora
654 2835 737 2871 posse
759 2843 786 2866 et
813 2839 915 2869 debere

88 2871 196 2912 referri.
213 2873 250 2900 At
267 2873 412 2912 quomodo
424 2873 506 2912 'l_ni_si
522 2876 622 2901 contra
632 2872 755 2912 inodum
768 2874 915 2912 loquendi

89 2907 234 2941 usitatum,
252 2908 314 2936 vim
331 2909 428 2938 verbis
443 2908 612 2938 inferamus.
629 2907 706 2941 Quin
725 2912 754 2938 ut
766 2909 795 2938 id
809 2907 915 2941 conce-

955 2333 1154 2373 spectahte.co
1171 2336 1253 2364 modo
1277 2336 1382 2373 aliquid
1397 2333 1539 2373 donasset.
1566 2344 1575 2358 ιι
1600 2335 1636 2373 ita
1653 2333 1773 2373 Bomba-

955 2370 1059 2404 ﬂ‘sius,
1089 2373 1213 2406 probans
1241 2370 1372 2408 exemplo
1408 2370 1560 2408 Eudoxizg,
1603 2370 1687 2408 simili
1730 2377 1777 2408 ra-

956 2409 1033 2437 tione
1052 2408 1227 2441 excusantis,
1245 2405 1370 2437 ablatam
1400 2406 1487 2434 vidum
1522 2405 1700 2440 Theognistat
1732 2406 1777 2432 vi—

956 2451 1050 2472 neum.

992 2480 1047 2512 (40)
1065 2479 1112 2507 Vix
1133 2479 1242 2510 dubito.
1259 2479 1327 2514 quin
1346 2483 1445 2508 auctor
1475 2477 1560 2513 hujus
1587 2476 1664 2511 Vitai,
1693 2477 1776 2513 quis—

957 2523 1079 2551 cumque
1098 2516 1212 2543 demum
1226 2515 1319 2548 fuerit,
1333 2516 1441 2543 incerto
1460 2514 1548 2542 relatu
1566 2517 1592 2542 et
1608 2515 1721 2551 mutatis
1738 2520 1778 2540 re-

957 2559 1019 2579 rum
1033 2548 1244 2579 rircuinstauiis
1266 2558 1297 2578 ea
1326 2550 1476 2582 audiverit,
1494 2557 1555 2584 quae
1581 2558 1595 2577 δ
1619 2548 1776 2577 Sozomcno

957 2589 993 2615 ita
1012 2591 1181 2624 narrantur,
1195 2587 1245 2614 lib.
1261 2592 1369 2624 vtcap.
1387 2586 1404 2613 4
1422 2594 1428 2613 :
1449 2595 1459 2610 α
1486 2585 1545 2624 _Sub
1562 2585 1636 2612 idem
1663 2589 1776 2624 tempus

958 2624 1112 2658 imperator
1127 2622 1269 2658 Julianus,
1287 2620 1441 2650 Casarcain
1461 2621 1495 2649 ad
1513 2623 1638 2658 montem
1656 2620 1777 2658 Argjum

958 2655 1051 2690 sitam,
1066 2659 1166 2686 urbem
1182 2657 1313 2692 amplam,
1334 2657 1510 2692 locupletem,
1524 2659 1551 2684 et
1568 2655 1776 2692 regionisCap-

958 2694 1079 2730 padiocw
1095 2690 1272 2730 primariam,
1294 2700 1327 2720 ex
1345 2690 1470 2730 numero
1491 2692 1643 2730 .civitatum
1663 2690 1777 2724 delevit,

958 2726 984 2758 et
1000 2726 1120 2758 Czesaris
1135 2729 1255 2764 privavit
1274 2729 1407 2760 nomine;
1424 2727 1501 2764 quod
1528 2726 1643 2762 quidem
1672 2733 1777 2764 nomen

958 2762 1237 2803 regnantem—audio,
1262 2771 1328 2803 cum
1358 2762 1512 2803 Maza‘jam
1545 2766 1610 2803 ante
1637 2762 1778 2803 appellata

956 2799 1065 2833 fuisset,
1082 2801 1252 2830 obtinuerat.
1271 2800 1344 2828 Nam
1365 2804 1463 2828 contra
1483 2799 1558 2827 cives
1571 2799 1633 2833 ejus
1656 2799 1777 2833 civitatis

958 2832 1064 2866 dudum
1080 2837 1280 2873 gravissimum
1297 2836 1393 2864 odium
1406 2832 1596 2873 copceperat}
1625 2838 1683 2862 tum
1701 2832 1778 2873 quod

957 2881 1055 2902 omnes
1072 2869 1359 2910 ﬁdemAGtiristianam
1385 2869 1675 2910 proﬁterentur,__tu_in
1703 2869 1778 2910 quod

956 2909 1026 2939 olim
1042 2908 1147 2946 templa
1160 2907 1238 2938 Jovis
1252 2908 1333 2937 urbis
1349 2904 1469 2943 paironi,
1486 2909 1514 2935 et
1538 2905 1622 2941 patrii
1638 2904 1780 2940 Apollinis
