2005 3142
935 133 1136 166 PROLEGOM
1142 135 1229 165 ENA.

238 207 297 234 tem
312 203 398 234 dictis
408 203 480 235 abiit
491 203 520 234 in
532 203 682 235 Persidem
698 213 704 235 ε
719 203 846 235 Basilius
858 213 927 234 vero
941 207 1057 242 ingre-s-
1069 207 1089 230 A
1101 203 1416 244 scelestiimperatoris
1429 204 1587 234 consilium
1601 204 1916 244 dissipet,rogent.[llis

240 257 289 278 sus
304 247 622 287 civitatem,accitaque
635 249 773 279 universa
785 249 885 288 populi
900 247 1060 279 multitutli-
1104 249 1202 289 itaque
1231 249 1394 285 orantibus,
1412 254 1442 279 et
1470 250 1596 280 contrito
1613 249 1703 280 corde
1724 249 1919 290 pervigilibus,

239 302 288 328 ne,
306 293 489 324 denuntiavit
505 294 690 331 imperatoris
702 293 800 328 verba,
816 293 945 334 bonique
961 293 1061 324 consi-
1102 293 1179 324 videt
1191 294 1219 324 in
1234 294 1411 332 (insomnis
1424 293 1547 325 Basilius
1558 293 1779 325 multitudinem
1793 295 1917 327 ccelestis

241 337 272 368 lii
285 342 388 368 auctor
403 339 531 370 elticitur
547 338 650 369 dicens
664 348 670 370 :
689 350 699 366 (ι
716 338 821 375 Nihili,
839 338 954 375 fratres,
973 347 1061 378 pecu-
1103 338 1225 375 militiae,
1237 339 1285 370 hic
1296 339 1356 370 illic
1371 339 1400 369 in
1413 344 1533 375 monte;
1548 339 1738 379 mediamque
1754 339 1882 373 illorum,
1893 343 1919 370 in

240 382 318 412 niam
349 383 502 421 facientes,
521 388 646 414 vestram
677 388 777 414 curate
802 383 947 423 salutent;
975 387 1017 421 ut,
1035 382 1058 412 si
1101 383 1568 424 sedegloriosa,muliebrihabitu
1581 384 1919 422 feminam,sicaﬂ‘antem

241 432 327 460 etiam
343 432 464 468 tyranno
481 429 522 459 illi
540 429 712 468 imperatori
735 429 914 459 concedatur
929 432 1056 467 tempus,
1101 432 1229 459 astantes
1258 429 1327 459 illos
1356 429 1434 460 viros
1460 428 1649 467 magnificos:
1669 442 1682 457 α
1711 431 1824 462 Vocate
1854 430 1921 460 mihi

239 482 307 504 eum
326 473 498 504 muneribus
514 473 691 504 molliamus.
709 484 722 502 »
740 474 828 504 Atilii
848 474 876 504 in
896 482 964 503 suas
980 472 1084 512 quis-r
1100 473 1294 509 Mercurium,
1308 474 1421 512 ibitque
1431 476 1464 505 ut
1475 474 1625 504 lulianum
1637 473 1811 510 interﬁciat,
1829 475 1878 514 qui
1894 474 1920 505 in

238 527 295 558 que
311 518 455 549 abeuntes
475 520 590 555 domos,
604 529 657 549 sua
682 518 800 557 singuli,
820 522 878 548 tum
895 520 922 547 in
942 527 1013 548 auro
1031 521 1059 547 et
1101 518 1205 548 Filium
1216 528 1312 549 meutn
1325 518 1521 549 etDominum
1531 517 1745 557 Jesuminique
1755 518 1919 558 egit.nSan-

238 564 543 603 argentoJapillorum
554 565 808 595 itemimmensam
822 562 1054 597 multitudinem,
1099 566 1162 593 ctus
1177 573 1257 599 vero,
1275 564 1338 594 suis
1353 563 1491 594 omnibus
1507 563 1598 593 armis
1616 564 1918 603 instructus.jubente

239 608 366 647 suisipsi
380 608 728 640 manibusaltulerunt.ls
739 617 808 639 vero
821 616 923 638 eorum
936 616 1056 647 perspe-
1097 607 1158 647 illa,
1177 613 1280 648 praesto
1305 608 1475 648 adveniens,
1492 608 1648 639 confestim
1674 609 1735 639 ivit.
1765 609 1913 640 Accersito

238 657 284 683 cta
300 653 450 685 alacritate
464 653 623 694 animoque
650 653 686 684 ad
712 652 937 692 obsequendum
964 651 1053 691 facili,
1097 657 1194 682 autem
1213 653 1318 684 Basilio
1331 653 1449 683 tradidit
1464 654 1490 683 ei
1507 653 1626 689 librum,
1641 663 1698 693 quo
1714 657 1775 684 tota
1788 654 1915 684 creatio-

237 703 359 738 accepta
369 699 504 739 deposuit
518 699 545 729 in
562 699 698 729 ecclesiae
712 697 851 733 armario,
870 696 1054 736 singulorum
1099 697 1143 727 nis
1161 698 1287 728 narratio
1303 699 1414 737 scripta
1429 702 1518 734 esset,
1530 703 1775 738 postremumque
1793 698 1915 729 hominis

235 743 386 784 inscriptis
401 744 689 781 nominibus,dicens
704 753 711 774 :
725 744 823 773 Potest
835 741 1053 772 destinatorum
1097 751 1113 773 a
1128 742 1188 772 Deo
1201 743 1349 774 formatio.
1370 743 1459 774 Porro
1475 742 1543 773 libri
1560 743 1645 773 initio
1663 743 1725 773 haec
1754 748 1818 773 erat
1845 743 1915 774 scri-

237 788 379 819 Dominus
392 793 420 820 et
432 789 514 820 illum
526 789 740 828 interficere,et
750 791 878 818 vestram
892 786 975 816 vobis
987 785 1054 816 sub-
1098 787 1177 827 ptio:
1200 799 1210 815 (ι
1229 788 1291 827 Βία,
1305 801 1316 815 υ
1332 788 1361 817 in
1377 788 1434 818 fine
1446 792 1555 827 autem,
1570 787 1620 818 ubi
1632 787 1761 819 hominis
1779 787 1908 818 formatio

236 833 371 864 stantiam
389 834 559 865 restituere.
1069 869 1084 873 _
1098 832 1297 863 habebavurm
1310 832 1609 872 l'arce.»8uscipiens
1618 837 1714 863 autem
1728 833 1914 873 librumlegit

275 879 340 909 Mox
355 879 517 918 ergojubet
533 883 563 908 ut
585 878 685 908 clerus
697 878 913 915 universusque
928 876 1056 907 civitatis
1069 869 1087 894 Β
1098 877 1363 916 coramilla,usque
1373 877 1410 906 ad
1420 876 1499 907 illam
1510 869 1773 917 subscriptionem,
1784 869 1911 910 πρωρεῖς-

235 922 371 962 populus,
385 933 451 953 cum
472 922 647 953 mulieribus
671 927 700 953 et
718 922 856 961 parvulis.
876 922 905 952 in
925 925 1055 951 montem
1100 923 1258 962 statimque
1271 926 1349 951 metu
1362 921 1472 960 pariter
1483 926 1512 952 et
1524 922 1628 960 gaudio
1643 926 1852 959 actus,tomum
1866 923 1914 954 de-

234 966 360 1006 Didymi,
378 967 428 997 ubi
449 976 590 1006 perquam
619 965 790 997 venerabile
816 967 867 996 Dei
901 965 1055 1005 genitricis
1097 966 1202 996 cussit.

234 1011 376 1050 templum
392 1012 501 1042 honori
525 1011 650 1042 habetur
678 1015 707 1041 et
734 1011 850 1046 colitur,
868 1010 1051 1047 ascendant;
1137 1011 1276 1050 Ejusdem
1287 1019 1374 1050 porro
1390 1011 1525 1050 rationis,
1539 1010 1627 1041 etiam
1645 1011 1788 1042 Libanius
1800 1012 1911 1051 (42pm-

236 1061 355 1096 tresque
367 1056 545 1097 diesjejuni,
558 1057 681 1087 orationi
700 1055 808 1086 instent
823 1066 831 1094 ;
846 1066 880 1087 ac
896 1057 1003 1095 Deum,
1024 1059 1054 1085 ut
1096 1056 1202 1096 phista,
1214 1056 1278 1096 ipsa
1300 1061 1385 1086 nocte
1409 1057 1556 1086 somnium
1573 1055 1655 1093 vidit,
1668 1065 1735 1087 cum
1749 1056 1871 1088 Iuliano
1886 1058 1912 1088 in

243 144 306 168 CCCI
311 144 328 167 V

234 1145 397 1175 diruissent.
412 1146 576 1179 Quinetiam
589 1145 731 1174 universa
742 1145 848 1174 civiiati
860 1146 1054 1181 gravitersuc-
1095 1149 1161 1177 tam,
1179 1148 1242 1180 post
1268 1151 1367 1181 necem
1388 1145 1461 1180 eius,
1486 1145 1592 1180 scripta
1627 1152 1677 1172 sua
1711 1145 1914 1175 elucubrarint

231 1183 342 1218 censuit
358 1182 504 1217 iratusque
522 1187 572 1214 est,
603 1182 782 1216 minatusque
810 1180 886 1216 quod
915 1182 1051 1216 templum
1094 1181 1236 1218 quomodo
1258 1180 1293 1218 _id
1319 1185 1446 1218 poterant
1477 1181 1774 1218 prmterireqsilentio,
1797 1182 1822 1211 si
1849 1183 1912 1218 quid

223 1217 361 1250 Fortunae,
393 1216 468 1253 quod
498 1218 589 1246 solum
619 1225 652 1245 eo
685 1222 824 1252 regnante
843 1222 1017 1253 supererat,
1035 1225 1049 1246 a
1095 1216 1236 1251 eiusmodi
1255 1216 1360 1253 factum
1375 1216 1473 1253 fuisset
1491 1217 1505 1243 ‘2
1531 1216 1726 1251 Apparitionis
1755 1216 1913 1246 autcm‘hic

223 1253 390 1282 Christianis
403 1252 536 1281 eversum
550 1259 622 1282 esset
640 1262 646 1281 :
664 1257 748 1288 atque
764 1252 891 1288 gentiles.
907 1253 954 1286 qui
975 1253 1001 1280 in
1019 1261 1049 1280 ea
1093 1257 1213 1281 narrata:
1245 1252 1355 1280 vacillat
1387 1252 1466 1282 fides,
1497 1257 1613 1286 propter
1640 1253 1822 1287 episcopatus
1849 1261 1912 1282 ana-

227 1289 299 1317 urbe
313 1290 395 1324 pauci
412 1296 532 1317 numero
561 1292 651 1321 erant,
685 1288 765 1316 valde
795 1288 944 1318 incusavit.
975 1291 1051 1323 quod
1094 1289 1303 1324 chronismuui,
1320 1288 1367 1322 qui
1385 1288 1469 1324 etiam
1488 1288 1630 1324 reperitur
1644 1296 1679 1316 ex
1694 1288 1749 1316 alia
1773 1288 1858 1317 simili
1874 1289 1913 1318 le-

229 1323 300 1352 illud
315 1323 424 1353 facinus
440 1325 487 1352 ulti
505 1332 562 1352 non
579 1325 698 1352 fuissent
715 1336 720 1351 :
740 1328 764 1351 et
776 1325 798 1352 si
817 1325 887 1352 forte
902 1324 1051 1352 calamita-
1093 1324 1195 1359 gentia,
1212 1325 1241 1351 in
1259 1323 1388 1352 Chronico
1403 1323 1587 1352 Alexandrino
1604 1323 1639 1351 ad
1655 1331 1763 1352 annum
1779 1325 1845 1357 363,
1863 1326 1913 1354 hoc

228 1360 264 1396 tis
280 1360 387 1396 aliquid
399 1360 463 1388 ideo
479 1360 656 1396 subeundum
684 1365 769 1394 esset,
784 1359 860 1396 quod
876 1359 903 1387 id
928 1367 984 1387 non
1016 1360 1051 1387 li-
1093 1364 1190 1388 tenore
1206 1368 1213 1396 ς
1231 1369 1243 1385 ‹
1261 1359 1363 1387 Eadem
1384 1364 1467 1388 nocte
1489 1360 1566 1394 (qum
1582 1364 1642 1394 post
1657 1360 1762 1388 Juliani
1795 1366 1912 1390 mortem

230 1395 364 1424 bentibus
385 1396 489 1423 animis
522 1403 574 1431 pro
602 1395 725 1424 Fortuna
753 1395 883 1423 tulissent
913 1406 917 1420 :
950 1402 1050 1423 omnes
1112 1397 1182 1423 rima
1201 1395 1265 1428 fuit)
1290 1396 1434 1423 somnium
1463 1396 1533 1424 vidit
1562 1396 1764 1424 sanctissimus
1784 1396 1913 1431 Basilius,

230 1435 363 1459 praeterea
383 1439 451 1459 ones
479 1439 651 1459 omnemque
672 1431 822 1459 pecuniam
851 1431 1049 1459 ecclesiarum.
1091 1403 1227 1459 Suasorem
1246 1431 1409 1459 enisconus.
1429 1430 1516 1459 cmlos
1544 1435 1658 1459 apertos
1684 1435 1711 1459 et
1739 1431 1912 1459 Salvatorem

229 1435 363 1465 praeterea
383 1439 451 1466 opes
479 1430 651 1467 omnemque
672 1431 822 1467 pecuniam
851 1431 1049 1466 ecclesiarum,
1091 1430 1227 1467 Caesareae
1246 1431 1409 1466 episcopus,
1429 1430 1516 1459 castos
1544 1435 1658 1465 apertos
1684 1435 1711 1459 et
1739 1431 1912 1461 Salvatorem

228 1467 332 1502 tumin
349 1467 484 1501 Caesarea,
505 1466 611 1495 tumin
635 1467 767 1495 conﬁniis
785 1466 846 1502 ejus
875 1468 1047 1500 positarum,
1090 1466 1233 1495 Christum
1254 1475 1280 1494 m
1297 1466 1400 1494 throno
1419 1467 1578 1501 sedentem,
1608 1474 1765 1502 magnoque
1790 1468 1912 1497 clamore

229 1501 378 1538 diligenter
411 1503 544 1538 vestigari
570 1504 657 1538 inque
681 1501 805 1531 medium
835 1502 939 1539 aitet-ri,
963 1507 1048 1538 atque
1091 1503 1232 1530 dicentem
1255 1502 1409 1539 :Mqt‘cnri,
1426 1502 1483 1534 abi,
1501 1503 1599 1530 occide
1613 1501 1761 1531 lulianum
1791 1504 1912 1539 impera-

227 1537 321 1566 5tatim
345 1537 495 1567 trecentas
509 1539 597 1566 libras
612 1537 673 1567 auri
695 1539 792 1566 :crario
823 1538 938 1573 publico
963 1537 1046 1571 solvi,
1090 1542 1191 1570 torem,
1208 1538 1289 1567 iilum
1313 1537 1424 1567 hostem
1448 1539 1683 1566 Christianorum.
1715 1537 1841 1568 Sanctus
1863 1548 1911 1568 an-

228 1579 255 1602 et
271 1573 390 1603 clericos
410 1582 509 1603 omnes
522 1575 554 1602 in
570 1582 722 1603 numerum
737 1575 870 1607 militum,
882 1575 931 1609 qui
952 1574 1048 1607 prmfe-
1090 1578 1146 1602 tem
1164 1575 1330 1606 Mercurius,
1351 1578 1429 1602 stans
1444 1581 1540 1602 coram
1556 1574 1678 1602 Domino
1708 1574 1799 1603 lorica
1825 1575 1910 1604 ferrea

227 1613 271 1658 εξεο
282 1609 1076 1658 399.1595“???PET?”£‘PE:.?E?’"11j!‘§“§i.‘t‘i§‘if?§c
1089 1610 1222 1658 ἐξέψει
1233 1610 1333 1658 ’ΨἒέίὲῬέ
1350 1610 1781 1658 ηΨὲΡὲθἮη.ἓΥέ¹Ξ“ίέι,,ἓ¹ἔῖἓέἓ
1799 1611 1911 1658 ,ἀὲἓξξίὲθ

228 1649 255 1673 et
282 1646 435 1680 plurimum
457 1652 586 1681 sumptus
616 1646 745 1680 requirit,
771 1651 797 1673 et
817 1647 845 1673 in
875 1645 1076 1673 exercitibus“
1089 1645 1167 1673 visus
1183 1651 1224 1673 est
1242 1650 1334 1674 astare
1349 1652 1447 1674 coram
1469 1645 1602 1679 Domino,
1618 1646 1781 1674 exclamans
1799 1655 1806 1674 :
1823 1647 1912 1676 Julia-

228 1680 359 1717 Bomanis
374 1689 478 1715 magno
494 1680 599 1716 probro
622 1681 748 1710 ducitur.
766 1682 894 1717 Itemque
918 1681 1045 1717 multitu-
1089 1688 1142 1709 niis
1159 1680 1312 1716 imperator
1330 1681 1506 1716 interfectus,
1524 1686 1654 1710 mortuus
1670 1685 1723 1713 est,
1738 1686 1769 1710 ut
1786 1683 1905 1717 impera-

227 1716 323 1744 dinetn
338 1717 574 1747 Christianorum.
591 1725 646 1745 una
663 1725 727 1745 cum
740 1716 883 1752 υχοῐίὺῐις
892 1720 918 1745 et
939 1716 1045 1748 liberis,
1089 1717 1133 1747 sti,
1150 1717 1281 1745 Domine.
1299 1716 1426 1745 Territus
1441 1725 1475 1745 eo
1490 1717 1616 1745 clamore
1646 1717 1800 1752 episcopus
1829 1716 1911 1747 ’Basi-

229 1753 359 1784 censeri;
380 1758 406 1781 et
422 1760 478 1780 non
497 1752 576 1781 aliter
592 1758 676 1787 atque
704 1754 733 1780 ln
758 1753 839 1787 pagis
872 1751 931 1780 fieri
964 1752 1045 1783 solet,
1089 1751 1144 1780 lius
1160 1760 1175 1779 e
1190 1759 1290 1780 somno
1308 1753 1448 1781 -~xcitatur
1465 1761 1472 1781 :
1494 1753 1575 1781 illum
1593 1751 1671 1781 enim
1686 1751 1799 1782 colebat
1826 1754 1912 1782 Julia-

227 1787 331 1816 tributa
351 1793 488 1821 pensitare
500 1789 659 1822 mandavit;
681 1795 745 1816 cum
759 1787 950 1823 jurejurando
965 1794 1046 1815 com-
1088 1795 1143 1816 nus
1166 1790 1332 1823 imperator,
1351 1792 1381 1816 ut
1416 1789 1509 1817 virum
1526 1788 1671 1817 eruditum
1703 1794 1731 1817 et
1751 1789 1911 1818 studiorum

228 1823 363 1855 minatus,
385 1831 475 1858 neque
498 1825 532 1852 ab
554 1825 593 1852 ira
612 1831 758 1858 se,neque
774 1823 806 1850 ab
823 1823 972 1858 amigenda
991 1824 1045 1859 rci-
1089 1825 1210 1855 socium,
1226 1825 1414 1859 crebriusque
1430 1825 1464 1852 ad
1491 1825 1573 1852 illum
1603 1824 1740 1859 epistolas
1772 1825 1911 1854 mittebat.

228 1859 312 1896 vitate
329 1863 562 1896 temperaturum,
580 1866 672 1894 neque
700 1860 906 1896 permissurum
927 1858 1047 1896 Galilaeis
1089 1859 1271 1888 Descendens
1301 1858 1404 1888 deinde
1435 1859 1509 1888 idem
1536 1858 1659 1888 Basilius
1687 1861 1842 1896 episcopus
1884 1862 1911 1890 in

228 1895 371 1931 (sice'xim
395 1895 567 1923 Christianos
596 1903 647 1928 per
675 1895 877 1923 contumeliam
902 1894 1047 1931 appellare
1087 1895 1176 1923 aedem
1191 1903 1301 1924 sacram
1318 1896 1352 1924 ad
1378 1903 1476 1931 preces
1505 1896 1670 1928 matutinas.
1698 1894 1840 1925 universo
1866 1898 1913 1925 ad-

228 1929 347 1968 solebat)
363 1931 453 1964 capita
470 1931 696 1968 suarcervicibus
708 1931 842 1963 retinere,
858 1930 913 1958 nisi
926 1930 1044 1968 delubri.
1089 1935 1186 1968 vocato
1203 1931 1290 1962 clero.
1308 1929 1426 1959 visionis
1455 1938 1592 1960 arcanum
1622 1932 1745 1967 aperuit,
1779 1936 1807 1961 et
1837 1933 1912 1968 quod

226 1965 369 2003 idolorum
390 1967 611 2003 quamprimum
627 1966 982 2003 deintegroexstruerent.
996 1965 1045 1993 Cu-
1089 1966 1250 2003 interfectus
1265 1971 1339 1995 esset
1354 1967 1482 1995 Julianus
1507 1965 1670 2001 imperator,
1689 1969 1800 2003 hacque
1829 1965 1911 1996 nocte

226 2001 272 2064 ius
288 2002 371 2029 mine:
386 2002 504 2030 fortasse
519 2003 612 2036 reipsa
631 2001 747 2035 expletas
765 2002 894 2033 fuissent,
917 2002 971 2029 nisi
999 2008 1043 2029 ce-
1087 2001 1203 2030 Obii>Sel
1218 2011 1224 2030 ε
1239 2003 1258 2031 ii
1272 2010 1338 2031 vso
1350 2004 1516 2038 episcopum
1545 2008 1683 2039 rogarunt
1704 2010 1733 2031 ut
1751 2001 1823 2032 ‘hzec
1849 2006 1911 2032 reti-

237 2038 316 2064 erius
332 2045 347 2064 e
367 2038 420 2064 vita
451 2038 609 2064 minrasset.
624 2048 634 2063 ν
666 2038 739 2064 Hmc.
766 2038 893 2064 induam.
921 2037 1046 2064 useutlo-
1087 2045 1162 2064 cet-vt
1186 2039 1350 2064 nominique
1366 2039 1537 2064 enuntiaret.
1557 2048 1568 2064 ιο

237 2038 316 2065 erius
332 2045 347 2065 e
367 2038 420 2065 vita
451 2038 609 2073 migrasset.
624 2048 634 2063 ν
666 2038 739 2069 Hmc,
766 2038 893 2072 inquam,
921 2037 1046 2072 pseudo-
1087 2045 1162 2066 cet-vt
1186 2039 1350 2073 nominique
1366 2037 1537 2067 enuntiaret.
1557 2048 1568 2064 ιι

225 2073 430 2108 Amphilochio,
449 2073 496 2101 diu
517 2078 579 2107 past
594 2080 654 2102 rem
684 2078 792 2108 gestam
810 2073 956 2103 scribenti.
977 2080 1047 2100 con-
1123 2074 1176 2107 (t2;
1193 2073 1341 2102 Libanium
1359 2075 1511 2109 sophistam
1531 2081 1596 2103 cum
1611 2074 1724 2103 Juliano
1750 2075 1780 2102 in
1795 2074 1912 2104 Perside

224 2109 286 2137 fuso
312 2116 428 2137 rumore
459 2109 561 2139 audita.
592 2109 770 2146 occasionem
799 2109 873 2146 dare
894 2111 1046 2146 potuerunt
1089 2109 1185 2144 fuisse,
1207 2117 1263 2137 non
1280 2110 1361 2138 facile
1377 2111 1512 2142 credam;
1539 2110 1629 2139 multo
1650 2111 1746 2139 minus
1762 2113 1911 2146 quaestoris

225 2146 461 2182 comminiscendi
482 2153 511 2172 ca
524 2153 584 2180 quae
604 2145 639 2172 de
667 2145 789 2173 adventu
818 2144 923 2172 Juliani
950 2144 1046 2171 Ctesa—
1088 2151 1193 2182 munus
1209 2146 1314 2174 obiisse
1331 2154 1336 2182 ς
1354 2153 1448 2181 neque
1461 2146 1537 2174 enim
1553 2146 1587 2174 ad
1618 2146 1674 2175 tale
1689 2144 1797 2174 munus
1831 2151 1912 2182 aptus

225 2187 302 2208 ream
318 2186 345 2209 et
362 2181 456 2209 Basilii
473 2187 538 2209 cum
559 2189 592 2209 eo
609 2188 766 2217 congressu
782 2185 894 2209 narrata
921 2184 996 2217 sunt.
1015 2181 1047 2208 At
1087 2180 1175 2208 fuisse
1192 2182 1302 2210 videtur
1331 2180 1474 2213 Libanius,
1510 2182 1704 2217 sophistarum
1735 2189 1818 2210 more
1848 2180 1913 2212 talia

224 2222 316 2251 neque
337 2224 370 2244 ex
399 2218 555 2246 Sozomeno
585 2215 710 2251 sequitur
737 2217 884 2245 Julianum
913 2215 1046 2253 Caesareae
1088 2223 1189 2253 parum
1205 2222 1322 2251 curans,
1338 2217 1492 2245 dummodo
1510 2215 1563 2246 sibi
1578 2221 1652 2246 esset
1666 2218 1740 2246 bene
1757 2228 1762 2244 :
1780 2219 1914 2253 quamvis

224 2259 353 2289 unquam,
366 2253 453 2280 fuisse
474 2261 480 2280 ι
498 2257 650 2287 potuerunt
668 2253 743 2280 enim
762 2253 868 2282 omnia.
885 2259 948 2286 quia
966 2251 1046 2289 Sozo-
1087 2252 1299 2289 teste‘Eunapio
1316 2260 1372 2281 non
1387 2259 1460 2289 esset
1482 2254 1575 2289 impar
1595 2251 1830 2281 administrandae
1858 2254 1912 2282 rei-

224 2294 324 2315 menus
345 2288 413 2316 facta
427 2289 507 2319 dixit,
527 2289 561 2316 ab
588 2290 760 2321 imperatore
780 2293 906 2322 apostatn
923 2294 972 2320 per
1001 2287 1031 2314 lit
1059 2287 1217 2322 “publicas,
1240 2293 1266 2316 et
1285 2289 1379 2317 causis
1396 2287 1673 2319 civilibus‘idoneus.
1690 2290 1777 2317 etiam
1793 2289 1831 2317 ad
1861 2298 1913 2318 au-

224 2313 518 2360 tetigisti-sitatis
528 2313 692 2354 initiata;
701 2313 738 2352 ’ὲί
748 2313 791 2360 ab
799 2313 805 2322 '
813 2313 869 2360 ﬁt}
879 2313 979 2360 diem
1002 2313 1045 2350 ad
1058 2313 1079 2337 ο
1089 2313 1217 2360 agitata;
1239 2313 1777 2360 agrit'cizaa'tiaaae‘ni;“satiatis?
1789 2313 1852 2360 ᾇιῖω
1861 2313 1912 2354 "iu

224 2358 446 2386 exsecutionem.
463 2359 531 2395 lino,
549 2361 571 2387 si
587 2359 747 2394 Ntt‘ephOf'O
773 2359 876 2388 Calislo
892 2358 1046 2395 credimus,

223 2400 280 2420 non
296 2398 338 2421 est
355 2394 528 2423 verosimile.
544 2395 689 2422 .lnlianum
721 2402 846 2430 unquam
877 2395 963 2422 fuisse
991 2394 1047 2421 Cae-

223 2436 308 2465 sareaz
327 2438 333 2456 :
352 2429 385 2456 ita
403 2430 478 2456 enim
496 2430 547 2458 ista
568 2431 601 2458 de
631 2431 720 2464 impio
737 2429 785 2458 lib.
815 2436 862 2461 XL,
898 2437 959 2465 cap.
992 2430 1009 2456 4
1039 2441 1044 2456 :

228 2474 238 2500 σε
267 2464 343 2497 Quas
373 2469 467 2493 autem
504 2466 672 2493 civitatesin
701 2465 804 2493 Christi
831 2465 970 2500 religione
998 2473 1047 2493 ar-

223 2499 373 2536 dentiores
395 2507 457 2527 esse
487 2502 595 2529 sitiret.
628 2500 748 2529 infestus
781 2501 819 2527 eis
849 2499 925 2535 fuit,
952 2508 1045 2536 neque

223 2535 258 2572 ad
284 2544 330 2564 eas
360 2535 501 2564 divertere
531 2536 629 2565 voluit.
660 2536 690 2563 Ει
720 2543 842 2572 persaepe
869 2544 934 2564 cum
966 2536 1045 2572 lega-

224 2571 316 2599 tiones
331 2572 365 2601 ad
383 2578 458 2604 eum,
479 2577 592 2606 propter
611 2578 707 2600 casum
737 2571 859 2606 aliquem
894 2573 942 2607 qui
973 2573 1043 2600 inci-

223 2607 320 2648 disset,
336 2607 526 2644 provinciales
543 2607 696 2639 mitterent,
717 2614 815 2642 preces
839 2615 938 2636 eorum
968 2607 1044 2643 reje-

221 2648 269 2671 (τη.
288 2654 298 2668 ι

260 2679 313 2713 (At)
329 2680 397 2707 tium
413 2678 543 2714 pluribus
555 2679 659 2708 sanctis
675 2687 724 2714 per
740 2679 833 2707 varias
860 2679 938 2707 orbis
952 2682 1044 2714 partes

221 2713 326 2742 Juliani
357 2713 488 2743 interitus
514 2715 653 2743 divinitus
677 2713 851 2748 innotuerit,
881 2713 1043 2743 non’foret

221 2749 330 2778 creditu
346 2750 470 2783 difﬁcile,
483 2751 569 2780 etiam
581 2750 694 2783 Basilio,
711 2752 739 2778 in
756 2750 909 2779 solitudine
931 2750 1043 2778 Pontica

219 2786 358 2820 versanti,
371 2786 452 2821 impii
464 2786 610 2816 interitum
626 2794 675 2820 per
691 2787 892 2814 revelationem
907 2785 1046 2814 innotuis-

220 2828 261 2852 se.
285 2822 341 2850 nisi
361 2822 537 2851 contrarium
565 2822 696 2852 suaderet
719 2823 811 2857 ipsius
827 2823 916 2850 sancti
935 2827 962 2850 et
990 2821 1045 2849 Na-

220 2857 346 2887 zianzeni
365 2857 521 2887 silentium.
538 2858 606 2888 Nam
622 2865 688 2888 cum
699 2858 783 2887 simul
807 2863 906 2887 contra
923 2859 1044 2894 Aposta-

1090 2359 1200 2387 theatro
1222 2364 1413 2394 spectatorum
1439 2359 1549 2388 animos
1575 2360 1698 2388 delinire
1726 2367 1760 2388 ac
1781 2359 1913 2390 recreare

1089 2395 1307 2432 possentLCum
1323 2396 1400 2423 enim
1415 2400 1566 2431 sequentes
1587 2397 1777 2431 imperatores
1808 2397 1911 2432 amplis

1089 2430 1194 2459 simum
1210 2431 1250 2459 illi
1268 2431 1414 2467 dignitatis
1426 2430 1463 2467 gr’
1477 2432 1545 2460 dum
1557 2432 1728 2460 detulissent
1743 2433 1826 2467 (nam
1839 2430 1913 2462 salu-

1090 2469 1177 2503 tatum
1191 2466 1293 2501 palatio
1303 2466 1470 2502 praefectum
1485 2474 1519 2496 eo
1531 2468 1640 2496 honore
1651 2467 1730 2503 iungi
1738 2466 1910 2503 jusserunt),

1089 2502 1187 2538 noluit
1197 2503 1335 2537 accipere,
1352 2503 1495 2535 dictitans.
1526 2504 1681 2538 sophistam
1702 2502 1752 2532 illo
1772 2504 1912 2538 majorem

1087 2544 1159 2575 esse.
1182 2537 1322 2572 Equidem
1339 2539 1435 2575 nescio
1451 2546 1505 2575 qua
1518 2537 1684 2568 auctoritate
1695 2544 1809 2568 asserat
1820 2537 1914 2569 Euna-

1088 2574 1163 2610 pius,
1181 2578 1332 2608 sequentes
1347 2574 1491 2602 Juliannin
1512 2575 1698 2610 imperatores
1714 2575 1910 2610 amplissimas

1087 2608 1238 2647 dignitates
1254 2610 1372 2647 Libanio
1389 2611 1537 2643 obtulisse,
1553 2608 1619 2638 cum
1634 2608 1802 2647 {OVinianus
1818 2611 1911 2647 ipsum

1087 2645 1218 2672 occidere
1236 2646 1406 2677 voluerit,et
1439 2647 1597 2681 imperante
1628 2645 1793 2675 Theodosio
1823 2645 1908 2676 senex

1087 2685 1170 2718 esset.
1188 2681 1257 2718 Quis
1268 2687 1361 2710 autem
1377 2681 1474 2711 credat
1493 2682 1569 2717 quod
1584 2681 1631 2718 hic
1646 2681 1777 2715 ultimus,
1798 2684 1846 2718 qui
1862 2691 1912 2712 nec

1088 2716 1252 2754 militomln
1267 2718 1393 2754 exercitu
1410 2718 1521 2754 habere,
1545 2717 1661 2754 volebat
1693 2724 1753 2754 non
1784 2716 1911 2754 baptiza-

1087 2755 1160 2784 tum,
1178 2753 1311 2781 voluisset
1327 2753 1446 2788 impium
1466 2753 1646 2782 idololatram
1665 2753 1787 2781 evehere
1803 2756 1838 2782 ad
1870 2755 1910 2782 di-

1087 2788 1208 2823 gnitates
1223 2789 1236 2815 2
1251 2789 1304 2817 Nec
1320 2789 1354 2817 de
1367 2789 1489 2821 Valente,
1502 2789 1632 2824 quamvis
1644 2788 1761 2824 Ariano,
1773 2790 1913 2819 credibile

1088 2827 1130 2852 est
1143 2823 1219 2858 quod
1232 2824 1365 2853 voluissd
1380 2823 1539 2854 honoribus
1569 2824 1714 2853 cumulare
1743 2823 1802 2854 tam
1829 2826 1911 2854 fami-

1088 2858 1187 2888 liarem
1200 2860 1326 2890 amicum
1340 2861 1444 2891 Juliani
1463 2862 1606 2897 Apostataa,
1628 2860 1710 2896 cuius
1734 2861 1910 2898 impietatem
