2005 3142
266 153 469 185 EXCERPTA
491 155 541 186 EX
564 155 673 187 ACTIS
695 156 723 186 S.
748 153 887 186 BASILII
911 154 1208 185 BOLLANDIANIS.
1226 172 1262 176 —
1278 155 1372 186 VITA
1394 155 1632 187 APOGRYPHA.

1737 164 1810 189 (ΞΟον

119 219 248 265 Perside
261 219 418 257 exsistens,
431 230 466 251 ac
483 222 635 261 quaestoris
648 231 754 252 munus
765 222 879 253 obiens.
891 223 943 254 Ba-
955 230 974 254 A
986 222 1074 253 citius
1088 223 1125 254 ad
1143 227 1272 254 montem
1291 235 1297 253 :
1318 223 1508 264 excitansque
1525 232 1600 264 quos
1609 222 1670 255 illic
1681 225 1811 265 relique-

119 264 204 294 silius
215 273 288 305 ergo
299 275 336 296 ex
346 265 457 296 visione
465 270 600 307 stupens,
615 266 739 306 soloque
750 267 866 298 Eubulo
892 277 944 298 ex-

121 311 222 346 citato,
240 310 397 341 descendit
413 321 479 341 cum
497 312 568 341 eoin
583 311 745 348 civitatem,
759 312 897 353 venitque
909 313 945 343 ad

120 355 214 386 sancti
229 355 364 395 Martyris
376 355 514 387 Mercurii
527 357 713 396 martyrium,
727 357 755 386 in
768 366 825 397 quo
835 363 863 387 et
879 358 945 398 ipse

119 404 147 430 et
162 409 248 430 arma
264 401 330 440 ejus
342 401 436 440 posita
449 406 532 432 erant
546 410 552 432 ς
564 411 695 440 cumque
705 403 867 441 quaesisset,
885 412 943 433 non

117 449 187 475 sunt
201 448 336 476 inventa.
349 446 499 476 Advocato
512 450 610 476 autem
622 448 756 484 custode,
771 454 944 486 percuncta-

116 490 207 520 batur
224 490 348 520 ubinam
364 490 496 530 gentium
511 495 621 522 essent.
635 491 662 521 Is
673 501 742 522 vero
758 496 943 522 sacramento

115 535 286 575 respondit,
304 535 397 566 fuisse
411 535 539 575 vesperi,
557 535 609 566 ubi
626 545 678 575 pro
695 545 776 566 more
802 537 943 568 continue

116 584 319 610 servarentur.
334 580 420 611 Certo
433 581 522 619 igitur
533 590 692 620 persuasus
703 581 943 618 Basilius,veram

117 633 184 656 esse
197 624 478 665 visionem,Deoque
491 625 557 655 data
566 625 672 665 gloria,
688 626 737 665 qui
751 635 808 656 non
819 626 945 666 despicit

116 670 304 701 conﬁdentes
315 671 345 700 in
357 670 577 711 ipsum,ardore
588 671 679 701 multo
686 671 855 710 gaudioque
864 671 943 702 iuex-

117 714 485 754 plicabili,dormientibus
495 715 591 746 adhuc
603 715 845 752 omnibus,rediit
856 725 943 756 quam

989 268 1111 298 ratetad
1119 277 1223 308 preces
1234 268 1380 305 hortatus,
1398 269 1525 299 faustum
1543 269 1573 298 in
1589 278 1663 299 voce
1677 270 1808 301 exsulta-

987 311 1076 342 tionis
1091 312 1176 343 faclae
1190 313 1247 343 sibi
1263 313 1403 343 divinitus
1414 312 1604 344 revelationis
1620 314 1755 343 nuntium
1767 319 1809 345 at-

988 356 1062 393 tulit,
1080 357 1156 397 quod
1173 362 1259 388 nocte
1275 357 1326 388 illa
1351 361 1491 397 tyrannus
1522 357 1653 388 sublatus
1676 357 1783 389 fuisset
1799 369 1805 391 :

986 404 1172 442 peractisque
1187 401 1395 432 communibus
1405 402 1539 432 omnium
1550 402 1635 442 votis,
1649 403 1806 441 gratiarum

985 445 1160 482 actionibus,
1177 456 1314 477 reversus
1330 451 1374 477 est
1397 447 1426 476 in
1442 447 1604 484 civitatem,
1620 448 1729 485 jubens
1741 458 1806 478 om-

985 490 1084 527 nibus,
1103 495 1133 521 ut
1148 491 1177 521 in
1194 501 1297 530 magna
1311 492 1447 528 ecclesia,
1466 491 1564 531 positi,
1582 491 1687 522 divinae
1718 493 1805 524 litur—

986 535 1040 574 giat
1056 535 1214 575 participes
1229 537 1345 567 tierent.

1027 580 1087 610 Hoc
1102 584 1199 610 autem
1217 580 1402 620 itafperacto,
1421 581 1545 620 ipsoque
1563 580 1696 612 elevante
1705 588 1806 614 sancta

986 624 1064 664 (43),
1078 635 1135 655 non
1147 630 1191 655 est
1202 626 1309 655 factum
1318 625 1448 665 signum,
1467 631 1499 656 ut
1521 625 1614 655 moris
1624 630 1696 664 erat,
1712 632 1742 657 ut
1756 628 1805 658 ni-

987 672 1095 700 mirum
1112 670 1249 700 columba
1271 674 1449 702 moveretur.
1475 671 1541 710 ipso
1567 679 1635 700 vero
1659 673 1805 711 cogitante

986 714 1128 754 quidnam
1143 715 1289 752 reiesset,
1320 715 1499 755 viditﬁunum
1528 714 1565 744 de
1592 715 1804 748 ventilantibus

117 803 170 840 ita
185 804 340 833 detestatus
372 804 473 836 fuerat,
492 808 522 832 ut
549 805 704 839 przclrgerit
731 805 847 840 cingulo
874 806 949 834 mili-
990 803 1120 833 acerbior
1133 803 1210 832 omni
1227 803 1407 839 jngulatioue
1427 803 1519 833 futura
1532 810 1616 833 esset.
1633 815 1644 830 ι
1663 805 1702 833 Ita
1718 806 1806 835 Liba-

119 839 172 868 tari
191 841 296 874 potius,
308 846 396 875 quam
415 840 578 868 Christiano
593 841 703 868 nomini
720 839 897 869 renuntiare.
916 841 944 870 Si

118 871 216 904 tamen
245 871 399 904 credamus
428 876 572 910 Eunapio,
594 880 753 904 recusatam
784 885 797 904 a
823 871 973 906 LibanioB

135 911 321 940 refecturam
344 911 451 946 palatii.
482 910 625 946 quomodo
642 912 687 939 hic
716 913 865 941 admittere
894 921 941 942 vo-

131 948 219 976 uisset
234 948 384 983 quaestoris
400 954 506 976 munus
519 947 698 983 2Audiamus
709 954 786 976 nunc
798 948 831 975 de
847 949 942 983 seipso

114 982 280 1019 loquentem
292 983 454 1014 Libanium,
470 982 539 1018 quid
558 983 779 1019 sibircontigerit
793 984 821 1011 in
834 982 940 1013 Juliani

114 1018 224 1047 Persica
245 1019 437 1055 expeditione.
458 1030 468 1044 ι
486 1018 568 1052 Quod
592 1018 626 1046 ad
642 1018 783 1054 reliquum
817 1024 938 1055 tempus,

113 1055 190 1090 quod
208 1055 276 1083 hinc
291 1054 415 1087 elﬂuxit,
431 1057 532 1090 inquit,
550 1062 640 1090 usque
665 1055 698 1083 ad
730 1054 940 1089 expeditionem

113 1091 254 1119 adversus
284 1090 405 1122 Persas,
435 1092 507 1118 alios
536 1090 594 1118 alio
619 1095 701 1125 pacto
733 1090 826 1118 affecit
854 1100 863 1119 :
891 1092 941 1120 sed

116 1127 184 1154 mibi
204 1126 297 1162 majus
318 1126 393 1160 apud
420 1126 499 1154 illum
526 1127 632 1154 amoris
661 1126 776 1156 attulit;
799 1127 940 1162 siquidem

116 1163 307 1197 perseveravit
322 1162 377 1190 hoc
392 1162 420 1190 in
437 1169 486 1190 ore
502 1162 607 1190 habere
624 1170 629 1190 :
653 1162 754 1190 Munus
770 1162 820 1191 tibi
841 1164 941 1191 confe-

114 1204 175 1225 ram
194 1197 347 1234 excedens,
359 1197 434 1232 quod
451 1204 508 1226 non
521 1197 759 1233 quemadmodum
777 1198 831 1227 alia
842 1199 938 1234 fugere

113 1240 238 1268 possem.
255 1233 351 1267 Quare
367 1240 432 1261 cum
457 1234 679 1262 ccenavissemus
708 1236 832 1267 (coactus
862 1233 938 1262 enim

113 1269 148 1297 ab
168 1269 218 1297 illo
230 1269 523 1302 fueram),lllihomo,
555 1269 659 1304 inquit.
691 1274 802 1304 tempus
836 1275 879 1298 est
908 1275 938 1299 ut

114 1311 220 1333 munus
235 1305 372 1341 accipias.
394 1304 533 1341 Equidem
568 1305 710 1340 conjicere
726 1312 782 1333 non
810 1310 937 1341 poteram

113 1341 250 1376 quidnam
268 1340 347 1368 istud
363 1341 454 1375 foret;
483 1340 530 1368 ille
560 1347 626 1369 vero
656 1341 773 1376 subjecit
789 1351 795 1368 :
812 1340 936 1370 'Videris

114 1376 184 1404 mibi
197 1377 224 1404 in
242 1382 390 1404 oratorum
402 1376 499 1405 album
519 1377 555 1404 ob
571 1383 718 1404 sermones
736 1378 935 1412 transcriptus,

112 1412 149 1440 ob
163 1414 291 1448 actiones
311 1419 377 1448 vero
392 1412 421 1440 in
440 1412 674 1448 pbiiosophorum
695 1419 846 1441 numerum
862 1414 936 1441 reta-

116 1451 171 1476 tus.
184 1448 235 1476 His
250 1447 335 1484 dictis
351 1447 508 1484 oblectatus
522 1447 595 1480 sum,
617 1452 647 1476 ut
662 1447 730 1476 olim
739 1448 884 1484 Lycurgus
899 1449 936 1477 ob

112 1490 286 1518 responsum
301 1483 353 1511 Dei
369 1483 516 1512 oraculare
550 1483 630 1512 dese
664 1484 726 1519 ipso
753 1491 759 1512 :
791 1483 935 1513 enimvero

112 1519 176 1546 haec
191 1519 228 1547 ab
260 1527 303 1551 eo,
322 1520 371 1555 qui
387 1526 452 1547 cum
468 1519 521 1547 diis
538 1519 769 1552 conversabatur,
787 1519 858 1548 dicta
876 1521 935 1549 fue-

109 1559 185 1591 rant.
204 1555 296 1591 Porro
314 1555 466 1590 praemissis
483 1563 497 1582 e
511 1559 620 1588 senatu,
639 1556 686 1591 qui
702 1560 886 1590 precarentur
906 1561 935 1585 ut

109 1590 303 1619 Tarsensibus
318 1591 530 1620 dimitterentur
555 1591 687 1625 crimina,
709 1591 788 1625 dixit,
808 1598 839 1619 se
865 1599 935 1620 con-

109 1633 259 1655 cessurum
275 1627 339 1655 urbi
355 1625 482 1658 Cilicum,
499 1627 522 1655 si
534 1627 606 1655 Deus
625 1628 720 1662 ipsum
740 1631 865 1656 servaret
885 1636 893 1656 :
907 1632 934 1656 et

108 1663 236 1704 profecto
251 1662 589 1704 mibi_perspicuum__est,
605 1663 708 1704 inquit,
729 1663 797 1698 quid
825 1663 860 1691 ad
877 1664 934 1692 haec

107 1702 280 1734 eventurum
297 1699 345 1733 sit;
363 1704 394 1726 ut
409 1698 438 1726 in
454 1698 597 1734 legatione
619 1699 750 1727 functuro
776 1706 853 1734 spem
885 1707 932 1728 ve-

106 1737 195 1762 stram
211 1733 358 1762 collocatis
371 1744 377 1760 :
390 1734 468 1762 hunc
484 1733 578 1762 autem
595 1735 690 1769 ipsum
708 1734 776 1762 illuc
792 1733 932 1769 proﬁcisci

106 1776 223 1798 mecum
239 1769 389 1805 oportebit.
415 1770 487 1798 Tum
522 1769 699 1805 amplexatus
727 1770 930 1805 laerymantem

106 1812 165 1834 non
183 1805 358 1841 lacrymans,
372 1806 431 1841 jam
444 1805 597 1834 Persarum
619 1806 692 1834 mala
721 1813 857 1841 cernens,
881 1814 931 1841 po-

106 1842 222 1877 stremis
233 1841 467 1876 litterisscriptis,
475 1841 581 1869 ﬁnibus
590 1841 704 1876 imperii
711 1842 930 1877 excessit.agros

107 1876 298 1913 depopulans,
315 1877 431 1905 castella
448 1881 475 1905 et
492 1877 706 1912 propugnacula
722 1877 847 1912 capiens,
867 1876 930 1906 ’ﬂu-

106 1913 170 1941 vios
182 1913 335 1948 trajiciens,
348 1919 446 1941 muros
459 1913 635 1944 concutiens,
648 1913 733 1941 urbes
745 1920 928 1948 expugnans:

110 1952 196 1983 atquo
216 1950 318 1977 horum
331 1949 441 1984 singula
455 1948 552 1976 nullus
568 1949 728 1981 nuntiavit;
741 1951 790 1977 sed
800 1957 852 1976 nos
863 1956 930 1984 gau-

107 1983 155 2012 dio
170 1984 359 2018 spectantium
383 1983 584 2020 gaudebamus,
604 1992 636 2013 ea
650 1992 711 2020 quae
738 1985 797 2020 jam
816 1983 926 2018 fiebant,

108 2026 194 2054 porro
210 2021 293 2048 etiam
313 2021 416 2048 factum
433 2020 467 2048 iri
484 2020 641 2052 credentes,
676 2027 741 2048 cum
777 2020 807 2048 in
838 2021 929 2049 virum

105 2055 324 2090 inspieeremus.
341 2055 441 2084 Verum
458 2055 570 2084 fortuna
585 2063 651 2084 suas
667 2061 760 2091 partes
776 2056 842 2091 egit.
863 2057 929 2085 Nam

106 2097 172 2119 cum
190 2091 332 2120 exercitus
353 2091 476 2119 caedibus
491 2096 519 2120 et
547 2092 612 2127 fuga
642 2091 790 2120 Persarum
821 2097 926 2125 ovaret,

105 2127 312 2156 certaminibus
327 2127 468 2163 gymnicis
483 2132 510 2155 ct
523 2128 721 2163 equestribus,
738 2135 798 2163 qua:
816 2135 831 2154 a
865 2135 930 2163 pro-

104 2163 277 2202 pugnaculis
316 2162 481 2202 spectabant
515 2162 707 2202 Ctesiphontis
743 2162 924 2197 habitatores,

989 839 1099 878 niusin
1112 840 1240 878 oratione
1258 840 1297 867 De
1312 840 1367 868 vita
1389 847 1451 868 sua.
1473 840 1565 878 A_tque
1585 841 1676 878 exghis
1694 841 1805 878 colligi-

987 879 1032 904 tur
1043 875 1201 912 Libanium.
1217 882 1271 912 nec
1285 880 1457 912 quaestorem
1485 876 1591 904 Juliani
1618 876 1715 912 fuisse,
1751 875 1804 906 n'ec

987 912 1117 940 comitem
1132 911 1163 938 in
1178 911 1357 945 expeditione
1384 910 1506 943 Persica,
1523 918 1576 939 nec
1598 910 1710 940 vidisse
1726 920 1805 942 som-

986 948 1065 976 nium
1083 951 1179 983 morus
1198 946 1259 981 ejus
1275 947 1461 981 praesagium;
1479 947 1528 975 sed
1543 954 1641 976 necem
1667 948 1802 983 Apostatzc

984 988 1010 1011 et
1027 982 1135 1010 cladem
1151 982 1343 1010 Romanorum
1360 983 1511 1010 Antiochiae
1527 983 1664 1011 duntaxat
1691 982 1804 1013 intelle-

983 1019 1071 1053 xisse,
1088 1019 1229 1053 simulque
1240 1023 1380 1053 spectasse
1391 1025 1420 1045 in
1431 1018 1597 1053 sandapbila
1610 1019 1711 1047 deferri
1723 1021 1803 1049 cada-

981 1061 1054 1086 ver,
1088 1053 1283 1090 sepeliendum
1304 1054 1383 1082 Tarsi
1414 1053 1538 1082 Ciliciae.
1572 1054 1689 1082 Videtur
1717 1063 1802 1090 porro

1001 1089 1322 1124 seudo-Amphilochius
1338 1090 1476 1124 ejusmodi
1488 1090 1634 1118 somnium
1650 1089 1802 1126 aﬂlngendi

1004 1126 1097 1154 ibanio
1113 1125 1536 1163 occasionen‘rsumpSis_se__ex_
1554 1125 1732 1158 Sozomeno.’
1752 1128 1800 1163 qui

983 1161 1031 1189 lib.
1047 1167 1085 1193 Vi,
1103 1167 1164 1195 cap.
1182 1160 1208 1193 2,
1223 1161 1257 1188 de.
1271 1160 1367 1195 aliquo
1382 1167 1418 1189 ex
1432 1160 1538 1189 Juliani
1553 1162 1722 1189 necessariis
1748 1160 1800 1191 ista

980 1202 1078 1225 narrat
1095 1208 1100 1224 :
1117 1206 1128 1222 ι
1143 1196 1253 1224 Dicitur
1267 1202 1345 1231 eum,
1364 1203 1429 1224 cum
1444 1197 1480 1224 ad
1494 1196 1640 1224 lulianum
1661 1198 1710 1232 qui
1740 1203 1800 1227 erat

980 1233 1009 1260 in
1025 1231 1153 1268 Perside,
1165 1232 1205 1260 ire
1221 1235 1382 1268 maturaret,
1395 1233 1424 1259 in
1441 1231 1502 1259 loco
1527 1233 1659 1266 quodam,
1670 1231 1723 1268 ’qui
1739 1238 1800 1263 erat

980 1269 1009 1296 in
1026 1269 1068 1296 via
1086 1266 1197 1302 publica
1215 1272 1297 1298 Situs,
1315 1267 1508 1301 diversatum;
1525 1272 1552 1296 et
1584 1266 1692 1296 mdium‘
1707 1277 1797 1303 penu-

979 1304 1019 1332 ria
1033 1307 1174 1336 coactum,
1189 1303 1217 1331 in
1233 1303 1353 1331 ecclesia
1378 1311 1442 1338 qua
1462 1303 1500 1331 ibi
1529 1307 1591 1332 erat
1618 1303 1798 1339 dormivisse,

978 1344 1005 1368 et
1020 1339 1176 1368 secundum
1193 1339 1316 1374 quietem
1340 1338 1382 1366 vel
1399 1346 1458 1367 rem
1475 1343 1582 1374 gestam
1612 1341 1727 1375 vidisse,
1754 1342 1795 1369 vel

978 1375 1076 1404 saltem
1090 1376 1248 1403 somniasse
1273 1374 1436 1410 complures
1462 1381 1496 1402 ex
1512 1376 1648 1411 apostolis
1673 1381 1700 1404 et
1719 1374 1797 1411 pro-

978 1411 1071 1446 phetis
1096 1411 1124 1438 in
1155 1418 1244 1439 unum
1263 1411 1375 1442 coactis,
1405 1411 1528 1446 graviter
1553 1410 1586 1439 de
1616 1410 1798 1446 imperatoris

977 1447 1149 1483 contumelia
1179 1447 1316 1475 adversus
1337 1446 1477 1483 ecclesias
1495 1446 1593 1483 facta,
1625 1453 1797 1483 conquestos

978 1489 1049 1515 esse,
1069 1482 1241 1517 inivisseque
1254 1482 1418 1514 consilium,
1434 1482 1502 1517 quid
1519 1489 1546 1510 in
1576 1482 1628 1509 hac
1643 1482 1727 1511 causa
1756 1485 1796 1512 fa-

943 1513 966 1540 C
977 1513 1109 1546 ciendum
1121 1513 1204 1546 esset:
1221 1519 1261 1546 Ac
1275 1525 1341 1546 cum
1356 1525 1388 1545 ea
1408 1513 1484 1545 de're
1499 1522 1572 1546 esset
1599 1518 1794 1552 deliberatum,

977 1557 1005 1582 et
1018 1555 1112 1582 adhuc
1127 1560 1226 1581 eorum
1241 1554 1329 1582 animi
1346 1553 1421 1580 velut
1444 1554 1472 1581 in
1489 1553 1575 1581 dubio
1596 1555 1702 1582 versari
1720 1555 1794 1582 Vide-

977 1594 1085 1620 rentur.
1103 1589 1205 1617 duose
1231 1590 1324 1617 medio
1351 1593 1500 1624 surgentes
1529 1591 1693 1617 cohortatos
1726 1592 1795 1618 reli-

975 1632 1048 1661 quos
1063 1629 1099 1661 ut
1115 1625 1305 1661 bonoianimo
1323 1631 1428 1661 essent,
1449 1631 1636 1661 propereque,
1659 1628 1795 1660 tanquam

975 1660 1009 1689 ad
1025 1660 1175 1689 delendum
1190 1660 1298 1688 Juliani
1313 1660 1474 1695 imperium,
1492 1667 1507 1688 θ
1519 1660 1640 1688 concilio
1652 1668 1793 1696 egressos.

975 1696 1124 1725 Hominem
1136 1696 1227 1728 illum,
1247 1698 1294 1731 qui
1312 1697 1362 1724 bas
1377 1703 1422 1723 res
1443 1700 1500 1724 tam
1518 1696 1700 1724 admirabiles
1722 1704 1794 1725 con-

974 1733 1122 1768 templatus
1139 1732 1237 1764 fuerat,
1257 1737 1309 1760 iter
1321 1731 1356 1768 de
1372 1735 1471 1760 caetero
1496 1731 1657 1768 neglexisse
1672 1740 1679 1760 :
1710 1738 1794 1768 atque

973 1768 1042 1796 dum
1058 1772 1136 1796 metu
1151 1768 1309 1803 perculsus,
1326 1767 1472 1799 haesitaret,
1486 1768 1550 1802 quis
1576 1767 1660 1802 hujus
1676 1767 1794 1797 visionis

973 1804 1066 1832 exitus
1081 1805 1193 1832 futurus
1209 1807 1292 1835 esset,
1310 1803 1436 1832 secundo
1450 1806 1549 1831 eodem
1566 1803 1596 1831 in
1621 1805 1683 1832 loco
1716 1811 1794 1832 som-

972 1840 1052 1868 nium
1069 1840 1188 1874 cepisse,
1213 1839 1373 1874 vidisseque
1398 1838 1533 1867 eumdem
1553 1839 1743 1874 apostolorum
1767 1845 1794 1870 et

972 1876 1176 1911 prophetarum
1187 1880 1361 1911 conventum
1378 1881 1526 1911 :atqueex
1542 1876 1706 1910 improviso,
1717 1877 1794 1905 velut

973 1910 987 1939 ὲ
1003 1910 1047 1939 via
1069 1912 1098 1939 in
1116 1910 1277 1939 concilium
1299 1911 1444 1946 ingressos
1470 1910 1546 1942 illos.
1573 1911 1622 1946 qui
1646 1911 1793 1946 superiore

972 1952 1054 1975 nocte
1070 1947 1103 1974 ad
1115 1946 1260 1975 Julianum
1276 1947 1500 1981 expugnandum
1515 1946 1654 1979 abierant,
1685 1949 1793 1976 caeteris

972 1990 1027 2018 que
1042 1984 1189 2010 nuntiasse
1204 1989 1268 2010 eum
1288 1983 1413 2010 occisum
1438 1989 1510 2010 esse.
1533 1992 1543 2007 η
1563 1982 1671 2010 Putarit
1697 1983 1791 2011 forsan

972 2018 1318 2054 pseudo-Amphilochius,
1335 2018 1420 2046 istum
1440 2018 1473 2045 de
1490 2026 1545 2053 quo
1561 2019 1609 2045 hic
1627 2019 1684 2053 agit
1706 2019 1793 2047 Sozo—

972 2053 1084 2086 manus,
1096 2054 1205 2082 Juliani
1217 2055 1431 2088 necessarium;
1444 2054 1488 2082 cui
1501 2053 1564 2090 talis
1577 2055 1673 2082 visisio
1689 2055 1794 2090 obtige-

970 2094 1026 2125 rat,
1046 2091 1132 2118 luisse
1154 2089 1304 2117 Libanium
1320 2089 1495 2124 sophistam;
1521 2089 1551 2116 in
1569 2096 1626 2124 quo
1642 2089 1796 2123 ipsum,'si

972 2126 1026 2154 hoc
1041 2127 1174 2157 senserit,
1191 2132 1303 2153 errasse
1322 2125 1502 2153 manifestum
1520 2129 1561 2152 est
1576 2133 1608 2151 ex
1628 2125 1726 2152 eodem
1743 2126 1795 2154 So-

970 2168 1100 2192 zomeno.
1116 2162 1164 2195 qui
1182 2161 1230 2189 lib.
1252 2166 1288 2189 Vl.
1309 2168 1370 2195 cap.
1406 2162 1430 2194 1,
1447 2161 1532 2188 aliam
1557 2160 1662 2188 Libanii
1681 2161 1794 2195 opinio-

102 2195 169 2226 éum
186 2198 259 2227 muri
275 2195 458 2227 crassitudini
485 2195 627 2226 conﬁdere
642 2205 700 2227 non
729 2204 868 2234 posssent,
899 2195 926 2229 et
938 2196 1033 2225 Ditem
1044 2197 1082 2234 Vde
1099 2197 1204 2234 .luliani
1220 2201 1309 2234 morte
1324 2197 1418 2234 refert.
1434 2195 1594 2223 Combeﬁsii
1619 2195 1792 2234 conject_ura

100 2234 201 2262 Medus
215 2234 387 2262 decrevisset
416 2234 556 2270 legatione
572 2240 597 2263 et
615 2235 783 2263 muneribus
812 2235 925 2270 suppli—

100 2276 167 2298 care
183 2270 299 2305 (quippe
314 2277 328 2298 a
348 2270 456 2298 ratione
471 2271 596 2298 alienum
614 2277 676 2298 esse
692 2271 834 2303 censebat,
860 2279 925 2300 cum

101 2306 174 2337 viro,
194 2306 244 2341 qui
264 2305 466 2342 deusrquidam
483 2306 718 2342 erat,7pugnare),
744 2306 803 2341 jam
825 2306 926 2342 legatis

101 2348 191 2377 equos
200 2341 476 2377 conscendentibus,
494 2341 707 2375 prudentissimi
723 2343 799 2376 i-t-gis
823 2341 925 2375 virtus,

101 2375 181 2413 hasta
199 2376 300 2413 lumbo
317 2377 469 2412 proscisso,
491 2378 594 2412 rigavit
622 2375 808 2412 sanguinea!)
828 2385 861 2406 eo
876 2379 926 2413 qui

99 2412 210 2441 vicerat
224 2412 447 2449 ellusoxterram
465 2415 591 2441 hosuum
606 2418 805 2449 superatorum
823 2422 830 2442 :
859 2412 926 2442 efi‘e-

100 2449 198 2485 citque
211 2455 277 2476 eum
295 2448 342 2483 qui
354 2453 462 2485 terrore
471 2449 671 2485 Acohorruerat,
694 2450 926 2485 persequentium

99 2483 251 2512 dominum
269 2494 275 2510 :
293 2483 524 2520 quandoquidem
541 2492 555 2513 a
572 2485 718 2520 transfuga
741 2483 863 2519 quodam
885 2486 930 2514 di-
969 2490 985 2519 p

99 2526 181 2549 scere
196 2519 290 2548 Persae
305 2519 435 2551 licuerat,
460 2521 488 2548 in
509 2527 578 2555 quo,
595 2519 713 2549 fortunae
743 2525 816 2549 statu
844 2526 928 2550 esset.

98 2554 188 2584 Nobis
204 2559 303 2584 autem
320 2554 557 2584 Antiochensibus
573 2554 722 2585 hominum
739 2561 815 2585 certe
829 2564 926 2589 nemo,

99 2591 147 2629 sed
179 2595 358 2629 tegrrimmotus
373 2592 557 2629 _calamitaiis
583 2592 694 2620 iudices
724 2592 847 2625 fuerant,
876 2592 927 2629 qui

99 2628 186 2656 urbes
203 2628 355 2656 Palaestinae
370 2627 609 2664 Syriaerquasdam
625 2635 660 2656 ex
677 2632 766 2663 parte,
789 2627 926 2664 quasdam

100 2667 173 2692 totas
202 2664 422 2692 subverterent.
452 2663 560 2691 Etenim
588 2664 664 2692 Deus
687 2664 768 2692 cobis
797 2663 927 2693 cladibus

98 2700 212 2735 magnis
233 2705 370 2734 magnum
390 2699 578 2735 infortunium
590 2699 924 2735 signiﬁcarevidebatur:

97 2734 267 2770 optantibus
284 2741 350 2762 vero
363 2734 484 2763 nobisne
499 2742 564 2763 vera
580 2734 776 2770 opinarentur,
791 2736 925 2765 acerbum

97 2771 186 2799 tristis
200 2771 298 2799 nuntii
314 2771 399 2798 telum
410 2777 493 2798 aures
505 2770 671 2805 penetravit,
685 2771 830 2800 Julianum
845 2772 924 2800 illum

98 2806 129 2834 in
146 2806 297 2841 sandapila
312 2806 392 2843 ferri,
409 2810 436 2834 et
450 2810 596 2843 sceptrum
622 2814 638 2835 a
654 2808 750 2836 nescio
769 2815 825 2843 quo
851 2808 926 2836 obti-

102 2843 183 2876 neri;
200 2842 369 2871 Armeniam
386 2846 479 2870 autem
502 2842 650 2871 Persarum
681 2850 753 2876 esse,
777 2842 811 2872 ’et
834 2851 926 2879 quan-

99 2880 429 2920 tumcunqueagrorum
450 2878 629 2920 reliquorum
644 2878 760 2919 vellent,
795 2879 925 2920 Quapro-

93 2917 154 2951 pter
168 2913 272 2946 statim
287 2913 318 2942 in
347 2919 446 2942 ensem
478 2913 579 2943 oculos
606 2914 725 2952 conjeci,
759 2916 840 2951 quasi
858 2913 923 2944 ‘vita

967 2238 1018 2265 est,
1036 2233 1106 2260 duos
1126 2233 1214 2260 fuisse
1229 2232 1374 2264 Libanios,
1401 2235 1568 2266 quaestorem
1582 2237 1681 2264 unum,
1712 2232 1738 2260 al
1751 2237 1791 2260 te—

967 2275 1029 2297 rum
1047 2269 1204 2303 sophistam
1220 2275 1226 2295 :
1245 2273 1271 2296 et
1297 2268 1344 2294 hic
1369 2269 1499 2302 sophistae.
1526 2273 1629 2294 nomen
1662 2270 1794 2303 quastori

968 2302 1213 2342 temereadditum
1228 2312 1245 2342 a
1262 2303 1381 2331 librario
1394 2302 1533 2342 quodam.
1546 2303 1592 2342 .lta
1608 2303 1654 2331 ille
1670 2303 1794 2332 credibi-

968 2339 1024 2369 lem
1042 2341 1115 2368 hanc
1128 2340 1323 2368 narrationem
1353 2338 1473 2367 reddere
1502 2338 1608 2371 nititur,
1631 2343 1790 2373 temeraria,

969 2381 1000 2405 ut
1016 2375 1217 2411 mihiquidem
1247 2375 1366 2407 videtur,
1398 2374 1573 2411 conjectura,
1607 2382 1662 2410 qua
1693 2375 1791 2411 plures

969 2411 1079 2440 fabellae
1100 2410 1116 2440 a
1129 2411 1310 2439 fabulositate
1326 2411 1531 2439 eximerentur.
1551 2410 1665 2439 interim
1690 2410 1793 2440 fatetur

969 2447 1040 2483 ipse,
1059 2448 1115 2475 haec
1131 2446 1211 2475 nullo
1231 2447 1315 2475 modo
1328 2447 1361 2475 de
1379 2446 1499 2474 Libanio
1516 2446 1643 2482 sophista
1669 2447 1791 2483 intelligi

988 2491 1060 2512 0858.

1005 2519 1062 2553 (43)
1081 2519 1237 2554 Enigmati
1253 2518 1323 2546 mihi
1337 2518 1430 2546 simile
1450 2523 1501 2551 est,
1530 2518 1596 2546 dum
1629 2518 1708 2547 locus
1742 2527 1790 2548 au-

969 2554 1119 2589 dientium,
1137 2559 1192 2584 tam
1214 2561 1302 2590 prope
1319 2555 1354 2582 ad
1373 2555 1461 2582 altare
1479 2555 1621 2587 statuitur,
1638 2559 1669 2583 ut
1679 2554 1745 2583 inde
1761 2557 1789 2583 iu

970 2592 1128 2620 sacrarium
1146 2590 1249 2618 mulier
1262 2594 1357 2625 posset
1383 2591 1577 2625 introspicere.
1597 2590 1675 2618 Unde
1705 2590 1788 2618 Com«

969 2627 1086 2665 betisius
1103 2626 1334 2665 putatdesignari
1351 2626 1456 2665 locum,
1473 2625 1604 2665 fidelibus
1621 2625 1790 2665 mulieribus

969 2662 1138 2691 destinatum
1157 2671 1163 2690 :
1180 2662 1228 2690 Sed
1245 2669 1337 2697 neque
1360 2662 1415 2693 hic,
1447 2663 1546 2690 saltem
1577 2662 1606 2688 in
1633 2662 1791 2696 majoribus

968 2699 1106 2730 ecclesils,
1133 2702 1191 2726 tam
1207 2705 1295 2732 prope
1312 2698 1347 2725 ad
1369 2697 1455 2726 altare
1479 2702 1548 2725 erat.
1579 2697 1620 2725 De
1644 2702 1722 2726 motu
1742 2705 1791 2726 co-

967 2733 1069 2762 lumbae
1086 2734 1115 2761 in
1131 2734 1244 2769 signum
1261 2733 1398 2761 adventus
1413 2733 1534 2768 Spiritus
1549 2733 1650 2765 sancti,
1665 2733 1734 2761 alibi
1746 2736 1790 2762 ni-

967 2770 1006 2797 hil
1025 2770 1148 2801 invenio,
1164 2776 1216 2797 nec
1231 2769 1298 2797 satis
1313 2769 1437 2805 intelligo
1453 2776 1488 2797 an
1505 2773 1605 2803 sponte
1623 2773 1650 2797 et
1665 2770 1788 2798 miracu-

969 2806 1028 2833 lose
1044 2810 1217 2837 moveretur,
1233 2811 1269 2833 an
1288 2811 1356 2833 vero
1384 2813 1398 2833 a
1415 2806 1557 2838 ministro,
1577 2808 1608 2832 ut
1632 2806 1707 2840 apud
1737 2812 1788 2837 nos

968 2841 1101 2878 pulsatur
1111 2847 1276 2878 campana;
1303 2843 1336 2878 et
1349 2840 1579 2878 sihmiraculose,
1588 2847 1638 2878 an
1656 2840 1789 2878 omnibus

968 2876 1075 2913 passim
1089 2876 1121 2913 id
1136 2876 1234 2913 fieret,
1250 2883 1286 2905 an
1303 2876 1409 2905 Basilio
1428 2876 1594 2913 tantum._Si
1609 2876 1712 2913 Basilio
1727 2881 1790 2904 tan-

968 2911 1040 2948 ium,
1056 2912 1146 2942 miror
1164 2912 1237 2942 nihil
1267 2917 1325 2941 tam
1353 2912 1509 2948 singularis
1524 2911 1656 2941 miraculi
1687 2913 1791 2940 memi-
