2005 3142
215 135 299 160 CCCVI

216 196 349 227 diaconis
360 199 541 226 annuentem
554 193 845 233 mulieri,aspicienti
854 194 891 224 de
903 194 1021 234 superio
1047 199 1064 222 A

216 240 297 271 ribus
307 240 499 271 deorsum.ac
511 238 665 270 inclinanti
680 238 708 269 in
725 238 932 278 eumrquemin
945 239 1035 277 gradu

217 285 422 326 motum,intra
437 284 594 315 ecclesiam
614 283 724 314 servari
743 283 1037 323 praecepit.Cumque

216 331 259 361 sic
275 330 401 370 Spiritus
411 329 504 360 sancti
520 329 677 359 adventum
704 331 788 366 signo
803 329 912 359 visibili
929 337 1036 367 perce-

216 375 416 416 pisset,jussit
431 378 463 404 ut
478 374 603 413 populus
620 373 778 404 universus
795 373 858 403 dies
874 378 989 413 septem
1005 374 1035 403 in

215 419 342 450 ecclesia
357 417 690 459 permaneret.Diacono
706 423 803 448 autem
817 418 942 457 jejuniis
954 417 1034 447 etvi-

220 465 297 504 giliis
323 463 502 503 mancipato,
524 462 600 502 quod
617 463 645 492 ei
661 467 689 492 et
714 461 914 493 abundantius
925 464 1035 494 eratad

215 517 375 548 egenorum
386 508 595 539 sublevandam
607 507 736 548 inopiam
749 507 812 538 dari
825 508 984 544 mandavit;
993 512 1036 538 ut-

215 563 272 595 que
283 554 327 584 sic
343 553 489 584 offensum
506 553 622 583 Numen
637 552 777 592 placaret,
797 552 902 592 hisque
915 553 1036 582 demum

215 599 363 639 expiatus,
381 597 580 628 ministerium
593 606 711 627 sacrum
730 597 1036 636 praesumeretjussit.

215 643 358 674 Cofestim
370 652 440 673 vero
461 642 599 682 praecepit
619 642 759 682 suspendi
776 642 840 672 vela
855 642 883 672 in
902 642 966 672 loco
982 651 1037 672 au-

215 688 373 728 dientium,
390 687 550 727 injungens
567 686 753 723 mulieribus,
771 691 802 717 ut
817 687 841 717 si
853 696 917 727 quae
933 687 1039 726 depre-

215 733 308 764 hensa
320 736 407 768 esset,
422 732 552 772 quandiu
566 740 650 761 sacra
661 736 967 771 peragerentur,extra
975 731 1039 762 vela

215 777 426 818 despicere,de
442 776 570 807 ecclesia
586 776 748 816 pelleretur
762 780 792 806 et
805 781 887 807 extra
902 786 1038 807 commu-

215 823 334 853 nionem
353 822 437 852 ﬁeret
462 821 524 852 Sub
542 820 630 852 ﬁnem
648 830 737 861 porro
769 825 883 860 septem
909 821 1038 860 dierum,
1053 835 1070 860 Β

215 867 326 898 celebri
341 867 431 898 totius
447 866 548 906 populi
563 870 794 902 conventu,cum
811 867 920 896 festum
935 875 1039 905 agere-

216 916 275 952 tur,
292 915 451 951 essentque
467 919 571 941 omnes
588 911 618 940 in
635 911 762 940 ecclesia
784 911 973 950 congregati;
1002 920 1039 941 en

216 957 283 996 (44)
300 956 352 986 tibi
369 955 520 994 Libanius,
552 955 660 986 Juliani
690 961 815 994 queesto,
844 955 911 994 fuga
927 955 1037 995 lapsus,

216 1001 363 1033 civitatem
378 999 595 1038 ingressus.ubi
610 1000 710 1040 populi
721 1000 750 1029 in
762 999 889 1030 ecclesia
905 999 1040 1039 frequen-

218 1046 286 1076 tiam
314 1045 467 1084 didicit,eo
485 1044 620 1080 accessit,
635 1044 850 1074 odiosissimam
865 1044 975 1075 Juliani
997 1049 1041 1085 ty-

214 1092 299 1121 ranni
317 1094 442 1120 mortem
471 1089 663 1127 annuntians;
682 1089 869 1128 genibusque
893 1089 1043 1129 pontiﬁcis

216 1134 497 1171 advolutus,Christi
513 1134 697 1172 signaculum
715 1138 797 1172 rogat
809 1134 1041 1174 accipere:quod

218 1184 405 1217 consecutus,
423 1179 516 1209 factus
538 1183 582 1210 est
606 1178 716 1209 Basilio
734 1178 958 1210 contubernalis
982 1188 1042 1210 una

217 1234 284 1255 cum
300 1223 424 1255 Eubulo.

258 1269 417 1309 Seequenti
444 1273 543 1298 autem
568 1268 616 1299 die
642 1269 731 1308 jussit
757 1269 907 1301 omnibus.
928 1273 958 1299 ut
974 1277 1041 1299 suas

219 1314 344 1354 quisque
374 1313 516 1353 pecunias
547 1313 706 1353 reciperet.
743 1314 780 1344 At
812 1313 854 1343 illi
884 1322 943 1343 una
972 1322 1044 1344 voce

217 1359 253 1390 ad
283 1359 405 1398 ipsum:
437 1370 446 1385 ι
472 1357 585 1394 Quibus
614 1359 712 1388 animo
738 1359 932 1388 constitutum
952 1359 1041 1395 'erat,

218 1407 249 1434 ut
264 1403 300 1433 ad
323 1402 448 1433 civitatis
476 1402 675 1433 amoliendam
701 1403 901 1441 eversionem,
929 1409 1042 1434 morta—

217 1448 238 1478 li
253 1456 304 1479 eas
319 1448 488 1488 imperatori
518 1446 728 1487 praeberemus,
757 1447 865 1487 potiori
888 1437 955 1487 jure
987 1437 1072 1478 de-C

217 1492 370 1522 buerimus
386 1491 492 1521 offerre
510 1491 671 1521 immortali
684 1491 870 1530 imperatori,
884 1491 936 1531 qui
958 1501 1012 1522 nos
1027 1501 1043 1521 a

217 1541 299 1567 tanto
311 1536 443 1576 periculo
459 1535 677 1567 redemit.Ecce
692 1545 761 1567 vero
775 1541 844 1566 sunt
855 1536 995 1566 universa
1011 1536 1042 1566 in

218 1580 355 1612 manibus
370 1579 537 1617 tuis,facito
547 1581 641 1611 uttibi
658 1582 800 1612 Dominus
819 1581 972 1620 jusserit.»
990 1580 1043 1611 llle

218 1626 339 1657 miratus
356 1635 492 1665 magnum
512 1625 676 1657 ﬁdelissimi
695 1626 793 1666 populi
818 1626 962 1663 animum;
978 1629 1040 1656 ter-

214 1671 286 1702 tiam
299 1675 409 1710 partem
425 1670 481 1700 illis
494 1670 618 1709 praebuit
632 1681 640 1706 ς
653 1679 689 1701 ex
707 1670 832 1710 reliquis
847 1680 915 1701 vero
946 1679 1043 1700 sacra-

217 1715 295 1745 rium
307 1719 398 1745 totum
408 1724 475 1744 cum
485 1714 543 1754 (45)
554 1714 666 1745 ciborio
676 1715 792 1752 induit;
806 1724 933 1754 cumque
951 1715 1042 1745 altare

216 1769 288 1790 auro
304 1759 415 1790 mundo
439 1763 467 1789 et
493 1759 602 1798 lapillis
618 1765 762 1797 ornasset,
779 1760 917 1790 advocata
936 1759 1040 1789 civium

219 1803 420 1843 multitudine,
442 1813 605 1842 mensaque
629 1813 712 1835 sacra
737 1804 932 1843 sanctiﬁcata,
954 1804 1043 1843 jussit

217 1848 313 1878 triduo
324 1848 431 1878 festum
452 1848 497 1886 agi
524 1849 596 1879 Cum
609 1854 706 1879 autem
731 1850 792 1879 hinc
805 1849 844 1879 ita
860 1858 1040 1889 perageren-

218 1897 275 1930 tur,
286 1892 405 1932 quidam
418 1892 544 1923 necdum
556 1893 702 1932 gentilitio
712 1902 815 1924 errore
823 1894 964 1931 absoluti,
974 1903 1043 1924 eum

217 1938 408 1972 conveniunt,
424 1937 558 1968 dicentes
572 1948 578 1968 :
596 1950 610 1965 α
628 1937 704 1968 Ecce
722 1938 860 1978 precibus
877 1939 933 1969 tuis
944 1939 1042 1969 civita-

219 2027 298 2063 nisse
319 2025 530 2056 Nazianzenum
555 2030 582 2055 et
605 2027 770 2063 VNyssenum
801 2038 807 2054 :
844 2028 865 2055 si
897 2028 1042 2063 omnibus,

218 2062 310 2099 magis
324 2063 441 2093 mirum.
464 2063 571 2091 nullam
586 2062 654 2091 alibi
675 2067 789 2091 exstare
804 2063 865 2099 ejus
884 2064 927 2092 rei
939 2062 1045 2092 memo-

218 2105 302 2126 nam.

255 2134 308 2169 (44)
331 2133 463 2170 δεροξὶιίιν
489 2141 551 2169 quas
575 2135 661 2170 gratis
689 2134 806 2163 affet‘tur
830 2144 844 2163 a
875 2135 1045 2164 Combeﬁsio

218 2170 382 2204 coniectura
403 2169 437 2198 de
450 2169 563 2198 duobus
580 2169 716 2201 Libaniis.
730 2171 849 2199 omnino
871 2171 974 2200 falsum
1005 2176 1046 2200 est

219 2207 379 2242 sophistam
406 2213 534 2242 unquam
564 2214 733 2235 conversum
763 2207 869 2238 fuisse,
899 2212 947 2236 aut
983 2212 1045 2242 post

218 2246 338 2270 mortem
350 2241 456 2270 Juliani
474 2242 586 2270 venisse
601 2242 756 2271 Ctesaream
777 2250 783 2270 :
801 2250 865 2270 nam
887 2241 1045 2272 Antiochiae

218 2277 280 2313 ejus
298 2281 458 2306 orationem
478 2278 626 2307 funebrem
641 2278 723 2312 dixit,
741 2282 771 2306 ut
789 2278 849 2313 ipse
866 2278 900 2307 de
914 2285 945 2306 se
960 2282 1046 2308 testa-

181 2329 198 2349 ,
215 2317 281 2349 tur,
296 2323 307 2337 ε
323 2313 421 2349 visum
441 2317 492 2345 est,
510 2313 654 2348 inquiens,
682 2315 806 2349 partium
824 2321 951 2342 mearum
971 2322 1043 2348 esse,

218 2352 249 2376 ut
271 2348 383 2376 funebri
399 2349 529 2377 oratione
550 2348 746 2378 tatoiunctuni
773 2350 1002 2378 cohonestarem.
1030 2361 1040 2376 ι

218 2383 353 2420 Praeterea
363 2387 466 2420 narrat
480 2391 511 2420 se
527 2385 588 2412 vita:
609 2385 764 2420 periculum
787 2386 935 2414 Joviniano
951 2386 1045 2414 incur-

218 2419 302 2452 risse,
320 2418 387 2453 quia
410 2419 536 2447 nimium
564 2418 696 2448 laudabat
726 2421 881 2449 lulianum.
901 2432 912 2447 α
947 2421 1044 2450 [’ustea

217 2461 319 2482 rursus
336 2454 437 2492 inquit,
457 2454 500 2482 vir
515 2455 655 2492 barbarus
677 2456 795 2484 irritavit
816 2457 844 2484 in
861 2464 906 2485 me
937 2457 1047 2492 princi-

218 2497 282 2528 pem
298 2500 304 2522 ;
323 2497 387 2528 cum
408 2489 526 2528 diceret,
543 2498 590 2528 me
617 2491 702 2528 ﬁne-tn
718 2499 776 2528 non
807 2492 899 2521 facere
931 2489 1046 2528 lugendi

218 2525 332 2560 plagam
345 2525 405 2562 ejus
415 2526 463 2560 qui
475 2526 658 2554 occubuerat.
671 2526 793 2554 Proinde
805 2525 1047 2562 imperator‘male

217 2561 589 2599 t_ne_perdere_cogitabat,
617 2562 749 2599 mmroris
777 2561 886 2597 poenam
916 2566 1044 2599 exigens.

217 2597 274 2634 sed
294 2598 336 2626 vir
357 2596 481 2634 quidam
506 2598 612 2632 probus
635 2596 797 2632 Cappadoi,
834 2596 1048 2634 condiscipulus

218 2633 289 2661 olim
306 2640 397 2665 meus,
414 2633 462 2669 qui
497 2640 620 2669 magnus
647 2639 708 2662 erat
738 2635 812 2670 apud
845 2635 935 2666 illum.
955 2633 1048 2664 inter-

222 2670 317 2706 cessit.
336 2679 346 2694 ι
380 2670 480 2706 Mirum
506 2673 675 2706 tamennon
707 2670 753 2703 sit,
780 2672 1048 2706 pseudo-Amphilo-

219 2704 316 2732 chium
336 2705 505 2738 credidisse,
536 2705 688 2739 Libanium
713 2704 872 2741 sophistam
900 2707 935 2736 ad
956 2704 1045 2735 ﬁdem

220 2747 401 2774 conversum,
417 2741 454 2778 ob
468 2741 625 2769 amicitiam
640 2749 724 2776 quam
750 2743 870 2771 Basilius
887 2751 935 2778 per
972 2744 1045 2772 litte—

218 2782 264 2804 ras
273 2782 346 2838 siqui
363 2783 396 2804 eo
412 2776 512 2809 coluit,
532 2781 668 2812 tanquam
694 2785 759 2806 cum
776 2776 902 2815 sophista
933 2784 960 2807 et
985 2781 1045 2808 viro

219 2818 270 2838 eru
293 2819 340 2838 lO.

219 2815 340 2840 erudito.

918 126 1212 158 PROLEGOMENA.

1080 198 1149 229 tam,
1165 195 1322 234 captivitati
1353 197 1593 237 mancipandam,
1621 197 1764 237 liberasti,
1790 201 1906 239 Deique

1079 239 1119 268 tui
1134 240 1276 279 templum
1295 241 1589 279 magniﬁcentissime
1613 244 1783 282 exornasti;
1812 255 1905 276 unum

1079 289 1226 323 superest,
1245 290 1274 315 ut
1292 285 1409 324 plenam
1439 287 1524 318 nobis
1548 287 1662 318 virtutis
1688 289 1797 319 divinm
1813 289 1906 321 facias

1079 328 1199 358 ﬁdem.»
1217 330 1253 359 At
1270 330 1331 369 ille,
1345 330 1395 360 ubi
1407 331 1489 362 brevi
1503 341 1641 363 sermone
1656 338 1777 364 ostensa
1794 335 1840 365 via
1852 344 1906 366 sa-

1079 373 1306 414 lutis,suasisset
1317 380 1346 405 et
1361 375 1428 405 ﬁdei
1446 377 1624 407 rudimentis
1639 378 1828 415 instituisset,
1848 379 1905 409 ba-

1078 418 1185 457 ptismo
1217 420 1311 449 tinxit.
1335 420 1408 450 Cum
1435 425 1533 451 autem
1559 431 1644 453 sacra
1673 423 1908 463 Quadragesima

1078 463 1261 504 advenisset,
1279 464 1408 495 divinam
1426 465 1507 496 illam
1534 467 1635 506 operis
1651 476 1701 498 sex
1718 468 1834 499 dierum
1852 478 1906 499 ex-

1080 508 1255 546 positionem
1274 509 1381 549 populo
1396 519 1552 545 enarrans,
1581 511 1738 550 plurimam
1767 517 1828 543 tum
1845 515 1907 544 ﬂe—

1078 550 1224 626 bri'eorum
1243 557 1304 583 tum
1317 554 1469 592 gentilium
1484 555 1704 587 multitudinem
1720 558 1838 589 Christo
1851 558 1905 588 ob-

1079 600 1109 626 tu
1125 597 1155 626 it.

1079 597 1155 627 tulit.

1392 645 1512 678 CAPUT
1535 646 1586 679 Ill.

1084 691 1238 737 Decretum
1254 692 1428 737 exsiliisob
1444 693 1564 737 Valenje
1575 695 1860 735 impeditum/injuri
1874 698 1907 737 ﬁ-

1123 732 1159 762 lii
1174 733 1328 775 interitus
1344 733 1591 773 Chirographnm
1607 732 1761 775 magicum
1775 732 1906 768 (immani

1122 776 1279 814 (xc/ortum
1306 773 1462 814 gnustast’i
1483 773 1826 814 presbyterisanctitas.
1842 778 1904 808 Ad-

1123 816 1231 843 ventus
1247 812 1281 843 S.
1301 812 1433 852 Ephrem
1446 814 1485 844 ad
1497 812 1660 846 Basiliam.

1123 859 1248 895 Quidam
1265 859 1355 898 igitur
1366 860 1404 890 de
1415 860 1526 891 relictis
1537 862 1697 900 gentilibus
1710 864 1780 901 (46),
1794 863 1864 904 quin
1880 869 1906 895 et

1082 913 1116 934 ex
1126 904 1244 934 Arianis
1257 904 1436 935 calumniam
1451 906 1527 945 apud
1536 905 1691 937 Valentem
1700 908 1904 947 imperatorem

1082 948 1190 979 Basilio
1221 953 1350 988 struunt,
1376 953 1513 990 tattquam
1541 951 1629 981 ﬁdem
1646 951 1906 985 Consubstantialis

1084 993 1177 1032 gloria
1184 993 1500 1034 eﬁ‘erret,Arianorum
1507 999 1605 1025 autem
1615 996 1754 1027 haeresim
1761 998 1905 1028 abomina-

1084 1042 1168 1069 retur
1184 1043 1212 1069 et
1229 1038 1442 1078 tlespueret.lis
1458 1039 1594 1070 obanimi
1610 1041 1763 1072 levitatem
1783 1052 1903 1082 persua-

1085 1092 1135 1113 sus
1147 1082 1267 1120 Valens,
1286 1083 1370 1114 illum
1387 1085 1422 1115 ad
1440 1093 1471 1114 se
1487 1085 1678 1116 Antiochiam
1694 1088 1903 1119 accersit.Cum

1085 1132 1182 1158 autem
1199 1129 1374 1159 Anastasius
1392 1129 1453 1168 (47)
1479 1133 1607 1169 quaistor
1621 1130 1795 1162 advenisset
1810 1134 1902 1163 Caesa-

1085 1173 1352 1212 ream,Basilioqoe
1369 1173 1502 1213 injuncta
1512 1174 1568 1205 sibi
1581 1175 1617 1205 ab
1631 1175 1814 1215 imperatore
1824 1187 1905 1217 expo-

1083 1217 1201 1257 suisset,
1219 1218 1259 1247 ait
1286 1218 1433 1249 Basilius:
1455 1229 1466 1246 (ι
1486 1220 1580 1250 Etiam
1607 1229 1672 1259 ego,
1692 1220 1745 1260 ﬁli,
1765 1226 1834 1252 ante
1849 1231 1903 1252 non

1085 1272 1195 1301 paucos
1209 1263 1274 1294 dies
1285 1265 1424 1304 cognovi,
1442 1265 1590 1304 quomodo
1610 1266 1785 1307 imperator,
1813 1267 1903 1298 stultis

1084 1307 1255 1338 hominibus
1264 1309 1351 1340 ﬁdem
1361 1308 1485 1346 habens,
1496 1309 1710 1350 deportationis
1723 1321 1798 1343 meae
1809 1317 1903 1352 typum

1085 1357 1338 1389 eXaraturuereS
1352 1354 1524 1385 contriverit
1539 1355 1681 1393 calamos;
1697 1359 1788 1396 atque
1805 1357 1903 1388 insen-

1085 1398 1140 1428 sati
1149 1397 1467 1437 calami,impotentem
1480 1399 1559 1430 illius
1570 1400 1714 1440 impetum
1723 1401 1904 1432 inhibuerint

1084 1443 1184 1482 tcujus
1197 1447 1255 1473 tota
1273 1443 1422 1482 cupiditas
1439 1449 1495 1481 est,
1513 1449 1544 1475 ut
1557 1445 1664 1476 veritas
1679 1445 1868 1483 obscuretur,
1879 1454 1905 1478 et

1087 1487 1276 1518 mendacium
1294 1487 1555 1527 obtineat),secum
1568 1490 1781 1526 meliusactum
1797 1492 1831 1523 iri
1848 1493 1905 1522 eri-

1087 1532 1290 1572 stimantes,ut
1301 1534 1666 1575 cont'ringereutur,quam
1678 1540 1709 1566 ut
1725 1536 1838 1576 iniquae
1848 1537 1906 1577 ejus

1088 1577 1245 1608 sententiae
1261 1578 1458 1609 deservirem.
1475 1592 1486 1607 ι»

1125 1621 1180 1653 Ubi
1197 1622 1286 1661 igitur
1302 1623 1421 1654 advenit
1435 1623 1681 1662 Antiochiam,ad
1699 1625 1903 1665 praefectorum

1086 1667 1214 1697 tribunal
1227 1667 1396 1699 adducitur.
1415 1668 1615 1708 Interrogatus
1632 1674 1744 1710 autem,
1758 1680 1813 1701 Cur
1823 1671 1903 1702 ﬁdem

1085 1712 1274 1751 imperatoris
1287 1712 1386 1744 minus
1397 1714 1640 1753 amplecteretur,
1652 1716 1808 1754 respondit
1820 1718 1904 1747 multa

1084 1766 1151 1787 cum
1163 1757 1300 1788 libertate
1309 1757 1360 1788 Dei
1373 1758 1529 1789 hierarcha
1543 1768 1550 1790 ;
1564 1771 1577 1786 α
1594 1759 1679 1790 Absit
1690 1764 1720 1789 ut
1738 1760 1814 1790 viam
1831 1761 1902 1791 veri-

1087 1801 1157 1832 tatis
1172 1802 1322 1837 deseram,
1333 1802 1576 1843 Arianorumque
1586 1812 1720 1834 errorem
1731 1809 1761 1834 et
1773 1805 1904 1836 heresim

1085 1846 1248 1884 amplectar
1261 1856 1267 1877 ε
1286 1847 1397 1886 quippe
1409 1847 1502 1878 didici
1515 1857 1530 1878 a
1543 1847 1690 1888 Patribus,
1708 1849 1905 1880 Consubstan-

1085 1890 1164 1920 tialis
1183 1891 1271 1921 ﬁdem
1284 1892 1584 1931 amplectLethonori
1596 1893 1739 1924 habere.»
1760 1894 1818 1925 Ubi
1834 1904 1905 1934 prae-

1086 1935 1180 1966 fectus
1192 1940 1317 1966 mortem
1333 1937 1360 1967 ei
1373 1936 1503 1968 minatus
1515 1942 1594 1968 esset
1607 1939 1648 1968 ait
1661 1939 1786 1969 Basilius
1804 1950 1810 1970 :
1831 1952 1843 1967 α
1856 1939 1903 1970 Fa-

1125 2025 1180 2063 (115)
1195 2024 1352 2063 Ciborium,
1370 2025 1586 2063 umbracculum
1602 2026 1714 2062 altaris,
1730 2032 1853 2063 quatuor
1866 2036 1907 2057 co-

1087 2061 1195 2098 lumnis
1211 2060 1354 2098 innixum,
1382 2062 1464 2097 cujus
1484 2062 1558 2098 apud
1581 2060 1763 2091 Anastasiuin
1788 2064 1815 2092 in
1848 2063 1906 2093 Vitis

1083 2096 1244 2136 pontiﬁcum
1259 2096 1424 2136 creberrina
1438 2096 1555 2136 mentio,
1575 2097 1611 2126 de
1625 2099 1679 2136 hoc
1695 2099 1759 2127 vide
1775 2099 1905 2136 Qangium

1087 2134 1117 2161 in
1140 2138 1261 2169 utroque
1285 2133 1438 2169 Glossarlo,
1465 2133 1561 2162 Graeco
1592 2141 1624 2162 ac
1657 2133 1905 2169 Latino-Barbare,

1087 2175 1159 2207 saepe
1175 2168 1260 2196 etiam
1281 2168 1434 2207 Cyborium
1463 2170 1672 2207 scribituraet
1683 2170 1758 2199 hanc
1787 2173 1905 2207 origina-

1087 2206 1162 2235 riam
1175 2213 1242 2245 esse
1267 2204 1460 2244 scriptionem
1494 2206 1540 2236 vix
1567 2205 1682 2245 dubito,
1707 2207 1760 2234 ἀπὸ
1790 2204 1847 2236 τοῦ⁷
1858 2209 1904 2237 K2;-

1086 2245 1146 2282 ϐου,
1156 2256 1178 2286 >1
1197 2243 1280 2278 cubo,
1300 2257 1313 2271 »
1331 2243 1451 2284 propter
1474 2245 1598 2276 formam
1624 2243 1773 2286 cubicam,
1798 2247 1829 2278 id
1856 2253 1903 2286 est,

1087 2284 1269 2321 quadratam.

1124 2319 1179 2354 (46)
1195 2319 1240 2357 ,Ad
1250 2320 1374 2357 gentiles
1390 2328 1491 2356 parum
1520 2322 1672 2357 spectabat,
1701 2322 1761 2351 sive
1786 2323 1904 2352 consub-

1087 2355 1229 2385 stantialis
1245 2355 1330 2384 ﬁdem
1349 2357 1512 2386 defenderet
1527 2355 1658 2390 Basilius,
1676 2358 1736 2386 sive
1761 2365 1830 2387 non.
1855 2359 1905 2388 Ce-

1087 2397 1178 2419 terum
1201 2398 1262 2426 quae
1277 2392 1323 2419 hic
1343 2397 1404 2421 acta
1432 2398 1587 2422 narrantur
1610 2393 1754 2422 Valentem
1787 2395 1859 2424 inter
1881 2400 1904 2423 et

1087 2426 1225 2464 Basiliam
1241 2427 1377 2463 illiusque
1388 2428 1534 2458 ministros
1549 2429 1747 2458 desiderantur
1762 2431 1842 2464 apud
1858 2429 1903 2459 lto-

1088 2463 1294 2524 swoydnmvlet
1310 2464 1394 2499 longe
1409 2464 1491 2493 aliter
1510 2466 1573 2494 data
1600 2465 1715 2493 ruerunt
1730 2472 1763 2493 ex
1784 2463 1904 2495 ’Nazian-

1088 2505 1159 2524 Z9110
1181 2505 1209 2524 ln
1250 2506 1256 2524 l
1275 2506 1300 2524 ﬂ.

1088 2505 1159 2526 zeno
1181 2499 1209 2526 in
1226 2499 1300 2526 Vita.

1126 2534 1182 2568 (t7)
1203 2534 1384 2562 Anastasium
1403 2535 1563 2569 praefectum
1586 2535 1630 2564 vel
1656 2540 1843 2572 quaestorem,
1863 2538 1904 2566 ubi

1090 2571 1268 2598 nominatum
1285 2571 1552 2608 invenerigrauctor,
1565 2572 1693 2607 equidem
1716 2571 1838 2608 ignoro,
1857 2573 1905 2602 Alii

1090 2612 1197 2643 omnes
1224 2605 1386 2639 praefectum
1412 2605 1714 2643 rltlodtstum'vocant,
1730 2605 1830 2643 'isque
1859 2615 1906 2638 tam

1090 2646 1175 2669 notus
1187 2642 1236 2669 fuit
1253 2648 1319 2670 Vch
1339 2642 1550 2677 Amphilochio,
1566 2646 1597 2672 ut
1611 2643 1640 2671 in
1662 2642 1856 2679 nomine’ejus
1870 2652 1905 2673 er-

1090 2684 1154 2704 rare
1172 2684 1230 2715 non
1248 2679 1379 2715 potnerit.
1401 2680 1433 2715 At
1447 2679 1641 2711 Combeﬁsius,
1659 2686 1724 2707 cum
1738 2684 1905 2715 saeptusten-

1091 2715 1145 2741 tata
1166 2713 1201 2741 sit
1215 2714 1268 2750 sub
1285 2713 1401 2750 Valente
1419 2713 1514 2742 Basilii
1538 2715 1708 2746 constantia,
1734 2713 1816 2750 putat
1842 2718 1905 2744 inter

1089 2750 1181 2776 varios
1197 2749 1349 2786 adhibitos,
1364 2750 1520 2786 ministros,
1538 2752 1662 2786 aliquem
1691 2749 1743 2779 aut
1770 2756 1904 2786 praetorem

1089 2789 1137 2812 aut
1158 2788 1317 2814 exactorem
1340 2785 1438 2817 fuisse.
1453 2785 1638 2819 Anastasium,
1655 2785 1690 2815 ob
1711 2785 1903 2816 auctoritatem

1088 2819 1200 2848 scilicet
1215 2820 1416 2855 Amphilochii.
