2005 3142
168 129 367 161 EXCERPTA
390 129 441 160 EX
463 129 493 160 S.
520 127 627 160 ACTIS
648 128 788 159 BASILII
813 126 1109 160 BOLLANDIANIS.
1127 145 1165 151 -—
1180 129 1273 160 VITA
1296 129 1537 162 APOCRYPHA.

1654 137 1750 164 CCCVI]

73 197 109 228 xit
117 198 240 236 Dens,ut
250 203 304 235 pro
319 195 439 225 veritate
451 195 588 225 absolvar
598 195 723 225 vinculis
735 193 886 233 corporis:
899 197 920 220 A
932 192 991 223 ﬁlia
999 204 1051 224 sua
1059 195 1399 235 perrexisset,velletque
1408 196 1467 226 illic
1477 196 1604 236 puellam
1613 198 1749 238 tondere,

75 250 136 272 nam
148 240 198 271 diu
211 244 255 271 est
269 249 303 270 ex
322 249 381 280 quo
412 239 442 269 id
454 240 555 280 cupio;
570 239 627 271 nisi
637 245 736 270 tamen
749 239 804 279 ipsi
817 237 889 268 mol-

74 287 156 317 liores
173 285 244 316 estis
259 285 288 314 in
305 285 481 324 praestandis
499 284 665 324 promissis.
687 285 805 314 »'Porro
818 292 888 323 prat-

74 331 160 362 fectus
171 338 334 369 pugnacem
345 329 399 359 viri
409 329 599 360 renitentiam
613 333 641 359 et
652 328 889 359 immobilitatem

75 374 209 416 propositi
223 374 394 414 imperatori
408 373 646 413 significans,ait:
667 372 763 404 «Victi
775 382 888 408 sumus,

75 420 247 460 imperator:
265 418 309 449 vir
323 419 404 449 enim
422 418 511 449 minis
524 419 660 459 superior
676 416 891 455 est,iuflexibili

75 465 204 502 duroque
219 467 249 494 et
265 472 356 494 saxeo
370 466 481 494 animo.
504 475 514 491 ιι

111 509 178 540 Cum
190 513 291 539 autem
301 508 466 548 imperator
476 508 519 538 ira
533 508 731 539 effervescens
743 507 890 538 delibera-

74 559 123 594 ret,
139 563 197 594 quo
213 562 283 584 eum
301 553 405 583 mortis
423 561 534 592 genere
561 553 774 583 interfecturus
790 556 868 583 esset
881 561 892 591 ;

74 598 186 638 contigit
197 602 228 628 ut
244 598 311 637 ejus
327 597 407 628 ﬁlius
422 597 452 628 in
470 597 606 628 morbum
624 597 765 627 divinitus
780 596 890 627 illatum

74 643 221 679 incideret,
240 642 284 673 ita
301 646 331 673 ut
348 641 457 672 medici
473 651 556 682 spem
586 642 687 673 salutis
713 641 889 682 abjicerent.

76 691 155 719 Porro
172 692 269 718 mater
283 686 457 727 imperatori
485 687 613 727 supplex
627 687 778 723 accidens,
796 686 888 717 dixit:

77 745 87 761 ι
102 732 188 769 Quam
203 731 284 763 male
300 740 369 771 erga
386 731 478 762 Deum
496 732 622 772 ejusque
637 732 821 762 sacerdotem
838 731 891 762 Ba-

74 778 160 808 silium
178 776 273 808 babes
287 777 294 806 ἔ
309 778 351 808 Εη
364 777 488 807 moritur
498 781 526 807 et
538 778 600 816 ipse
612 785 696 816 puer.
712 788 725 806 ι
740 775 793 806 His
803 776 890 807 audi-

74 823 115 862 tis,
127 823 290 863 imperator
302 822 439 853 Basilium
453 822 725 862 accersivit,aitqne
734 821 769 852 ad
783 821 864 852 illum
882 831 888 852 :

931 242 1018 276 atque
1034 239 1064 269 in
1077 248 1190 270 sacram
1204 240 1331 279 aliquam
1346 241 1537 272 monasticam
1547 241 1641 272 mdem
1653 243 1750 273 tradi-

932 286 990 312 tam
1008 284 1068 314 Deo
1086 284 1262 315 sacriﬁcium
1280 283 1410 320 offerre;
1427 286 1580 316 aemulatus
1602 286 1750 318 homicida

932 327 981 358 ille
997 328 1033 358 ab
1050 328 1134 359 initio
1151 329 1288 359 diabolus
1313 329 1431 360 divinos
1448 330 1500 361 viri
1518 340 1615 361 mores
1631 333 1752 372 Deoque

932 377 1084 412 acceptum
1092 374 1277 414 propositum
1285 375 1602 409 ;concitavitsenatoris
1608 376 1751 407 famulum

933 418 1105 456 quemdam,
1123 419 1214 458 inque
1243 419 1348 458 puellae
1371 429 1501 450 amorem
1529 421 1692 452 succendit.
1723 423 1752 452 Is

934 463 1174 503 porro,indignus
1185 463 1234 503 qui
1245 473 1308 494 rem
1319 468 1428 494 tantam
1445 464 1612 505 moliretur,
1623 467 1750 496 veritus-

933 516 990 547 que
1001 507 1046 538 vel
1058 509 1202 547 attingere
1217 510 1295 548 quod
1311 515 1373 539 erat
1389 509 1582 549 propositum,
1595 511 1754 551 alloquitur

934 561 1026 582 unum
1045 561 1078 583 ex
1094 552 1276 584 detestandis
1295 554 1448 592 maleﬁcia,
1467 554 1588 585 multam
1604 564 1750 586 summam

933 596 997 627 auri
1013 597 1206 636 praebiturum
1234 598 1394 638 pollicitus,
1412 599 1499 630 modo
1521 599 1586 640 ipso
1601 605 1707 639 agente
1722 603 1752 631 in

934 645 1107 681 potestatem
1124 642 1251 682 puellam
1277 643 1438 683 acciperet.
1456 644 1613 676 Veneﬁcus
1628 653 1698 676 vero
1713 646 1754 676 ait

932 686 968 716 ad
987 695 1056 717 eum
1070 697 1076 718 :
1096 699 1107 715 ι
1128 686 1152 718 Ο
1168 687 1270 727 homo,
1282 687 1378 728 impar
1386 688 1422 718 ad
1433 688 1489 719 hoc
1500 688 1603 719 virium
1618 692 1728 720 exsisto
1743 700 1750 718 :

933 731 985 762 sed
1000 732 1024 762 si
1041 732 1084 762 vis
1101 732 1212 762 mittam
1229 736 1258 763 te
1272 733 1308 763 ad
1324 733 1517 773 provisiorem
1533 743 1631 765 meum
1647 734 1751 766 diabo-

933 775 1006 808 lum.
1022 781 1052 807 et
1062 776 1111 807 ille
1122 777 1209 807 faciet
1221 777 1402 809 voluntatem
1415 782 1506 815 tuam.
1519 779 1587 810 situ
1598 780 1686 810 modo
1698 790 1751 810 vo-

933 820 1074 852 luntatem
1087 821 1153 861 ejus
1164 821 1280 852 feceris.
1297 835 1308 851 ι
1325 823 1381 859 Qui
1394 823 1468 853 dixit
1478 823 1514 854 ad
1525 833 1592 854 eum
1606 833 1613 855 :
1635 836 1646 852 α
1665 824 1752 861 Quae-

76 879 87 895 ι
103 867 130 898 Si
145 877 212 898 vera
226 871 299 898 sunt
314 876 379 908 quae
394 867 495 905 doces,
507 866 602 906 iisque
620 867 698 898 Deus
713 866 886 901 delectatur,
901 881 921 907 Β
932 874 1063 904 cumque
1071 866 1179 897 dixerit
1189 867 1273 907 mihi,
1285 867 1418 898 faciem»
1432 867 1481 898 Ait
1491 868 1551 899 ille:
1566 881 1579 896 «
1591 869 1751 900 Abrennn-

74 912 201 952 precibus
216 913 277 943 tuis
293 912 344 943 ﬁlii
361 913 418 943 mei
437 911 573 942 morbum
590 911 753 951 depuleris.
775 924 787 940 »
806 910 889 941 Tunc

74 957 135 988 ille:
151 968 163 987 ι
180 957 210 989 Si
224 957 396 988 credideris
409 960 499 988 rectae
515 956 597 995 ﬁdei,
614 956 782 996 imperator,
803 960 889 996 teque

74 1001 202 1033 Ecclesiae
212 1003 267 1033 Dei
279 1001 542 1042 adjunxeris,vivel
554 1001 631 1032 ﬁlius
643 1005 710 1032 tuus
728 1014 740 1030 ι
752 1000 805 1032 Illo
817 1009 888 1040 pro-

76 1047 314 1088 mittente,primo
327 1057 380 1078 suo
393 1048 659 1086 adventu,itagnus
669 1045 890 1086 Basilius,nulla

76 1101 158 1130 mora,
176 1092 315 1123 morbum
331 1092 473 1123 leviorem
490 1092 569 1122 fecit.
584 1092 641 1128 Qui
654 1096 750 1122 autem
764 1091 889 1131 imperar

76 1140 123 1168 tori
139 1138 260 1169 asseclae
277 1141 365 1168 erant
379 1138 510 1168 haeretici
521 1137 665 1177 episcopi,
683 1137 811 1167 victoriae
826 1145 891 1176 pro-

76 1182 150 1214 brum
163 1193 220 1214 non
234 1183 520 1220 ferentes,auctores
532 1182 652 1213 fuerunt
665 1191 701 1211 ne
717 1191 733 1212 a
744 1181 891 1212 sententia

76 1227 245 1266 discederet,
257 1227 313 1259 sed
326 1237 359 1258 se
371 1227 507 1267 religioni
521 1236 623 1258 eorum
636 1226 891 1266 adjnngeret,per-

75 1281 126 1312 que
141 1271 221 1313 ipsos
234 1281 328 1312 puero
343 1275 499 1303 sanitatem
514 1275 642 1312 pararet.
657 1271 719 1307 Quo
733 1271 890 1309 facto,mox

77 1326 142 1355 puer
155 1319 183 1347 in
210 1317 355 1348 manibus
385 1317 502 1347 illorum
531 1316 659 1347 animam
687 1315 807 1346 efﬂavit.
835 1314 891 1347 Ubi

77 1370 155 1400 porro
166 1367 298 1402 quaestor
312 1362 375 1392 hac
387 1362 592 1402 vidisset,post
608 1365 732 1392 mortem
747 1360 890 1397 Valentis,

77 1414 120 1436 res
133 1407 184 1436 viri
201 1408 348 1447 praeclare
363 1411 460 1447 gestas
484 1406 693 1438 Valentiniano
719 1405 893 1446 imperatori

79 1450 133 1490 (48)
144 1451 360 1484 nuntiavitJlle
371 1452 495 1483 audiens
510 1456 704 1492 stupensqne,
719 1450 894 1490 gloriﬁcavit

78 1494 170 1526 Deum:
184 1497 287 1528 multis
300 1506 389 1537 porro
400 1497 533 1536 pecuniis
541 1495 640 1527 eidem
655 1496 794 1536 qumstori
803 1496 892 1536 datis,

80 1540 149 1571 misit
163 1541 197 1571 ad
210 1540 354 1572 Basilium
368 1544 398 1571 in
410 1547 495 1571 usum
513 1549 674 1580 egenorum
688 1540 894 1580 (49).Basilius

932 911 986 941 tias
997 911 1112 942 Christo
1125 912 1153 942 in
1165 911 1305 951 scriptis?
1319 924 1331 939 ιι
1348 912 1478 943 Dicitei:
1495 925 1508 940 α
1521 913 1630 945 Etiam.
1645 925 1659 944 ›
1676 916 1752 946 Por-

931 965 964 986 ro
976 956 1012 986 ad
1024 965 1091 986 eum
1103 957 1293 996 iniquitatatis
1307 959 1472 996 operarius:
1487 970 1498 985 (ι
1513 957 1543 988 Si
1555 958 1592 988 ad
1604 959 1660 989 hoc
1669 968 1752 1000 para-

932 1005 978 1031 tns
994 1011 1038 1038 es,
1055 1006 1232 1041 cooperator
1247 1001 1300 1032 tibi
1316 1002 1437 1033 eiIlciar.
1455 1015 1465 1030 η
1484 1002 1537 1034 Ille
1552 1007 1650 1034 autem
1661 1004 1699 1035 ad
1710 1004 1752 1044 ip-

931 1054 996 1076 sum
1010 1055 1016 1076 :
1038 1055 1052 1075 ‹
1065 1044 1187 1076 Paratus
1197 1054 1275 1084 sum,
1289 1049 1400 1077 tantum
1413 1051 1443 1078 ut
1455 1056 1621 1088 consequar
1630 1049 1753 1080 deside-

931 1099 1022 1121 rium.
1044 1103 1054 1119 ι

973 1138 1046 1167 Cum
1056 1135 1153 1176 itaque
1166 1136 1303 1167 maleﬁcii
1317 1136 1612 1177 ministerepistolam
1624 1139 1754 1169 conscri-

934 1180 1082 1221 psissetad
1090 1180 1286 1219 diabolum,et
1298 1181 1480 1212 tradidithoc
1490 1186 1592 1213 tenore
1598 1187 1754 1214 etsenten-

934 1227 994 1256 tia:
1017 1239 1028 1254 ι(
1047 1226 1192 1263 Quoniam
1223 1235 1276 1266 par
1297 1231 1352 1264 est,
1370 1231 1400 1257 ut
1426 1231 1562 1267 tanquam
1589 1228 1709 1260 domino
1726 1232 1755 1260 et

933 1270 1076 1311 provisori
1094 1280 1158 1302 meo
1174 1271 1319 1309 studeam,
1337 1272 1492 1312 enitarque
1512 1277 1574 1302 uta
1588 1272 1754 1304 Christiana

933 1316 1077 1355 religione
1091 1316 1255 1347 abstractus
1275 1316 1413 1347 amicitiae
1426 1321 1482 1347 tuae
1497 1316 1681 1355 admoveam,
1694 1328 1752 1358 quo

936 1365 983 1391 tua
995 1370 1062 1400 pars
1075 1361 1243 1401 impleatur;
1255 1361 1321 1391 misi
1333 1361 1368 1391 ad
1378 1365 1407 1392 te
1415 1362 1603 1401 praesentium
1615 1362 1750 1400 latorem,

935 1405 1040 1446 puellae
1052 1406 1214 1447 cupiditate
1226 1406 1400 1443 sauciatam;
1414 1406 1638 1446 impensiusque
1646 1412 1755 1447 rogout

934 1450 993 1481 voti
1009 1460 1131 1491 compos
1147 1451 1215 1486 fiat;
1232 1461 1289 1491 quo
1305 1456 1334 1481 et
1348 1451 1378 1480 in
1395 1451 1449 1482 hoc
1464 1451 1754 1492 gloriemnajorique

935 1495 1086 1527 alacritate
1098 1500 1163 1526 tuos
1173 1500 1322 1527 amatores
1331 1503 1523 1535 congregem.
1537 1508 1550 1524 ν
1565 1497 1638 1528 Data
1647 1506 1716 1527 vero
1728 1497 1756 1528 ei

936 1540 1072 1579 epistola,
1086 1539 1178 1571 dixit:
1200 1551 1211 1568 α
1224 1539 1305 1571 Vade
1318 1540 1367 1570 tali
1380 1541 1451 1570 hora
1463 1541 1602 1578 noctis,et
1612 1545 1656 1572 sta
1666 1551 1756 1582 supra

79 1587 167 1616 autem
184 1595 326 1626 magnum
353 1586 542 1626 imperatoris
568 1586 700 1616 animum
727 1585 921 1625 suspiciensC
936 1588 1161 1617 monumentum
1175 1585 1753 1626 Paganihominis,chartamquetoliein

81 1629 337 1672 probansque,pias
343 1631 449 1661 domos
456 1635 517 1661 tum
525 1633 556 1661 in
568 1629 720 1667 urbe,tum
728 1630 757 1660 in
769 1630 894 1670 singulis

81 1675 226 1714 provincia:
234 1676 371 1716 partibus
379 1675 745 1716 exstruxit,refocillandis
753 1675 892 1715 inﬁrmis;

82 1718 168 1758 iisque
178 1721 256 1751 viros
268 1721 390 1761 multos,
404 1725 434 1751 et
446 1721 589 1752 mulieres
606 1729 784 1760 puerosque,
799 1720 893 1761 pluri-

83 1772 148 1794 mam
157 1765 199 1796 eis
208 1775 314 1797 curam
328 1766 523 1806 levamenque
543 1765 735 1803 adhibens,in
747 1766 832 1796 lectis
845 1775 895 1805 po-

82 1809 140 1840 suit.
156 1809 211 1842 Ubi
229 1820 301 1842 vero
319 1810 480 1851 imperator
506 1810 630 1850 audivit,
648 1810 757 1841 multos
781 1810 895 1842 reditus

82 1852 106 1882 in
117 1862 214 1886 eorum
225 1859 364 1895 sumptus
380 1860 409 1886 et
425 1858 684 1895 sustentationem,
701 1855 810 1886 Christi
826 1855 892 1886 hie-

84 1899 203 1930 rarcbam
216 1904 247 1931 et
257 1900 430 1941 pontiﬁcem
446 1909 501 1931 ceu
516 1904 631 1941 patrem
652 1900 757 1930 honori
782 1899 894 1931 habens

83 1941 222 1982 largitione
236 1944 334 1976 dedit.

116 1989 261 2021 Helladius
291 1989 354 2030 (50)
380 1993 490 2020 sancta:
514 1989 743 2027 recordationis,
758 1992 806 2030 qui
831 1991 895 2031 ipse

85 2032 220 2074 inspector
231 2040 260 2066 et
271 2034 411 2066 minister
421 2035 477 2065 fuit
490 2034 700 2066 miraculorum
714 2035 750 2065 ab
766 2036 830 2075 ipso
841 2045 894 2076 pa-

86 2080 346 2120 lratorum,quique
353 2083 417 2120 post
429 2079 544 2110 obitum
559 2080 687 2110 conserti
698 2080 812 2112 honore
823 2091 894 2121 apo-

84 2122 156 2154 stolis
163 2124 343 2165 Basiiii,ejus
350 2124 452 2155 sedem
459 2124 796 2165 successoraccepit,vir
804 2126 897 2156 admi-

936 1640 1016 1671 aera;
1025 1635 1054 1661 et
1066 1635 1171 1671 prmsto
1184 1635 1282 1668 erunt,
1296 1630 1345 1670 qui
1358 1633 1385 1660 te
1397 1630 1515 1661 ducturi
1525 1636 1595 1661 sunt
1605 1631 1641 1662 ad
1653 1631 1754 1662 diabo-

937 1676 1009 1707 lum.
1031 1688 1042 1704 n
1065 1675 1092 1706 Is
1104 1679 1164 1708 tota
1180 1675 1412 1716 promptitudine
1425 1675 1503 1715 quod
1517 1675 1680 1716 injunctum
1693 1681 1756 1707 erat

936 1730 1056 1761 gerens,
1068 1721 1098 1751 in
1111 1720 1312 1752 miserabilem
1323 1720 1402 1750 illam
1414 1720 1633 1760 erupitvocem,
1644 1721 1756 1752 diaboli

936 1766 1070 1797 invocata
1086 1775 1153 1806 ope.
1170 1765 1315 1796 Continuo
1325 1768 1423 1796 autem
1437 1765 1756 1806 astiteruntprincipes

937 1813 1088 1851 potestatis
1105 1809 1308 1848 tenebrarum,
1324 1810 1445 1850 spiritus
1461 1811 1600 1849 nequitiae
1613 1820 1755 1850 ;magno-

936 1865 993 1896 que
1002 1856 1109 1896 gaudio
1123 1855 1281 1895 deceptum
1294 1855 1534 1895 suscipientes,in
1552 1855 1646 1886 locum
1659 1856 1756 1886 abdu-

935 1905 1043 1932 xerunt
1053 1901 1103 1931 ubi
1112 1900 1249 1931 diabolus
1256 1904 1420 1940 erat,atque
1433 1901 1592 1931 ostendunt
1601 1901 1755 1932 sedentem

937 1946 967 1976 in
984 1946 1058 1977 solio
1071 1945 1200 1986 excelso,
1213 1955 1301 1985 quem
1315 1945 1437 1985 spiritus
1452 1955 1580 1986 nequam
1602 1947 1632 1977 in
1652 1947 1755 1977 orbein

937 1991 1176 2023 circumstarent.
1194 1990 1334 2030 Acceptis
1358 1999 1426 2021 vero
1450 1991 1570 2022 veneﬁci
1587 1991 1702 2028 litteris,
1718 1991 1758 2021 ait

938 2038 974 2067 ad
986 2036 1139 2067 miserum:
1155 2048 1167 2064 ί
1180 2035 1283 2067 Credis
1299 2035 1329 2066 in
1342 2035 1412 2066 me?
1426 2048 1437 2063 η
1453 2036 1521 2066 Ait:
1536 2047 1547 2063 «ι
1562 2036 1668 2067 Credo.
1688 2049 1691 2063 γ
1710 2037 1757 2066 Ait

938 2081 1007 2112 ille:
1029 2093 1041 2109 ι(
1057 2080 1136 2120 Nega
1153 2080 1301 2111 Christum
1315 2083 1406 2110 tuum.
1423 2091 1435 2108 υ
1449 2079 1602 2111 Dixitille:
1617 2091 1630 2110 ς
1644 2080 1754 2120 Nego.»

940 2126 989 2156 Ait
999 2125 1055 2166 ipsi
1067 2125 1203 2157 diabolus
1217 2134 1223 2156 :
1238 2137 1251 2152 ‹‹
1268 2124 1395 2156 Scelesti
1411 2125 1482 2155 estis
1493 2134 1544 2155 vos
1555 2124 1759 2165 Christiani,et

81 2168 192 2214 rendus,
207 2169 353 2211 omnique
368 2169 477 2200 virtute
501 2168 737 2201 cumulatissime
760 2175 894 2212 ornatus,
906 2171 1059 2214 unidem
1076 2171 1193 2211 quando
1210 2178 1257 2201 me
1279 2178 1353 2209 opus
1376 2169 1500 2206 habetis,
1514 2169 1620 2200 venitis
1634 2169 1670 2200 ad
1684 2179 1731 2200 me
1749 2180 1756 2202 :

83 2212 145 2244 mihi
157 2215 268 2247 retulit.
287 2216 415 2247 Senator
427 2214 560 2255 quidam,
571 2213 616 2244 vir
623 2214 732 2256 ﬁdelis,
744 2215 896 2248 Proterius

83 2258 203 2296 nomine.
217 2269 287 2292 cum
303 2259 339 2291 ad
355 2268 439 2291 sacra
449 2264 479 2290 et
489 2260 658 2291 veneranda
671 2260 735 2292 ioca
750 2270 812 2293 una
827 2272 893 2295 cum

113 2381 163 2416 (ιε)
181 2381 414 2413 Valentinianum
437 2381 581 2418 iuniorem
607 2380 825 2418 intelligendum
847 2385 894 2414 hic

84 2422 170 2480 aqqet
197 2418 404 2453 Combeﬂsius;
434 2418 530 2448 senior
554 2418 631 2447 enim
659 2422 724 2448 ante
751 2418 894 2450 Valentem

127 2461 132 2480 l
148 2476 154 2480 .

84 2457 154 2482 Oblti.

114 2488 163 2524 (ιθ)
182 2490 289 2526 Fundi,
310 2497 325 2519 a
341 2489 458 2519 Valente
481 2489 585 2519 Basilio
607 2489 644 2518 ad
666 2489 816 2526 hospitalis
831 2499 894 2521 sus-

84 2526 257 2563 tentationem
273 2525 341 2563 dati,
361 2526 458 2555 forsan
482 2527 665 2554 occasionem
690 2525 749 2554 haec
773 2529 895 2556 commi-

83 2562 201 2601 niscendi
223 2562 413 2601 praebuerunt
432 2568 553 2601 :_neq_ue
579 2564 655 2601 enim
683 2566 744 2597 post
769 2562 895 2601 Valentis

84 2594 181 2626 obitum
197 2594 297 2626 tahdiu
314 2598 341 2626 in
359 2598 431 2626 vivis
448 2594 569 2626 Basilius
598 2597 660 2630 fuit,
683 2594 721 2626 ἰη
741 2606 772 2627 ea
802 2599 895 2629 facere

87 2633 221 2675 {neraliter
236 2634 371 2675 potuerit,
383 2641 444 2675 quas
459 2633 560 2663 fecisse
569 2633 673 2662 dicitur
688 2639 750 2669 post
765 2641 894 2672 acceptas

85 2672 97 2692 δ
112 2666 304 2704 Valentiniano
321 2666 465 2704 pecunias.

112 2703 166 2742 .(50)
183 2703 345 2742 Helladiuin
363 2705 459 2742 Basilii
467 2704 501 2742 in
519 2704 683 2742 episcopatu
697 2712 894 2742 successorem

86 2735 173 2773 fuisse,
188 2740 325 2769 omnibus
339 2745 379 2770 est
396 2735 586 2770 indubitatum
604 2735 719 2769 {Vitam
736 2741 894 2772 decessoris

85 2771 116 2812 ab
128 2771 178 2812 illo
191 2776 394 2811 conscriptam,
410 2777 553 2805 credimus
569 2778 609 2811 (ut
626 2783 676 2812 par
692 2778 744 2811 est)
760 2777 787 2806 S.
805 2771 894 2807 Joan-

85 2808 111 2837 ni
128 2808 318 2844 Damasceno;
326 2812 374 2848 qui
388 2808 498 2841 utinam
513 2812 549 2841 ad
564 2808 743 2842 nos'tantum
759 2815 893 2843 transmi-

937 2215 989 2249 ubi
1005 2219 1102 2246 autem
1123 2218 1249 2246 assecuti
1267 2214 1337 2245 estis
1358 2213 1436 2254 quod
1448 2219 1493 2245 est
1505 2214 1534 2244 in
1546 2215 1630 2254 votis,
1643 2223 1690 2245 me
1701 2224 1757 2246 ne-

936 2265 1028 2303 gatis,
1042 2265 1071 2292 et
1082 2259 1222 2291 acceditis
1238 2259 1274 2291 ad
1290 2259 1441 2291 Christum
1463 2263 1611 2296 vestrum;
1625 2259 1675 2300 qui
1689 2269 1757 2291 cum

936 2385 1020 2414 sisset
1035 2384 1222 2415 thesaurnml
1239 2390 1306 2412 eum
1321 2382 1399 2411 enim
1415 2382 1523 2412 videtur
1539 2390 1595 2418 prae
1610 2383 1695 2412 oculis
1709 2383 1761 2412 hac

936 2421 1044 2454 buisse,
1057 2428 1123 2450 cum
1139 2421 1233 2449 locum
1246 2419 1311 2447 inde
1324 2425 1413 2447 unum
1424 2418 1575 2455 descripsit
1589 2420 1617 2447 in
1629 2420 1761 2448 oratione

936 2464 988 2493 pro
997 2457 1086 2486 sacris
1097 2456 1323 2493 imaginibusan
1334 2461 1400 2493 vero
1411 2461 1526 2493 eanuzo
1538 2455 1583 2483 hic
1593 2459 1760 2493 narrantur.

936 2490 970 2521 ex
983 2492 1111 2522 Helladio
1125 2490 1296 2531 sinulector
1306 2490 1423 2531 iudicet.
1441 2490 1536 2531 Pptuit
1553 2492 1631 2519 enim
1642 2490 1714 2531 ﬁeri.
1728 2495 1762 2519 ut

937 2536 971 2557 eo
987 2537 1044 2564 quo
1060 2526 1400 2564 pseudo-Amphilochius
1411 2526 1526 2562 scripsit
1543 2531 1679 2564 tempore,
1690 2527 1762 2564 frag-

937 2562 1031 2594 menta
1049 2562 1180 2599 dumdam
1197 2562 1316 2592 Helladii
1331 2567 1485 2599 exstarent,
1502 2570 1566 2599 quas
1581 2562 1761 2599 ipsc-fetule-

936 2600 972 2629 rit
1001 2600 1029 2629 in
1057 2597 1199 2629 Basiliam
1228 2605 1322 2628 suum.
1355 2597 1437 2632 Quod
1458 2597 1554 2628 attinet
1583 2597 1618 2627 ad
1643 2597 1762 2627 Proterii

935 2635 1031 2669 ﬁliam,
1051 2645 1066 2665 a
1085 2636 1210 2664 dzemone
1235 2636 1263 2663 in
1292 2640 1419 2662 amorem
1440 2633 1558 2669 juvenis
1575 2635 1759 2667 concitatam,

935 2671 1027 2700 simile
1043 2671 1112 2708 quid
1131 2672 1284 2708 contigisse
1302 2670 1342 2708 β.
1366 2669 1459 2708 tiaris:
1483 2670 1664 2708 Antiochense
1688 2669 1761 2698 refe-

935 2708 1026 2747 rimus
1041 2704 1118 2747 tomo
1135 2707 1178 2735 Vll
1201 2704 1273 2740 Maii,
1293 2704 1347 2747 die
1364 2704 1409 2737 29.
1436 2712 1501 2747 pag.
1517 2706 1560 2747 55.
1579 2705 1644 2747 Mihi
1667 2709 1760 2747 tamen

937 2743 1128 2772 verosimilius
1161 2748 1224 2775 est,
1264 2741 1397 2770 eumdem
1435 2740 1488 2805 lqui
1527 2740 1761 2776 Amphilochium

937 2780 1076 2805 mentitus
1104 2783 1146 2805 est
1174 2778 1289 2805 mentiri
1319 2777 1404 2805 etiam
1462 2776 1595 2805 elladium
1624 2777 1760 2805 noluisse.

936 2780 1076 2809 mentitus
1104 2783 1146 2808 est
1174 2778 1289 2808 mentiri
1319 2777 1404 2806 etiam
1435 2776 1595 2806 Helladium
1624 2777 1760 2812 potuisse.
