2005 3142
237 142 344 167 CCCVI”

958 129 1254 162 PROLEGOMENA.

235 202 274 233 sit
289 201 395 238 bonus,
412 209 465 231 vos
480 199 616 238 suscipit.
629 199 786 229 Enimvero
802 199 846 228 fac
864 198 974 237 scripto
989 199 1049 242 tum
1063 199 1081 223 Α
1093 197 1299 228 confusionem
1324 207 1418 229 meam
1430 198 1446 228 ?
1462 197 1525 229 Heu
1543 209 1590 230 me
1605 199 1752 231 infelicem
1765 205 1771 232 l
1784 201 1815 232 in
1829 203 1904 242 quod

236 246 348 277 Christi
364 245 406 276 tui
417 249 445 275 et
455 244 639 284 baptismatis
654 250 847 284 spontaneum
858 241 1052 273 abrenuntia-

236 291 358 330 tionem,
376 295 436 320 tum
455 289 578 320 liberam
596 289 625 319 in
641 299 688 319 me
705 289 734 318 in
749 289 856 319 stecula
872 288 1052 321 cautionem,

235 336 372 376 quodque
386 343 502 365 mecum
518 334 559 364 sis
575 334 690 364 futurus
701 334 730 363 in
747 334 794 363 die
807 332 924 372 judicii,
935 341 1051 362 mecum

234 385 335 420 parata
342 379 414 410 mihi
425 382 533 409 aeterna
542 378 1054 418 percepturussupplicia,moxoque

234 425 343 464 impleo
358 428 424 454 vota
439 428 498 453 tua.
517 435 530 449 ιο
551 426 587 454 At
601 422 652 454 ille
671 432 758 453 manu
772 423 891 462 propria
909 423 1051 461 scriptum

233 469 335 506 edidit,
350 468 435 508 quale
451 469 545 498 fuerat
561 471 689 506 rogatus.

274 516 343 545 Post
362 514 425 544 haec
440 521 508 543 vero
520 512 685 542 animarum
698 511 815 542 vitiator
824 511 1052 547 dracodestinat

232 560 385 590 daemones
398 557 587 589 fornicationi
603 557 872 597 przepositos,iique
883 557 1008 596 puellam
1023 557 1052 586 in

232 604 286 634 viri
295 612 429 634 amorem
436 602 665 634 incendunt.llla
673 606 772 632 autem
783 602 910 641 seipsam
919 602 948 631 in
957 601 1051 632 solum

229 649 356 688 jactans,
375 648 466 688 erepit
476 647 605 678 clamare
613 647 650 677 ad
668 651 778 686 patrem
795 657 801 675 :
816 659 828 673 α
841 647 981 677 Miserere
994 645 1053 676 mei

232 693 373 732 infelicis,
389 701 479 731 quam
497 692 586 731 hujus
603 691 686 732 pueri
697 691 878 721 desiderium
895 691 988 721 dirius
1005 700 1052 721 ex-

234 737 539 777 cruciatCompatere
556 735 806 774 visceribustuis;
823 736 947 767 ostende
959 736 990 766 in
1004 745 1052 766 me

231 782 413 822 unigenitam
444 786 534 817 tuam,
552 781 688 812 affectum
714 785 892 820 paternum;
919 781 1051 820 mihique

231 827 367 867 conjugio
383 827 488 867 copula
499 826 822 865 adolescentem,quem
836 825 923 865 elegi;
934 826 1012 865 quod
1025 826 1051 855 si

231 872 308 903 nolis
318 876 468 913 praestare,
483 871 596 901 videbis
607 871 690 902 brevi
701 870 887 901 amarissima
902 871 1047 902 sublatam

231 922 337 956 morte,
354 918 476 956 Deoque
490 916 635 946 rationem
648 924 701 955 pro
714 924 762 945 me
773 915 859 946 dabis
870 916 899 945 in
916 915 1049 953 diejudi—

231 961 282 993 cii.
300 973 314 991 ν
333 961 420 992 Pater
437 966 536 991 autem
554 969 618 990 cum
638 960 772 1000 lacrymis
794 959 932 990 dicebat:
956 971 966 987 (ι
986 960 1050 990 Heu

231 1007 304 1037 mihi
317 1005 476 1046 peccaturi!
490 1004 565 1040 Quid
578 1005 634 1036 hec
644 1006 759 1034 miserae
768 1005 1050 1043 meaeﬁliaeaccidit?

230 1051 298 1091 quis
313 1060 413 1081 meum
425 1051 596 1080 thesaurum
613 1049 798 1089 depraedatus
814 1051 882 1079 est?
898 1051 965 1089 quis
981 1050 1048 1080 ﬁliae

230 1105 304 1126 mea;
319 1095 460 1135 injuriam
476 1094 598 1125 intulit?
615 1094 682 1134 quis
697 1094 785 1125 dulce
799 1094 951 1124 oculorum
969 1104 1049 1125 meo-

229 1151 294 1173 rum
319 1142 419 1172 lumen
443 1140 606 1172 exstinxit?
630 1140 787 1180 Equidem,
804 1141 852 1180 qui
876 1145 906 1170 te
931 1141 1048 1172 Christo

230 1194 340 1226 sponso
349 1186 460 1217 ctelesti
477 1185 658 1225 desponsare
674 1185 1049 1223 statuissem,angelorum-

227 1241 284 1272 que
295 1230 538 1262 contubernalem
551 1230 659 1266 facere,
672 1240 706 1260 ac
715 1230 744 1260 in
760 1239 794 1260 eo
807 1231 970 1270 posuissem
983 1236 1046 1262 stu—

229 1276 309 1307 dium
325 1280 357 1306 ut
373 1276 403 1306 in
420 1274 540 1315 psalmis
553 1275 687 1314 ethymis
703 1280 732 1305 et
747 1275 870 1305 canticis
881 1275 1046 1315 spirituali-

228 1320 282 1351 bus
294 1325 429 1351 cantares
443 1320 571 1359 Deo,per
587 1324 613 1349 te
622 1323 850 1350 consecuturum
865 1330 910 1350 me
921 1321 1045 1351 salutem

228 1366 384 1404 sperabam
399 1375 407 1405 ;
421 1369 450 1395 tu
463 1369 562 1395 autem
577 1364 606 1394 in
619 1364 745 1394 lascivia;
758 1369 880 1395 (nstrum
898 1365 1045 1396 insanisti.

227 1409 299 1441 Sine
311 1413 353 1447 ut,
372 1410 449 1443 sicut
467 1408 540 1445 volo,
555 1408 625 1438 inito
640 1410 801 1448 pacto,Deo
818 1409 1046 1449 conciliem,nec

228 1463 325 1485 meam
338 1455 373 1485 ad
385 1454 496 1484 inferos
505 1463 571 1484 cum
586 1453 839 1485 tristitiadeducas
847 1457 1043 1495 senectutem,

226 1509 259 1530 ac
272 1508 369 1540 neque
378 1503 533 1539 parentum
546 1502 661 1528 tuorum
674 1497 856 1529 nobilitatem
871 1499 1046 1530 confusione

226 1544 352 1585 operias.
373 1556 385 1571 υ
405 1545 442 1574 At
453 1543 502 1574 illa
516 1543 738 1582 ﬁoccipendens
755 1543 846 1583 patris
861 1543 960 1580 verba,
975 1554 1045 1584 per-

224 1589 381 1621 severabat
395 1589 527 1620 clamans
546 1598 552 1619 :
572 1600 582 1616 α
603 1587 702 1624 Pater,
721 1593 770 1619 aut
798 1588 843 1619 fac
862 1589 1043 1619 desiderium

225 1638 391 1671 meum,aut
404 1638 468 1674 post
481 1633 621 1673 pusillum
634 1633 745 1663 videbis
758 1638 916 1665 mortuam.
934 1646 944 1663 ι)
959 1633 1046 1665 Pater

224 1679 322 1719 itaque
334 1678 364 1709 in
376 1687 482 1718 magna
492 1678 584 1708 animi
600 1678 733 1716 angustia
748 1678 1043 1718 constitutus,abun-

224 1723 409 1763 dantiorique
421 1723 539 1753 tristitia
554 1722 721 1762 absorptus,
735 1723 957 1763 amicorumque
968 1733 1041 1755 con-

224 1768 300 1798 siliis
314 1768 507 1808 acquiescens
520 1778 526 1807 ;
540 1767 729 1798 monentibus
740 1767 799 1797 illis
813 1776 847 1797 ac
859 1768 1041 1807 dicentibus,

224 1817 365 1853 praestare
373 1812 430 1843 voti
438 1816 607 1852 compotem
619 1812 787 1852 ﬁeri,quam
800 1816 831 1842 nt
842 1812 897 1842 sibi
911 1813 974 1853 ipsa
985 1815 1041 1844 vim

223 1857 357 1896 inferrel;
366 1858 517 1888 consensit
528 1857 683 1896 indulgere
695 1858 788 1896 magis
799 1857 949 1888 desiderio
961 1858 1039 1897 ﬁlim,

223 1911 310 1942 quam
327 1906 358 1932 ut
380 1911 412 1931 se
429 1902 513 1932 mala:
536 1902 726 1942 exitiosaeque
740 1903 805 1932 neci
822 1902 960 1934 traderet.
978 1903 1041 1934 Ad-

223 1947 312 1977 ducto
323 1946 424 1986 itaque
436 1946 560 1985 quaesito
571 1947 897 1987 adolescente,ﬁliaque
908 1957 941 1978 ac
951 1948 1044 1979 facul-

222 1990 333 2021 tatibus
348 1990 489 2021 omnibns
518 2000 586 2022 eum
613 1991 793 2032 impertitus,
809 1992 900 2022 dixit:
930 2003 943 2021 α
961 1993 1046 2024 Salva

221 2035 274 2075 sis,
293 2035 363 2076 ﬁlia,
380 2044 447 2066 vere
468 2035 578 2066 misera
593 2046 600 2072 ;
617 2036 742 2066 multum
774 2036 961 2076 postmodum
979 2048 1044 2078 pa:-

221 2080 322 2111 nitens
346 2079 567 2121 lacrymaberis,
585 2090 652 2112 cum
671 2081 744 2111 nihil
762 2081 933 2121 paenitendo
950 2083 1042 2122 proﬁ-

223 2124 296 2156 cies.
314 2135 329 2155 ι

260 2172 353 2202 Porro
381 2170 508 2202 nefando
525 2171 662 2211 conjugio
678 2170 844 2209 celebrato,
860 2172 1044 2212 impletaque

220 2215 369 2247 diabolica
385 2215 493 2253 fabula,
508 2225 563 2246 nec
581 2216 673 2247 multo
691 2216 771 2256 lapso
786 2217 1041 2257 tempore,obser-

222 2260 357 2291 vantibus
367 2260 542 2301 quibusdam
555 2261 776 2302 deprehensum
790 2261 929 2302 est,qu0d
939 2261 1042 2294 adole-

220 2314 308 2336 scens
321 2315 382 2335 non
397 2305 606 2344 ingrederetur
622 2306 791 2343 ecclesiam,
805 2316 900 2347 neque
912 2307 1040 2338 immor-

221 2349 289 2380 talia
302 2350 474 2389 viviﬁcaque
490 2355 675 2381 sacramenta
683 2351 853 2390 attingeret:
866 2352 1041 2393 dictumque

222 2398 267 2425 est
276 2394 452 2425 miserandae
463 2396 548 2425 uxori
563 2396 628 2435 ejus
644 2406 650 2427 :
668 2407 678 2423 (ι
698 2395 821 2427 Nchris
832 2397 902 2435 quia
916 2398 1041 2428 maritus

221 2443 302 2476 tuus,
320 2447 408 2478 quem
426 2438 551 2478 elegisti,
569 2450 628 2470 non
652 2444 697 2471 est
713 2440 907 2482 Christianus,
921 2441 972 2473 sed
986 2451 1040 2473 ex-

221 2487 342 2514 traneus
353 2492 368 2513 a
380 2483 439 2513 ﬁde
450 2487 478 2514 et
490 2484 608 2523 penitus
620 2485 745 2515 alienus.
759 2498 769 2514 »
785 2485 839 2517 Illa
855 2486 943 2525 igitur
954 2491 1039 2518 tene-

221 2527 283 2559 bris
298 2533 327 2559 et
341 2527 444 2558 dolore
459 2528 558 2569 plena,
571 2529 692 2568 jactavit
718 2538 750 2559 se
770 2531 800 2560 in
819 2531 1016 2570 pavimentum
1031 2543 1039 2571 ;

220 2574 368 2614 coepitque
384 2572 513 2613 seipsam
530 2573 676 2613 unguibus
685 2573 843 2612 laniare,et
855 2576 978 2607 tundere
990 2587 1040 2617 pe-

220 2622 294 2655 ctus,
312 2623 400 2659 atque
426 2618 574 2650 clamare:
595 2630 606 2646 (ι
635 2620 731 2651 Nemo
760 2629 901 2660 unquam,
919 2622 969 2660 qui
985 2632 1038 2662 pa-

219 2663 355 2694 rentibus
382 2663 560 2695 inobediens
583 2663 648 2702 fuit,
666 2665 762 2694 salvus
777 2665 872 2696 factus
887 2670 943 2696 est.
961 2666 1038 2703 Quid

220 2707 427 2747 exspectabam
443 2708 576 2740 misera?
589 2707 660 2744 Quis
677 2710 751 2749 patri
762 2719 828 2741 meo
853 2711 1038 2742 annuntiabit

260 2791 302 2832 (ιι)
321 2793 413 2823 Marc.
431 2801 469 2832 ix,
487 2793 536 2826 23.

1096 242 1272 280 perditionis
1285 243 1457 273 barathrum
1474 243 1617 274 descendi
1628 248 1641 275 ’ξ
1654 250 1684 275 ut
1696 246 1766 285 quid
1781 255 1844 277 sum
1861 257 1912 278 na-

1094 290 1122 316 ta
1133 290 1146 317 ?
1161 291 1272 317 antcur
1286 292 1363 326 nata,
1379 297 1435 318 non
1454 290 1552 319 statim
1569 289 1691 329 abrepta
1708 300 1773 321 sum
1786 291 1802 320 εν
1818 302 1829 319 ι
1844 292 1912 323 Cum

1095 339 1164 369 ergo
1181 332 1224 362 vir
1238 333 1314 371 ejus,
1333 342 1435 363 errore
1459 333 1613 373 deceptus,
1628 335 1670 364 sic
1686 335 1850 374 ejulantem
1863 346 1915 367 no—

1096 377 1194 413 visset,
1210 380 1289 407 venit
1311 378 1345 408 ad
1363 387 1440 414 eam,
1456 387 1630 409 asseverans
1646 389 1704 410 non
1718 380 1756 410 ita
1772 390 1850 411 esse.
1869 381 1917 412 illa

1095 431 1154 452 non
1167 422 1241 453 nihil
1259 423 1404 462 refrigerii
1423 432 1457 453 ex
1484 423 1579 454 Verbis
1605 424 1670 464 ejus
1696 425 1855 456 delusoriis
1867 436 1914 457 ca-

1096 466 1236 506 piens,ait
1249 468 1286 498 ad
1298 468 1381 498 illum
1397 477 1403 499 :
1420 481 1432 495 ‹
1453 468 1484 499 Si
1501 477 1547 498 me
1567 474 1594 499 et
1612 470 1812 502 miserabilem
1823 481 1914 502 meam

1094 511 1223 542 animum
1245 512 1287 542 vis
1317 512 1476 543 certiorem
1506 514 1645 554 reddere,
1663 524 1739 552 cras,
1767 515 1913 547 ainbobus

1095 556 1157 595 pari
1170 566 1318 588 consensu
1335 558 1364 587 in
1377 558 1535 588 ecclesiam
1546 558 1695 598 profectis.
1714 565 1862 598 praesente
1872 571 1915 592 me

1094 601 1269 632 intemerata
1283 607 1467 633 sacramenta
1484 612 1594 637 sumas,
1613 603 1715 644 sicque
1745 605 1856 644 poteris
1872 606 1912 636 fa-

1094 654 1163 676 cere
1176 651 1287 677 certam
1305 647 1393 677 ﬁdem
1410 651 1439 677 et
1453 647 1632 678 satisfacere.
1649 661 1659 676 υ
1678 648 1762 679 Tunc
1779 649 1831 679 ille
1845 659 1910 680 coa-

1093 696 1158 722 ctus
1174 692 1248 722 dixit
1263 693 1343 731 quod
1359 694 1402 723 rei
1420 698 1507 733 caput
1522 698 1594 724 erat.

1135 737 1271 768 Protinus
1285 747 1367 777 ergo,
1381 738 1517 768 muliebri
1531 739 1701 770 inﬁrmitate
1713 740 1847 780 deposita
1862 741 1912 772 b0<

1093 790 1190 821 noque
1204 783 1327 813 consilio
1352 783 1436 822 inito,
1454 783 1544 813 currit
1572 783 1624 813 illa
1649 785 1684 814 ad
1714 792 1864 824 pastorem
1889 791 1914 817 et

1093 825 1273 866 discipulum
1282 828 1391 858 Christi
1404 827 1693 867 Basilinm,clamore
1705 829 1846 860 adversus
1862 831 1912 860 im-

1061 881 1080 906 B
1093 870 1230 909 pietatem
1248 872 1381 902 sublato:
1401 883 1411 899 «
1431 872 1572 902 Miserere
1591 873 1648 903 mei
1665 875 1799 911 miserae,
1817 880 1913 905 sancte

1092 914 1165 952 Dei;
1185 918 1329 947 miserere
1355 916 1424 954 mei,
1443 915 1549 947 Christi
1575 917 1733 957 discipule,
1752 927 1818 958 (piae
1840 929 1906 950 cum

1091 959 1278 991 daemonibus
1293 966 1475 991 contractum
1502 961 1578 992 feci:
1598 962 1747 992 miserere
1765 967 1835 1002 mei,
1851 974 1913 1004 qua}

1092 1006 1166 1044 patri
1182 1015 1247 1035 meo
1263 1005 1438 1036 inobediens
1450 1005 1501 1036 fui.
1524 1018 1533 1034 ι
1549 1007 1672 1037 Sanctus
1684 1016 1753 1038 vero
1766 1009 1801 1038 ad
1811 1008 1909 1039 illam:

1094 1060 1110 1078 ‹
1127 1051 1203 1086 Quid
1223 1050 1275 1080 tibi
1300 1051 1418 1090 accidit,
1437 1051 1569 1081 mulier?
1586 1064 1598 1078 η
1617 1054 1653 1083 At
1674 1052 1725 1082 illa
1740 1053 1827 1083 docet
1842 1054 1910 1093 quid

1090 1103 1139 1124 res
1155 1094 1272 1126 habeat.
1299 1095 1391 1126 Porro
1421 1095 1472 1125 Dei
1497 1100 1626 1135 sanctus,
1643 1099 1789 1127 accersito
1807 1107 1908 1137 puero,

1090 1139 1245 1179 qumrebat
1255 1140 1350 1178 abillo
1363 1149 1433 1170 num
1450 1140 1490 1170 ita
1502 1144 1591 1170 esset.
1607 1142 1774 1180 Respondit
1783 1141 1834 1172 ille
1844 1152 1909 1174 cum

1090 1184 1231 1224 lacrymis
1246 1194 1251 1216 :
1268 1197 1282 1212 α
1301 1185 1412 1222 Etiam,
1430 1189 1532 1215 sancte
1547 1185 1601 1216 Dei
1617 1196 1623 1216 :
1642 1194 1708 1216 nam
1727 1187 1782 1217 etsi
1797 1197 1852 1226 ego
1870 1193 1910 1218 ta-

1089 1238 1286 1269 cuero,opera
1296 1239 1360 1260 mea
1379 1230 1572 1266 clamabunt;
1590 1242 1599 1257 ο
1614 1235 1792 1271 enarratque
1808 1237 1837 1262 et
1852 1233 1911 1272 ipse

1089 1274 1125 1304 ab
1142 1275 1227 1305 initio
1244 1275 1278 1305 ad
1302 1275 1387 1305 ﬁnem
1408 1284 1503 1312 usque
1520 1281 1685 1314 pmvectam
1703 1276 1813 1307 diaboli
1831 1276 1909 1307 trau-

1090 1319 1168 1350 dem.
1181 1319 1255 1350 Tum
1270 1320 1309 1349 ait
1321 1320 1349 1349 ei
1365 1323 1504 1350 sanctus:
1524 1332 1536 1346 «
1553 1321 1604 1352 Vis
1616 1320 1652 1350 ad
1665 1321 1757 1351 Deum
1775 1327 1906 1353 nostrum

1089 1365 1221 1395 converti
1234 1364 1248 1387 9
1261 1377 1272 1393 ο
1292 1364 1347 1400 Qui
1375 1365 1414 1394 ait
1429 1375 1435 1396 :
1453 1374 1466 1393 ci
1490 1364 1582 1394 Etiam
1599 1365 1676 1401 volo,
1695 1365 1747 1395 sed
1766 1375 1825 1396 non
1842 1375 1909 1406 pos—

1088 1418 1166 1439 sum.
1185 1420 1199 1439 »
1219 1409 1298 1440 Dicit
1315 1409 1342 1440 ei
1356 1413 1494 1440 sanctus:
1515 1419 1529 1438 «
1546 1409 1622 1445 Quid
1640 1409 1729 1440 ita?»
1747 1411 1910 1450 Respondit

1088 1453 1263 1484 adolescens
1274 1454 1390 1484 dicens:
1409 1465 1421 1481 α
1435 1454 1551 1493 Scripto
1563 1454 1769 1486 abrenuntiavi
1782 1456 1908 1493 Christo,

1088 1503 1117 1529 et
1132 1499 1227 1530 foedus
1244 1499 1341 1539 pepigi
1360 1508 1427 1530 cum
1443 1498 1572 1529 diabolo.
1594 1511 1605 1528 υ
1624 1500 1700 1530 Dicit
1725 1501 1753 1530 ei
1772 1507 1907 1532 sanctus:

1056 1530 1075 1556 ο
1092 1556 1102 1572 α
1117 1543 1160 1575 Ne
1172 1545 1224 1574 tibi
1237 1530 1387 1575 sitlcdrte:
1406 1544 1500 1574 bonus
1513 1548 1558 1574 est
1573 1545 1652 1575 Deus
1668 1549 1696 1575 et
1707 1530 1908 1585 paenitentiam

1087 1594 1223 1628 agentem
1242 1593 1435 1628 suscepturus
1451 1592 1513 1618 est:
1533 1588 1592 1627 agit
1608 1589 1688 1618 enim
1705 1590 1907 1629 ptenitentiam

1087 1643 1178 1674 super
1191 1633 1314 1665 malitiis
1332 1633 1454 1664 nostris.
1475 1646 1488 1660 ι)
1509 1634 1598 1663 νοιτο
1616 1634 1711 1673 puella
1736 1635 1774 1664 ad
1800 1636 1866 1675 ejus
1880 1645 1908 1666 se

1087 1679 1180 1718 pedes
1197 1678 1371 1719 projiciens,
1389 1677 1566 1708 obsecrabat
1581 1677 1678 1708 verbis
1703 1680 1901 1718 evangelicis:

1089 1736 1102 1752 (ι
1116 1723 1272 1755 Dominiet
1291 1723 1344 1754 Dei
1356 1723 1449 1753 nostri
1462 1723 1618 1762 discipule,
1628 1723 1733 1763 siquid
1747 1729 1844 1763 potes,
1855 1725 1905 1755 ad-

1083 1770 1154 1809 juva
1166 1778 1229 1799 nos.
1248 1780 1258 1798 η
1278 1768 1357 1799 Dicit
1367 1771 1488 1799 sanctus
1498 1768 1533 1798 ad
1548 1777 1671 1807 puerum
1685 1778 1693 1798 :
1715 1781 1727 1795 ι(
1741 1769 1847 1800 Credis
1856 1770 1909 1800 sal-

1084 1823 1137 1844 vus
1149 1814 1227 1844 ﬁeri?
1240 1824 1255 1843 »
1270 1813 1319 1844 Ait
1331 1812 1409 1844 illezu
1426 1813 1800 1853 Credo,Dominc;adjtwa
1813 1815 1907 1845 incre-

1085 1859 1243 1890 dulitatem
1259 1867 1357 1889 meam
1366 1860 1416 1898 (α).
1424 1870 1436 1884 n
1446 1857 1642 1888 Etconfestim
1652 1859 1842 1898 apprehensa
1852 1860 1909 1899 ejus

1086 1913 1187 1939 manu,
1203 1907 1232 1933 et
1245 1904 1321 1934 facto
1336 1911 1427 1942 super
1439 1902 1522 1934 illum
1533 1902 1649 1934 .Christi
1662 1903 1907 1944 signaculo,fusa-

1086 1958 1143 1988 que
1174 1948 1320 1985 oratione,
1340 1946 1463 1978 reclusit
1488 1947 1616 1985 quodam
1645 1948 1720 1984 loco,
1736 1948 1816 1979 intra
1830 1959 1909 1980 sacra

1085 1998 1190 2033 septa:
1205 1993 1332 2033 dataque
1344 1992 1460 2032 regula,
1470 2002 1537 2022 cum
1553 1997 1613 2022 tres
1626 1992 1692 2023 dies
1709 2002 1768 2024 una
1779 1994 1906 2025 laboras-

1086 2042 1131 2069 set
1145 2044 1173 2069 et
1185 2048 1219 2069 se
1230 2038 1396 2073 alllixisset,
1410 2046 1476 2067 eum
1493 2037 1602 2074 invisit,
1617 2037 1716 2077 aitque
1729 2038 1772 2078 illi
1786 2049 1794 2069 :
1810 2051 1823 2066 α
1837 2039 1907 2075 Quo

1087 2084 1174 2114 modo
1191 2083 1294 2123 habes,
1312 2083 1353 2113 ﬁli
1370 2082 1410 2112 Υ»
1429 2082 1466 2112 At
1481 2082 1531 2112 ille
1545 2082 1605 2113 ait:
1627 2094 1640 2109 α
1659 2082 1690 2112 1η
1706 2092 1817 2121 magna
1832 2093 1906 2120 sum,

1087 2128 1209 2159 domine
1225 2133 1254 2159 et
1270 2136 1356 2158 serve
1373 2126 1439 2167 Dei,
1458 2127 1653 2157 necessitate:
1672 2137 1730 2157 non
1753 2128 1835 2158 enim
1851 2128 1907 2158 fero

1086 2174 1232 2204 clamores
1247 2175 1410 2213 coriim,{et
1425 2176 1555 2202 terrores
1574 2172 1744 2212 jaculaqne,
1761 2176 1790 2202 et
1806 2172 1907 2203 missos

1054 2221 1077 2247 D
1086 2217 1210 2258 lapides:
1225 2221 1363 2248 tenentes
1374 2216 1454 2248 enim
1467 2225 1556 2246 manu
1569 2217 1689 2256 propria
1700 2216 1810 2248 editam
1820 2217 1905 2248 sche-

1083 2263 1163 2301 dam,
1185 2272 1303 2294 mecum
1331 2265 1475 2302 pugnant,
1495 2261 1651 2292 dicentes:
1669 2260 1713 2292 Tu
1741 2262 1847 2293 venisti
1873 2261 1905 2293 ad

1083 2318 1138 2339 nos
1153 2317 1230 2346 ;non
1244 2316 1296 2338 nos
1307 2307 1344 2337 ad
1354 2312 1393 2337 te.
1412 2319 1425 2334 ι
1440 2306 1490 2336 Ait
1500 2306 1543 2336 illi
1555 2310 1686 2338 sanctus:
1702 2319 1716 2334 ι(
1732 2309 1778 2337 Ne
1794 2309 1905 2346 timeas,

1084 2353 1136 2384 ﬁli:
1155 2357 1267 2384 tantum
1280 2352 1381 2390 crede;
1399 2355 1427 2382 et
1440 2351 1507 2382 data
1518 2352 1546 2382 ei
1560 2360 1628 2382 esca
1641 2351 1906 2392 modica,factoque
1931 2366 1933 2368 τ

1084 2407 1201 2429 rursum
1218 2406 1308 2438 super
1323 2406 1390 2427 eum
1409 2396 1518 2427 Christi
1532 2396 1684 2436 signaculo
1709 2402 1739 2427 et
1761 2397 1905 2435 oratione,

1083 2443 1203 2474 inclusit
1219 2443 1328 2473 denuo.
1347 2454 1357 2469 ι
1373 2442 1444 2472 Post
1459 2450 1568 2481 paucos
1587 2449 1658 2471 vero
1689 2440 1756 2471 dies
1783 2441 1906 2473 visitavit

1084 2488 1204 2519 etdixit:
1221 2486 1393 2523 «Quomodo
1406 2485 1661 2523 habes,ﬁli?nAit:
1679 2484 1786 2516 «Pater
1796 2491 1903 2525 sancte,

1084 2543 1100 2564 a
1116 2533 1204 2572 longe
1214 2532 1359 2562 clamores
1375 2531 1493 2561 illorum
1507 2535 1536 2561 et
1549 2530 1645 2561 minas
1656 2530 1756 2561 audio:
1770 2540 1837 2561 nam
1849 2539 1905 2561 non

1081 2578 1169 2609 video
1183 2587 1244 2608 eos.
1259 2591 1270 2606 η
1289 2576 1325 2607 Et
1338 2584 1453 2613 rursus,
1467 2577 1535 2606 dato
1552 2576 1580 2606 ei
1595 2575 1660 2606 cibo
1677 2579 1706 2606 et
1721 2576 1795 2606 fusis
1807 2575 1904 2616 preci-

1081 2623 1149 2662 bus,
1178 2623 1281 2654 clausit
1302 2622 1425 2661 ostium,
1442 2625 1472 2651 et
1498 2621 1646 2651 discessit.
1676 2619 1903 2660 Quadragesimo

1086 2669 1204 2700 demum
1216 2667 1263 2698 die
1276 2676 1343 2697 eum
1357 2665 1516 2705 adiens,ait
1526 2665 1569 2695 illi
1586 2674 1592 2696 :
1608 2675 1620 2693 ι
1635 2664 1791 2701 Quomodo
1803 2665 1902 2701 habes,

1083 2712 1200 2745 frater?
1220 2724 1232 2739 ιν
1245 2710 1409 2752 Respondit
1419 2711 1488 2742 ille:
1510 2722 1523 2738 α
1535 2710 1629 2750 Bene,
1641 2714 1743 2742 sancte
1757 2710 1830 2741 Dei:
1847 2709 1903 2740 vidi
