2005 3142
240 177 313 201 coax
939 166 1044 197 PROLL

1087 165 1235 199 OMENA.

240 238 326 274 siam,
345 237 486 278 praecepit
510 236 683 277 presbytero
697 240 729 266 ut
743 235 864 265 missam
880 234 1058 266 celebraret.
1071 240 1090 263 A
1103 236 1248 267 civitatem
1267 244 1333 267 cum
1359 236 1478 275 gaudio,
1496 234 1653 266 laudantes
1669 239 1696 265 et
1723 231 1928 265 benidicentes

241 282 294 314 Ille
309 288 406 314 autem
435 282 477 313 ait
489 282 526 312 ad
548 290 614 312 eum
630 290 636 312 :
666 293 678 308 α
697 279 804 311 Sancte
820 280 885 316 Dei,
901 284 934 310 ut
960 279 1060 315 doces,
1106 278 1210 311 Deum.

240 327 317 368 quod
344 327 443 357 minus
458 330 503 358 est
523 335 540 356 a
555 325 674 357 meliori
690 324 889 355 benedicitur.
905 337 917 351 γι
946 324 1023 355 Dicit
1036 324 1062 354 ei
1106 324 1236 364 Fratres,
1254 326 1455 356 narrationem
1485 324 1550 354 volo
1567 325 1663 355 facere
1688 324 1749 364 (52)
1767 323 1804 354 de
1822 333 1927 363 magno

239 376 357 403 sanctus
382 373 469 403 Pater
483 375 604 401 noster:
635 380 649 399 ‹
664 370 707 400 Ad
724 369 856 410 reliquas
871 372 936 399 tuas
958 378 1062 399 omnes
1105 374 1134 399 et
1148 369 1257 399 celebri
1270 369 1379 400 Basilio
1396 373 1425 400 et
1439 368 1568 409 Ephrem
1585 370 1657 409 Syro
1670 369 1746 408 (53).
1761 368 1797 399 Et
1813 377 1847 399 ea
1857 369 1927 408 qui-

240 415 556 457 virtutes,obedientia
570 414 702 446 accedat.
717 426 729 444 ι
749 413 949 445 Consentiens
963 418 1059 444 autem
1105 413 1172 444 dem
1189 423 1256 453 quae
1271 419 1405 454 spectant
1416 413 1451 445 ad
1470 415 1586 445 Patrem
1604 419 1750 451 nostrum,
1767 413 1830 453 ipse
1846 413 1928 450 vidi;

239 461 392 501 presbyter
414 460 505 491 astitit
518 460 554 491 ad
571 468 655 490 sacra
679 459 852 489 missarum.
868 457 960 488 Porro
984 462 1060 488 tem-
1103 467 1168 498 qua;
1190 464 1287 489 autem
1303 459 1339 489 ad
1365 462 1497 489 sanctum
1514 463 1543 489 et
1560 460 1699 489 eximium
1724 457 1865 498 Ephrem,
1890 467 1926 488 ex

240 515 312 545 pore
338 505 513 536 evelatienis
538 504 645 535 viviﬁci
671 504 806 544 corporis
830 502 949 533 Domini
967 502 1060 532 nostri
1104 503 1199 534 veraci
1212 504 1276 543 ejus
1287 512 1339 534 ore
1354 504 1468 534 audivi:
1487 503 1531 533 sic
1547 508 1645 534 autem
1662 503 1783 534 habent.
1801 502 1858 533 Ubi
1873 512 1925 533 ce-

237 552 306 582 .lesu
320 551 441 587 Christi,
454 551 526 582 vidit
537 554 656 581 sanctus
672 549 724 581 Dei
736 553 765 580 et
773 549 892 589 quidam
902 549 939 579 de
947 548 1057 587 dignis,
1103 547 1193 578 lebris
1206 547 1257 578 ille
1273 547 1414 587 Ephrem,
1430 556 1522 586 agens
1533 547 1564 578 in
1579 548 1710 584 deserto,
1722 557 1778 587 qua
1789 557 1823 577 ex
1837 547 1928 587 Spiri-

237 596 457 626 sanctissimum
482 595 639 636 Spiritum,
656 593 889 625 descendentem
910 592 941 623 in
957 593 1057 632 specie
1103 596 1149 622 tus
1161 593 1254 623 sancti
1265 592 1466 624 illustratione
1478 593 1675 632 vidissetqua
1690 601 1723 622 ex
1734 591 1886 622 desiderio
1897 598 1927 622 et

237 640 324 679 ignis,
341 640 637 680 circumdantemque
654 637 860 679 presbyterum
877 642 907 668 et
921 643 1055 668 sanctum
1099 637 1342 677 percunctatione
1357 637 1510 667 didicisset
1532 637 1706 667 admiranda
1720 636 1816 667 Patris
1831 637 1923 668 nostri

234 686 340 717 altare.
354 684 487 725 Cumque
499 686 812 720 communicassemus,
827 686 856 712 et
870 681 932 712 Deo
948 681 1058 720 egisse-
1098 681 1197 712 Basilii
1213 690 1304 721 opera
1317 693 1324 719 ;
1339 683 1432 713 Deum
1450 681 1562 711 intente
1574 681 1745 721 jugiterque
1761 681 1876 720 orabat,
1894 686 1925 711 ut

235 739 301 760 mus
317 728 591 768 gratias,rediimus
601 729 632 758 in
648 728 771 758 domum
790 725 1057 767 presbyteri,cibo'
1100 727 1155 764 ipsi
1171 726 1331 762 revelaret,
1343 726 1438 766 qualis
1453 726 1576 765 Magnus
1591 726 1716 757 Basilius
1725 730 1816 756 esset.
1830 725 1861 756 ln
1874 735 1922 756 ex-

235 783 293 813 que
308 779 437 815 sumpto,
454 774 527 805 dixit
543 773 586 804 illi
607 776 725 803 sanctus
738 771 791 802 Dei
806 782 812 803 :
845 782 859 799 «ι
880 771 969 801 Refer
982 770 1056 815 mihi
1099 770 1200 800 stasim
1210 779 1282 809 ergo
1291 770 1921 810 raptus,videt(olumnamignis.cujusver-

235 818 315 850 unde
331 814 487 850 thesaurus
503 818 558 848 iste
572 828 580 857 ;
605 821 634 848 et
648 825 715 854 quae
731 819 776 846 est
790 816 849 846 vita
864 818 936 846 tua?
948 825 962 844 ›
981 814 1057 845 Dicit
1098 818 1145 845 tex
1161 815 1324 854 attingebat
1341 815 1449 846 cmlum
1464 824 1596 854 :voxque
1610 815 1650 845 de
1664 815 1738 846 coelo
1753 815 1865 851 audita,
1877 815 1922 844 di-

235 864 260 894 ei
286 864 439 904 presbyter
456 875 462 891 :
493 875 507 890 α
521 862 592 901 Ego,
605 866 706 892 sancte
721 861 785 898 Dei,
803 860 892 890 homo
918 863 1057 900 peccator
1099 869 1190 890 cens:
1211 860 1371 900 cEphrem,
1388 859 1516 898 Ephrem
1531 870 1536 890 :
1556 860 1809 897 quemadmodum
1827 858 1922 890 vidisti

234 896 311 945 sum,
329 896 457 947 publicis
473 896 593 938 tribulis
608 896 790 950 obnoxius.)
803 906 878 950 Sunt
894 896 982 944 porro
998 904 1056 934 duo
1068 925 1087 950 Β
1098 896 1266 950 columnam
1284 896 1371 950 ignis,
1391 896 1539 950 ejusmodi
1552 896 1596 934 est
1612 905 1738 944 Magnus
1754 904 1891 950 Basilius.
1909 918 1917 931 ι

231 953 303 992 juga
314 952 403 983 boum
414 963 422 993 ;
433 961 525 982 unum
537 951 658 990 quidem
670 959 724 989 ego
737 949 818 980 mino
831 948 973 986 galternm
986 956 1054 978 vero
1068 948 1082 950 ⁷
1100 949 1136 980 Et
1151 949 1250 980 statim
1276 948 1409 979 adhibito
1424 949 1597 988 interprete,
1617 950 1693 980 velut
1709 949 1793 979 rudis
1814 949 1921 987 linguze

235 1006 320 1027 meus
337 992 539 1027 mercenarius
553 1000 598 1036 ;et
609 994 733 1025 alterum
747 992 867 1033 quidem
879 992 909 1022 in
924 993 1055 1023 ministe-
1098 994 1218 1031 Graecae,
1235 993 1314 1024 venit
1325 993 1360 1023 ad
1375 1002 1508 1032 magnam
1524 993 1679 1024 ecclesiam
1693 992 1825 1024 celebris
1842 994 1921 1024 urbis

231 1041 308 1070 rium
322 1041 402 1071 cedit
413 1040 579 1080 hospitum;
591 1039 717 1070 alterum
728 1042 826 1068 autem
837 1037 868 1067 in
878 1036 1053 1076 obsequium
1097 1037 1239 1069 Ctesareaa
1254 1048 1260 1069 :
1278 1038 1313 1068 ad
1328 1047 1414 1077 quam
1432 1038 1497 1077 ipsa
1511 1047 1616 1077 magna
1632 1038 1869 1078 Epiphaniorum
1877 1048 1921 1068 so-

232 1085 420 1117 tributorum:
439 1089 542 1124 estque
557 1083 727 1114 confamula
741 1082 803 1112 haec
818 1091 892 1112 uxor
907 1090 984 1120 mea,
998 1082 1054 1111 ho—
1099 1083 1250 1113 lemnitate
1280 1083 1471 1123 perveniens,
1497 1083 1631 1122 clamque
1660 1083 1825 1122 ingressus,
1851 1083 1920 1113 vidit

231 1129 357 1169 spitibus
382 1129 553 1160 mlnistrans
577 1131 606 1158 et
629 1127 743 1157 mihi.)
773 1126 824 1157 Ait
844 1125 887 1156 illi
917 1130 1051 1156 sanctus:
1098 1128 1307 1168 procedentem
1325 1127 1461 1166 Magnum
1473 1127 1920 1167 Basilium;aitqnesociosuo:

234 1185 246 1200 «
265 1173 345 1204 Voca
360 1174 440 1204 illam
464 1181 611 1210 sororem,
626 1172 711 1211 juxta
735 1170 814 1210 quod
832 1173 896 1207 est;
923 1170 1055 1210 mihique
1100 1184 1111 1200 α
1130 1172 1162 1203 In
1178 1181 1296 1212 vanum,
1311 1177 1394 1212 puto,
1409 1171 1619 1202 laboravimus.
1638 1172 1739 1202 Frater
1755 1173 1810 1202 iste
1827 1173 1918 1210 enim,

231 1218 338 1248 edicito
352 1218 484 1257 reliquas
497 1222 560 1248 tuas
569 1217 705 1247 virtutes.
723 1227 737 1242 ι)
749 1214 826 1246 Dicit
837 1215 865 1245 ei
877 1214 1051 1254 presbyter:
1097 1217 1126 1248 in
1143 1222 1224 1248 tanto
1236 1217 1326 1255 gradu
1343 1216 1532 1256 positus,non
1544 1221 1588 1246 est
1603 1217 1719 1256 qualem
1733 1217 1802 1248 vidi.
1819 1230 1833 1244 »
1848 1216 1920 1248 Con-

234 1263 316 1293 cNon
328 1263 423 1293 habeo
435 1262 598 1302 quidquam
611 1260 683 1291 boni
694 1268 782 1300 super
794 1264 914 1297 terram,
928 1258 963 1289 ab
974 1259 1054 1289 omni
1095 1261 1240 1302 spiciebat
1255 1261 1334 1292 enim
1348 1261 1489 1291 amictum
1502 1261 1575 1291 stola
1592 1261 1731 1301 candida,
1740 1271 1918 1302 sacrumque

229 1307 336 1338 virtute
353 1312 510 1338 extraneos
525 1316 602 1337 sum.
624 1316 635 1332 α
650 1305 727 1336 Dicit
741 1304 769 1334 ei
783 1304 951 1334 communis
966 1303 1052 1334 Pater
1094 1307 1173 1337 circa
1187 1308 1283 1347 ipsum
1294 1307 1420 1345 clerum,
1432 1305 1508 1336 albis
1521 1305 1656 1336 indutum
1667 1310 1694 1336 et
1706 1307 1733 1336 ei
1747 1306 1916 1346 obsequen-

230 1356 352 1383 noster:
374 1348 756 1390 «Surge,eteamussimul.
771 1361 783 1376 ι
806 1348 891 1379 Ducit
901 1357 970 1379 vero
982 1357 1050 1379 eum
1094 1355 1163 1382 tem.
1191 1350 1277 1382 Stans
1293 1359 1366 1390 ergo
1389 1353 1418 1380 in
1442 1353 1557 1381 secreto
1574 1350 1639 1381 loco
1663 1351 1813 1390 ecclesiae,
1831 1352 1918 1391 erepit

229 1395 260 1426 in
277 1397 380 1427 cellam
397 1405 484 1427 unam
497 1395 604 1425 domus
616 1394 692 1434 ejuS,
707 1397 736 1423 el
750 1394 790 1423 ait
804 1392 864 1423 illi:
885 1404 896 1420 α
908 1393 1000 1433 Aperi
1011 1394 1052 1432 ja-
1093 1396 1374 1435 velutdeproposito
1391 1394 1563 1434 desperare,
1577 1395 1681 1426 dicens
1692 1396 1771 1426 intra
1785 1405 1828 1427 se:
1844 1395 1917 1426 «Nos

229 1450 330 1473 nuam.
345 1454 355 1470 υ
370 1441 487 1472 Atille:
503 1452 514 1468 ι
529 1441 691 1479 Ne,sancle
701 1437 1052 1477 Dei,tnejusserisingre-
1093 1441 1144 1479 qui
1161 1441 1339 1481 portavimus
1356 1440 1471 1479 pondus
1487 1440 1547 1470 diei
1564 1445 1592 1470 et
1603 1445 1691 1472 aestus
1707 1441 1781 1471 nihil
1795 1441 1918 1482 profeci-

228 1487 277 1517 di:
298 1486 438 1527 quoniam
460 1494 532 1515 usus
556 1483 731 1514 estdomus.
752 1494 763 1509 ιι
786 1482 837 1513 Ait
851 1483 878 1512 ei
903 1487 1022 1512 sanctus
1043 1493 1050 1512 :
1093 1495 1180 1525 mus;
1198 1485 1245 1516 hic
1257 1489 1370 1521 autem,
1384 1484 1412 1514 in
1429 1488 1509 1514 tanto
1522 1484 1674 1523 comitatu,
1689 1490 1719 1516 et
1735 1486 1850 1516 honore
1860 1486 1916 1516 hu-

232 1545 242 1561 ιι
257 1533 350 1564 Etiam
364 1541 417 1572 ego
434 1530 501 1562 veni
516 1530 553 1560 ad
568 1530 647 1560 hunc
662 1538 761 1559 usum.
778 1539 791 1557 ii
808 1527 942 1569 Cumque
958 1529 1050 1559 nollet
1093 1540 1191 1568 mano,
1210 1534 1254 1560 est
1269 1529 1408 1560 columna
1421 1529 1517 1569 ignis?
1533 1529 1623 1561 Plane
1634 1531 1736 1561 miror.
1753 1544 1764 1558 ιι
1783 1530 1853 1562 Haec
1869 1531 1918 1561 ita-

229 1578 381 1618 presbyter
397 1575 514 1615 aperire
529 1579 655 1615 portam,
666 1582 805 1605 sermone
819 1573 939 1614 aperuit
949 1573 1048 1604 admi-
1091 1584 1159 1613 quae
1173 1575 1237 1615 ipso
1255 1574 1414 1614 cogitante,
1433 1573 1512 1604 misit
1538 1574 1573 1605 ad
1590 1584 1658 1605 eum
1674 1579 1795 1606 sanctus
1818 1576 1915 1606 archi-

229 1623 331 1653 rabilis
342 1623 430 1654 Pater
446 1625 557 1651 noster:
575 1622 787 1658 ingressusque
802 1618 971 1648 morbidum
987 1618 1079 1656 illicc
1091 1620 1246 1650 diacouum
1273 1628 1371 1657 suum,
1391 1618 1513 1650 dicens:
1535 1632 1547 1646 τι
1562 1618 1644 1650 Vade
1667 1619 1703 1649 ad
1722 1624 1837 1659 portam
1853 1630 1918 1660 quae

227 1668 380 1698 hominem
391 1671 420 1697 et
427 1663 658 1700 ulcerosum,cui
668 1663 808 1703 pleraque
816 1663 950 1702 corporis
958 1671 1050 1693 mem-

227 1711 280 1742 bra
295 1712 469 1747 deﬂuerent,
487 1708 610 1746 invenit,
628 1717 686 1738 uno
701 1707 816 1738 sciente
832 1707 1003 1747 presbytero
1020 1711 1049 1738 et

229 1765 333 1786 sorore
358 1756 436 1794 ejus.
452 1754 565 1785 Dicitei
590 1756 711 1783 sanctus
733 1752 820 1783 Pater
833 1754 956 1782 noster:
985 1763 994 1779 α
1014 1753 1050 1783 Ut

228 1800 299 1840 quid
314 1799 431 1830 voluisti
440 1798 538 1829 celare
551 1797 722 1827 thesaurum
735 1802 816 1826 tuum
829 1796 916 1826 istum
925 1796 956 1826 ‘2»
971 1797 1048 1828 Dicit

227 1845 254 1876 ei
271 1843 434 1884 presbyter:
454 1844 626 1881 «Promptus
641 1841 1046 1881 est,domine,etinjuriosus,

227 1889 373 1929 timuique
381 1897 419 1918 ne
427 1888 501 1917 forte
513 1886 543 1916 in
550 1886 639 1917 verbo
647 1886 823 1916 oﬂ'enderet.
831 1885 956 1917 nDicitei
963 1886 1049 1917 Pater

226 1938 343 1964 noster:
365 1945 378 1960 α
392 1932 473 1962 Bene
488 1931 567 1962 circa
583 1930 680 1969 ipsum
697 1930 814 1962 certasti
828 1939 834 1961 ;
852 1931 918 1961 sine
931 1940 1000 1961 vero
1016 1938 1048 1961 ut

226 1980 256 2008 et
267 1987 320 2016 ego
336 1977 391 2007 hac
407 1980 494 2007 nocte
510 1975 552 2006 illi
568 1975 733 2005 ministrem
748 1986 755 2012 ;
773 1985 830 2015 quo
844 1984 898 2016 per
915 1979 943 2006 te
957 1977 1045 2006 etiam

225 2022 397 2052 mercedem
414 2029 590 2060 consequar.
608 2032 622 2048 ι
641 2018 767 2050 Dimisso
782 2024 881 2050 autem
896 2025 1000 2051 sancto
1016 2021 1045 2052 in

225 2067 302 2098 cella
308 2077 375 2098 cum
386 2066 587 2106 ulceroso,cui
599 2065 693 2096 morbi
702 2066 744 2095 vis
754 2066 799 2096 vel
811 2075 913 2097 vocem
922 2067 1046 2098 ademe-

223 2116 278 2152 rat,
297 2112 396 2142 clauso
422 2112 511 2150 ostio,
527 2110 730 2141 discessimus.
759 2110 815 2146 Qui
830 2116 927 2141 autem
940 2111 1044 2142 vulne-

225 2157 310 2187 ribus
324 2156 512 2195 medebatur,
531 2155 602 2186 fusis
616 2163 706 2194 super
722 2164 788 2185 eum
805 2159 864 2186 tota
879 2160 966 2186 nocte
983 2165 1047 2195 pre-

227 2201 322 2240 cibus,
335 2201 505 2241 supplicans
516 2199 589 2237 Deo,
602 2200 652 2240 qui
667 2200 802 2230 morbum
819 2209 938 2230 omnem
949 2206 977 2231 et
987 2202 1046 2231 lan-

224 2255 346 2285 guorem
359 2250 452 2284 sanat,
471 2245 583 2275 curavit
597 2244 695 2275 illum.
706 2243 864 2284 Presbyter
879 2248 978 2275 autem
995 2245 1045 2285 qui

1091 1664 1214 1704 respicit
1228 1663 1427 1701 occidentem,
1445 1663 1547 1703 ibique
1559 1663 1588 1694 in
1607 1664 1742 1695 ecclesiae
1753 1665 1861 1703 augqu
1871 1674 1918 1695 re-

1091 1710 1187 1748 peries
1202 1708 1350 1748 abbatem,
1365 1708 1509 1738 cucullam
1520 1708 1681 1740 habentem
1692 1710 1723 1740 in
1733 1710 1912 1750 capite,cum

1090 1754 1218 1794 quodam
1231 1753 1301 1792 alio,
1311 1752 1521 1790 raribarbium,
1531 1754 1683 1794 pusillum,
1697 1759 1727 1785 et
1736 1759 1843 1785 cmtera
1851 1755 1915 1785 vul-

1093 1802 1139 1828 tus
1155 1798 1239 1838 ejus;
1255 1798 1396 1838 dicesque
1410 1797 1456 1828 ei:
1476 1797 1592 1835 Quieso,
1603 1798 1761 1837 ingredere
1773 1799 1803 1829 in
1819 1808 1916 1830 sacra-

1090 1842 1190 1874 rium:
1219 1847 1298 1873 vocat
1315 1846 1342 1873 te
1367 1843 1618 1883 archiepiscopus.
1639 1856 1652 1871 ι
1679 1843 1916 1875 Archidiaconus

1090 1891 1202 1927 autem,
1219 1887 1345 1918 discissa
1360 1886 1451 1916 multo
1478 1887 1578 1918 labore
1593 1888 1694 1928 populi
1711 1889 1914 1926 multitudine,

1091 1931 1170 1962 venit
1184 1932 1220 1962 ad
1236 1932 1334 1962 locum
1352 1931 1403 1962 ubi
1420 1931 1450 1961 S.
1468 1932 1596 1972 Ephrem
1615 1933 1804 1974 consisteral,
1819 1939 1850 1964 et
1875 1935 1916 1964 ait

1089 1976 1134 2007 illi
1151 1987 1158 2008 ε
1179 1989 1191 2004 (ι
1210 1976 1354 2016 Benedic,
1371 1976 1493 2007 domine
1509 1988 1516 2015 ;
1545 1977 1618 2008 velis
1634 1977 1750 2017 ingredi
1766 1978 1796 2008 in
1812 1987 1916 2009 sacra—

1087 2021 1164 2052 rium
1179 2033 1187 2058 ;
1205 2026 1287 2052 vocat
1302 2021 1381 2052 enim
1397 2026 1425 2051 te
1440 2020 1527 2052 Pater
1542 2026 1610 2052 tuus
1626 2022 1880 2063 archiepiscopus.
1900 2036 1912 2051 ι

1088 2065 1144 2097 Ubi
1159 2070 1257 2096 autem
1274 2066 1419 2096 intellexit
1431 2074 1485 2105 per
1497 2066 1690 2106 interpretem
1704 2068 1785 2105 quod
1797 2068 1917 2098 diceba-

1088 2114 1147 2149 tur,
1158 2110 1308 2142 excusavit
1323 2110 1425 2141 dicens
1442 2119 1449 2142 :
1469 2122 1483 2138 α
1502 2112 1602 2148 Erras,
1621 2112 1710 2142 frater
1725 2123 1732 2152 ;
1748 2121 1802 2142 uos
1816 2112 1914 2143 homi-

1087 2164 1141 2186 nes
1157 2155 1308 2196 peregrini
1324 2163 1426 2187 sumus
1442 2159 1472 2185 et
1483 2155 1510 2186 ei
1526 2155 1628 2196 ignoti.
1643 2169 1656 2184 η
1672 2157 1805 2188 Rediens
1815 2162 1913 2188 autem

1087 2201 1327 2242 archidiaconus,
1344 2200 1524 2230 renuntiavit
1540 2201 1647 2240 Magno
1670 2201 1790 2232 Basilio.
1820 2201 1913 2232 Porro

1088 2245 1158 2275 dum
1185 2245 1311 2276 Basilius
1327 2244 1418 2274 libros
1434 2253 1534 2275 sacros
1550 2245 1670 2286 exponit
1699 2246 1823 2287 populo,
1836 2247 1914 2277 videt

223 2290 294 2319 foris
310 2290 466 2321 nobiscum
492 2294 567 2329 erat,
582 2289 639 2320 ait:
661 2301 674 2316 ιί
692 2288 792 2319 Gloria
808 2289 872 2326 tibi,
887 2289 976 2327 Deus,
995 2293 1043 2329 qui
1055 2287 1115 2319 DS.
1134 2289 1263 2329 Ephrem
1279 2289 1409 2328 linguam
1427 2292 1556 2328 igneam,
1572 2291 1638 2330 ejus
1660 2300 1712 2321 ore
1727 2291 1912 2331 loquentem,

222 2333 295 2371 facis
311 2333 492 2363 voluntatem
509 2333 677 2363 timentium
695 2338 733 2369 te,
751 2338 780 2363 et
801 2333 1042 2373 deprecationem

222 2386 326 2408 eorum
334 2379 510 2415 exaudis;en
524 2378 767 2408 medicussanum
780 2377 1040 2409 fecitinﬁrmum.»

221 2422 260 2453 Et
290 2421 391 2452 statim
421 2422 559 2452 clamavit
582 2427 712 2460 sanctus,
741 2426 771 2452 ut
797 2427 910 2462 portam
940 2423 1042 2463 aperi—

219 2475 332 2504 remus,
351 2466 510 2505 eduxitque
527 2466 697 2496 ulcerosum
714 2466 831 2504 integre
846 2476 964 2506 sanum,
983 2477 1043 2498 non

219 2511 380 2542 habentem
411 2510 581 2541 cicatricem
606 2511 635 2540 in
665 2519 789 2550 corpore
819 2520 884 2551 suo,
909 2513 1043 2552 expedite

220 2556 404 2597 loquentem,
423 2559 451 2586 et
465 2555 682 2595 gloriﬁcantem
705 2556 799 2586 Deum
813 2579 821 2586 .
852 2555 914 2586 Hoc
943 2562 1041 2587 autem

219 2602 323 2641 grandi
339 2601 485 2632 miraculo
501 2601 590 2638 tacto,
609 2599 721 2630 reversi
736 2608 840 2631 sumus
864 2600 893 2630 in
909 2606 1041 2632 nostram

259 2681 318 2720 (52)
338 2680 463 2712 Videtur
479 2680 529 2710 hic
545 2689 649 2711 rursus
671 2680 872 2712 narrationem
886 2690 1041 2713 resumere

217 2720 588 2761 pseudo-Amphilochius.

257 2761 509 2800 (53icoiigre5sus
522 2762 650 2801 Ephrem
664 2771 730 2792 cum
741 2761 849 2792 Basilio
859 2761 977 2792 dabitur
991 2763 1039 2792 in-

216 2799 261 2830 fra
286 2801 321 2842 ad
347 2799 432 2831 vitam
456 2802 532 2841 ejus,
547 2799 593 2831 ex
621 2802 751 2842 Nysseno
768 2807 796 2832 et
814 2802 879 2842 ipso
897 2803 1038 2842 Ephrem,

217 2841 339 2873 omnino
353 2841 443 2872 aliter
453 2851 540 2881 quam
557 2842 606 2872 hic
625 2841 762 2873 narretur
777 2852 785 2881 ;
803 2841 837 2873 ex
853 2841 963 2882 quibus
977 2843 1039 2873 col-

1086 2333 1191 2374 Aitque
1218 2342 1336 2364 rursum
1364 2334 1489 2373 Magnus
1517 2334 1642 2365 Basilius
1672 2335 1911 2366 archidiacono:

1089 2391 1102 2406 ι(
1120 2378 1213 2419 Vade,
1231 2379 1320 2409 etdic
1337 2378 1363 2409 ei
1379 2389 1386 2407 :
1405 2378 1531 2409 Domine
1547 2378 1690 2419 Ephrem,
1708 2379 1782 2411 velis
1799 2381 1912 2419 ingredi

1084 2423 1120 2454 ad
1139 2433 1255 2454 sacrum
1272 2423 1388 2453 altare:
1417 2428 1501 2454 vocat
1518 2429 1545 2455 le
1571 2423 1825 2465 archiepiscopus.
1843 2435 1855 2455 ι
1877 2426 1914 2455 Et

1085 2467 1188 2499 abiens
1199 2468 1236 2499 ad
1248 2477 1317 2499 eum
1329 2468 1567 2505 archidiaconus,
1583 2469 1706 2509 ejusque
1717 2470 1850 2508 vestigiis
1861 2470 1911 2500 im-

1083 2521 1188 2552 presso
1200 2512 1313 2549 osculo,
1332 2512 1406 2543 dixit
1417 2513 1471 2543 illi:
1489 2513 1632 2544 «Domine
1642 2513 1788 2554 Ephrem,
1801 2524 1910 2555 quaeso,

1083 2562 1112 2588 te
1123 2558 1251 2588 accersit
1265 2559 1351 2588 Pater
1369 2561 1438 2588 tuus
1454 2558 1709 2598 archiepiscopus,
1719 2563 1751 2589 ut
1764 2559 1914 2599 ingredia-

1082 2603 1123 2632 ris
1136 2602 1166 2632 in
1185 2601 1432 2642 presbyterium.»
1449 2601 1576 2633 Sanctus
1591 2611 1661 2642 ergo
1675 2612 1767 2643 super
1780 2604 1828 2635 his
1840 2609 1911 2635 atto-

1084 2683 1176 2721 ligere
1187 2681 1282 2712 lector
1292 2683 1549 2722 poterit,qutenam
1559 2682 1609 2713 hic
1621 2683 1790 2713 referantur
1803 2685 1911 2714 omissa

1081 2723 1118 2754 ab
1133 2722 1262 2762 Ephrem
1275 2721 1304 2753 et
1319 2721 1462 2762 Nysseno;
1475 2722 1734 2763 judicabitque,an
1747 2724 1910 2754 verosimi‘

1081 2764 1109 2794 le
1125 2764 1173 2801 sit,
1192 2764 1354 2804 omittenda
1368 2763 1474 2804 fuisse,
1490 2763 1516 2804 si
1532 2764 1726 2802 contigissent
1744 2774 1752 2804 ;
1781 2764 1911 2804 exempli

1082 2813 1181 2840 causa,
1198 2803 1235 2833 de
1251 2802 1435 2844 apparitione
1451 2802 1598 2834 columna:
1614 2804 1700 2844 ignis.
