2005 3142
229 137 430 168 EXCERPTA
452 137 502 168 EX
524 137 634 168 ACTIS
656 138 686 168 S.
709 138 833 170 BASlLI
854 139 1150 173 BOLLANDIANIS.
1168 158 1207 163 —
1220 142 1316 174 VITA
1336 142 1579 176 APOCRYPHA.

1687 153 1784 179 GGGXV

99 212 208 241 errore,
227 207 294 234 ante
310 203 428 234 tertium
445 203 617 252 quintumve
643 203 734 242 diem,
759 204 917 235 morituros
927 208 947 233 A
959 209 1001 252 ut,
1015 207 1038 237 si
1051 207 1080 236 in
1092 207 1254 238 crastinum
1265 208 1386 246 vixeris,
1396 209 1578 250 baptismum
1586 211 1780 252 suscipiam.»

98 249 248 288 praesciret
263 257 270 284 ;
288 253 378 286 utque
394 247 484 278 verbo
501 248 610 282 dicam.
628 251 727 278 tantus
745 252 819 286 erat,
838 254 869 280 ut
893 253 922 280 et

98 292 221 323 medicis
233 291 600 332 etphilosophisinvidiam
609 293 919 325 moveret.Deoautem

97 338 198 368 aﬂ‘atus
211 336 298 368 Pater
312 341 426 373 noster,
440 337 538 368 divina
551 338 710 377 praesciens
724 338 920 369 illustrations

97 382 172 422 quod
189 383 218 413 in
236 391 270 413 eo
284 382 449 422 gerendum
467 386 541 421 erat,
559 382 656 422 ipsum
673 382 838 422 impensius
854 383 919 413 dili-

95 426 189 466 gebat,
202 426 399 466 crebriusque
411 426 446 457 ad
459 435 649 466 congressum
661 427 795 465 vocabat;
807 427 919 458 docens

96 471 208 511 planam
225 472 401 511 regiamque
415 471 546 502 veritatis
561 472 640 502 viam
668 471 820 503 incedere.
845 474 917 504 Cum

95 517 187 557 itaque
197 525 258 547 non
271 526 341 547 raro
353 517 531 552 hortaretur,
539 520 734 555 moneretqne
741 517 918 548 utabscede-

94 569 135 592 ret
150 570 165 592 a
180 561 310 592 scelesta
324 561 483 601 religione,
501 561 714 602 Christumque
740 562 915 602 baptismate

92 615 170 637 sacro
180 606 396 644 indueretmon
407 605 663 646 admissit,dicens
677 617 704 634 τα
717 607 748 637 In
761 616 817 646 qua
830 611 915 638 natus

94 660 153 681 sum
163 651 271 688 ﬁde,in
285 655 357 682 eaet
366 651 486 681 moriar.
497 662 509 677 η
519 651 557 681 At
567 654 686 681 sanctus
695 651 748 683 Dei
755 651 790 682 ad
798 651 894 691 ipsum
905 662 911 683 :

95 708 106 722 α
120 697 293 726 Persuasum
306 695 395 736 habe,
412 695 534 735 Joseph,
548 696 613 726 fore
624 700 656 726 ut
666 705 763 735 neque
777 704 843 735 ego,
857 705 912 726 ne-

91 749 144 780 que
160 745 188 770 tu
204 740 271 771 vitae
288 739 443 780 praesentis
460 739 630 770 turbinibus
644 740 773 771 absoluti
800 739 912 780 migre-

93 794 163 822 mus,
178 785 277 816 donec
288 784 433 815 Dominus
446 794 531 815 meus
543 794 596 824 per
609 794 714 824 aquam
727 789 757 816 et
775 786 912 824 spiritum

92 834 117 860 te
123 830 347 869 regeneraverit
361 840 367 860 :
381 830 445 860 ﬁeri
457 829 536 860 enim
548 832 661 868 nequit,
675 833 706 860 ut
718 830 784 870 quis
793 830 857 860 sine
865 829 912 860 his

961 249 1083 290 Rogavit
1098 261 1167 291 ergo
1183 254 1277 284 Deum
1294 249 1486 285 admirandus
1506 256 1605 294 Pater,
1623 260 1654 286 ut
1669 249 1705 287 ad
1730 266 1780 289 sa-

961 295 1052 342 lutem
1066 297 1196 328 hominis
1209 297 1264 329 sibi
1275 300 1475 330 accessionem
1490 301 1676 335 concederet.
1693 305 1782 342 utque

961 340 1118 372 mulierem
1134 350 1167 372 re
1178 342 1288 374 infecta
1302 352 1319 373 a
1334 345 1365 375 S.
1383 344 1511 384 Ephrem
1527 345 1704 377 redeuntem
1719 340 1783 377 sus-

959 385 1082 431 ciperet.
1101 386 1169 418 Voti
1181 391 1278 418 autem
1296 398 1419 428 compos
1431 389 1554 420 effectus
1569 394 1689 421 sanctus
1703 391 1778 431 (63),

959 429 1048 475 mittit
1063 439 1149 462 mane
1164 436 1193 462 et
1207 433 1333 463 accersit
1349 433 1519 466 Hebraeum.
1537 435 1605 475 ipse
1624 444 1684 465 non
1711 429 1780 467 cre-

959 474 1045 510 dens,
1061 476 1152 516 venit,
1166 476 1253 516 plane
1267 478 1439 509 existimans
1464 480 1550 510 morti
1581 481 1776 513 concessisse.

958 517 1070 550 Videns
1089 529 1163 565 vero
1191 522 1298 559 vivum,
1328 523 1482 564 factusque
1512 524 1542 554 in
1569 525 1724 565 exstasim,
1751 529 1779 557 et

957 572 1048 594 ruens
1061 564 1096 595 ad
1111 565 1202 610 pedes
1214 567 1292 605 ejus,
1310 568 1350 597 ait
1367 577 1373 596 ε
1390 578 1404 597 ι(
1422 567 1454 598 In
1473 568 1596 599 veritate
1620 564 1775 610 conﬁteor,

958 617 1180 654 magnumiesse
1195 609 1286 641 Deum
1304 611 1536 643 Christianorum
1551 613 1706 654 :quodque
1719 609 1776 645 non

955 651 996 699 sit
1008 653 1084 684 alius
1094 653 1175 685 Deus
1192 659 1298 695 praeter
1323 657 1431 697 ipsum.
1463 651 1646 688 Abrenuntio
1658 651 1666 654 ”
1677 659 1777 699 itaque

955 696 1084 728 inimicae
1099 699 1216 730 Christo
1232 696 1368 740 religioni
1383 701 1564 742 Judmorum,
1582 711 1688 742 meque
1704 696 1778 734 veri-

956 742 1006 773 tati
1015 742 1143 774 ﬁdeliter
1152 744 1294 785 adjungo.
1307 746 1383 777 Jube
1396 755 1477 786 ergo,
1489 747 1663 778 honorande
1675 749 1774 786 Pater,

955 787 1058 818 utsine
1067 788 1207 819 dilatione
1219 789 1283 829 ipse
1296 792 1452 830 omnisque
1463 791 1570 822 domus
1585 801 1652 823 mea
1665 793 1775 823 Christi

954 832 1113 877 consigner
1127 833 1290 872 signaculo.
1323 847 1334 864 υ
1353 835 1404 867 Ait
1423 836 1465 866 illi
1480 840 1599 867 sanctus
1625 847 1632 867 :
1668 848 1679 865 ιι
1710 837 1776 877 Ipse

93 868 176 905 intret
189 875 220 905 in
235 883 364 914 regnum
380 874 445 906 Dei.
461 875 569 906 Nonne
596 874 685 905 etiam
701 868 799 915 patres
821 874 911 904 vestri
923 868 941 893 Β
953 868 1095 916 intingam
1112 868 1249 909 ina-nibus
1267 880 1341 910 meis
1357 889 1422 910 cum
1440 884 1500 911 tota
1514 880 1615 911 domo.
1633 894 1646 910 ι)

92 918 217 959 haptizati
232 923 304 949 sunt
318 919 349 949 in
364 918 472 958 Moyse,
489 922 519 949 et
533 922 562 949 in
579 924 658 949 nune
673 923 702 949 et
716 919 747 949 in
764 918 850 958 mari,
867 918 911 948 bi-

91 963 248 1003 beruntque
265 964 304 994 de
321 963 465 1003 spirituali
483 967 684 1004 consequente
702 963 800 1004 petra?
826 963 913 994 Petra

89 1012 178 1038 autem
201 1012 266 1039 erat
298 1008 434 1039 Christus
461 1007 516 1048 (a),
535 1008 585 1048 qui
611 1008 781 1038 novissimis
806 1006 911 1038 diebus

91 1052 123 1082 de
137 1052 257 1092 Virgine
287 1053 458 1084 incarnatus
487 1057 543 1090 est,
574 1057 602 1083 et
628 1059 750 1093 propter
780 1056 910 1084 nostram

88 1097 206 1129 salutem
230 1099 329 1129 factus
349 1098 452 1136 homo,
479 1102 678 1138 operatusqne
695 1102 740 1129 est
768 1097 912 1129 miracula

89 1146 115 1172 et
130 1147 221 1173 morte
235 1153 253 1174 a
268 1143 404 1183 patribus
420 1143 527 1173 vestris
544 1143 575 1173 in
591 1151 680 1174 carne
697 1143 829 1182 affectus;
858 1151 909 1173 se—

89 1187 247 1228 pultusque,
267 1188 318 1218 die
335 1187 422 1218 tertia
444 1187 627 1226 resurrexit;
659 1192 688 1218 et
714 1187 849 1218 ascendit
879 1189 908 1217 in

88 1232 199 1269 coelum,
216 1233 362 1273 sedetque
376 1232 413 1263 ad
429 1232 579 1264 dexteram
597 1233 691 1263 Patris
709 1243 716 1264 ε
741 1233 793 1272 qui
817 1231 905 1263 etiam

92 1279 221 1308 venturus
236 1281 296 1316 est,
314 1280 344 1308 in
360 1286 466 1317 magna
480 1277 574 1317 gloria
598 1286 664 1308 cum
682 1276 807 1318 angelis,
822 1276 907 1317 judi-

88 1326 195 1353 caturus
211 1322 294 1353 vivos
312 1327 340 1353 et
355 1327 499 1362 mortuos,
517 1326 546 1353 et
558 1322 718 1363 unicuique
733 1322 908 1352 redditurus

87 1365 163 1404 juxta
173 1376 262 1407 opera
274 1368 352 1406 ejus.
368 1368 468 1407 Itaque
481 1368 584 1405 nequit
595 1367 671 1404 ﬁeri,
684 1370 718 1398 ut
727 1367 837 1398 dictum
851 1371 906 1404 est,

90 1417 116 1442 ut
129 1413 191 1453 quis
206 1414 300 1445 intret
315 1414 342 1445 in
369 1423 495 1453 regnum
510 1414 576 1454 Dei,
592 1414 648 1445 nisi
671 1423 724 1454 per
747 1423 853 1455 aquam
879 1415 908 1445 et

89 1457 223 1499 spiritum,
241 1463 269 1490 et
287 1459 347 1490 nisi
362 1459 474 1490 viviﬁca
497 1459 628 1499 antitypa
642 1459 707 1499 (62)
738 1459 908 1491 intemerati

90 1503 213 1542 corporis
228 1508 258 1533 et
268 1504 426 1543 sanguinis
441 1503 551 1535 Christi
568 1504 738 1543 sumpserit.
758 1515 769 1534 ii

125 1548 250 1588 Cumque
262 1552 387 1579 sanctus
403 1548 511 1579 talibus
524 1548 744 1579 hortationibus
760 1552 905 1587 uteretur,

91 1599 140 1620 non
150 1592 313 1624 sustinebat
323 1593 419 1632 ipsum
431 1593 549 1624 audire.
562 1592 618 1624 Ubi
629 1597 728 1623 autem
742 1593 767 1623 ei
783 1592 905 1633 placuit,

91 1636 133 1674 qui
145 1646 207 1667 eum
219 1642 430 1677 segregaverat
441 1637 476 1668 ab
490 1642 575 1669 utero
589 1638 689 1668 matris
701 1646 773 1675 suae,
793 1641 826 1668 ut
836 1647 904 1668 sus-

91 1680 190 1720 ciperet
205 1682 442 1713 sacratissimum
456 1682 613 1722 baptisma,
632 1692 701 1713 eum
718 1682 762 1712 vir
783 1686 906 1713 sanctus

89 1725 140 1762 jam
155 1727 215 1758 vita:
231 1727 324 1768 hujus
340 1727 508 1758 turbinibus
523 1727 710 1767 eximendus,
735 1727 902 1764 accersivit,

90 1775 218 1808 pratextu
235 1772 379 1802 nimirum
397 1772 529 1803 scientiae
545 1772 680 1812 medicae,
706 1772 806 1812 aitque
832 1772 875 1802 illi
894 1781 900 1803 ξ

93 1825 104 1840 α
119 1815 186 1852 Quid
203 1816 255 1847 tibi
266 1817 309 1847 de
320 1826 367 1848 me
376 1817 528 1848 videtur?»
543 1816 606 1857 Ille,
621 1826 655 1848 ex
668 1817 754 1856 pulsu
770 1816 904 1848 sentiens

91 1860 146 1899 ejus
157 1861 230 1892 vires
247 1862 415 1902 proximam
429 1861 535 1892 minari
552 1861 788 1901 mortem,jussit
801 1861 902 1892 dome-

91 1905 169 1943 sticis,
186 1911 217 1937 ut
232 1911 420 1947 opportunas
434 1907 596 1946 sepulturae
619 1911 716 1937 vestes
743 1911 877 1937 emerent
893 1916 899 1938 :

93 1961 102 1975 π
117 1949 194 1991 Nam,
209 1951 323 1990 inquit,
336 1952 394 1982 cito
403 1951 493 1982 citius
507 1952 672 1982 moriturus
693 1955 748 1983 est.
764 1963 775 1980 ι)
802 1951 852 1982 Ait
866 1951 902 1983 ad

92 2001 148 2025 eum
163 2005 283 2035 magnus
300 1996 429 2028 Basilius
443 2007 449 2028 :
467 2009 478 2025 ι)
492 1996 597 2028 Nescis
606 1996 676 2037 quid
688 1996 782 2026 dicas.
799 2008 813 2023 ν
827 1996 907 2029 Dicit

94 2037 240 2081 illiJoseph
257 2041 402 2072 Hebraeus
416 2053 422 2073 :
438 2054 451 2069 α
465 2042 588 2078 Credas,
605 2040 738 2078 domine,
755 2040 800 2072 sol
815 2041 905 2071 hodie

92 2091 148 2114 cum
161 2085 220 2116 sole
232 2087 362 2117 occidet.
378 2099 391 2114 ιι
402 2087 450 2117 Ait
462 2087 505 2117 illi
517 2091 640 2117 sanctus
655 2096 661 2118 ε
679 2097 690 2115 α
704 2085 781 2122 Quid
798 2095 866 2116 vero
879 2086 903 2116 si

92 2136 140 2159 non
155 2135 219 2161 ante
241 2141 331 2162 mane
347 2132 457 2162 moriar
473 2131 488 2162 ?
502 2144 515 2159 ιι
535 2130 613 2163 Dixit
626 2130 786 2162 Hebraeus:
806 2142 818 2158 ιι
838 2130 902 2161 Non

92 2178 173 2209 potest
183 2176 235 2206 hoc
252 2186 319 2207 esse
337 2187 343 2207 :
359 2177 405 2207 vix
422 2176 501 2207 enim
519 2181 585 2217 post
600 2177 704 2207 horam
720 2176 778 2207 erit
803 2178 902 2206 anima

995 921 1187 961 Rursumque
1202 925 1348 955 accedens
1364 925 1507 962 medicus,
1529 926 1775 966 apprehensaque

954 966 1018 1005 ejus
1030 966 1160 1004 dextera,
1172 967 1234 1000 ait:
1252 981 1263 995 «
1281 968 1487 1009 Elanguerunt
1503 975 1561 1001 tuae
1575 971 1665 1010 vires,
1682 971 1776 1002 domi-

953 1019 1009 1041 ne:
1025 1014 1188 1051 naturaque
1205 1017 1370 1044 extremum
1389 1014 1538 1045 debilitata
1553 1014 1674 1046 fatiscit.
1695 1027 1707 1043 »
1725 1015 1775 1046 Ait

953 1059 1073 1100 sanctus
1091 1066 1097 1087 :
1120 1067 1131 1084 (ι
1150 1055 1299 1088 Habemus
1316 1062 1428 1089 naturae
1442 1063 1606 1096 auctorem,
1623 1062 1674 1100 qui
1689 1059 1775 1091 nobis

952 1098 1040 1130 addat
1055 1100 1160 1132 vires.»
1180 1101 1370 1142 Surgensque
1384 1111 1489 1142 gressu
1506 1098 1659 1134 contendit
1675 1104 1711 1134 ad
1727 1113 1774 1136 ec-

952 1144 1086 1182 clesiam,
1104 1150 1132 1176 et
1144 1145 1198 1176 sub
1214 1147 1346 1177 omnium
1364 1148 1534 1187 praesentia,
1552 1157 1620 1179 eum
1637 1148 1706 1179 ﬁdei
1721 1158 1771 1179 sa-

950 1194 1100 1220 cramento
1118 1190 1215 1228 tinxit,
1228 1193 1258 1221 et
1269 1191 1390 1222 domum
1402 1193 1467 1231 ejns
1479 1196 1568 1223 totam
1583 1203 1589 1224 :
1602 1194 1774 1233 vocavitque

950 1244 1071 1274 nomen,
1090 1234 1165 1275 ejus,
1181 1235 1324 1266 Joannem
1344 1247 1351 1268 :
1368 1236 1595 1278 impertitusque
1607 1238 1718 1268 viviﬁca
1729 1247 1773 1268 sa-

949 1283 1111 1317 cramenta,
1129 1289 1196 1310 eum
1210 1281 1370 1320 assumpsit
1386 1285 1413 1311 et
1423 1281 1588 1320 reduxitlad
1602 1282 1769 1313 cubiculum

950 1333 1035 1354 suum
1055 1335 1061 1355 :
1079 1324 1205 1365 ciboque
1219 1326 1365 1366 apposito,
1381 1325 1481 1356 docuit
1495 1335 1560 1366 quae
1575 1330 1709 1366 spectant
1733 1328 1770 1358 ad

950 1368 1037 1398 vitam
1049 1370 1367 1410 aeternam,adjungens
1378 1380 1430 1402 suo
1442 1370 1510 1401 ovili
1523 1381 1631 1402 novum
1646 1372 1770 1402 militem

949 1423 1014 1444 cum
1028 1424 1118 1445 uxore
1127 1419 1156 1445 et
1166 1415 1332 1451 ﬁliis.Quod
1345 1425 1413 1446 vero
1423 1416 1572 1456 reliquum
1584 1417 1648 1447 vitae
1656 1417 1773 1457 fuit,sa-

949 1467 1014 1490 cras
1029 1459 1107 1489 aedes
1121 1462 1150 1490 et
1164 1460 1291 1500 hospitia
1306 1469 1467 1500 pauperum
1480 1461 1620 1499 lustrans,
1634 1471 1700 1502 quae
1712 1462 1771 1492 sibi

950 1503 1066 1534 fuerunt
1080 1503 1187 1534 donata
1197 1513 1215 1534 a
1223 1504 1385 1545 medico,et
1393 1514 1459 1545 qua
1469 1506 1508 1536 de
1516 1506 1643 1546 propriis
1654 1507 1770 1547 reliqua

952 1553 1046 1585 erant,
1065 1548 1196 1580 donavit.
1212 1548 1296 1580 Circa
1325 1559 1432 1580 nonam
1453 1554 1548 1580 autem
1581 1554 1686 1589 prtesto
1715 1551 1770 1582 fuit

950 1593 986 1623 ad
1006 1593 1152 1624 sacriﬁcia
1163 1594 1318 1623 missarum
1348 1593 1379 1624 in
1401 1594 1600 1625 sacratissima
1629 1595 1768 1633 ecclesia,

949 1647 1007 1668 una
1021 1647 1089 1674 cum
1106 1638 1177 1668 cleri
1194 1642 1223 1668 et
1237 1637 1360 1669 civitatis
1373 1638 1571 1678 primoribus:
1583 1648 1650 1669 cum
1661 1639 1770 1679 quibus

949 1686 1090 1722 percepto
1103 1682 1210 1712 iterum
1228 1691 1315 1722 pane,
1333 1683 1447 1714 dimisit
1462 1692 1523 1720 eos,
1541 1693 1574 1714 ac
1599 1684 1769 1715 valedicens

946 1730 976 1756 et
992 1726 1169 1757 deosculans
1183 1727 1213 1757 in
1229 1727 1329 1758 osculo
1345 1732 1447 1759 sancto
1462 1728 1575 1758 dimisit
1583 1737 1644 1766 eos,
1661 1737 1767 1759 novum

944 1770 1051 1802 Christi
1063 1772 1192 1811 pugilem
1208 1773 1424 1811 universosque
1439 1773 1654 1804 commendans
1679 1773 1767 1805 Chri-

944 1820 999 1847 sto.
1019 1815 1207 1848 Testamento
1223 1821 1321 1847 autem
1338 1817 1460 1857 sepeliri
1476 1818 1583 1855 sanxit,
1601 1827 1668 1848 cum
1682 1818 1769 1849 tertia

944 1861 994 1891 illa
1006 1860 1142 1901 portione
1153 1861 1229 1892 datm
1239 1861 1296 1892 sibi
1308 1871 1324 1891 a
1336 1863 1395 1892 Deo
1404 1871 1500 1893 comm
1507 1862 1768 1894 unionis.Recum-

945 1905 1080 1946 bensque
1096 1907 1125 1937 in
1141 1906 1232 1946 lecto,
1250 1916 1317 1938 cum
1335 1907 1521 1938 Eucharistia
1535 1907 1631 1939 adhuc
1656 1909 1685 1938 in
1702 1918 1765 1949 ore,

948 1951 1076 1981 reddidit
1091 1952 1228 1991 spiritum
1239 1952 1378 1990 Domino;
1394 1953 1613 1992 adjunctusque
1629 1957 1674 1984 est
1690 1963 1767 1993 pon-

948 1996 1079 2027 tiﬁcibus
1093 1997 1222 2036 pontifex
1238 1997 1299 2034 ille,
1316 2002 1344 2028 et
1361 1997 1601 2037 praedicatoribus
1629 2006 1766 2038 magnum

948 2041 1021 2072 illud
1036 2042 1184 2072 sermonis
1199 2042 1322 2073 tonitru.
1344 2042 1456 2073 Videns
1486 2048 1582 2073 autem
1609 2042 1705 2074 ﬁdelis
1732 2052 1767 2073 ex

944 2085 1069 2117 Hebraeo
1086 2086 1229 2123 medicus,
1249 2087 1287 2117 ita
1301 2087 1354 2118 Dei
1372 2087 1522 2117 hominem
1540 2091 1570 2117 et
1594 2087 1766 2126 pontiﬁcem

946 2139 1083 2169 magnum
1101 2131 1242 2161 Basilium
1266 2131 1427 2171 quievisse,
1458 2131 1607 2171 quomodo
1638 2131 1764 2169 dixerat,

944 2184 1090 2215 proruens
1104 2176 1134 2206 in
1150 2176 1213 2214 ejus
1233 2180 1337 2215 pectus
1367 2185 1433 2206 cum
1461 2175 1598 2214 lacrymis
1623 2175 1740 2206 dicebat
1758 2186 1764 2207 :

91 2221 133 2247 tua
142 2218 168 2249 in
178 2225 214 2251 te.
230 2220 341 2252 Verum
355 2221 480 2261 dispone
491 2222 585 2253 detua
595 2220 731 2252 Ecclesia
749 2224 777 2251 et
795 2220 833 2251 de
847 2229 930 2255 re-u
942 2219 1065 2256 Revera,
1083 2219 1137 2250 Dei
1151 2219 1262 2251 famula
1291 2219 1391 2257 Basili,
1410 2228 1506 2259 neque
1536 2219 1624 2250 modo
1659 2219 1767 2250 fuisses

91 2260 139 2292 bus
149 2265 276 2296 tuiszuon
287 2266 367 2296 enim
371 2260 413 2304 ,te
421 2266 497 2304 vivo,
505 2265 570 2296 dies
580 2265 670 2296 hodie
679 2265 897 2296 tenebrescet.»

91 2305 130 2336 Ait
143 2309 166 2338 ei
181 2314 299 2341 sanctus
313 2322 320 2342 :
341 2324 352 2338 λι
372 2310 446 2346 Quid
459 2311 483 2341 si
501 2311 612 2341 benero
625 2319 719 2350 usque
734 2310 771 2340 ad
786 2315 897 2341 sextam

90 2359 177 2393 mane,
193 2355 263 2394 quid
281 2364 312 2386 es
329 2359 450 2386 acturus
464 2355 476 2387 ?
491 2368 503 2383 ιι
521 2355 686 2395 Respondit
709 2354 760 2385 ille
778 2364 784 2386 ε
802 2366 814 2383 (ι
831 2355 898 2386 Μο-

91 2395 151 2427 riar.
166 2399 229 2429 »Αίι
244 2405 364 2431 sanctus
383 2409 409 2431 ῖα
426 2400 534 2432 Etiam.
552 2400 689 2431 Moriaris
706 2403 838 2440 peccato,
855 2400 900 2430 vi-

93 2447 132 2470 vas
142 2446 234 2473 autem
263 2444 381 2476 Christo
405 2454 483 2476 meo.
504 2457 515 2472 ι
544 2444 621 2476 Dicit
632 2444 708 2475 ille:
737 2443 806 2475 Scio
831 2443 903 2484 quid

91 2485 162 2526 velis,
179 2492 208 2517 et
222 2488 327 2520 faciam
345 2491 422 2530 quod
436 2489 536 2530 jubes,
550 2490 638 2520 Pater
649 2493 764 2526 sancte;
776 2489 800 2520 si
814 2488 906 2520 fuerit

93 2531 158 2567 quod
170 2532 222 2573 ais,
235 2534 362 2565 terribili
373 2544 420 2566 me
430 2538 615 2565 sacramento
628 2533 817 2572 obstringens
827 2534 903 2574 fore,

126 2621 181 2658 (63)
196 2622 240 2653 An
257 2632 344 2654 verus
359 2624 587 2663 Amphilochius
598 2634 657 2655 non
670 2624 773 2655 fuisset
788 2623 896 2654 clarius

93 2658 195 2693 locutus
204 2664 247 2705 _de
262 2664 336 2705 reali
349 2658 457 2695 Christi
474 2665 636 2705 praesentia
652 2665 681 2696 in
697 2663 895 2701 Eucharistia,

93 2703 241 2736 prmsertim
259 2703 309 2734 ubi
322 2704 442 2735 Judmus
456 2703 648 2736 instituitur?

127 2741 832 2785 (li3jRefertNazianzenusoratione90,Basilium
842 2742 898 2774 sub

93 2778 247 2814 ﬁnem'vitaa
264 2784 299 2814 ad
316 2785 435 2825 aliquod
457 2789 575 2825 tempus
592 2787 631 2816 ita
646 2778 704 2816 sibi
731 2785 897 2815 restitutum

123 2864 156 2900 (α)
171 2865 184 2894 I
202 2866 265 2897 Cor.
284 2874 315 2902 ι,
330 2869 357 2897 ι.

943 2269 1087 2301 mortuus,
1103 2264 1160 2295 nisi
1177 2265 1330 2295 voluisses.
1352 2274 1366 2294 »

982 2309 1128 2341 Postridie
1143 2312 1241 2339 autem
1259 2310 1396 2340 convenit
1412 2307 1550 2339 universa
1580 2308 1737 2339 multitudo
1758 2324 1767 2353 ;

943 2356 1067 2395 ejusque
1075 2353 1423 2394 corporipretioso,quod
1431 2358 1521 2383 totam
1532 2353 1663 2384 materiae
1682 2353 1766 2385 obni-

944 2403 1066 2430 tentiam
1082 2402 1287 2438 Superaverat,
1306 2398 1335 2428 in
1352 2397 1582 2428 sacratissimam
1607 2398 1765 2429 ecclesiam

946 2444 1040 2479 illato,
1053 2444 1134 2482 justa
1149 2443 1293 2480 fecerunt,
1311 2443 1393 2474 omni
1408 2446 1629 2481 unguentorum
1640 2443 1768 2483 thymiam-

948 2493 1120 2528 matumque
1133 2487 1286 2529 obsequio.
1303 2487 1437 2519 Audiens
1453 2495 1524 2518 vero
1542 2490 1571 2518 et
1593 2486 1764 2528 Gregorius,

947 2533 1147 2565 Nazianzenus
1158 2533 1315 2574 episcopus
1326 2533 1397 2570 (64),
1409 2532 1504 2563 adfuit
1515 2536 1543 2562 et
1553 2532 1618 2572 ipse
1628 2532 1762 2563 festinus:

939 2624 1042 2668 fuisse,
1052 2627 1085 2668 _u_t
1097 2622 1245 2668 quosdam.
1255 2625 1346 2668 sacris
1356 2623 1512 2668 ordinibus
1524 2622 1640 2668 initiare
1653 2627 1761 2668 potue-

939 2664 977 2695 rit
990 2675 997 2693 :
1010 2662 1112 2703 quidni
1127 2667 1155 2693 et
1168 2664 1310 2703 potuisset
1323 2663 1400 2693 hunc
1408 2663 1572 2703 Josephum
1585 2662 1764 2703 soletnniter

940 2704 969 2734 in
980 2701 1554 2742 ecélesiabaptizareWerum,utfactum
1564 2702 1592 2732 id
1603 2701 1693 2732 fuisse
1699 2711 1763 2733 cre.

941 2745 1120 2781 damns,non
1131 2742 1762 2783 suﬂicitﬁpseudo-Amphilochiiauctoritas,

985 2784 1014 2823 (6
1020 2783 1227 2823 i)Gregorium
1237 2782 1419 2823 Theologum
1428 2782 1486 2814 non
1495 2782 1667 2814 interfuisse
1674 2782 1765 2813 morti
