2005 3142
223 154 331 181 ωακνι

935 147 1231 180 PROLEGOMENA.

226 212 391 254 vidensque
406 214 551 255 pretiosas
565 214 718 255 reliquias,
745 215 776 246 in
791 223 843 245 eas
867 214 1037 255 procidens,
1051 218 1068 244 Α
1080 213 1186 245 relicta
1197 214 1351 254 Ecclesiis,
1366 223 1454 252 quam
1467 213 1597 254 Spiritus
1607 214 1703 244 sancti
1715 214 1824 246 virtute
1839 224 1924 245 con-

226 260 337 301 diuque
351 260 538 299 lamentatus,
555 259 689 290 hortatus
714 259 750 291 ad
767 268 874 299 preces
890 259 1044 300 populum,

226 304 365 344 congruis
375 304 538 335 honoribus
548 304 706 343 gloriosam
719 307 815 343 magni
826 303 973 344 pontiﬁcis
989 313 1048 334 me-

227 351 350 380 moriam
364 353 537 389 prosecutus
549 353 606 388 est,
617 349 647 379 in
657 349 776 389 hymnis
787 352 816 379 et
825 349 950 380 canticis
962 349 1046 389 spiri-

227 394 542 431 tualibus;duodecim
570 393 719 434 episcopis
743 397 792 434 qui
817 398 1043 428 concurrerant.

226 438 393 478 civiumque
408 437 610 475 multitudine,
626 439 735 469 sociam
751 437 962 469 adhibentibus
978 447 1047 477 opes

226 492 302 514 ram.
321 484 586 523 Deposueruntque
601 483 698 522 ipsum
714 483 743 513 in
760 482 876 522 capulo,
893 483 923 513 in
936 482 1046 521 templo

228 528 324 559 sancti
338 527 473 567 martyris
498 527 676 567 Eupsychii;
705 527 754 558 ubi
778 527 867 558 etiam
893 527 1045 561 Leontius,

228 573 295 612 ejus
308 572 338 603 in
353 572 526 612 episcopatu
547 575 730 609 antecessor,
748 581 815 602 cum
841 572 1047 603 sacerdotibus

228 618 295 648 aliis
306 617 424 648 dormit.
441 616 600 656 Requievit
615 621 724 654 autem,
741 617 792 657 qui
801 616 964 656 angelicam
983 617 1048 647 vitae

230 663 374 694 rationem
390 661 422 692 in
440 664 528 693 terris
541 661 711 692 instituerat
725 661 863 697 Basilius,
878 663 972 701 prima
996 663 1047 692 Ja-

229 707 327 738 nuarii
341 707 413 738 anni
430 706 491 745 (65)
518 705 614 746 quinti
629 705 761 737 Valentis
784 710 814 736 et
827 706 1025 737 Valentiniani
1041 717 1049 742 ;

229 796 278 821 aut
294 791 387 821 funeri
402 791 430 820 s.
449 790 705 826 Basilii,coiligitur
727 798 763 820 ex
782 790 899 826 epistola
914 791 995 820 illius
1009 792 1053 824 37,

229 835 284 864 qua
296 828 456 864 Nygsenum
471 826 500 855 in
511 826 714 864 mortali-atris
725 827 768 855 sui
779 827 946 864 consolatur
960 836 966 855 :
978 827 1053 864 malo

1087 258 1208 298 scripsit
1216 267 1280 289 com
1286 258 1579 300 posuitque,mundat
1589 268 1650 289 suae
1661 258 1727 289 vitae
1740 268 1925 290 monumen-

1088 307 1161 339 tum,
1181 302 1324 334 librorum
1341 303 1533 343 supellectili,
1546 303 1583 334 ad
1608 303 1734 343 gloriam
1751 308 1781 333 et
1796 302 1924 334 laudem

1088 347 1206 379 Domini
1221 347 1314 378 nostri
1324 349 1394 379 Iesu
1407 347 1516 379 Christi
1530 358 1537 379 :
1551 358 1618 379 cum
1638 357 1696 388 quo
1710 348 1787 388 patri
1811 348 1925 388 gloria,

1089 401 1146 423 una
1161 401 1227 423 cum
1243 396 1345 423 sancto
1363 397 1393 423 et
1407 393 1522 424 viviﬁco
1534 392 1662 434 Spiritu;
1678 402 1771 432 nunc,
1789 397 1818 423 et
1834 402 1926 424 sem-

1089 446 1154 478 per,
1171 441 1200 468 et
1215 437 1246 468 in
1257 437 1365 468 saecula
1377 438 1566 469 saeculorum.
1577 438 1683 469 Amen.
1696 436 1807 469 Habuit
1816 441 1928 469 autem

1089 482 1214 515 Basilius
1231 486 1259 513 et
1275 486 1336 513 tres
1352 482 1458 513 fratres
1491 494 1498 514 ε
1529 482 1707 522 Gregorium
1737 482 1926 523 Nyssenum,

1091 528 1209 558 Petrum
1228 526 1439 565 Sebastenum,
1457 531 1484 558 et
1505 528 1695 559 Naucratium
1712 527 1762 567 qui
1780 527 1835 558 fuit
1852 536 1927 557 mo—

1089 572 1211 603 nachus.
1230 573 1353 611 Magnus
1369 581 1438 602 vero
1456 572 1580 604 Basilius
1608 576 1675 603 octo
1691 572 1779 603 annis
1807 572 1927 603 defun-

1090 616 1555 657 ctusepiscopatu,peregrinatus
1561 621 1606 649 est
1614 617 1650 648 ad
1662 617 1927 657 Dominum;post—

1091 670 1178 702 quam
1192 670 1309 700 pravam
1320 671 1440 692 omnem
1451 661 1615 692 doctrinam
1630 661 1839 693 haereticorum
1848 662 1922 701 ,ins-

1093 711 1138 737 tar
1152 706 1329 737 silvestrium
1341 706 1482 745 ferarum,
1495 707 1560 738 solo
1569 707 1663 748 patrio
1675 706 1826 746 abegisset
1839 706 1906 747 (66)
1914 729 1923 736 .

1096 791 1164 819 olim
1179 791 1262 827 vertit
1277 791 1374 820 nescio
1384 791 1433 826 qui
1446 799 1455 826 ;
1470 791 1532 827 ejus
1547 791 1812 826 interpretationem
1827 791 1924 820 habeo

1096 834 1132 855 ex
1160 826 1256 863 codice
1288 826 1493 856 Marchianensi
1524 828 1717 855 vetustissimo
1743 829 1816 863 (qua
1843 827 1923 862 stle

229 861 429 900 a'utem'Vitam
444 863 519 900 hanc
532 861 749 900 Amphilochio,
763 869 848 900 quam
875 862 1054 900 illai_n»epis-
1067 876 1084 900 Β
1096 862 1229 900 convenit
1239 869 1361 900 eum_ea
1377 870 1443 900 quae?
1454 863 1571 900 in_Vitis
1597 863 1711 891 Patrum
1738 861 1790 897 est)
1806 861 1923 900 rudem

231 899 318 928 totam
337 898 480 934 Theologo
494 896 671 932 abiudicare,
690 902 723 926 ut
737 896 804 934 facit
819 896 1016 934 Combeﬂsius.

266 934 324 968 (65)
346 934 387 962 De
402 938 529 969 tempore
543 940 601 968 quo
620 937 736 961 sanctus
751 933 830 966 obiit,
859 933 988 968 pluribus
1007 941 1054 962 ac-

230 974 290 999 tum
310 970 341 999 in
357 968 466 997 Comm;
481 969 587 1004 praevio
602 975 722 1004 numero
739 968 783 997 67.

266 1005 322 1041 (66)
341 1003 488 1041 Hactenus
499 1003 556 1032 Vita
568 1003 600 1041 β.
612 1003 705 1041 Basilii
717 1004 1056 1041 Amphilochioattribu-

229 1039 489 1073 ta.'a'Combeﬂsio
510 1046 546 1067 ex
561 1039 667 1074 duplici
680 1040 878 1074 manuscripto
898 1040 986 1073 edita;
1004 1049 1055 1067 sm-

230 1076 295 1111 pius
318 1080 410 1104 tamen
428 1080 504 1109 ante,
520 1078 551 1103 ut
566 1075 625 1103 dixi
651 1082 747 1110 supra,
774 1083 789 1104 a
817 1075 939 1104 diversis
958 1076 1054 1104 diver—

230 1110 339 1141 simode
354 1112 469 1146 scripta,
486 1111 627 1139 diversam
643 1110 788 1140 fortunam
813 1117 839 1140 et
865 1112 1052 1140 mutationem

230 1147 318 1176 subiit
346 1155 353 1175 :
378 1147 554 1183 quodiscirre
577 1146 668 1183 juvat,
701 1151 727 1175 et
755 1147 947 1183 Bosweydum
972 1147 1006 1175 de
1020 1155 1051 1176 ea

229 1190 315 1218 quam
331 1182 392 1218 ipse
406 1182 503 1215 edidit,
521 1182 615 1217 legere
626 1182 688 1218 haec
704 1182 875 1211 scribentem
891 1194 897 1210 :
911 1192 923 1208 tl
937 1182 973 1211 ita
990 1190 1052 1211 eam

229 1217 318 1247 Roma
333 1217 365 1246 ex
380 1217 602 1254 congregatione
620 1217 743 1254 Oratorii
762 1219 871 1254 accepi,
898 1218 1052 1254 interprete

229 1254 302 1283 Urso
317 1254 343 1281 S.
359 1253 391 1281 Β.
408 1253 646 1282 Efsubdiacono.
664 1253 730 1286 Quae
742 1253 826 1288 plane
837 1253 1052 1282 convenit'cum

229 1297 273 1321 ea,
288 1297 353 1325 qum
368 1289 644 1325 hactenuswbarbaro
659 1292 686 1317 et
701 1289 767 1325 rudi
781 1290 869 1325 rstylo,
889 1291 997 1318 incerto
1008 1290 1053 1317 in-

229 1324 365 1360 terprete,
380 1325 409 1353 in
425 1325 494 1353 Vitis
508 1324 626 1353 Patrum
653 1329 696 1353 est
710 1324 860 1360 divulgata.
894 1325 953 1353 Nisi
977 1325 1052 1360 quod

229 1361 258 1389 in
275 1369 306 1390 ea
325 1362 352 1389 in
370 1361 428 1389 ﬁne
441 1360 562 1389 addatur
588 1367 639 1388 seu
660 1360 845 1389 interseratur
861 1361 989 1393 historia,
1019 1361 1052 1388 de

229 1397 334 1431 Joseph
350 1396 468 1424 Hebraeo
485 1395 607 1428 medico,
632 1399 659 1424 et
675 1400 765 1424 morte
787 1396 894 1430 Basilii,
921 1403 983 1431 quae
1006 1396 1053 1424 hic

230 1432 318 1460 deest.
335 1431 367 1460 In
383 1431 438 1460 hac
452 1434 552 1459 contra
566 1431 655 1459 habes
672 1435 756 1466 caput
771 1431 798 1462 3,
813 1431 957 1467 quomodo
973 1432 1052 1460 Basi-

229 1467 1080 1511 li}?AEFPPWW.WYEMIFP:.0‘,_LEP?PiL(limitum?c

229 1503 407 1535 instruxerit,
424 1502 500 1538 quod
514 1506 598 1537 caput
623 1502 701 1532 deest
730 1502 758 1530 in
781 1503 851 1532 Vitis
868 1504 985 1532 Patrum
1013 1507 1044 1531 ut

229 1543 363 1574 appareat
377 1538 469 1567 Vitam
490 1538 561 1575 hanc
576 1538 643 1566 olim
654 1545 713 1575 per
729 1538 806 1567 varia
824 1539 981 1575 fragmenta
993 1538 1055 1575 des"

230 1545 363 1579 appareat
381 1545 469 1567 Vitam
490 1545 561 1565 nano
576 1545 643 1566 eum
653 1545 713 1602 Per
729 1545 806 1567 varia
824 1545 981 1581 tragmenta
993 1545 1043 1579 nes

230 1579 350 1615 gnptam
381 1578 423 1615 et,
444 1572 648 1615 translatam,“
666 1578 795 1615 ntegram
814 1575 929 1615 .Vitam
948 1574 1053 1615 Basilii,

229 1609 324 1639 Graece
338 1611 474 1646 scriptam
489 1613 516 1638 et
534 1609 728 1646 Amphilochii
743 1610 861 1640 nomine
876 1610 1053 1646 insignitum,

228 1647 325 1682 accepi
354 1645 469 1675 Parisiis
492 1652 528 1674 ex
557 1645 732 1674 bibliotheca
768 1646 864 1682 Regia.
893 1653 978 1682 quam
995 1645 1055 1682 jam

672 1818 1064 1891 NICOLAI

1096 897 1181 934 plane
1194 902 1223 926 et
1237 897 1395 934 impolitam
1413 909 1420 926 ε
1437 899 1467 926 in
1482 898 1579 927 Graeco
1590 902 1683 926 tamen
1699 899 1859 933 exemplari
1871 906 1922 926 ca-

1096 933 1148 969 put
1161 940 1250 962 unum
1263 938 1316 968 est,
1332 933 1369 962 De
1380 933 1517 962 miraculo
1534 934 1625 961 Basilii
1638 935 1666 962 in
1677 934 1790 962 Petrum
1803 935 1922 962 fratrem

1095 976 1192 1005 suum,
1208 973 1235 997 et
1249 969 1312 1005 ejus
1330 976 1460 1002 uxorem,
1475 969 1551 1005 quod
1566 970 1650 998 etiam
1665 970 1694 998 in
1713 969 1761 997 illa
1789 970 1923 998 versione

1097 1004 1185 1037 deest,
1202 1004 1295 1033 Graeca
1316 1005 1379 1033 haec
1394 1005 1465 1035 Vita.
1487 1004 1518 1033 et
1536 1005 1631 1034 Latina
1647 1009 1728 1034 vetus
1746 1006 1922 1034 innominati

1097 1040 1261 1076 interpretis
1281 1041 1387 1073 versio,
1410 1041 1537 1069 continet
1564 1041 1618 1069 hzec
1647 1047 1780 1076 praeterea
1810 1041 1920 1076 capita.

1118 1083 1161 1105 uie
1184 1079 1212 1104 et
1225 1076 1255 1104 in
1270 1076 1324 1112 hac
1338 1076 1397 1105 Vita
1417 1076 1529 1110 Basilii,
1554 1077 1708 1112 interprete
1726 1077 1809 1108 Urso.
1836 1082 1866 1105 et
1892 1077 1920 1105 in

1096 1111 1144 1140 illa
1161 1119 1222 1147 quae
1235 1112 1265 1140 in
1281 1111 1348 1140 Vitis
1371 1111 1485 1141 Patrum
1512 1111 1650 1141 hactenus
1666 1113 1727 1145 iuit,
1744 1113 1868 1143 desunt:
1886 1113 1922 1139 de

1095 1149 1215 1184 mystica
1233 1147 1406 1176 revelatione
1417 1152 1442 1177 et
1458 1153 1549 1177 morte
1562 1149 1701 1184 Apostatae
1715 1148 1833 1184 Juliani.
1851 1147 1922 1176 item

1094 1182 1129 1212 de
1144 1183 1287 1219 scriptura
1303 1190 1388 1219 quam
1405 1184 1573 1213 muliercula
1588 1182 1654 1213 iecit
1676 1192 1683 1212 :
1705 1183 1828 1219 adihec,
1845 1191 1920 1219 quo-

1093 1219 1177 1255 modo
1193 1218 1318 1255 Spiritus
1330 1219 1419 1247 sancti
1436 1220 1590 1249 adventum
1605 1220 1686 1252 vidit,
1701 1224 1727 1248 et
1740 1218 1775 1247 de
1789 1218 1917 1255 quodam

1093 1254 1214 1294 diaccno
1229 1254 1389 1294 etulfibanio
1403 1256 1541 1294 sophista.
1557 1255 1703 1294 Preterea,
1731 1255 1772 1283 De
1794 1254 1923 1294 Quibus-

1094 1289 1160 1327 dam
1176 1289 1343 1327 gentilibus,
1359 1295 1387 1319 et
1401 1289 1634 1327 interpretatione
1650 1289 1817 1327 Hexameri;
1831 1291 1922 1327 Dein-

1094 1325 1129 1354 de
1144 1325 1288 1361 quomodo
1306 1325 1409 1354 ductus
1427 1325 1680 1358 est’Antiochiam,
1696 1331 1724 1354 et
1739 1326 1775 1354 de
1788 1326 1848 1355 tilio
1866 1326 1920 1354 Va-

1094 1361 1187 1402 lentis.
1203 1361 1340 1402 Denique,
1363 1362 1535 1402 de'Valente
1558 1363 1617 1402 Deo
1642 1361 1752 1402 ogibili,
1773 1370 1821 1402 seu
1835 1369 1922 1402 apet-

1094 1401 1171 1425 ttone
1190 1396 1316 1425 ecclesiae
1332 1398 1361 1426 in
1379 1397 1483 1426 Nicaea.
1504 1398 1617 1431 Surius,
1639 1397 1764 1427 oﬂ'ensus
1778 1398 1920 1432 impolitia

1094 1432 1198 1475 veteris
1214 1433 1544 1475 versionis,quamius4
1564 1435 1706 1475 integram
1729 1434 1836 1475 habuit,
1866 1441 1921 1461 ex—

1095 1473 1176 1503 cepto
1191 1469 1284 1503 capite
1295 1468 1352 1503 jam
1369 1467 1444 1498 dicto
1468 1469 1503 1498 de
1527 1469 1610 1499 Petro
1628 1467 1721 1498 ‘fratre
1736 1467 1839 1500 Basilii.
1857 1476 1920 1496 eam

1094 1503 1165 1540 style
1180 1504 1325 1532 Latiniore
1340 1504 1515 1537 reformavit,
1534 1509 1561 1534 et
1585 1509 1663 1534 tomo
1689 1512 1742 1534 suo
1761 1505 1852 1540 primo
1882 1504 1917 1532 de

1094 1539 1165 1568 Vitis
1179 1543 1345 1576 sanctorum
1364 1540 1375 1567 1
1393 1540 1520 1576 Januarii
1543 1540 1674 1570 inseruit.
1700 1539 1840 1576 Sed’quia
1862 1540 1915 1575 ipsi

1095 1575 1241 1611 exemplar
1256 1574 1382 1604 Graecum
1397 1575 1493 1609 defuit,
1520 1576 1588 1605 dum
1614 1577 1722 1605 insistit
1746 1574 1919 1611 confragosis

1096 1612 1199 1653 veteris
1212 1611 1353 1639 versionis
1368 1612 1507 1648 vestigiis,
1530 1619 1588 1641 non
1610 1612 1704 1648 potuit
1721 1619 1778 1641 non
1794 1611 1917 1640 subinde

1096 1651 1244 1682 cespitare.
1263 1655 1274 1671 ι

1136 1817 1465 1890 RAYZEI

817 1953 1045 1984 TRACTATUS
1076 1951 1364 1984 PRIELIMINARIS

371 2043 414 2074 De
436 2041 594 2074 acoluthia
608 2039 703 2073 ofﬁcii
725 2039 867 2072 canonici
896 2049 949 2080 pro
976 2040 1124 2072 Ecclesiis
1144 2039 1350 2072 orientalibus
1371 2042 1413 2072 Gr
1429 2048 1569 2073 aacorum
1590 2039 1622 2071 in
1645 2039 1777 2072 solemni

768 2085 1068 2117 commemoratione

1091 2084 1188 2116 trium
1210 2085 1376 2117 doctorum

637 2163 808 2203 BASILII,
834 2164 1093 2196 NAZIANZENI
1117 2165 1169 2196 ET
1188 2164 1493 2198 CHRYSOSTOMI.

747 2247 826 2282 (Acta
845 2245 894 2274 SS.
915 2245 1036 2278 Bouand,
1059 2245 1135 2274 Junii
1159 2249 1227 2273 tom.
1252 2245 1286 2277 ll,
1312 2252 1340 2281 ρ.
1363 2246 1427 2280 xui)

904 2422 1250 2471 ΡΒᾸΕΕΑΤΙΟ.

275 2531 301 2562 1.
319 2529 413 2562 Simul
425 2539 459 2561 ac
468 2529 597 2570 primum
613 2540 660 2562 me
672 2530 704 2561 P.
718 2530 832 2561 Danieli
845 2530 1050 2570 Papebrochio
1062 2537 1083 2562 ι)

1093 2530 1152 2571 pile
1168 2529 1199 2560 in
1215 2530 1271 2560 hoc
1287 2529 1420 2560 secundo
1441 2529 1523 2560 Junii
1537 2533 1616 2560 tomo
1631 2529 1754 2569 legitur.
1772 2530 1869 2569 Atque
1887 2541 1920 2562 ea

231 2576 355 2617 ejusque
370 2574 469 2612 sociis,
482 2574 518 2606 ad
530 2575 738 2616 prosequenda
750 2579 918 2605 sanctorum
931 2574 1005 2605 Acta
1017 2583 1053 2605 ex
1097 2574 1254 2606 occasione
1263 2574 1352 2604 incidi
1362 2574 1392 2604 in
1400 2573 1708 2606 BitualesGraecorum
1717 2574 1810 2605 libros
1818 2576 1920 2606 mullos

235 2620 456 2652 moderatorum
474 2619 599 2660 imperio
607 2620 814 2660 adjunxeram,
828 2623 945 2658 rogatus
956 2619 1010 2656 iui,
1024 2624 1054 2649 ut
1096 2629 1131 2651 ac
1145 2619 1262 2659 varios;
1280 2627 1390 2659 eosque
1407 2619 1484 2659 coepi
1499 2624 1529 2650 et
1554 2618 1690 2649 evolvere
1706 2619 1866 2656 curiosius,
1890 2625 1918 2651 et

231 2664 524 2696 commemorationis
539 2664 570 2694 in
586 2664 669 2696 titulo
695 2666 838 2705 exposita;
853 2664 1007 2694 historiam
1038 2673 1053 2694 e
1095 2673 1164 2696 cum
1181 2663 1290 2695 nostris
1304 2663 1476 2694 Latinorum
1492 2664 1642 2694 conferre.
1661 2663 1735 2694 Cum
1750 2669 1850 2695 autem
1866 2664 1917 2695 Ec-

229 2709 331 2741 Graeca
341 2709 473 2741 Latinam
484 2709 624 2749 facerem,
636 2709 838 2740 eruditissimo
850 2710 883 2740 P.
899 2708 1050 2739 Francisci
1095 2709 1217 2741 clesiam
1234 2710 1366 2739 Graecam
1382 2717 1399 2739 a
1416 2709 1519 2740 Latina
1535 2707 1583 2738 hic
1600 2716 1659 2738 non
1675 2707 1793 2739 modice
1809 2708 1906 2740 discre

229 2753 337 2785 Baertii
357 2755 394 2785 de
409 2754 505 2794 Magni
526 2754 626 2785 Basilii
641 2754 698 2786 vita
719 2754 866 2794 tractatui,
890 2754 953 2794 jam
979 2757 1048 2784 tunc
1090 2762 1161 2795 pare
1175 2752 1455 2794 animadverteram,
1479 2761 1577 2792 operae
1604 2752 1732 2791 pretium
1748 2761 1816 2783 esse
1845 2753 1920 2784 exi-'

231 2799 358 2830 maxima
383 2804 516 2839 exparte
533 2799 690 2840 impresso,
716 2798 919 2831 inserendam.
935 2798 966 2829 ld
993 2806 1048 2837 ego
1089 2797 1205 2830 stimavi
1234 2800 1326 2829 totam
1352 2797 1461 2829 seriem
1487 2796 1579 2828 divini
1609 2796 1714 2835 ofﬁcii,
1729 2797 1806 2838 apud
1835 2796 1914 2829 Grae-

227 2843 351 2886 praestiti
366 2852 401 2875 eo
413 2843 512 2882 modo,
526 2853 583 2885 quo
600 2843 654 2876 tibi
669 2847 770 2876 octavo
787 2847 817 2876 et
832 2842 985 2875 tricesimo
996 2851 1048 2874 ca-
1089 2853 1141 2876 cos
1155 2842 1371 2875 celebrioribus
1386 2842 1493 2875 diebus
1509 2841 1623 2883 usitati,
1639 2850 1657 2872 a
1684 2842 1818 2880 nemine,
1844 2843 1917 2883 quod
