2005 3142
223 168 352 193 CCCXVIXI

941 160 1237 192 PROLEGOMENA.

224 233 302 269 sunt,
319 229 380 259 imo
396 237 472 268 pene
489 228 649 259 necessarii
664 239 672 266 ;
686 237 763 267 nam,
775 231 809 260 ut
825 233 949 260 testatur
961 229 1040 260 Goa-
1052 230 1072 255 A
1084 226 1202 258 caeteris
1210 226 1335 258 discreto
1342 235 1416 257 sono
1426 223 1631 257 accinitur.Ad
1643 223 1794 263 objectum
1805 222 1900 269 locum

224 284 276 305 rus
288 283 354 314 pag.
369 273 439 312 434,
457 286 469 300 α
486 272 576 303 libros
593 273 663 302 totis
679 273 799 303 musicis
821 278 955 304 exaratos
969 274 1045 303 inter

226 318 403 350 cantandum
416 318 567 348 rarissime
578 318 922 357 conspiciunt,veletiam
937 317 1047 348 habent

225 363 338 395 Gra-ci:
356 371 590 402 communesque
621 362 701 399 ideo,
719 367 748 393 et
772 363 872 394 verbis
895 368 924 394 et
945 366 1043 397 cantu,

226 409 377 440 memoriae
392 407 676 446 tenaciterinﬁgunt
703 407 840 448 hymnos,
857 407 893 438 ad
919 416 1045 448 quorum

225 462 360 484 normam
373 453 446 483 alios
459 451 521 492 pari
542 451 721 491 syllabarum
739 461 864 482 numero
877 455 1047 482 constantes

225 498 374 530 cantando
386 496 685 538 inﬁcctunt;ideoque
692 506 795 528 eorum
804 497 969 537 primordia
980 506 1048 527 can-

227 544 291 574 ticis
306 543 372 573 aliis
388 542 566 582 inscribunt,
584 546 616 572 ut
640 542 677 572 ad
709 550 810 573 eorum
836 542 979 581 regulam,
997 551 1047 572 se-

225 593 350 628 quentes
363 586 496 618 indiccnt
513 596 579 617 esse
598 587 814 618 decantandos.
833 600 844 615 »
865 586 976 617 Versus
990 596 1045 617 au-

225 639 295 669 tem,
308 632 359 672 qui
371 633 399 662 in
413 633 491 663 hunc
509 632 596 662 ﬁnem
609 631 713 672 aequali
729 631 907 671 syllabarum
920 640 1045 662 numero

225 678 396 718 alligantur,
413 677 554 708 dicuntur
573 677 693 716 στιχηρὰ
716 677 875 715 προσόμοια,
893 675 1045 715 Papebro-

225 724 311 755 chius
326 731 428 753 versus
443 722 590 752 similares
614 721 764 762 appellare
789 721 952 752 consuevit.
970 720 1046 752 Hinc

226 767 402 807 intelligitur
412 766 483 806 quid
494 766 657 797 sibivelint
679 776 715 797 ea
730 776 795 806 quae
817 766 957 805 leguntur
982 770 1044 796 sta-

229 814 278 844 tim
296 813 325 843 in
341 812 404 852 ipsa
430 811 626 851 inscriptione
652 811 788 852 promissi
819 810 917 841 omcii.
938 810 1046 839 Ψάλλο-

226 869 274 895 μεν
305 857 422 896 στιχηρὰ
460 857 620 895 προσόμοια,
656 855 742 896 ’Βχος
772 855 805 885 5’.
847 855 894 886 Ὠς
923 862 1045 893 -ίενκσαῖον

1086 271 1162 311 quod
1175 272 1317 307 attinet,is
1328 271 1413 302 nobis
1421 278 1605 310 nequaquam
1613 268 1819 308 ofﬁcitzneque
1825 266 1902 298 enim

1087 316 1246 356 quidquam
1260 315 1337 346 aliud
1348 315 1389 346 ibi
1399 315 1460 345 vult
1470 314 1704 354 Codinus,quam
1718 321 1809 352 super
1819 321 1903 342 men-

1087 370 1149 392 sam
1158 361 1347 401 imperatoris
1355 360 1547 391 acantoribus
1554 358 1756 390 conciniidem
1765 356 1905 388 illudt's‘ui-

1088 406 1264 445 pelov,quod
1279 415 1314 436 eo
1327 405 1375 436 die
1386 405 1503 435 canitur
1514 405 1544 434 in
1554 403 1692 434 ecclesia.
1703 402 1766 433 Huc
1777 401 1905 439 accedit,

1089 451 1167 492 quod
1179 450 1312 488 ἶδιόμελον
1323 449 1433 480 ibidem
1441 450 1471 481 in
1482 448 1614 487 margine
1625 448 1783 488 exponitur
1796 446 1908 492 proprii

1089 491 1192 526 cantus
1208 495 1367 526 canticum.
1384 495 1481 534 Atque
1497 493 1560 524 haec
1577 492 1746 532 marginalia
1762 491 1908 530 expositio

1090 540 1216 571 recurrit
1231 540 1330 570 denuo
1351 548 1405 580 cap
1435 540 1485 576 lO,
1501 547 1583 569 num.
1601 538 1632 575 5,
1646 536 1697 568 ubi
1712 541 1814 568 narrat
1828 536 1907 566 idem

1088 585 1229 622 Codinus,
1244 585 1351 625 quibus
1366 583 1552 615 caeremoniis
1568 583 1641 613 festo
1656 582 1825 613 Palmarum
1846 592 1861 613 ‹
1877 582 1907 612 in

1087 629 1288 661 ambulacrum
1297 626 1783 669 veniatlampadarius,lampadem
1795 627 1905 666 ferens,

1088 679 1241 715 totumque
1257 674 1323 704 festi
1352 674 1502 714 proprium
1529 672 1675 703 canticum
1695 671 1872 708 decantans,
1890 680 1906 702 e

1087 720 1190 750 Graece
1202 724 1314 749 tantum
1331 723 1377 749 est
1387 718 1454 756 ψάλ)
1461 730 1496 745 ων
1513 718 1575 746 ὅλον
1589 719 1619 745 τὸ
1633 716 1765 753 ἰδιάμελον
1780 722 1906 756 praeter-

1088 764 1180 794 misso
1196 763 1297 803 verbo,
1314 766 1363 798 τῆς
1380 764 1484 802 ἑορτῆς.
1505 762 1570 794 Jam
1587 771 1656 792 vero
1665 761 1736 802 quid
1752 766 1807 798 est,
1821 771 1905 792 ama-

1087 809 1137 846 bo,
1172 821 1185 836 α
1216 808 1326 848 proprii
1360 812 1465 838 cantus
1495 806 1654 842 canticum,
1675 818 1686 834 ι
1719 805 1776 837 nisi
1809 807 1904 837 canti-

1087 863 1156 884 cum
1172 853 1313 894 peculiari
1329 862 1363 883 ac
1382 851 1503 892 proprio
1520 850 1692 882 modulandi
1711 860 1823 890 genere
1834 860 1907 882 can-

225 903 253 931 ὲν
269 903 413 941 μάρχυσιν.
441 902 480 932 At
510 910 579 931 vero
608 909 666 931 non
697 899 821 940 quilibet
850 908 953 930 versus
984 910 1042 927 στι-

1089 898 1232 929 tandum?

225 948 299 988 χηρὰ
314 946 482 976 vocitantur
494 957 505 981 ;
517 945 569 976 sed
586 945 642 975 soli
658 944 699 975 illi
715 945 767 985 qui
783 944 868 984 paulo
895 944 1044 984 longiores

226 996 305 1027 sunt,
319 994 348 1021 et
359 990 395 1021 ab
412 990 642 1030 Hymuographo
653 989 854 1020 ecclesiastico
870 989 1042 1028 conscripti.

226 1037 298 1068 Nam
312 1044 414 1066 versus
429 1035 593 1071 breviores,
607 1039 636 1065 et
651 1044 667 1065 e
682 1034 808 1066 Psalmis
823 1034 982 1070 Davidicis,
999 1034 1045 1064 vel

226 1081 291 1112 aliis
302 1080 465 1120 Scriptura}
480 1079 554 1110 locis
574 1082 716 1120 excerpti,
734 1079 920 1119 appellantur
941 1080 1043 1119 σιίχοι.

226 1126 303 1157 Hinc
316 1129 410 1156 oritur
423 1125 591 1165 στιχολογία,
602 1133 668 1164 quze
681 1128 725 1154 est
734 1124 849 1155 alterna
860 1124 1044 1154 Psalmorum

228 1171 434 1203 Davidicorum
446 1178 502 1208 per
509 1178 614 1200 versus
625 1169 770 1200 recitatio.
787 1168 851 1199 Non
867 1177 987 1209 possum
1000 1173 1044 1200 ta-

226 1225 294 1246 men
306 1214 450 1245 assentire
460 1213 634 1254 Cangio,qui
642 1219 726 1254 putat
738 1213 1042 1254 ocixocmemiwlum,

225 1265 254 1291 et
266 1261 396 1300 στιχηρὸν
408 1268 538 1294 versum,
553 1259 655 1289 Latine
667 1258 752 1289 reddi
764 1267 862 1298 posse.
875 1261 949 1289 Cum
963 1259 1043 1289 enim

226 1307 270 1344 (ut
296 1314 331 1335 ex
357 1305 417 1343 jam
445 1303 532 1334 dictis
561 1307 685 1340 constat,
709 1308 738 1334 et
765 1303 971 1334 animadvertit
995 1304 1043 1343 ip-

225 1360 257 1381 se
273 1349 411 1390 Cangius)
443 1350 536 1389 στίχος
567 1348 729 1388 Scriptura:
758 1348 867 1386 verbis,
884 1353 914 1379 et
941 1360 1043 1388 στιχη-

227 1397 272 1433 ρὸν
298 1394 397 1425 verbis
422 1394 643 1434 Hymnographi
667 1398 871 1434 contexantur,
890 1393 936 1424 ba
958 1402 1044 1424 voces

225 1448 332 1471 versus
343 1443 372 1469 et
383 1439 550 1470 versiculus
560 1438 638 1469 istud
650 1439 812 1469 discrimen
825 1438 903 1469 haud
916 1438 986 1468 satis
993 1438 1045 1468 de-

226 1485 351 1516 clarant.
368 1483 442 1514 Nolo
459 1489 556 1514 tamen
574 1484 755 1524 λογομαχεῖν,
774 1484 839 1514 sive
859 1483 1045 1514 contendere

226 1530 264 1560 de
278 1529 408 1560 nomine.
425 1527 612 1568 Quapropter
634 1528 722 1559 modo
738 1528 860 1567 intelligi
877 1537 923 1558 me
939 1527 1042 1567 sciam,

1087 946 1101 985 §
1123 945 1157 976 lI.
1184 944 1265 976 Unde
1279 944 1361 975 dicta
1386 943 1514 982 troparia
1530 947 1559 973 et
1576 943 1686 984 hirmi;
1706 946 1775 983 quis
1799 943 1908 974 horum

1453 996 1538 1018 usus.

1126 1036 1185 1066 8.A
1195 1035 1334 1066 sticheris
1344 1034 1380 1065 ad
1393 1035 1520 1074 troparia
1537 1034 1700 1065 veniamus.
1713 1033 1906 1074 Troparium,

1086 1080 1183 1121 inquit
1194 1082 1308 1112 Goarus
1322 1088 1389 1119 pag.
1401 1078 1449 1116 32,
1462 1088 1514 1110 vox
1528 1079 1666 1118 generica
1679 1084 1734 1115 est,
1752 1083 1782 1110 et
1792 1079 1910 1110 cunctis

1087 1125 1209 1156 canticis
1219 1125 1249 1155 in
1263 1124 1399 1155 Ecclesia
1410 1123 1510 1155 Graeca
1525 1124 1654 1164 receptis
1666 1123 1910 1162 communis;Mo-

1087 1170 1188 1201 dulum
1206 1169 1315 1210 ubique
1329 1169 1595 1208 interpretamur...
1608 1169 1710 1205 Quoad
1727 1169 1774 1199 sui
1786 1178 1908 1208 compo-

1087 1215 1226 1245 sitionem
1242 1214 1352 1245 Latinis
1379 1213 1559 1253 Antiphonis
1585 1213 1692 1244 similis
1717 1218 1780 1244 est:
1799 1222 1908 1253 quam-

1088 1259 1130 1290 vis
1158 1260 1349 1300 antiphonam
1382 1258 1442 1289 ulla
1479 1258 1594 1289 ratione
1629 1259 1820 1298 interpretari
1851 1268 1908 1290 ne-

1086 1314 1240 1344 queamus.
1254 1303 1335 1336 Hanc
1353 1313 1452 1334 vocem
1470 1304 1513 1334 sic
1528 1304 1655 1343 explicat
1671 1304 1806 1334 laudatus
1821 1304 1910 1343 Ligur

1086 1349 1179 1389 ridus,
1210 1353 1349 1389 tanquam
1389 1348 1414 1378 si
1452 1349 1634 1388 τροπιιάριον,
1673 1349 1725 1377 ἀπὸ
1768 1349 1814 1377 τοῦ
1842 1361 1908 1388 τροο

1086 1396 1174 1433 παίω,
1192 1395 1360 1432 derivetur;
1377 1398 1406 1424 et
1431 1393 1470 1424 sit
1497 1393 1580 1433 quasi
1611 1394 1695 1423 Paean
1731 1393 1792 1424 sive
1818 1394 1907 1433 hym-

1086 1448 1153 1480 nus,
1169 1441 1197 1469 in
1211 1448 1268 1479 quo
1280 1442 1402 1469 canatur
1426 1437 1548 1468 victoria
1559 1448 1568 1476 ;
1578 1438 1622 1468 vel
1638 1439 1669 1468 in
1685 1438 1793 1478 quibus
1806 1440 1830 1467 οἱ
1842 1439 1909 1478 τρό-

1086 1496 1144 1523 ποι,
1158 1483 1187 1514 id
1201 1487 1360 1520 est,mores
1372 1482 1497 1522 alicujus
1508 1483 1602 1513 sancti
1612 1482 1909 1514 referantur.Verum

1087 1529 1165 1559 Goar
1182 1528 1353 1559 existimans
1369 1528 1421 1556 ἀπὸ
1444 1529 1489 1555 τοῦ
1516 1528 1620 1567 τρέπειν
1635 1532 1758 1565 vertere,
1775 1527 1819 1558 vel
1836 1537 1908 1568 pro-

226 1575 316 1606 hasce
328 1573 512 1606 Graecanicas
527 1582 614 1604 voces
628 1572 659 1603 in
671 1577 820 1613 posterum
833 1575 872 1604 ita
884 1572 984 1603 Latine
996 1572 1045 1602 in-
1055 1593 1074 1618 ο
1088 1573 1227 1613 pinquius
1249 1574 1301 1601 in?)
1318 1573 1418 1610 τροπῆς
1442 1572 1636 1602 conversione
1656 1572 1802 1612 originem
1819 1573 1908 1610 duci;

225 1619 424 1660 terpretabor.
440 1617 530 1649 Porro
544 1619 661 1658 στιχηρὰ
672 1618 730 1648 alia
741 1621 809 1648 sunt
824 1617 1046 1656 προσόμοιοιβιίᾶ

225 1663 356 1702 ἷδιόμελκ.
383 1663 454 1699 Quae
483 1663 543 1693 sint
566 1663 726 1702 προσόμοια,
745 1663 856 1693 dictum
881 1671 961 1692 nunc
988 1666 1043 1694 est.

228 1708 359 1744 ἰδιόμελα
375 1717 443 1738 vero
467 1712 536 1738 sunt
555 1715 590 1738 ea
606 1709 734 1747 στιχηρὰ,
752 1716 816 1747 quae
830 1708 870 1745 (ut
882 1707 925 1737 ait
941 1706 1047 1738 doctus

227 1752 385 1792 Ligaridus
393 1752 470 1792 apud
478 1751 606 1783 Goarum
618 1761 647 1792 p.
658 1752 728 1792 906')
740 1751 882 1792 peculiari
894 1751 949 1782 sibi
956 1751 1046 1791 ,gravi

229 1806 338 1837 nempe
351 1797 621 1836 etconcinna,voce
628 1796 781 1827 recitanda
789 1801 868 1831 sunt.
882 1797 963 1836 quasi
978 1796 1046 1825 ἴδιον

226 1842 319 1880 μέλος,
346 1841 376 1872 id
407 1845 465 1878 est,
493 1840 643 1881 propriam
669 1841 902 1872 modulationem
931 1841 1045 1872 baben—

228 1886 279 1917 tia.

267 1931 298 1962 7.
330 1929 496 1968 Obiicietur
533 1930 658 1961 fortasse
693 1930 762 1960 huic
791 1930 958 1961 deﬁnitioni
986 1932 1044 1961 Co—

226 1975 326 2011 dinus,
342 1975 372 2004 in
389 1974 464 2005 libro
482 1975 526 2005 De
542 1974 718 2014 o/ﬁcialibus
741 1975 850 2015 palatii
875 1975 936 2007 ΟΡ.
950 1979 979 2005 et
1003 1976 1046 2006 De

224 2019 334 2059 ofﬁciis
357 2028 475 2059 magna:
499 2020 656 2060 Ecclesiae,
672 2028 737 2060 cap.
756 2021 785 2057 '7,
804 2029 834 2050 n.
851 2019 902 2058 23,
920 2020 1043 2051 dicens:

229 2064 401 2104 Εξςέρχοπιτιι
417 2065 460 2092 καὶ
483 2066 505 2092 οἱ
525 2064 635 2102 ψάλται,
662 2089 668 2095 ,
695 2089 702 2095 ,
729 2089 736 2096 .
764 2087 770 2093 .
797 2089 803 2095 .
827 2066 871 2093 καὶ
900 2066 1044 2103 ψάλλουσιν

224 2109 359 2146 ἱδιόμελον
383 2109 435 2148 τῆγ
478 2110 583 2148 ἑορτῆς·
625 2109 704 2149 quod
745 2109 784 2140 ita
825 2109 911 2140 vertit
946 2114 1047 2141 noster

226 2152 385 2184 Gretserus
399 2162 406 2184 :
421 2165 430 2181 ιι
446 2153 657 2193 Ingrediuntur
667 2154 756 2186 etiam
769 2159 1047 2195 cantores,canunt-

226 2207 283 2237 que
312 2198 378 2229 festi
407 2198 560 2238 proprium
585 2202 744 2231 canticum.
774 2212 785 2227 ι)
819 2198 903 2231 Unde
931 2199 1048 2231 videtur

227 2253 314 2282 posse
329 2243 480 2283 concludi,
498 2243 646 2274 canticum
662 2243 782 2282 aliquod
799 2245 964 2285 nuncupari
977 2244 1047 2273 ἰδιό-

226 2289 394 2329 ps).ov,quia
406 2289 480 2319 festo
495 2288 646 2328 pruprium
655 2289 706 2325 sit,
721 2299 779 2319 non
794 2298 862 2320 vero
871 2289 940 2329 quia
957 2299 1047 2329 pecu-

228 2332 331 2363 liarem
350 2333 406 2364 sibi
424 2333 658 2365 modulationem
677 2333 817 2365 vindicet.
832 2333 890 2365 Per
900 2334 961 2364 haec
977 2343 1049 2365 sane

227 2376 332 2408 Codini
349 2376 438 2407 verba
453 2377 622 2417 scrupulus,
640 2378 745 2418 fateor,
764 2378 837 2408 mihi
854 2379 985 2418 injectus
996 2379 1050 2409 fuit

227 2430 287 2451 non
296 2421 436 2458 levis;sed
449 2423 702 2462 evanuit,quando
711 2423 770 2453 vidi
777 2423 933 2463 pluraesse
942 2424 1051 2455 sticbe-

227 2474 261 2496 ra
275 2465 350 2495 festo
366 2465 570 2504 congruentia.
588 2475 653 2505 quae
677 2475 735 2496 non
759 2466 966 2498 inscribuntur
980 2468 1048 2496 ἰδιό-

226 2510 308 2548 μελα,
324 2509 367 2540 Ne
392 2509 508 2548 longius
532 2509 692 2550 abeamus;
711 2510 813 2541 ﬁdeles
841 2516 907 2543 tuos
933 2513 1047 2553 oculos,

225 2555 380 2594 Lector,in
391 2554 498 2585 horum
509 2553 598 2584 trium
607 2554 763 2594 praesulum
773 2555 904 2586 ofﬁcium
913 2557 1046 2589 intende:

226 2605 255 2631 et
267 2600 337 2631 licet
348 2599 477 2630 stichera
489 2600 590 2629 omnia
602 2599 660 2629 sint
671 2599 739 2629 huic
747 2598 821 2630 festo
829 2601 949 2640 propria
959 2612 1047 2641 quam

225 2654 292 2684 qua}
306 2643 444 2681 maxime,
458 2647 554 2673 tamen
566 2652 625 2673 non
638 2643 771 2674 invenias
783 2644 840 2675 alia
852 2645 972 2677 inscribi
981 2647 1048 2676 ἰδιό-

224 2689 293 2726 μελσι
321 2693 430 2728 praeter
457 2687 587 2719 stichera
616 2688 672 2718 Nili
702 2689 896 2729 Xanthopuli,
915 2691 944 2722 id
971 2691 1048 2731 quod

226 2733 312 2764 nobis
347 2738 522 2772 argumento
561 2732 650 2763 debet
688 2742 765 2770 esse,
795 2743 854 2765 non
891 2741 1048 2775 propterea

226 2778 373 2809 canticum
402 2777 524 2816 aliquod
566 2779 645 2818 apud
685 2778 805 2809 Graecos
846 2779 906 2810 dici
944 2781 1046 2820 ἰδιόμε-

226 2822 357 2865 λον,ῳιίε
369 2823 443 2854 t‘esto
457 2823 610 2863 proprium
623 2822 735 2864 est,sed
747 2823 816 2864 quia
831 2825 977 2865 peculiari
992 2831 1021 2857 et
1031 2835 1047 2857 a

1091 1630 1104 1645 α
1121 1617 1187 1648 Sive
1203 1617 1296 1657 dicas,
1314 1617 1419 1657 inquit,
1437 1616 1475 1647 ob
1492 1626 1594 1648 vocem
1612 1618 1640 1648 in
1665 1617 1813 1648 cantando
1829 1618 1911 1649 varie

1087 1671 1200 1694 versam
1218 1666 1247 1693 et
1262 1662 1412 1701 inﬂexam,
1430 1674 1443 1689 ι)
1461 1662 1539 1701 (quae
1554 1662 1625 1692 mihi
1641 1662 1716 1692 ratio
1728 1667 1785 1702 est,
1798 1666 1831 1693 ut
1847 1672 1910 1693 mo—

1088 1708 1190 1738 dulum
1206 1716 1326 1747 semper
1340 1706 1536 1746 reddiderim)
1555 1719 1568 1734 α
1584 1707 1658 1745 sive,
1675 1707 1743 1747 quia
1759 1717 1909 1739 canonar-

1087 1753 1154 1791 cha,
1168 1752 1236 1783 dum
1247 1751 1410 1792 troparium
1427 1751 1499 1782 illud
1512 1761 1565 1792 per
1575 1756 1722 1783 commata
1731 1755 1874 1792 suggerit,
1894 1765 1906 1781 ο

1086 1799 1168 1837 (raro
1179 1806 1306 1837 namque
1318 1796 1438 1837 pulpitis
1449 1801 1544 1827 astant
1553 1796 1658 1836 Graeci)
1674 1808 1686 1825 α
1697 1797 1785 1828 modo
1797 1798 1826 1828 in
1837 1798 1911 1828 cho-

1089 1851 1153 1873 rum
1166 1843 1256 1882 hunc,
1271 1841 1358 1872 modo
1369 1841 1399 1872 in
1410 1841 1500 1872 alium
1513 1842 1647 1878 τρέπεται,
1662 1845 1724 1872 sive
1738 1843 1875 1873 vertitur.
1894 1855 1906 1872 ι

1089 1886 1231 1927 Superest
1247 1887 1394 1918 sententia
1418 1886 1487 1922 alia,
1503 1887 1555 1916 sed
1580 1895 1646 1926 quae
1672 1886 1761 1926 plene
1784 1887 1910 1927 intelligi

1088 1937 1155 1962 ante
1167 1941 1226 1962 non
1237 1935 1436 1972 potest,quam
1450 1931 1494 1962 vis
1515 1940 1549 1962 ac
1569 1935 1675 1962 natura
1690 1931 1782 1962 hirmi
1806 1932 1910 1963 decla-

1085 1980 1148 2007 rata
1163 1976 1265 2008 fuerit.

1127 2021 1156 2051 9.
1178 2033 1189 2048 ‹‹
1208 2020 1329 2052 Hirmus
1346 2029 1446 2060 porro,
1464 2029 1477 2050 ι
1497 2024 1529 2050 ut
1544 2024 1589 2051 est
1603 2021 1680 2061 apud
1696 2021 1836 2052 Allatium
1849 2021 1907 2052 loc.

1087 2067 1210 2105 cit.pag.
1220 2065 1270 2102 98,
1278 2078 1289 2093 ιι
1304 2069 1350 2096 est
1361 2065 1487 2105 hymnus
1498 2065 1559 2095 sive
1571 2066 1745 2105 troparium,
1762 2075 1779 2096 a
1787 2076 1844 2107 quo
1857 2075 1907 2097 re-

1088 2111 1236 2152 liquorum
1251 2110 1462 2150 tropariorum,
1476 2119 1542 2150 quae
1551 2110 1581 2140 in
1597 2120 1632 2141 ea
1643 2112 1700 2142 ode
1713 2116 1908 2149 canerentur,

1088 2155 1302 2196 consequentia
1317 2159 1344 2185 et
1361 2154 1455 2185 series
1476 2154 1651 2186 ducebatur.
1672 2156 1764 2196 [dque
1779 2157 1820 2187 ita
1843 2166 1912 2187 esse

1088 2204 1228 2232 notarunt
1241 2200 1297 2230 viri
1313 2198 1403 2240 docti,
1421 2209 1457 2230 ex
1471 2199 1621 2231 Simeonis
1634 2200 1915 2232 Thessalonicensis

1090 2245 1308 2285 archiepiscopi
1321 2244 1397 2275 libro
1410 2244 1455 2276 De
1466 2244 1584 2285 templo,
1597 2246 1756 2277 sacerdote
1765 2249 1915 2286 etmyslu-

1089 2291 1186 2330 gogia.
1201 2289 1279 2320 Addi
1296 2292 1391 2329 potest
1408 2289 1547 2329 Zonaras,
1563 2295 1724 2321 comment.
1743 2291 1772 2321 in
1784 2299 1917 2321 canones

1090 2334 1293 2366 Anastasimos
1303 2333 1525 2374 Damasceni,in
1538 2335 1699 2374 prommio:
1716 2337 1812 2374 Εἱρμὸς
1824 2335 1851 2363 δὲ
1863 2336 1913 2363 λέ-

1089 2391 1163 2419 γεται
1179 2381 1215 2411 ὡς
1232 2379 1386 2408 ἀκολουθίαν
1412 2380 1481 2419 τινὰ,
1499 2380 1544 2407 καὶ
1572 2379 1644 2412 τάξιν
1669 2380 1796 2420 μέλουυς,
1810 2382 1855 2408 καὶ

1091 2427 1182 2463 μονίας
1200 2423 1284 2455 διδοὺς
1299 2432 1358 2456 τοῖς
1385 2424 1442 2461 μετ’
1470 2424 1548 2452 αὑτοῦ
1577 2425 1741 2463 τροπςιρίοις,
1769 2426 1836 2464 Πρὸς
1864 2426 1916 2464 γὰρ

1091 2471 1122 2498 τὸ
1136 2471 1189 2498 τῶν
1204 2471 1300 2508 εῖρμὼν
1330 2469 1411 2506 μέλος
1439 2470 1552 2497 κάκεῖνα
1579 2469 1756 2510 ῥυθμίζοντεαῑι¹
1774 2472 1816 2499 καὶ
1846 2472 1915 2508 πρὸς

1089 2517 1193 2544 ἒχεϊνον
1224 2515 1404 2554 ἀναφερόμενα
1435 2514 1592 2552 ἀρμόζονταί
1622 2525 1650 2542 τε
1680 2516 1724 2542 καὶ
1752 2514 1914 2552 ψάλλοντιι,

1090 2561 1133 2588 καὶ
1148 2563 1181 2598 τῇ
1197 2560 1308 2600 ἁρμονίᾳ
1332 2562 1378 2587 τοῦ
1407 2557 1600 2595 μελῳόήμςιτος
1624 2559 1725 2588 ἐκείνου)
1750 2559 1914 2589 ἀκολουθοῦ-

1090 2617 1142 2645 σιν,
1178 2606 1195 2639 ἢ
1233 2605 1273 2633 ὅτι
1298 2605 1408 2642 συνείρει
1432 2604 1475 2632 καὶ
1503 2603 1650 2641 συμπλέκει
1677 2605 1762 2642 ἑαυτῷ
1791 2605 1862 2633 κατὰ
1884 2606 1915 2632 τὸ

1091 2650 1172 2687 μέλος
1188 2651 1201 2677 ὁ
1224 2651 1312 2689 εἷρμὸς
1329 2650 1358 2677 τὸ
1374 2649 1527 2687 τροπάριον.
1547 2660 1559 2674 ι
1592 2648 1712 2679 Hirmus
1732 2649 1914 2689 appellatur,

1091 2704 1127 2725 eo
1142 2694 1220 2734 quod
1236 2694 1345 2725 seriem
1356 2692 1516 2732 quamdam
1526 2698 1555 2722 et
1566 2694 1784 2724 connexionem
1796 2698 1826 2724 et
1835 2693 1917 2724 ordi-

1092 2748 1160 2770 nem
1173 2743 1277 2770 cantus
1284 2747 1313 2770 et
1328 2736 1531 2769 consonantiae
1541 2737 1651 2768 tribuat
1660 2738 1919 2778 consequentibus

1089 2788 1155 2824 post
1169 2792 1202 2814 se
1213 2783 1360 2824 tropariis.
1375 2783 1449 2813 Nam
1464 2780 1501 2812 ad
1514 2785 1632 2812 cantum
1648 2782 1812 2813 hirmorum
1837 2791 1916 2812 con-

1088 2829 1267 2870 formantur,
1281 2833 1310 2860 et
1326 2831 1563 2868 attemperantur
1573 2826 1662 2858 etiam
1675 2827 1849 2868 troparia,et
1863 2826 1920 2857 de-
