2005 3142
362 168 412 199 AD
433 168 685 201 ACOLUTHIAM
708 169 846 201 OFFICII
867 167 994 202 GRECI
1014 169 1263 202 DISSERTATIO
1284 171 1536 205 ONOMASTICA.

1718 182 1827 208 CCCXXI

137 245 195 277 que
204 235 237 266 in
253 237 390 268 Romano
404 236 556 269 Breviario
573 238 646 270 feria
659 247 692 280 ιι,
707 239 745 270 ad
755 239 892 277 Laudes;
909 238 960 268 sed
971 239 992 265 A
1003 244 1133 268 canones
1143 237 1228 268 relati
1236 241 1314 278 sunt,
1329 241 1358 269 et
1368 238 1419 279 qui
1429 238 1539 270 idcirco
1549 238 1633 271 libris
1646 240 1825 272 ecclesiasti-

136 281 216 320 quod
249 282 334 313 Isaiae
358 291 423 322 cap.
440 291 520 321 xxvr,
535 291 566 314 v.
593 285 623 324 9,
639 284 745 324 incipit
758 285 788 315 in
813 284 936 324 Vulgata
953 296 960 316 :

136 327 253 358 Anima
265 336 331 358 mea
339 328 560 360 desideravitle
571 330 601 360 in
608 333 706 370 nocte,
715 331 762 359 Ἐκ
774 331 865 362 νυκτὸς
878 332 962 370 ὀρθρι-

135 373 174 406 ζει
200 373 231 400 τὸ
256 373 362 410 πνεῦμά
384 384 434 409 μου
457 375 507 413 πρὸ
532 375 572 410 σὲ,
596 375 609 402 ὁ
633 376 717 406 Θεὸς¹
745 375 811 415 hoc,
839 375 958 415 inquam

134 414 217 460 isaia:
229 417 377 447 canticum
387 417 515 448 alterum
530 419 608 458 apud
621 418 738 450 Graecos
749 414 902 460 proprium
915 424 959 451 est

131 459 214 490 ferias
228 469 271 491 vt.
291 460 419 493 Sabbato
444 471 514 493 vero
530 467 656 500 sextum,
675 464 793 498 Ἐϐόησα
807 459 845 493 ἓν
872 466 957 503 θλίψει

131 516 182 542 μου
197 506 263 544 πρὸς
286 506 392 547 Κύριον,
409 506 471 538 sive
492 508 639 539 canticum
655 509 748 549 Jonas,
767 509 904 541 Clamavi
920 511 957 541 de

130 549 332 582 tribulatione
342 560 412 582 mea
419 553 459 583 ad
468 553 630 584 Dominum
645 564 652 592 ;
666 558 694 584 et
703 554 861 594 septimum
878 556 957 584 Εὐλο.

130 596 223 632 γητὸ..
246 595 285 635 εἶ,
305 597 381 636 Κύριε
397 599 410 625 ὁ
424 599 488 629 Θεὸς
505 601 557 626 τῶν
574 599 706 638 πατέρωνιῖ
723 601 811 637 ἡμῶν,
826 599 956 631 Benedi-

129 642 195 685 ctus
208 649 249 677 es,
267 640 396 672 Domine
411 642 489 673 Deus
497 647 815 682 patmmnostrorum.
833 644 956 685 Reliqua

131 683 203 722 duo,
219 685 336 716 scilicet
359 685 453 717 beatis
477 687 577 718 Mariae
603 687 733 727 Virginis
758 692 786 719 et
807 683 956 721 Zachariae

131 729 295 770 prophetae,
309 730 368 760 alio
385 735 520 772 tempore
535 732 748 764 decantantur.

168 777 210 804 18.
221 778 314 813 Atque
321 777 378 806 haec
391 786 493 808 novem
502 779 610 807 cantica
621 780 741 816 integra,
750 781 778 808 in
790 789 855 810 eum
870 789 955 818 quem

128 818 190 858 jam
207 820 347 850 recensui
358 820 495 851 ordinem
508 821 640 859 redacta,
657 824 791 863 reperire
804 828 849 855 est
863 825 892 855 in
907 825 957 862 νέῳ

129 863 220 892 Ἀνθολ
226 865 291 904 ογίῳ
300 866 362 895 sive
370 874 443 896 novo
449 865 611 906 Florilegio
619 868 744 898 Antonii
751 869 955 906 Arcudii,cou-

130 908 212 938 tiuuo
222 913 288 949 post
301 911 487 941 Psalterium:
504 912 693 943 «Secundum
705 918 802 944 autem
819 914 949 952 illorum,

130 958 263 995 Προσεχε,
281 958 386 995 οὖρανὲ,
411 960 453 986 καὶ
478 958 600 994 λαλήσω,
618 959 687 999 quia
711 960 951 999 correptiouibus

127 1000 254 1031 etminis
268 1001 297 1031 in
316 1002 485 1041 pervicaces
493 1008 521 1033 et
529 1003 698 1042 perduelles
708 1003 848 1035 Hebraeos
859 1009 950 1045 tonat,

127 1045 271 1076 omissum
288 1047 401 1077 idcirco
418 1052 479 1078 toto
497 1049 567 1078 anni
582 1048 720 1089 decursu,
738 1049 801 1079 solo
818 1049 950 1085 Quadra-

125 1090 248 1128 gesimaz
264 1100 378 1131 magum
388 1096 523 1133 tempore
534 1092 662 1133 lugubri,
677 1103 734 1133 quo
747 1095 952 1126 comminatio-

126 1133 214 1164 nibus
239 1140 270 1166 et
284 1137 376 1167 tristis
405 1137 518 1176 ugurii
534 1137 657 1168 vocibus
673 1142 843 1176 peccatores
860 1143 952 1170 terret

126 1177 456 1223 Ecclesia,cantandum
468 1182 622 1213 resumitm
638 1181 680 1213 Ila
691 1183 951 1223 Goarus,allegans

123 1221 278 1264 Horologii
295 1230 394 1266 typum
411 1226 521 1264 Ἰστέον,
539 1226 578 1255 ὅτι
595 1229 611 1261 ἡ
636 1227 740 1266 δευτέρω(
756 1227 811 1265 ᾠδὴ
827 1221 950 1258 obesitate

123 1269 345 1309 σνιχολογεῖταιι,
359 1273 380 1299 εἰ
406 1272 444 1309 μὴ
471 1272 498 1299 ἐν
515 1273 584 1310 μόνῃ
600 1276 633 1310 τῇ
661 1272 765 1311 μελᾶγῃ
784 1278 950 1312 Τεσσαρπκο-

124 1317 175 1352 στῇ
199 1316 269 1343 κατὰ
283 1317 332 1350 τὴν
354 1317 456 1355 τρίτην.
477 1317 640 1356 Sciendqm
663 1318 744 1355 quod
760 1318 779 1348 2
802 1318 947 1349 canticum

123 1367 276 1399 nunquam
290 1370 343 1400 per
355 1369 456 1391 versus
472 1361 695 1400 recitatur,|nisi
710 1361 950 1402 Quadragesimai

123 1412 240 1443 magnae
254 1406 348 1436 tertiis
363 1406 456 1436 feriis.

164 1449 215 1479 19.
234 1450 304 1481 Ilaec
319 1450 355 1481 de
369 1450 524 1490 scripturae
546 1451 679 1482 canticis.
696 1451 875 1490 Progredior
885 1453 947 1492 jam

120 1493 158 1523 ad
174 1503 334 1531 canonem,
351 1504 416 1535 qua;
429 1499 473 1526 est
490 1505 558 1536 pars
573 1495 668 1527 Ollicii
683 1495 778 1528 Graeci
793 1496 870 1527 bene
883 1505 948 1527 ma-

120 1546 190 1576 gna.
218 1538 334 1580 Quippe
352 1551 367 1569 ‹
381 1549 511 1571 canones
539 1542 582 1580 (ut
606 1540 738 1581 loquitur
760 1541 897 1580 Congius)
918 1541 946 1571 in

1004 281 1046 313 eis
1059 287 1245 314 accensetur.

1043 328 1094 357 20.
1111 328 1212 367 Pergit
1226 328 1354 367 Gangius
1368 332 1398 359 et
1412 329 1452 359 ait
1468 339 1474 358 :
1496 340 1509 357 α
1527 328 1665 361 Canones
1681 334 1822 370 praeterea

1002 381 1037 402 ex
1054 373 1178 403 materia
1191 382 1279 413 quam
1296 377 1425 405 tractant
1440 374 1560 405 nomina
1581 384 1749 416 sumpsere.
1764 376 1823 408 Alii

1002 416 1080 446 enim
1098 417 1272 455 ἂναστάσιμοι
1289 418 1440 458 dicuntur,
1454 419 1531 458 quod
1548 419 1586 450 de
1603 420 1711 451 Christi
1725 430 1820 452 resur-

999 461 1133 492 rectione
1148 466 1234 501 agant
1252 473 1259 502 ς
1276 464 1467 503 σταυρώσιμοι,
1484 463 1535 502 qui
1551 463 1589 494 de
1599 473 1706 506 cruce;
1721 467 1822 506 νεκρώ-

999 517 1072 544 σιμοι
1099 511 1128 537 et
1153 508 1344 548 ἆναπαύσιμοι,
1368 508 1418 548 qui
1442 508 1479 538 de
1505 510 1653 548 mortuis;
1685 523 1822 551 σταορονευ

997 551 1138 589 κρώσιμοι,
1156 551 1206 591 qui
1232 551 1269 582 de
1296 561 1385 583 cruce
1413 557 1442 583 et
1473 553 1623 592 mortuis;
1650 556 1820 595 παρακλητι-

997 596 1050 635 κοί,
1066 595 1116 635 qui
1144 596 1181 626 de
1207 596 1351 627 solamine
1375 600 1539 628 animarum
1559 610 1566 636 ς
1589 601 1729 638 ἱκετήριοι,
1746 610 1819 642 sup-

998 639 1169 680 plicatorii;
1196 641 1336 682 τριαδικοί,
1356 642 1406 681 qui
1435 642 1473 673 de
1499 643 1665 684 Triuitate;
1689 639 1819 684 SOYtLI'C-t-

996 685 1048 722 κοί,
1066 685 1115 725 qui
1132 685 1169 731 de
1183 685 1371 725 dogmatibus
1399 691 1499 726 agunt,
1518 691 1547 718 et
1561 688 1604 719 sic
1620 688 1659 720 de
1674 689 1817 731 reliquis;

998 730 1233 770 canonesitaque
1242 731 1272 761 in
1283 731 1356 762 odos
1367 731 1548 764 dividuntur.
1562 732 1627 763 eda),
1637 733 1666 764 in
1676 730 1818 774 troparia,

998 783 1033 804 ex
1048 773 1156 815 quibus
1166 780 1396 815 componuntur.
1408 775 1537 815 Singula
1546 787 1673 818 namque
1683 779 1820 814 (uthabet

998 819 1053 850 alio
1071 819 1134 849 loco
1150 819 1229 850 idem
1246 820 1373 859 Cangius
1389 830 1424 852 ex
1440 821 1559 862 Allatio)
1575 824 1706 862 troparia
1720 825 1820 855 conti-

998 868 1070 894 nent
1081 864 1166 904 plura
1172 869 1221 895 aut
1229 865 1453 904 pauciora,cum
1463 875 1564 896 eorum
1572 868 1819 900 uumerusdeter-

968 903 986 927 Β
999 903 1127 940 minatus
1140 918 1200 939 non
1211 903 1258 941 sit.
1273 910 1415 950 Troparia
1432 920 1520 951 porro
1536 912 1714 952 quandoque
1723 913 1818 945 libera

992 960 1044 984 aut
1058 963 1128 993 vaga
1148 953 1368 995 relinquuntur;
1380 956 1558 995 quandoque
1573 957 1678 996 primis
1697 957 1815 997 litteris,

993 999 1077 1038 quasi
1087 999 1206 1029 annulis
1219 999 1251 1029 in
1266 999 1364 1029 verbis
1378 1000 1467 1030 veluti
1482 1001 1619 1031 catenula
1633 1001 1815 1044 inseruntur,

993 1052 1081 1083 quam
1090 1043 1289 1074 acrostichida
1298 1048 1432 1075 auctores
1439 1045 1624 1076 vocant.Non
1636 1046 1672 1076 ab
1679 1047 1817 1079 omnibus

994 1092 1093 1119 tamen
1108 1088 1158 1119 illa
1173 1088 1332 1127 colligendi
1342 1090 1416 1119 ratio
1429 1092 1459 1119 et
1474 1090 1579 1121 modus
1590 1097 1737 1124 servatur.
1749 1092 1818 1128 Qui-

993 1132 1059 1163 dam
1076 1132 1227 1173 alpbabeti
1244 1133 1377 1164 ordinem
1395 1139 1521 1172 servant,
1536 1138 1575 1165 ita
1587 1136 1755 1175 utprimum
1769 1147 1816 1169 ca-

993 1177 1080 1209 nonis
1098 1178 1257 1218 troparium
1270 1177 1305 1208 ab
1321 1180 1345 1210 A
1361 1178 1494 1219 incipiat,
1504 1179 1573 1210 etin
1590 1186 1610 1207 Ω
1622 1180 1742 1212 demum
1758 1182 1813 1213 de-

992 1222 1078 1253 sinat.
1096 1223 1156 1254 Alii
1172 1223 1201 1253 in
1222 1223 1418 1255 acroslichide
1435 1226 1564 1253 Θεοτόκια
1592 1225 1732 1265 (troparia
1746 1232 1815 1258 sunt

992 1267 1318 1309 odarumpostrema,in
1330 1268 1472 1300 honorem
1485 1268 1614 1308 Virginis
1622 1270 1811 1313 concinnata)

990 1312 1219 1344 includunt.Alii
1229 1317 1312 1344 extra
1324 1323 1388 1344 eam
1401 1323 1453 1344 suo
1466 1314 1552 1345 modo
1563 1315 1609 1354 agi
1622 1315 1750 1356 ferrique
1760 1312 1811 1347 ca-

991 1365 1086 1388 nones
1100 1367 1170 1388 suos
1184 1358 1294 1389 sinent.
1314 1370 1325 1387 »

1030 1401 1080 1432 21.
1097 1402 1156 1434 Alii
1165 1403 1266 1442 primis
1278 1403 1475 1443 tropariorum
1490 1404 1586 1436 literis
1598 1405 1726 1446 aliquam
1739 1415 1810 1437 sen-

991 1446 1113 1477 tentiam
1127 1451 1300 1485 contexunt;
1312 1448 1502 1488 alphabetum
1513 1449 1574 1490 alii,
1587 1454 1615 1480 et
1624 1454 1693 1482 tunc
1705 1451 1813 1483 dicitur

990 1499 1085 1522 canon
1100 1493 1168 1520 x116:
1190 1492 1339 1532 ἀλφάϐετον
1359 1501 1365 1522 :
1385 1497 1413 1523 et
1428 1494 1597 1534 exemplum
1619 1495 1813 1534 alphabetieae

990 1536 1174 1567 acrostichize
1199 1537 1320 1568 exhibet
1344 1537 1522 1568 Paraclitum
1545 1548 1574 1578 p.
1604 1539 1652 1571 l6.
1676 1540 1809 1571 Aliorum

116 1575 254 1614 Ecclesia
267 1575 368 1616 (iliaca
384 1585 524 1617 dicunt."
539 1575 637 1625 hymni
646 1575 696 1623 ’(οχ
709 1575 854 1626 pel-pen},
871 1575 940 1617 uda-
957 1575 977 1601 ο
990 1582 1124 1626 exempla
1135 1581 1213 1612 varia
1226 1581 1344 1612 exhibet
1353 1582 1510 1622 aliquoties
1519 1575 1749 1623 Papebrochius.
1761 1594 1812 1615 oc-

116 1636 184 1658 rum
200 1633 229 1659 et
244 1630 442 1669 tropariorum
459 1630 565 1661 ordine
580 1640 614 1660 ac
629 1630 707 1661 serie
723 1630 765 1661 ita
780 1631 942 1671 appellati),

116 1672 168 1712 qni
192 1678 259 1713 post
284 1673 416 1706 Psalmos
443 1674 611 1713 Davidicos,
633 1684 808 1716 precesque,
834 1680 863 1706 et
886 1676 945 1707 alia

116 1718 260 1760 troparia,
277 1723 434 1760 antequam
461 1720 603 1750 ﬁniantur
628 1720 727 1750 divina
750 1721 853 1759 ofﬁcia,
877 1731 943 1761 quae

115 1768 264 1795 nocturno
278 1769 413 1804 tempore
428 1764 569 1796 domiaut
580 1765 610 1795 in
621 1765 756 1795 ecclesiis
772 1765 939 1805 exiguntur,

115 1808 183 1839 cani
199 1813 249 1839 aut
267 1809 387 1840 recitari
401 1809 508 1841 solent.
527 1810 656 1841 Zonaras
669 1809 704 1840 ad
714 1811 850 1841 Canones
864 1811 942 1842 Ana-

112 1854 254 1884 stasimos
269 1853 445 1885 Damasceni
458 1865 464 1886 :
496 1855 589 1884 Κςινὼν
604 1855 722 1895 λέγεται,
739 1855 778 1883 ὅτι
793 1857 941 1895 ὡρισμένον

111 1899 156 1925 καὶ
179 1900 366 1936 τετυπωμένον
390 1900 449 1940 ἔχει
465 1901 495 1928 τὸ
522 1899 618 1939 μέτρον
640 1900 713 1928 ἐννέα
739 1900 821 1938 dedit:
846 1912 939 1929 συντεο

113 1941 253 1981 λούμενοι..
289 1943 425 1975 Canones
453 1943 543 1984 igitur
575 1943 746 1975 dividuntur
773 1945 804 1975 in
833 1955 938 1976 novem

112 1988 207 2027 udas;
234 1993 315 2029 inter
329 1998 400 2029 quas
419 1992 514 2019 tamen
531 1988 663 2019 secunda
687 1989 792 2020 nullibi
807 1993 940 2030 apparet.

111 2033 165 2064 sed
195 2034 405 2074 componentis
432 2034 462 2064 in
493 2039 612 2073 pectore
642 2039 798 2075 remanet;
828 2039 895 2075 post
923 2036 941 2067 4

111 2086 182 2109 vero
212 2079 313 2116 odem,
345 2088 441 2109 canon
458 2078 687 2118 interrumpitur
714 2086 775 2111 ταῖς
807 2079 941 2120 Ἀναγνώ-

111 2122 263 2154 σεσι.ΤυΠΊ
277 2124 356 2154 enim
368 2123 512 2154 lectiones
528 2123 566 2154 de
579 2121 655 2154 Vitis
664 2128 845 2162 sanctorum,
862 2133 939 2164 quo-

108 2177 176 2198 rum
195 2178 231 2199 eo
252 2168 300 2199 die
313 2168 558 2199 commemoratio
573 2167 754 2208 celebratur,
765 2172 814 2198 aut
828 2168 865 2199 de
880 2169 942 2202 diei

108 2212 247 2251 historia,
258 2213 358 2244 altiori
376 2221 450 2244 voce
481 2213 518 2243 ab
543 2213 700 2243 sacerdote
715 2213 759 2243 vel
774 2213 810 2243 ab
825 2213 882 2245 alio
895 2214 940 2244 le~

109 2242 343 2299 guntur:quibus
358 2258 447 2288 ﬁnitis
457 2257 580 2297 reliqua:
596 2257 719 2288 canonis
738 2258 803 2288 σάω
813 2268 940 2298 percur—
951 2242 974 2267 Β

106 2307 227 2334 runtur.
247 2304 353 2343 Neque
369 2312 445 2333 unus
464 2311 558 2333 canon
572 2302 602 2332 in
630 2311 689 2332 uno
705 2302 804 2334 cilicio
821 2313 941 2344 semper

104 2347 232 2389 dicitur,
259 2349 312 2379 sed
327 2348 477 2378 interdum
494 2347 555 2378 duo
570 2347 617 2378 vel
629 2352 702 2383 tres,
719 2356 785 2378 raro
799 2353 937 2388 quatuor,

106 2402 161 2433 pro
179 2393 309 2433 plurium
324 2393 374 2423 illo
391 2392 439 2423 die
452 2392 644 2423 festivitatum
663 2402 822 2431 concursu,
840 2393 937 2425 inter-

105 2437 432 2474 miscentur.Quamvis
439 2445 512 2468 vero
523 2435 759 2468 canonibusodaa
767 2437 938 2469 tribuantur

105 2491 228 2520 novem,
243 2492 301 2513 non
319 2482 357 2513 ita
372 2489 473 2513 tamen
489 2481 560 2512 illud
577 2486 751 2522 perpetuum
768 2487 824 2523 est,
835 2487 867 2513 ut
879 2483 937 2514 ali-

106 2527 228 2568 quando
245 2536 389 2558 numerus
405 2536 506 2558 earum
534 2536 594 2557 non
611 2527 813 2559 imminuatur.
842 2527 937 2564 Quan-

106 2572 206 2613 doque
223 2573 304 2603 enim
323 2571 418 2602 tribus
432 2573 476 2602 vel
494 2574 623 2610 quatuor
639 2575 754 2602 tantum
769 2572 835 2602 odis
846 2573 936 2605 inter-

105 2617 256 2648 cluditur:
268 2617 347 2647 unde
362 2616 528 2648 canonibns
536 2625 645 2647 nomen
652 2617 772 2656 τριῳόίου
784 2622 812 2648 et
824 2629 938 2658 τετραφ-

104 2661 160 2690 δίου
176 2675 189 2690 ι
208 2661 321 2692 Triodii
337 2666 439 2692 tamen
459 2670 569 2691 nomen
582 2661 670 2692 latius
680 2661 791 2702 patiet:
809 2672 876 2693 nam
895 2664 938 2699 (ut

106 2707 243 2746 pluribus
260 2711 289 2737 et
304 2707 422 2738 erudite
449 2706 631 2737 demonstrat
645 2707 773 2738 Allatius
789 2708 834 2738 Dc
848 2708 937 2739 libris

102 2752 271 2788 ecclesiast,
293 2752 394 2783 Graec.
412 2751 530 2782 dissert.
552 2752 579 2790 1,
598 2759 663 2791 pag.
690 2752 748 2790 7i),
765 2762 823 2784 non
839 2754 935 2784 solum

102 2805 304 2836 canonem‘ex
318 2795 413 2826 tribus
435 2800 618 2826 constantem
636 2797 702 2828 odis
717 2797 935 2838 complectitur,

100 2850 202 2874 verum
221 2842 312 2873 etiam
330 2840 440 2871 librum
451 2840 561 2881 ipsum,
580 2841 610 2871 in
626 2851 714 2881 quem
727 2842 937 2882 hujuscemodi

985 1625 1275 1657 casionesanctorum
1284 1626 1582 1667 quorumdam,aliam
1589 1628 1651 1659 fere
1658 1628 1809 1660 historiam

985 1670 1030 1700 vel
1037 1671 1205 1701 encomium
1213 1679 1272 1703 non
1281 1671 1451 1702 habentium
1458 1672 1566 1712 .Longe
1574 1674 1808 1713 pulcherrimum

984 1714 1035 1745 dat
1042 1715 1220 1747 nobistrium
1229 1716 1384 1747 doctorum
1395 1716 1567 1748 Graecorum
1578 1718 1805 1759 ofﬁcium,quod

981 1760 1042 1799 jam
1055 1760 1537 1802 paramusillustrare,exprimens
1548 1762 1660 1803 primus
1672 1763 1806 1794 elemen-

984 1805 1020 1834 tis
1035 1805 1114 1836 hunc
1129 1815 1246 1837 versum
1262 1806 1423 1836 iambicum
1439 1817 1445 1837 :

1104 1852 1244 1892 Τρισήλιον
1268 1853 1336 1892 φῶς,
1359 1854 1434 1888 τρεῖς
1455 1854 1557 1891 ἀνῆψεν
1583 1854 1686 1888 ἡλίους,

982 1897 1077 1938 Hujus
1093 1908 1214 1930 sensum
1228 1899 1333 1930 Latine
1344 1899 1689 1938 reddamalibi,totidem
1699 1901 1807 1933 litteris

986 1943 1312 1984 totidemquetropariis
1322 1953 1376 1975 seu
1387 1945 1570 1984 strophis.Et
1578 1954 1700 1982 vero,ne
1708 1950 1808 1986 postea

985 1987 1108 2026 hmreas,
1127 1993 1243 2028 oportet
1271 1997 1483 2026 praemoneam,
1501 1993 1612 2020 tantum
1643 1989 1760 2027 abesse,
1777 1995 1808 2020 ut

985 2031 1131 2070 ejusmodi
1143 2032 1355 2064 acrostichides
1367 2042 1487 2073 semper
1498 2034 1688 2064 continentur
1699 2038 1728 2065 et
1741 2043 1808 2074 pro-

982 2075 1061 2106 xime
1074 2076 1243 2107 cohaereant
1254 2077 1333 2108 inter
1343 2081 1424 2113 se,ut
1435 2078 1607 2117 interjectos
1618 2082 1647 2108 et
1657 2078 1806 2118 dispersos

981 2120 1108 2151 habeant
1124 2126 1153 2152 et
1169 2122 1282 2152 hirmos
1295 2126 1324 2152 et
1341 2122 1484 2162 troparia,
1503 2122 1669 2162 martyrica,
1687 2125 1803 2153 theolo-

983 2165 1039 2205 cia,
1054 2166 1180 2206 aliaque,
1198 2166 1309 2204 quibus
1323 2167 1432 2198 exactis
1449 2166 1609 2197 resumitur
1625 2176 1718 2197 canon
1732 2177 1739 2197 :
1753 2167 1803 2208 qui

984 2210 1008 2240 si
1026 2210 1133 2250 duplex
1142 2215 1198 2251 est,
1212 2215 1295 2241 utest
1305 2220 1394 2251 sepe,
1405 2211 1639 2241 alteriuscanoni
1655 2211 1808 2242 continua-

983 2254 1060 2285 tioni
1077 2255 1261 2294 praeponitur
1275 2265 1330 2285 vox
1360 2255 1451 2292 ἄλλος,
1470 2255 1645 2295 plerumque
1661 2265 1728 2286 vero
1746 2261 1804 2286 tam

981 2303 1069 2330 unius
1080 2309 1168 2339 quam
1176 2300 1298 2330 alterius
1307 2299 1430 2330 canonis
1441 2300 1505 2330 uda:
1518 2300 1741 2338 distinguuntur
1753 2309 1806 2341 per

980 2353 1120 2375 numeros
1131 2344 1238 2375 litteris
1249 2344 1398 2384 alphabeti
1414 2346 1546 2384 signatus
1562 2345 1619 2375 hoc
1636 2345 1736 2386 modo,
1748 2345 1804 2383 ᾠδὴ

979 2389 1019 2425 α’,
1040 2389 1080 2428 β’,
1103 2389 1144 2429 γ’,
1165 2394 1221 2420 etc.
1242 2388 1311 2425 Quae
1334 2389 1434 2420 omnia
1453 2389 1641 2430 appositiuno
1666 2391 1803 2430 promissi

979 2432 1109 2474 exempli
1121 2434 1247 2465 clariora
1262 2434 1399 2465 evadent.

1020 2478 1237 2519 22.Atquinam
1245 2479 1330 2510 luere
1342 2488 1488 2510 canonum
1498 2478 1802 2510 auctoresilnt‘mitum

980 2528 1025 2555 est
1033 2533 1192 2555 recensere
1203 2533 1318 2562 omnes,
1329 2533 1425 2565 neque
1435 2524 1465 2554 id
1481 2524 1573 2555 nostri
1586 2527 1660 2555 ratio
1676 2524 1802 2556 instituti

980 2569 1125 2610 postulat;
1154 2578 1222 2600 cum
1244 2579 1295 2600 eos
1314 2578 1419 2601 omnes
1435 2569 1554 2600 novisse
1575 2569 1612 2599 ad
1631 2567 1801 2600 Graecorum

980 2613 1158 2646 acoluthiam
1173 2615 1396 2654 intelligendam
1408 2615 1482 2645 nihil
1494 2613 1623 2645 intersit.
1636 2613 1803 2653 Pracipuos

982 2659 1087 2690 lectori
1098 2666 1239 2698 suggeret
1256 2659 1343 2700 typici
1358 2663 1445 2699 caput
1455 2659 1485 2699 6,
1500 2658 1579 2697 quoi
1596 2658 1643 2688 hic
1656 2656 1803 2698 prteteriri

979 2704 1057 2735 haud
1076 2708 1180 2743 potest.
1199 2704 1296 2733 Ἰστέον
1321 2703 1348 2732 δὲ
1365 2705 1408 2732 καὶ
1424 2707 1512 2740 τοῦτο,
1527 2704 1575 2742 ὡς,
1591 2703 1668 2742 εἴπερ
1695 2702 1755 2742 Exit
1770 2704 1801 2731 τὸ

981 2753 1103 2783 Μηναϊον
1131 2749 1157 2777 ὲν
1182 2750 1276 2787 μνήμη
1293 2750 1366 2788 ἁγίου
1390 2749 1461 2781 me;
1470 2750 1582 2779 mvdvz:
1597 2749 1648 2775 τῶν
1670 2747 1799 2788 διαφόρων

978 2798 1111 2831 ποιητῶν,
1126 2795 1147 2822 εἰ
1173 2794 1222 2831 μέν
1237 2795 1293 2822 ἐστι
1320 2804 1406 2822 κανων
1432 2796 1478 2821 τοῦ
1492 2796 1539 2831 κῦρ
1567 2796 1671 2830 Κοσμᾶ,
1688 2803 1797 2831 προκρι-

978 2840 1049 2873 τὲος·
1079 2838 1142 2867 εἰδὲ
1170 2843 1215 2867 τοῦ
1236 2843 1284 2878 κῦρ
1307 2838 1426 2867 Ὶῶάννου
1453 2838 1496 2866 καὶ
1521 2837 1629 2877 ἐτέρων,
1644 2843 1690 2866 τοὺ
1704 2837 1797 2865 ἰωάν-
