2005 3142
202 174 321 199 CCCXIII

903 165 1105 198 PROLEGOM
1111 166 1197 198 ENA.

199 247 242 265 ων
265 234 442 274 προκρίνεται·
469 235 490 262 εἰ
505 233 533 262 δὲ
547 237 592 262 τοῦ
614 238 660 273 κῦρ
685 234 833 274 θευφάνους
849 234 892 262 καὶ
914 233 1020 274 ἐτέρων,

1073 234 1240 274 :omposita,
1253 234 1434 266 exsecranda
1450 238 1585 275 putemus
1599 243 1607 267 :
1619 234 1689 265 facit
1704 234 1839 274 ejusdem
1849 235 1887 266 ad

201 282 214 308 ὁ
242 284 288 308 τοῦ
317 283 363 318 κῦρ
393 278 540 318 Θεοφάνους
568 278 747 318 προκρίνετῖν
771 278 950 317 προτιμητέος
973 279 1022 319 γάρ

201 325 255 353 ἐστι
270 325 322 352 τῶν
348 322 447 352 ἄλλων·
466 324 487 351 εἰ
503 323 529 351 δὲ
544 327 590 351 τοῦ
605 327 652 362 κῦρ
678 322 788 363 Ἰωσὴφ,
807 325 881 355 οὗτος
898 327 951 352 τῶν
965 323 1025 351 λοι-

200 373 258 398 πῶν
273 369 464 408 προτετίμητιι
495 369 626 401 ποιηιεῶνι
651 368 752 396 τούτων
769 367 795 396 δὲ
820 368 858 406 μὴ
888 368 984 406 ὄντων,
1002 370 1025 396 oi

199 415 245 443 τοῦ
269 417 315 452 κῦρ
338 413 469 442 Ἰωάννου·
495 415 580 442 αὖτῶν
606 411 632 440 δὲ
656 414 694 450 μὴ
720 413 920 453 τυγχανόντων,
936 414 960 442 οἱ
981 417 1027 442 τοῦ

201 463 246 498 κῦρ
274 458 435 498 Θεοφάνους·
461 457 582 485 ἁπάντων
616 457 643 485 δὲ
665 458 776 497 τούτων⁷
795 459 817 486 οἱ
842 462 888 486 τοῦ
902 463 948 497 κῦρ
965 459 1026 486 Ἰω-

199 505 254 544 σὴφ
269 506 320 531 τῶν
343 502 444 531 λοιπῶν
460 501 581 530 ἀπόντων
613 503 805 541 προκρίνονταὶ.
835 514 846 528 ιι
864 501 926 533 Hoc
951 511 1026 542 quo-

197 557 255 589 que
266 546 420 578 soicndum
432 550 487 581 est,
499 546 524 577 si
540 546 686 577 Mevianum
703 546 792 577 habet
808 546 837 577 in
849 546 1022 577 memoriam

196 593 320 632 alicujus
330 591 361 623 S.
369 600 510 629 ,canones
518 591 703 623 diversorum
718 595 881 631 poetarum.
894 592 918 622 si
928 601 1021 622 canon

195 637 322 669 adfuerit
338 636 451 667 domini
469 637 595 676 Cosmaa,
611 636 691 667 hunc
708 636 772 666 aliis
789 636 1022 676 praeferendum;

195 683 220 713 si
232 682 345 713 domini
358 681 478 713 Joannis
492 685 520 711 et
535 681 673 717 aliorum,
689 690 757 711 eum
774 681 824 721 qui
841 681 965 712 Joannis
979 686 1023 713 est

197 727 347 767 praeferri:
373 727 399 757 si
424 726 538 756 domini
567 725 759 766 Theophanis
776 730 805 757 et
830 726 971 766 aliorum,
989 726 1022 757 D.

197 771 387 813 Theophanis
413 770 557 811 praeferri,
576 770 626 801 ille
653 770 731 801 enim
755 775 825 801 ante
845 771 921 802 alios
936 771 1027 802 hono-

197 816 308 847 randus
321 820 375 851 est;
390 815 413 846 si
429 815 465 847 D.
480 815 615 855 Josephi,
630 815 709 849 hunc
725 815 848 856 reliquis
859 816 955 856 poetis
969 825 1025 847 an-

197 861 311 901 teponi;
327 861 351 890 si
368 860 467 891 caeteri
478 859 815 898 defuerint,D.Joannis;
831 861 855 890 si
866 860 895 890 hi
907 870 1026 901 quoque

1064 277 1205 309 unionem
1217 278 1378 310 Romanam
1388 279 1520 310 accessio
1535 287 1614 310 anno
1625 285 1778 311 ncochvu
1794 279 1886 320 patri-

1065 322 1204 354 archatns
1229 324 1275 355 sui
1291 325 1405 362 quinto,
1424 324 1454 354 in
1482 333 1576 364 eaque
1599 323 1643 364 (ut
1667 323 1782 364 opinari
1807 324 1886 364 licet)

1067 368 1286 407 perseverantia
1297 377 1391 407 usque
1401 368 1437 400 ad
1454 368 1557 406 finem,
1572 368 1601 399 id
1619 372 1663 399 cst
1675 377 1769 408 usque
1784 368 1821 399 ad
1835 377 1889 399 an-

1068 422 1138 443 num
1153 420 1334 445 MCCCLXXXV.

1108 458 1158 489 25.
1187 457 1322 490 Philoteo
1338 457 1369 488 in
1394 457 1449 489 ista
1465 458 1575 490 Catena
1598 457 1733 489 succedit
1754 457 1892 489 Andreas

1068 502 1219 534 Cretensis
1227 502 1483 543 archiepiscopus,
1500 502 1537 532 de
1553 511 1625 541 quo,
1640 505 1778 543 tanquam
1796 503 1892 542 magni

1069 547 1482 588 Canouisauctore,quazdam
1500 547 1629 578 diximus
1644 549 1661 577 2
1677 547 1894 587 Aprilis,agen-

1066 595 1109 623 tes
1121 591 1157 622 de
1173 592 1203 622 S.
1223 591 1313 623 Maria
1324 591 1494 633 [Egyptiaca
1510 595 1540 622 et
1556 591 1633 622 infra
1647 591 1795 622 dicemus.
1812 591 1892 622 Coli-

1067 641 1113 667 tur
1125 636 1144 667 4
1158 636 1228 667 Julii
1245 641 1297 667 aut
1310 637 1402 668 Junii.
1420 635 1547 672 Quintus
1561 636 1591 667 in
1608 637 1663 667 hoc
1680 637 1774 667 dextri
1791 636 1893 667 lateris

1067 681 1170 712 ordine
1180 681 1309 712 Joannes
1321 681 1530 713 Euchaitarum
1547 681 1762 721 metropolitze,
1778 686 1823 712 est
1838 690 1891 711 au-

1067 730 1142 763 ctor,
1160 730 1191 756 ut
1207 726 1350 764 diximus,
1365 726 1429 766 ejus
1449 725 1539 757 ofﬁcii
1554 726 1632 767 quod
1649 726 1697 757 hic
1721 730 1891 757 tractamus.

1070 769 1360 810 SequiturIGeorgius
1371 770 1552 801 Nicomedia:
1562 771 1805 811 archiepiscopus
1819 780 1826 801 :
1844 771 1893 801 cui

1069 815 1162 846 varias
1174 825 1345 856 panegyres,
1359 816 1396 846 ad
1410 818 1437 848 Μ
1441 816 1630 856 etaphrasten
1642 815 1782 856 imperite
1792 815 1893 846 tradu-

1069 863 1142 897 ctas,
1159 859 1289 891 restituit
1315 860 1451 900 Allatius,
1470 860 1604 901 pluribus
1624 860 1660 890 de
1685 870 1720 890 eo
1747 869 1840 900 agens
1866 859 1893 889 iu

198 905 361 945 defuerint,
379 906 413 936 Ι).
431 904 622 944 Theophanis
637 904 680 943 ;si
698 904 728 935 hi
744 905 843 945 etiam,
856 906 890 936 D.
904 905 1028 946 Josephi
1041 903 1059 928 Β
1071 905 1204 936 Diatriba
1214 905 1251 935 de
1266 905 1402 944 Georgiis
1418 915 1425 937 :
1441 915 1499 945 quo
1515 910 1610 936 autem
1627 905 1733 936 vixerit
1749 908 1894 945 tempore,

200 950 314 982 caeteris
330 949 469 980 omnibus
484 949 638 988 anteponi.
657 961 671 977 ι

238 994 285 1025 '23.
307 994 348 1025 Ex
367 993 454 1024 dictis
471 1002 530 1023 non
547 997 660 1024 tantum
677 993 835 1033 colligitur,
854 995 904 1034 qui
919 994 1028 1034 quibus

202 1039 233 1070 in
249 1047 394 1070 canonem
408 1047 553 1068 concursu
561 1042 780 1078 anteponantur
791 1048 799 1076 ;
811 1047 911 1069 verum
925 1038 1026 1078 etiam,

202 1084 321 1125 quinam
333 1083 502 1115 sinteorum
511 1087 647 1114 auctores
656 1083 807 1124 praecipui.
825 1083 940 1114 Talium
950 1083 1026 1114 insi-

201 1139 287 1168 gnem
298 1135 426 1160 catenam
443 1130 539 1158 videre
555 1134 595 1157 est
607 1135 674 1159 ante
691 1130 838 1164 Triodium,
854 1138 931 1159 anno
947 1131 1027 1164 1601,

201 1183 343 1205 excusum
353 1172 498 1210 Veneliis,
507 1181 598 1212 opera
609 1177 637 1203 ct
648 1172 745 1203 studio
757 1172 878 1204 Maximi
890 1173 1029 1213 Cythero-

200 1228 266 1250 rum
276 1218 305 1248 in
313 1217 404 1258 Cypro
411 1217 757 1258 episcopi.lbispectatur
776 1218 803 1248 in
814 1218 1026 1257 fronteimago,

201 1263 316 1294 titulum
328 1262 395 1294 libri
408 1262 623 1303 complectens,
637 1266 753 1303 sumpta
770 1272 803 1293 ex
817 1262 947 1301 quodam
963 1272 1026 1293 ma-

201 1308 366 1348 nuscripto,
383 1308 508 1338 duorum
535 1312 585 1338 aut
601 1307 689 1337 tritnn
707 1307 887 1338 saeculorum
912 1311 1025 1339 tetatcm

201 1353 330 1384 habente
348 1363 355 1384 :
373 1355 402 1383 in
417 1352 626 1393 quaimagine,
640 1352 806 1383 ministerio
819 1352 907 1382 trium
926 1353 1028 1392 genio~

201 1408 267 1429 rum
294 1398 443 1428 minorum
467 1397 653 1436 duorumque
680 1397 826 1437 majorum
853 1397 1026 1436 angelorum

202 1443 342 1483 utrinque
368 1442 521 1482 stantium,
537 1441 774 1473 circumducitur
795 1441 880 1480 quasi
907 1446 1029 1482 torques

204 1497 257 1519 seu
276 1491 380 1518 catena
415 1485 592 1517 annulorum
625 1486 725 1525 viginti
741 1496 859 1526 novem,
877 1490 980 1517 mutuo
996 1496 1030 1518 se

205 1531 467 1573 complectentium
471 1530 659 1570 ,dependens
667 1540 701 1561 ex
711 1540 826 1562 summo
832 1540 891 1562 uno
900 1532 1029 1563 ornatio-

201 1577 286 1618 rique
313 1579 491 1612 toreumate,
512 1575 666 1606 Christum
683 1575 841 1608 Dominum
857 1585 1029 1616 repraesen-

202 1625 299 1660 tante;
314 1630 382 1653 cum
396 1621 450 1651 hoc
467 1629 520 1661 per
530 1620 656 1651 extimos
670 1621 843 1661 angelorum
858 1620 1026 1652 lateralium

203 1667 347 1698 humeros
365 1666 516 1697 deﬂuente
532 1665 678 1696 versiculo
692 1676 698 1697 :

262 1742 292 1768 Oi
307 1740 338 1767 τὰ
354 1739 423 1776 μέλη
439 1737 587 1778 πλέξᾳντες
602 1737 691 1775 ὕμνων
708 1738 815 1778 ἐνθέων,

265 1778 435 1815 Hymnorum
451 1777 566 1806 modulos
579 1777 609 1806 ht'
622 1785 797 1814 composuere
807 1784 958 1806 sacrarum.

204 1855 292 1887 Juvat
306 1853 394 1893 6ujus
408 1857 521 1884 catonae
534 1853 763 1894 explicationem
779 1853 840 1892 jam
854 1862 872 1884 a
887 1854 919 1884 P.
934 1853 1032 1894 Pape-

204 1899 328 1931 brochio
344 1899 380 1929 ad
396 1899 474 1930 diem
486 1898 525 1931 3O
549 1898 754 1938 Aprilis,toni.
764 1897 814 1938 ill,
825 1908 854 1938 p.
866 1898 1031 1935 788,exor-

203 1954 278 1982 sam,
291 1944 357 1975 istic
372 1952 588 1982 recognoscere
596 1947 683 1983 atque
701 1942 862 1983 corrigere,
870 1943 958 1983 juxta
972 1951 1032 1973 me-

204 1990 294 2020 liores
308 1987 426 2019 notitias
441 1993 544 2028 postea
558 1992 706 2027 acceptas.

245 2034 296 2064 24.
321 2032 567 2072 Uniuscujusque
591 2032 667 2063 sacri
693 2034 788 2072 poetae
802 2032 869 2063 icon
894 2032 1030 2069 dimidia,

206 2078 326 2120 proprio
343 2077 461 2108 habitus
475 2081 505 2108 et
521 2077 636 2109 ordinis
652 2077 803 2108 schemate
820 2077 968 2115 distincta,
987 2077 1032 2108 in-

205 2129 250 2155 tra
266 2122 421 2164 praedictos
435 2122 563 2153 annulus
591 2126 828 2163 representatur.
847 2124 894 2160 Et,
911 2131 949 2153 ne
962 2131 1033 2161 vaga

203 2171 321 2200 exerrat
352 2166 535 2207 conjectura.
561 2166 712 2197 adduntur
734 2167 846 2197 circum
873 2171 961 2207 caput
979 2176 1033 2197 no-

206 2214 297 2245 mina.
314 2216 346 2244 ut
360 2212 457 2243 solent
471 2211 502 2242 in
527 2211 676 2242 nummis:
694 2215 782 2252 atque
810 2211 851 2242 ita
866 2220 900 2242 ex
928 2211 1032 2242 dextro

204 2240 298 2290 ιὲέὶἑῖέ
313 2240 509 2289 ἇὲὲἐέιὶᾶίιὶιῖ.
524 2240 1031 2296 ᾆέἕὶιῖέιῌιίεζρἒῐιιὶειῐέιίέξιοῆὲῖέῇ
1044 2240 1065 2266 ο

205 2303 431 2343 tinopolitanus,
458 2301 509 2342 qui
535 2301 643 2332 colitur
668 2301 707 2331 42
730 2301 812 2338 Maii,
845 2299 915 2331 ﬁdei
944 2309 1034 2332 causa

205 2347 260 2378 sub
276 2346 375 2377 Leone
388 2346 519 2377 Armeno
531 2346 603 2377 sede
621 2354 674 2376 sua
685 2345 814 2385 ejectus:
835 2344 1032 2386 Sophronias,

205 2391 376 2432 patriarcha
398 2390 697 2430 Hierosolymitauus,
714 2391 751 2422 de
777 2390 863 2430 cujus
884 2398 986 2430 opera,
1001 2390 1033 2420 in

204 2435 399 2467 restituendis
420 2435 538 2465 Menaeis
569 2444 636 2466 cum
663 2436 695 2466 S.
711 2435 825 2466 Joanne
849 2434 1033 2465 Damasceno

206 2479 474 2521 impensa,egimus
489 2480 521 2510 tt
542 2479 660 2511 Martii:
685 2479 855 2510 l‘hilotheus
867 2479 1034 2520 patriarcha

206 2523 561 2564 Constantinopolitanus.
579 2523 615 2554 ab
642 2532 719 2554 anno
736 2531 870 2554 uccccxn
885 2533 978 2564 usque
995 2524 1033 2555 ad

205 2580 280 2602 Lxxv
296 2569 429 2610 ejusdem
444 2568 544 2600 saculi
558 2578 564 2600 :
585 2577 672 2609 quem
691 2568 760 2599 licet
776 2567 1032 2607 Waugnerechius

206 2615 351 2654 noster,ia
367 2613 442 2646 libro
458 2615 500 2645 De
518 2614 659 2645 Mariana
673 2614 847 2645 Graecorum
856 2613 980 2653 pietate,
997 2623 1031 2644 ac

204 2662 263 2692 Leo
285 2660 412 2692 Allatius
442 2658 548 2690 merito
570 2658 719 2698 sugiilent,
738 2667 797 2690 non
823 2658 919 2689 solum
952 2658 1032 2689 schi-

206 2706 308 2739 smatis
324 2704 475 2744 titulo,sed
489 2704 576 2735 etiam
589 2704 739 2735 haereseos
755 2704 785 2734 in
797 2703 926 2744 Georgio
943 2703 1031 2734 Pala-

207 2762 266 2790 ma,
291 2749 473 2781 Thaboritici
499 2749 623 2780 luminis
647 2753 806 2787 assertore,
832 2749 965 2783 laudatae,
995 2758 1031 2779 ne

206 2803 303 2829 tamen
315 2795 380 2834 ejus
393 2803 482 2834 opera
497 2794 608 2832 omnia,
620 2794 650 2824 in
661 2794 780 2826 laudem
794 2797 966 2825 sanctorum
980 2801 1030 2824 va-

205 2843 317 2875 riorum
339 2845 368 2871 et
384 2840 643 2881 locupletationem
674 2847 826 2870 sacrorum
850 2838 1028 2878 hymnorum

1068 949 1196 980 necdum
1206 951 1423 990 comperimus.
1435 950 1566 981 Proximi
1575 949 1700 989 Georgio
1709 955 1739 980 et
1750 950 1896 990 interspi-

1067 1003 1173 1034 scopos
1184 994 1279 1025 ultimi
1293 998 1432 1025 notantur
1440 994 1617 1034 Methodius,
1631 995 1805 1034 Cyprianus,
1816 995 1895 1024 Ana-

1069 1039 1175 1070 tolius:
1202 1047 1309 1070 omnes
1325 1039 1412 1070 nobis
1428 1039 1533 1079 ignoti.
1559 1039 1633 1075 Quis
1649 1039 1727 1069 enim
1745 1043 1894 1079 postremo

1069 1083 1134 1114 loco
1152 1084 1276 1115 relatum
1293 1084 1395 1115 credat
1411 1093 1476 1115 esse
1485 1085 1516 1121 S,
1529 1084 1707 1121 Anatolium,
1725 1083 1780 1114 sub
1793 1083 1893 1114 Theo-

1069 1128 1154 1160 dosio
1167 1128 1290 1160 Juniore
1302 1128 1661 1170 Constantinopolitanum
1672 1129 1871 1169 patriarcham
1883 1128 1895 1158 ?

1070 1173 1204 1204 Primum
1221 1173 1326 1205 liceret
1337 1173 1537 1205 verosimilius
1549 1174 1675 1205 credere
1684 1182 1749 1204 esse
1761 1172 1897 1213 eum,qui

1070 1219 1125 1249 sub
1147 1219 1178 1249 S.
1195 1218 1354 1250 Theodora
1375 1219 1580 1250 orthodoxiam
1596 1218 1811 1258 restituit;sed
1829 1223 1898 1248 tunc

1070 1262 1366 1304 debuissetprteponi
1377 1263 1534 1295 Philotheo
1542 1262 1894 1294 etcaaterisintermediis.

1070 1307 1217 1339 Clandnnt
1233 1317 1321 1348 porro
1338 1308 1415 1338 hanc
1434 1308 1544 1339 scriem
1559 1308 1724 1349 scriptores
1739 1316 1774 1338 ex
1791 1307 1898 1338 ordine

1068 1352 1203 1384 saeculari
1215 1352 1424 1393 quinque,Leo
1434 1352 1589 1393 Despotes,
1606 1352 1664 1384 Leo
1676 1352 1829 1392 Magister,
1841 1351 1898 1383 Ba-

1070 1398 1153 1428 silius
1172 1397 1354 1437 Pegoriotes,
1366 1397 1647 1437 Justinus,Sergius:
1666 1397 1702 1428 de
1718 1396 1828 1438 quibus
1848 1397 1897 1427 ni-

1070 1442 1111 1474 hil
1128 1442 1240 1473 docere
1257 1451 1391 1482 possum.

1110 1488 1252 1518 Catenam
1268 1486 1476 1526 praelaudatam
1492 1487 1521 1516 in
1534 1487 1655 1518 sinistro
1667 1487 1760 1518 latere
1770 1485 1899 1526 implent

1071 1541 1105 1562 ex
1122 1531 1230 1562 ordine
1246 1531 1409 1562 monastico
1434 1531 1595 1572 scriptores
1609 1530 1847 1572 quatuordecim.
1866 1530 1899 1561 In

1072 1577 1118 1607 his
1140 1576 1226 1607 nobis
1254 1576 1363 1616 cogniti
1388 1580 1467 1614 sunt,
1485 1575 1615 1608 Joannes
1641 1576 1853 1613 Damascenus,
1871 1580 1899 1606 et

1071 1629 1138 1652 cum
1156 1621 1212 1651 hoc
1226 1620 1336 1660 pariter
1346 1621 1745 1661 educatus,Cosmas,postea
1761 1619 1898 1660 Majumaa

1073 1665 1240 1706 episcopus,
1258 1665 1295 1696 de
1310 1674 1371 1705 quo
1387 1674 1509 1705 agemus
1527 1665 1562 1696 14
1591 1664 1730 1697 Octebris
1747 1689 1754 1702 ,
1773 1665 1895 1704 Joseph,

1072 1710 1269 1742 communiter
1295 1710 1539 1750 Hymnographus
1564 1710 1672 1747 dictus,
1690 1710 1777 1749 cujus
1798 1708 1895 1740 Vitam

1073 1755 1212 1786 dedimus
1224 1763 1255 1787 ιιι
1264 1755 1384 1795 Aprilis;
1398 1755 1593 1795 Theophanes
1608 1759 1810 1794 cognomento
1824 1754 1898 1786 Gra-

1074 1799 1195 1841 ptus,ob
1212 1800 1337 1831 frontem
1354 1800 1578 1831 contumeliosis
1592 1799 1729 1831 versibus
1742 1799 1780 1830 ab
1796 1799 1899 1830 icouo-

1075 1844 1179 1876 macho
1190 1844 1354 1885 Theophilo
1365 1847 1528 1886 exaratam,
1545 1845 1596 1883 qui
1615 1853 1641 1876 ιι
1653 1843 1791 1876 Octobris
1806 1843 1900 1881 solus,

1073 1895 1103 1922 et
1120 1899 1238 1921 rursum
1264 1899 1331 1921 cum
1347 1890 1437 1922 fratre
1451 1890 1608 1922 Theodoro
1623 1899 1704 1921 xxvu
1728 1889 1903 1921 Decembris

1073 1942 1321 1968 commemoratur.
1338 1937 1434 1966 Ceteri
1449 1937 1531 1966 nobis
1542 1938 1631 1974 ignoti
1643 1942 1720 1972 sunt,
1734 1937 1901 1973 Byzantius,

1074 1981 1244 2022 Stephanus
1263 1981 1481 2022 Hagiopolites,
1498 1981 1645 2021 Georgius
1668 1981 1837 2021 Siceliotes,
1854 1981 1902 2012 Si-

1075 2036 1176 2064 meon,
1193 2026 1376 2066 Philotheus,
1387 2026 1544 2064 Arsenius,
1555 2026 1690 2067 Babylas,
1703 2025 1835 2066 Ephrem
1845 2025 1901 2057 Ca-

1074 2072 1140 2111 riae,
1167 2071 1303 2103 Andreas
1328 2070 1456 2111 Pyrrhus
1484 2071 1545 2102 sive
1574 2071 1680 2107 Rufus,
1704 2075 1734 2101 et
1756 2069 1899 2102 Studites.

1075 2117 1149 2154 Quis
1163 2121 1260 2148 autem
1277 2115 1325 2147 hic
1340 2125 1394 2156 per
1409 2115 1644 2147 antonomasiam
1663 2119 1702 2146 ita
1717 2115 1817 2146 dictus
1827 2118 1841 2146 ?
1856 2115 1899 2146 An

1076 2171 1199 2202 magnus
1223 2160 1450 2193 Theodorus?At
1465 2161 1542 2192 inter
1557 2160 1669 2202 primos
1690 2160 1782 2191 locari
1799 2168 1897 2191 mere-

1075 2207 1161 2238 batur
1173 2206 1186 2237 ἲ

1114 2250 1164 2292 29.
1182 2250 1261 2282 Infra
1276 2259 1392 2288 omnes,
1407 2255 1435 2282 et
1450 2251 1535 2289 quasi
1550 2250 1681 2290 geminae
1694 2249 1784 2281 seriei
1795 2250 1898 2280 vincu-

1075 2297 1148 2336 lum,
1165 2296 1286 2336 ponltur
1309 2294 1418 2333 Cassia,
1435 2295 1473 2326 de
1489 2305 1545 2336 qua
1570 2294 1745 2326 Theodorus
1770 2293 1899 2325 Prodro-

1075 2351 1140 2373 mus
1149 2339 1226 2381 apud
1237 2339 1377 2371 Allatium
1390 2340 1509 2372 dissert.
1527 2344 1535 2371 t
1557 2340 1595 2371 de
1611 2339 1694 2371 libris
1710 2338 1901 2371 eccles.Grte-

1075 2395 1176 2418 corum
1193 2394 1259 2425 pag.
1279 2385 1326 2425 15,
1344 2394 1436 2424 agens
1461 2384 1499 2416 de
1514 2394 1627 2416 canone
1642 2383 1764 2416 Sabbati
1780 2383 1875 2415 sancti
1891 2393 1898 2415 :

1079 2442 1093 2461 (ι
1107 2431 1188 2471 Opus
1197 2430 1317 2470 quidem
1334 2430 1540 2471 est,inquit,ad
1552 2429 1687 2468 quintam
1704 2429 1800 2470 ipsam
1814 2428 1898 2459 odem

1074 2476 1167 2508 Marci
1177 2474 1494 2516 episcopiﬂydruntini
1506 2485 1513 2512 ;
1525 2474 1563 2505 ab
1576 2484 1610 2506 ea
1617 2483 1711 2514 usque
1724 2473 1760 2504 ad
1779 2482 1897 2508 nonam.

1075 2521 1174 2562 magni
1185 2525 1281 2561 poetae
1295 2520 1409 2550 Cosmze
1422 2529 1430 2560 ;
1442 2519 1494 2550 sed
1508 2521 1598 2551 multo
1614 2523 1682 2550 ante
1696 2518 1858 2559 (Marcum)
1869 2520 1899 2548 ut

1074 2576 1108 2597 ex
1117 2575 1174 2596 non
1183 2568 1293 2605 scripta
1301 2564 1460 2595 traditione
1469 2563 1625 2604 discimus,
1646 2564 1755 2595 mulier
1762 2562 1898 2603 quaedam

1074 2610 1193 2649 nobilis,
1202 2613 1279 2641 casta
1291 2611 1321 2640 et
1334 2608 1481 2648 virgo,cui
1497 2618 1605 2640 nomen
1617 2608 1741 2649 Cassios,
1752 2607 1898 2649 ejusmodi

1075 2654 1285 2687 modulationis
1297 2654 1392 2694 prima
1408 2654 1462 2685 fuit
1477 2657 1592 2690 auctor,
1602 2657 1631 2684 et
1643 2661 1789 2685 canonem
1800 2653 1894 2693 ipsum

1072 2699 1207 2732 absolvit.
1225 2699 1279 2735 Qui
1294 2707 1363 2730 vero
1379 2707 1442 2729 eam
1469 2698 1620 2730 subsecuti
1636 2701 1717 2736 sunt,
1735 2697 1830 2729 melos
1844 2696 1895 2729 ad-

1074 2746 1171 2776 mirati
1181 2744 1335 2783 indignum
1354 2743 1546 2774 nihilominus
1558 2743 1729 2783 jutlicantes
1737 2742 1893 2774 muliebri-

1073 2791 1127 2822 bus
1153 2789 1344 2822 sermonibus
1365 2789 1466 2820 herois
1491 2787 1572 2820 illius
1596 2788 1712 2819 Cosmaa
1740 2787 1894 2819 cautiones

1072 2836 1266 2876 conjungere,
1297 2833 1388 2865 Melos
1418 2833 1569 2865 tradentes
1592 2834 1702 2874 Marco,
1728 2836 1758 2864 et
1781 2832 1893 2863 hirmos
