2005 3142
334 109 384 141 AD
412 109 668 142 ACOLUTHIAM
689 109 825 143 OFFIGII
846 109 965 143 CR/ECI
989 108 1235 143 DISSERTATIO
1256 109 1508 144 ONOMASTIGA.

1661 119 1778 146 CCCXXV

82 177 220 217 nescire,
237 187 282 214 se,
298 177 427 217 facitque
442 177 645 217 conjecturam
660 177 788 218 aliquam
807 186 840 209 ex
855 177 914 216 sig-

961 178 1064 216 Κύριεὸ
1086 179 1151 210 Θεὸς
1177 179 1266 215 ἡμῶν,
1296 178 1482 211 ἑξαπόστειλον
1511 179 1579 218 ἡμῖν
1611 180 1718 220 δύναμιν
1748 185 1775 218 ἐξ

82 222 262 252 niﬁcatione
272 221 353 252 vocis
369 221 508 259 ἀνάϐασις,
524 221 564 253 ita
575 221 731 253 scribens:
749 235 760 250 ιι
776 221 852 259 Quid
863 222 919 254 hac

81 276 157 298 voce
180 266 276 298 Graeci
292 266 468 305 intelligant,
497 266 627 297 nondum
659 276 723 297 sum
752 271 916 304 assecutus,

80 311 144 342 nisi
155 316 188 342 ut
201 311 348 348 ὰναῦιθμοὶ
363 310 471 341 fuerint
485 310 646 343 ἆναϐἀασεις
661 311 767 348 καρδίαις
776 321 829 342 seu
842 313 915 340 εὗσε-

79 356 142 388 ϐεῗς
160 357 221 395 περὶ
237 360 305 384 Θεοῦ
320 356 457 393 λογισμοί,
474 360 505 386 ut
528 355 660 395 loquitur
675 355 790 394 Suidas,
816 369 828 383 ιι
859 356 915 387 hoc

79 405 140 440 est,
159 409 303 431 ascensus
318 399 409 430 animi
425 409 478 430 seu
491 400 546 440 pite
560 400 758 440 cogitationes
773 401 810 431 de
825 400 887 432 Deo
905 411 912 432 :

80 446 121 476 ita
138 444 301 475 xmsaw;
315 444 424 475 fuerint
440 445 523 485 quasi
536 444 713 485 descensus,
737 454 789 476 seu
805 445 843 476 de
855 445 913 476 bu-

79 499 176 521 mana
194 489 351 528 fragilitate
366 489 570 528 cogitationes.
592 501 602 516 »
627 488 711 520 Sicut
727 489 848 530 ubique,
874 490 914 522 ita

77 539 108 565 et
124 534 178 565 hic
202 542 354 564 summam
385 533 438 564 viri
466 533 663 564 eruditionem
688 542 823 572 veneror,
850 535 915 574 pari

80 577 243 610 modestia;
254 578 460 618 conjunctam;
477 577 533 608 ista
557 583 656 608 tamen
679 578 774 618 ipsius
790 579 912 619 conjec—

78 629 150 654 tura
165 623 285 654 videtur
300 623 372 653 mihi
388 632 424 653 nc
450 622 612 662 probabilis
626 622 758 663 quidem.

121 668 177 699 3t.
196 667 359 698 Curautem
372 668 413 697 ita
428 667 572 707 videatur,
585 677 765 707 cognoscere
781 672 813 698 ut
825 669 916 709 possit

77 713 190 752 lector,
209 712 292 752 quasi
311 721 344 742 ea
360 720 426 751 qua)
437 711 530 742 oculis
544 716 719 752 cernuntur,
733 712 859 743 sufﬁciet
872 713 916 743 illi

76 758 126 788 vel
140 757 251 788 unicus
260 756 397 787 modulus
406 765 440 788 ex
453 755 500 796 iis;
513 756 658 796 quibusin
670 761 808 788 secuturo
819 757 914 788 ofﬁcio

961 221 1042 259 ὕψους
1074 223 1150 261 ἁγίου
1177 234 1234 260 σου,
1274 225 1318 252 καὶ
1347 223 1487 263 ὶνισχυσον
1515 226 1587 263 ἡμᾶς
1621 228 1776 268 προσφέρειν

960 277 999 295 σοι
1010 267 1105 314 eum»
1121 268 1299 314 ἐινμιμᾴκτην,
1318 272 1375 314 etc.
1392 279 1403 296 α
1421 268 1545 300 Domine
1570 269 1649 301 Deus
1665 277 1775 314 noster,

958 311 1061 342 emitte
1092 311 1177 343 nobis
1203 313 1240 342 de
1265 313 1384 345 excelso
1410 318 1510 344 sancto
1542 318 1589 345 tuo
1618 311 1777 355 virtutem';

957 358 988 386 et
1016 355 1175 387 corrobora
1205 365 1282 397 nos,
1309 361 1341 387 ut
1369 357 1420 389 tibi
1461 358 1620 390 offeramus
1650 360 1776 393 hostiam

955 399 1154 441 incruentam,
1167 413 1181 428 ιθ
1195 405 1251 432 etc.
1265 402 1303 433 At
1319 411 1388 433 vero
1404 412 1470 433 cum
1487 412 1540 434 vox
1553 403 1603 434 illa
1619 404 1775 437 ἐξα-πύστει-

955 443 1000 490 lca
1016 454 1074 475 non
1089 451 1227 490 occurrat
1241 446 1271 476 in
1289 446 1417 478 modulis
1446 447 1504 478 illis
1534 448 1685 490 omnibus,
1716 461 1776 482 non

956 489 1041 536 video
1051 489 1209 536 quomodo
1225 490 1288 536 hinc
1313 491 1416 531 Cangii
1445 492 1604 533 sententia,
1635 497 1776 536 tanquam

956 532 1149 573 probabilior,
1166 534 1281 566 admitti
1296 540 1394 576 queat.

996 577 1045 615 3'7,
1062 579 1112 609 37.
1125 577 1196 609 Tam
1215 579 1339 610 multum
1354 580 1496 611 molestia;
1518 590 1576 612 non
1589 582 1706 614 facessit
1722 594 1774 616 vox

956 621 1223 654 énokurtmwAanc
1235 623 1364 654 breviter
1375 633 1409 655 ae
1420 629 1500 655 recte
1507 626 1775 665 explicatdostissi-

958 674 1023 710 mus
1039 666 1211 707 Euchologii
1227 667 1375 708 interpres
1390 668 1502 700 Goarus
1517 679 1583 710 pag.
1601 671 1650 702 32.
1671 684 1681 699 α
1696 672 1776 704 Finis

956 709 1047 757 ofﬁcii
1062 710 1188 757 ἁπόξιυσις
1201 716 1259 757 est,
1278 713 1340 743 sive
1354 713 1500 744 dimissio:
1518 709 1652 746 Modulus
1663 716 1714 748 ille
1725 718 1776 757 qui

958 754 1145 785 terminando
1174 756 1274 787 ofﬁcio
1303 757 1430 789 idoneus
1460 765 1620 798 censetur,
1651 754 1776 790 ἀπολὲί-

79 801 241 832 Καταϐασίπι
260 800 493 840 inscribitur,sic
507 801 674 840 procedens
692 811 698 832 :
725 802 760 831 Τὸ
776 802 913 841 στερέωμα

957 809 1013 845 γιον
1029 803 1074 845 est
1092 805 1147 845 :et
1170 801 1240 841 quia
1260 802 1330 833 varii
1361 805 1431 834 sunt
1459 803 1631 844 hujusmodi
1660 815 1775 845 versus,

75 851 133 876 τῶν
150 848 198 875 ἐπὶ
214 849 254 875 σοι
277 847 442 874 πεποιθότων
469 846 625 883 οτερὲωπον,
658 847 747 885 Κύριε,
770 847 818 880 τὴν
847 848 912 876 Ἐκ-

957 843 980 873 is
994 844 1045 884 qui
1057 844 1117 875 diei
1130 845 1209 876 illius
1232 847 1372 887 proprius
1388 852 1443 883 est,
1458 849 1627 878 ἆπολυτίκιον
1641 851 1687 885 τῆς

76 892 210 931 Ἀλησίαν,
222 892 256 924 ἣν
277 892 383 925 ἐκτήσω
408 894 446 927 τῷ
462 891 542 928 τιμίῳ
563 901 609 918 σου
626 890 732 928 ιῗματι,
751 903 764 918 tt
795 890 911 922 Firma-

957 899 1000 936 ρας
1026 888 1139 936 audit;_
1161 894 1189 920 et
1207 898 1307 936 vocem
1334 891 1434 936 aliam,
1462 895 1594 933 στιχηρὸν
1624 888 1774 936 videlicet,

77 939 219 967 mentum
237 935 448 967 conﬁdentium
464 935 492 966 in
506 939 545 972 te,
563 935 697 970 Domine,
713 935 798 966 ﬁrma
812 936 902 968 Eccle
953 933 1189 979 subaudiendum
1203 935 1530 976 postulat.»Etpag.i%i
1545 933 1773 979 adjuugit,«non

77 981 173 1021 siam,
192 990 281 1021 quam
299 980 480 1020 acquisivisti
497 980 629 1020 pretioso
645 983 695 1010 tuo
720 981 875 1020 sanguine.
897 994 908 1010 η
954 981 1067 1023 tantum
1084 977 1173 1023 ofﬁcii
1189 979 1330 1019 completi
1346 980 1408 1020 ﬁni,
1440 989 1542 1012 verum
1560 987 1589 1013 et
1613 977 1689 1023 parti
1714 985 1777 1023 ejus

75 1026 149 1057 Huc
162 1026 315 1061 animum,
329 1025 387 1056 huc
401 1024 625 1065 oculos,lector.
635 1024 843 1065 Quidquamne
868 1034 912 1059 est

73 1070 106 1101 in
124 1071 187 1102 hoc
205 1069 323 1100 modulo
340 1069 417 1109 quod
435 1069 609 1100 memoriam
625 1069 731 1099 excitet
748 1068 784 1099 ad
797 1068 910 1109 cogita-

74 1116 197 1145 tionem
209 1114 374 1154 fragilitatis
387 1114 538 1145 bumanai‘?
548 1114 635 1154 Atqui
649 1113 822 1154 hujusmodi
842 1118 911 1144 sunt

74 1159 198 1190 moduli
213 1159 312 1190 czeteri
338 1167 456 1199 omnes,
473 1158 583 1198 quibus
610 1167 664 1189 vox
696 1159 750 1190 ista
781 1159 908 1198 praeﬁgi-

76 1211 141 1240 tur,
161 1208 195 1234 ut
213 1209 315 1244 postea
329 1203 487 1234 constabit.
515 1202 607 1242 Igitur
622 1203 679 1234 alio
709 1206 909 1234 convertenda

76 1259 172 1280 mens
189 1253 248 1288 est,
263 1249 320 1279 alia
337 1248 473 1278 facienda
499 1247 683 1287 conjectura.
703 1247 772 1287 Ego,
786 1252 817 1278 ut
829 1248 908 1288 quod

76 1295 182 1325 sentio
199 1293 229 1324 in
247 1302 279 1324 re
295 1292 432 1329 obscura,
450 1292 479 1323 id
492 1291 586 1323 libere
602 1293 770 1333 proloquar,
790 1293 909 1322 Kau51-

76 1341 122 1368 at:
142 1343 291 1378 nou.puto
314 1346 381 1368 esse
407 1337 529 1378 troparii
552 1337 700 1368 modulive
723 1346 830 1376 genus,
856 1338 908 1368 sed

76 1384 215 1424 aliquam
234 1382 444 1422 proprietatem
463 1382 544 1422 toni;
568 1382 607 1413 ita
622 1386 653 1412 ut
674 1381 754 1412 idem
769 1382 808 1412 sit
832 1382 910 1422 quod

77 1428 166 1459 vocis
183 1427 352 1467 depressio,
369 1427 523 1462 demissio,
550 1431 579 1457 et
595 1426 631 1466 (si
657 1426 781 1457 musicis
803 1426 908 1466 placet)

954 1022 1118 1062 prolixiori,
1130 1022 1285 1062 signanter
1298 1023 1335 1054 ab
1350 1024 1443 1056 altera
1458 1026 1593 1064 tliversaa,
1609 1022 1691 1059 suam
1703 1022 1774 1058 ἀτιό-

952 1073 1027 1112 {tum
1044 1071 1073 1096 et
1091 1068 1252 1098 terminum
1264 1069 1423 1108 assignari.
1441 1081 1452 1098 ι
1479 1069 1534 1102 Hic
1549 1080 1602 1102 vox
1619 1072 1681 1112 ipsa
1705 1074 1774 1103 ἁπό-

952 1109 1025 1142 λυσις
1041 1120 1089 1141 me
1097 1117 1308 1143 commonetut
1318 1113 1438 1144 missum
1451 1124 1572 1156 quoque
1587 1109 1692 1148 fac-iam
1709 1118 1774 1149 lec-

954 1156 1122 1201 torem,jam
1131 1156 1365 1201 fortefatigatum
1374 1159 1497 1198 legenda
1506 1161 1775 1201 nimisdongacirca

951 1200 1094 1230 terminos
1100 1200 1603 1242 solosdissertatione.Verum,cum
1611 1200 1683 1237 sitio
1693 1216 1779 1237 more

951 1244 1078 1283 positum
1086 1245 1498 1286 institutoqueGraecorum,ut
1505 1250 1777 1289 pronuntiaia'Am.

951 1289 1050 1336 togae;
1072 1289 1208 1336 formula,
1226 1290 1405 1331 quandoque
1422 1291 1535 1333 aliquid
1554 1295 1774 1336 superaddant;

952 1333 1038 1364 dabis
1051 1335 1124 1364 mihi
1140 1335 1362 1379 hancrveniam,
1381 1337 1499 1368 erudite
1513 1333 1651 1376 lector,ut
1664 1349 1717 1379 ego
1727 1333 1776 1371 hic

952 1378 1277 1424 quoque_superaddam
1288 1379 1401 1418 aliquid
1415 1381 1453 1412 de
1464 1381 1615 1423 Typico,ej
1621 1378 1714 1424 usque
1725 1386 1774 1415 hi—

953 1424 1054 1454 storia.
1065 1422 1207 1463 Typicum
1218 1424 1295 1455 liber
1303 1424 1474 1456 Graecorum
1485 1422 1711 1459 ecclesiasticus
1718 1434 1775 1465 est.

75 1474 171 1504 etiam
187 1471 350 1512 descensio;
363 1471 445 1502 Hanc
460 1471 534 1502 mihi
564 1476 696 1502 mentem
724 1471 826 1511 injecit
851 1470 911 1501 Ha-
921 1468 941 1492 ο
953 1468 1004 1507 Qui
1015 1468 1084 1507 quid
1096 1477 1214 1508 quoquo
1225 1468 1274 1500 die
1284 1469 1314 1500 in
1327 1470 1453 1501 ecclesia
1466 1475 1599 1512 tempore
1610 1472 1700 1504 divini
1709 1474 1775 1505 olli-

74 1516 243 1558 ;iopolites
258 1517 308 1548 ille
321 1525 373 1547 seu
384 1515 461 1547 liber
474 1525 529 1546 ms.
542 1515 579 1547 de
589 1515 702 1546 musica
711 1515 912 1546 ecclesiastica

75 1563 269 1597 Graecorum,
285 1560 337 1601 qui
348 1561 426 1601 apud
439 1560 590 1591 laudatum
604 1559 745 1598 Cangium
759 1559 848 1590 verbo
859 1572 912 1600 ’ρω-

77 1610 111 1644 vri
131 1609 213 1640 inter
236 1607 299 1638 toni
327 1607 524 1647 proprietates
546 1606 762 1643 novemdecim,
789 1605 913 1637 collocat

76 1658 188 1684 octavo
209 1652 274 1683 loco
298 1652 468 1690 κατάϐισμι.
494 1651 567 1682 Nam
583 1651 659 1691 apud
686 1652 804 1682 Graecos
831 1650 913 1682 nihi-

78 1698 108 1729 lo
135 1698 205 1737 plus
235 1697 309 1729 mihi
332 1696 450 1728 videtur
479 1696 625 1727 interesse
650 1696 729 1727 inter
754 1695 913 1725 ιαταϐασίαιν

79 1747 110 1774 et
126 1742 301 1780 κιεάϐατμπ,
325 1751 412 1781 quam
439 1741 518 1771 inter
546 1741 772 1772 descensionem
803 1745 833 1771 et
857 1740 913 1772 de-

79 1796 228 1818 scensum
246 1786 324 1826 apud
344 1786 471 1817 Latinos.
487 1785 628 1826 Sequitur
650 1793 722 1824 ergo
739 1789 770 1816 ut
793 1784 914 1814 καταιϐα-

81 1833 126 1861 σία
144 1833 176 1862 in
191 1831 288 1862 ofﬁcio
300 1831 502 1862 ecclesiastico
514 1831 626 1861 rectius
637 1830 753 1861 dicatur
762 1839 829 1861 esse
844 1839 914 1870 qua-

81 1877 106 1908 si
115 1877 241 1916 signum
252 1875 384 1916 aliquod,
394 1884 452 1916 quo
464 1875 611 1906 indicetur
617 1875 912 1914 cautori.proximum

82 1920 255 1961 troparium
267 1919 484 1952 succinendum
495 1928 564 1950 esse
574 1919 715 1960 depressa
725 1927 796 1949 voce
804 1919 910 1950 minus-

82 1974 144 2007 que
156 1965 250 1996 elata.

125 2010 288 2049 35.Neque
301 2008 401 2040 minus
409 2008 530 2040 difﬁcile
539 2012 585 2039 est
594 2007 782 2046 dicere.quid
790 2006 914 2040 sit’EEa-

83 2054 284 2094 ποπειλάριον.
301 2054 354 2085 Est
367 2052 488 2092 quidem
500 2052 641 2084 modulus
656 2051 764 2093 aliquis
778 2052 839 2083 sive
856 2055 915 2083 tro-

954 1512 990 1542 cii
1001 1513 1183 1557 recitandum
1196 1513 1382 1552 agendumve
1393 1515 1524 1551 sit,t'acili
1541 1517 1682 1548 methodo
1699 1527 1775 1557 prae-

953 1556 1065 1587 scribit.
1081 1556 1166 1588 Varia
1176 1562 1274 1589 autem
1290 1558 1375 1589 initio
1386 1559 1470 1592 fuere
1486 1560 1605 1601 Typica,
1625 1565 1664 1592 ita
1680 1567 1710 1593 ut
1726 1572 1776 1594 es-

955 1604 1022 1631 sent
1038 1601 1183 1633 tutferme
1194 1607 1264 1642 quot
1280 1603 1429 1634 ecclesias.
1442 1605 1500 1636 Sed
1517 1605 1636 1636 tandem
1653 1606 1778 1637 labenti-

956 1646 1011 1677 bus
1026 1647 1143 1678 saaculis
1160 1656 1270 1687 primas
1284 1647 1411 1679 obtinuit
1425 1649 1509 1687 illud,
1525 1650 1603 1690 quod
1630 1653 1662 1683 δ.
1689 1651 1776 1684 Sabte

957 1691 1076 1722 nomine
1093 1692 1263 1732 insignitur,
1281 1696 1309 1723 et
1333 1693 1411 1733 quod
1436 1699 1554 1726 sanctus
1570 1695 1619 1726 ille
1640 1696 1742 1735 abbas,
1759 1707 1776 1728 a

956 1736 1009 1767 SS.
1026 1736 1185 1776 Euthyinio
1197 1736 1403 1769 etTheoctisto
1415 1744 1583 1780 acceptum,
1596 1741 1658 1772 suis
1670 1751 1774 1773 mona-

956 1780 1020 1811 chis
1030 1781 1305 1822 Hierosolymitanis
1317 1784 1592 1824 praescripsit,unde
1603 1786 1774 1818 etHieroso-

955 1824 1115 1865 lymiticum
1127 1835 1144 1856 a
1153 1827 1304 1858 nonnullis
1314 1827 1615 1870 dicitur.i’orro,cum
1633 1830 1774 1862 barbaro-

954 1878 1020 1900 rum
1032 1870 1205 1902 incursione
1214 1872 1422 1913 intercidisset,
1433 1874 1600 1905 restitutum
1617 1879 1662 1905 est
1676 1876 1775 1908 studio

955 1923 989 1960 ac
1004 1914 1106 1960 labore
1119 1916 1149 1946 S.
1167 1917 1327 1956 Sophronii
1342 1918 1517 1956 patriarchae
1529 1918 1774 1960 Hierosolymita-

955 1959 996 1994 ni;
1015 1958 1124 1990 deinde
1135 1966 1163 1991 et
1177 1969 1195 1991 a
1214 1960 1362 1992 SJoanne
1377 1961 1561 1994 Damasceno
1576 1958 1676 1995 rerum
1689 1966 1775 1996 theo—

955 2003 1116 2042 logicarum
1129 2005 1487 2045 peritissimoiunovatum
1500 2007 1565 2046 fuit,
1578 2012 1607 2039 et
1622 2008 1659 2040 ab
1675 2010 1775 2040 omni-

956 2048 1012 2079 bus
1027 2057 1103 2088 peue
1118 2050 1436 2092 admissum,utrefert
1446 2052 1574 2093 Symeou
1587 2053 1775 2084 Thessaloni-

84 2093 222 2140 ρπίυιῃς
235 2097 288 2129 sed
301 2107 355 2139 per
368 2097 439 2138 quid
455 2097 492 2128 ab
507 2097 573 2128 aliis
590 2097 720 2135 differat,
736 2096 823 2128 varia
846 2104 915 2130 sum
925 2093 1054 2140 Dcensis
1069 2095 1099 2125 in
1115 2095 1238 2134 Dialogo
1255 2100 1357 2127 contra
1373 2096 1513 2129 haereses.
1537 2098 1633 2137 Atque
1653 2098 1710 2129 hoc
1732 2102 1776 2128 est

85 2143 279 2183 maximeque
294 2141 500 2182 discrepantes
525 2144 682 2173 sententiae
701 2150 707 2172 :
725 2149 798 2181 quas
815 2141 916 2181 paucis

85 2188 213 2219 videtur
223 2186 399 2227 complexus
408 2195 476 2218 esse
489 2185 602 2218 Goarus
612 2195 677 2225 pag.
688 2185 783 2222 27,ita
792 2185 917 2216 interro-

83 2231 222 2274 κειιὶειιΝ
226 2242 274 2262 um
289 2231 339 2262 ille
352 2231 477 2272 hymnus
487 2231 582 2268 est,ad
593 2239 681 2272 quem
697 2230 915 2261 concinentium

84 2278 118 2309 in
135 2277 221 2309 chori
237 2276 385 2315 gremium
398 2276 527 2307 mittitur
539 2275 646 2317 aliquis
657 2278 671 2307 ’ἱ
686 2275 733 2307 Αη
761 2274 826 2306 talis
842 2274 916 2306 alius

85 2322 142 2363 qui
156 2323 186 2352 in
202 2321 298 2352 sancti
314 2320 359 2351 vel
377 2319 643 2361 mysteriialicujus
665 2319 838 2350 memoriam
854 2319 916 2352 tia-

85 2366 286 2400 ποστέλλετπι,
302 2364 453 2396 emittatur
467 2365 482 2395 ἱ)
492 2364 569 2396 Num
583 2364 680 2405 potius
694 2364 719 2395 is
730 2368 777 2395 est
787 2364 838 2404 qui
851 2364 917 2394 mit—

89 2411 215 2443 tendam
233 2409 361 2451 Spiritus
376 2409 471 2441 sancti
486 2409 608 2449 gratiam
623 2408 760 2440 advocet?
774 2409 819 2440 vel
833 2408 919 2440 deni-

88 2466 150 2497 que
160 2455 310 2496 qui,juxta
320 2454 548 2493 doctiLigaridii
564 2463 700 2492 sensum,
712 2453 776 2485 fere
796 2462 918 2494 semper

87 2503 129 2532 de
140 2500 344 2542 apostolorum
355 2498 386 2530 in
395 2499 498 2530 orbem
505 2499 693 2540 dispersione
699 2502 729 2530 et
736 2498 918 2539 praedicatio-

90 2549 251 2586 ne,aperte
262 2543 310 2575 vel
318 2543 500 2575 subobscure
510 2543 684 2575 memoriam
692 2543 920 2575 habeat?-Certe

91 2592 183 2631 longe
213 2590 329 2620 videtur
359 2589 555 2629 probabilius,
588 2589 684 2629 inquit
710 2588 851 2628 Caugius,
880 2588 923 2619 ita

92 2635 279 2677 appellatum
296 2633 443 2672 ejusmodi
461 2634 603 2674 hymnum
618 2642 636 2664 a
651 2641 723 2664 voce
748 2633 923 2665 Ἐξαπόστει-

94 2681 152 2718 λον,
170 2688 238 2721 quae
253 2678 287 2709 in
303 2677 340 2709 iis
355 2678 418 2709 fere
432 2687 552 2718 semper
567 2677 710 2715 occurrit,
723 2681 755 2708 ut
770 2681 813 2708 est
832 2677 925 2708 oratio

93 2726 144 2757 illa
159 2726 189 2756 in
206 2723 330 2762 liturgia
342 2723 674 2760 Prasanctiticatorum,
685 2722 714 2753 id
726 2727 784 2763 est,
800 2723 887 2753 missa
898 2722 927 2754 in

94 2771 223 2812 qusjam
237 2773 327 2800 antea
335 2772 544 2800 consecratum
551 2776 660 2808 corpus
669 2767 779 2800 Christi
788 2767 928 2801 sumitur.

262 2850 395 2882 eraon.
420 2849 481 2881 Gn.
502 2847 613 2879 XXIX.

946 2139 1031 2170 -illud
1040 2140 1193 2179 Typicum,
1206 2141 1284 2180 quod
1297 2141 1368 2171 mihi
1379 2141 1409 2172 in
1420 2142 1475 2172 hac
1484 2151 1516 2172 re
1529 2143 1616 2180 longe
1627 2142 1776 2172 obscuris-

958 2183 1160 2220 sima,nullius
1171 2185 1239 2215 trita
1250 2186 1491 2225 vestigiis,facem
1502 2186 1691 2226 praelaturum
1701 2195 1776 2216 con-

959 2229 1063 2269 ﬁdo,et
1071 2228 1150 2269 quod
1162 2228 1208 2260 hic
1220 2230 1352 2270 reperies
1362 2239 1379 2261 ξι
1398 2240 1445 2261 me
1460 2239 1665 2271 saepenumero
1677 2230 1776 2261 nomi-

959 2274 1218 2314 nari.lmpressum
1230 2278 1327 2305 autem
1340 2274 1412 2305 illud
1434 2275 1557 2306 habetur
1572 2274 1705 2306 Venetiis
1721 2284 1779 2306 una

958 2327 1027 2349 cum
1044 2318 1193 2359 plerisque
1208 2318 1379 2358 bujusmodi
1394 2319 1478 2350 libris
1500 2329 1578 2350 anno
1602 2321 1679 2351 1603
1700 2320 1778 2360 apud

959 2363 1120 2394 Antonium
1138 2362 1297 2400 Pinellum,
1313 2366 1389 2394 sicut
1406 2364 1477 2395 illud
1491 2364 1582 2395 multa
1593 2364 1781 2396 accuratioue

959 2408 1170 2442 emendaverat
1182 2407 1323 2448 Josaphat
1338 2408 1597 2447 bieromonaclius,
1617 2419 1651 2440 ex
1679 2410 1780 2441 Andro

961 2453 1121 2490 oriundus,
1131 2453 1318 2483 sanctissimo
1328 2453 1437 2485 domno
1447 2453 1585 2486 Gabriele
1597 2453 1781 2494 patriarcha-

962 2499 1020 2529 lem
1037 2498 1176 2527 thronum
1188 2496 1447 2539 obtinenteAtqui
1457 2498 1575 2530 Gabriel
1590 2498 1723 2530 Flamma
1734 2507 1770 2537 pa

964 2542 1154 2574 triarchatum
1170 2541 1316 2583 Venetiis_
1329 2543 1459 2574 obtinuit
1477 2543 1729 2583 juxtarUghellum
1746 2541 1783 2573 ab

963 2592 1042 2614 anno
1063 2583 1150 2623 1584,
1167 2583 1288 2614 ineunte
1300 2581 1441 2614 Januario
1453 2581 1490 2614 ad
1502 2585 1537 2614 it
1555 2581 1626 2615 Julii
1638 2583 1708 2615 anni
1732 2591 1784 2613 se-

967 2627 1096 2668 quentis;
1111 2628 1189 2658 unde
1200 2627 1347 2667 intelligas
1358 2637 1459 2659 curam
1470 2628 1548 2659 illam
1561 2629 1648 2659 annis
1659 2628 1783 2658 octode-

968 2674 1025 2703 cim
1041 2673 1123 2713 prius
1137 2673 1300 2712 impensum
1318 2672 1412 2713 operi,
1430 2682 1516 2713 quam
1535 2673 1606 2703 illud
1631 2672 1707 2712 typis
1730 2671 1784 2702 ad-

969 2721 1150 2749 moveretur.
1169 2717 1196 2749 Si
1227 2726 1292 2757 quaa
1307 2726 1358 2747 vox
1384 2717 1442 2748 alia
1456 2716 1612 2748 obscurior
1638 2721 1787 2757 occurrat,

970 2773 1035 2796 eam
1051 2764 1081 2794 in
1098 2762 1309 2796 Commentarii
1325 2762 1403 2793 serie
1419 2761 1645 2802 explicabimus.

1446 2851 1470 2872 α
