2005 3142
664 185 896 218 ACOLUTHIA
918 184 1111 215 TRIPLICIS
1131 185 1251 215 FESTI.

127 259 202 299 ’Υπὶρ
255 257 402 294 πλεόντων,
469 253 692 295 ὁδοιπορούντων,

92 298 242 344 καμνόνὲων,
269 300 465 342 αἰχμαλώτων,
495 300 538 328 καὶ
564 299 613 334 τῆς
642 298 776 338 σωτηρίας
803 299 899 334 αὐτῶν,

92 354 131 380 τοῦ
144 348 228 388 Κυρίου
242 347 388 384 δεηθῶμεν.
407 350 440 377 Χ.
458 345 545 384 Κύριε,
564 345 684 378 ἆλέησον.

125 387 199 433 ’Υπὲρ
225 395 269 421 τοῦ
306 391 429 430 ῥωσθῆναι
458 390 529 427 ἡμᾶς
559 389 612 418 ἀπὸ
650 389 740 421 πάσης
772 387 899 433 θλίψεως,

91 441 173 480 ὀργῆς,
187 432 230 466 uel
244 437 376 476 ἀνάγκης,
403 436 452 464 τοῦ
481 434 575 473 Κυρίου
591 433 739 472 δεηθῶμεν.
757 436 791 465 Χ,
810 432 897 473 Κύριε,

91 484 199 514 ἐλέησον.

121 495 280 563 ἱλῗεῖλάϐου,
326 528 427 564 σῶσον,
475 523 598 559 ἐλέησον,
651 523 695 551 καὶ
743 520 898 562 διαφύλαξον

89 575 162 611 ἡμᾶς,
190 573 204 601 ὁ
233 571 309 609 Θεὸς,
348 572 383 608 τῇ
414 572 448 608 σῇ
484 569 587 609 χάριτι.
619 571 653 599 x.
691 567 781 607 Κύριε,
815 565 895 600 ἐλέη-

89 629 137 648 σον.

122 662 170 696 Τῆς
199 660 345 701 ιιταναγίιιει·⁷
374 658 521 699 ἆχράντου,
559 656 820 697 ὕπερευλογημένης,
849 657 897 685 ἒν-

89 706 153 740 δόξοο
178 705 318 739 δεσποίνης
337 700 426 742 γήμῶν
451 703 592 740 Θεοτόχου,
630 703 674 730 καὶ
701 701 740 730 ἀεὶ
767 700 898 741 Παρθένου

89 752 188 791 Μαρίας,
212 751 278 789 μετὰ
309 750 416 778 πάντων
458 750 511 776 τῶν
542 747 623 786 ἁγίων
652 746 895 785 μνημονεύσαντες,

89 796 183 828 ἑαυτοὺς
197 795 240 824 καὶ
268 793 404 829 ἀλλήλους
421 795 508 821 πᾶσαν
530 792 579 826 τὴν
607 793 679 827 ζωὴν
694 793 772 829 ἡμῶν
794 793 898 830 Χριστῷ

88 844 120 878 τῷ
133 843 186 878 Θεῷ
199 839 389 880 παραθῶμεθα.
406 841 438 867 X.
456 837 514 875 Σοὶ,
532 837 620 876 Κύριε.

125 929 170 958 Καὶ
187 929 304 970 ὲκφωνεϊ
332 929 346 956 ὁ
372 927 454 967 ἱερεύς
471 936 478 943 ”
497 925 567 956 ’Ὂτι
591 925 686 966 πρέπει
709 936 749 954 σοι
763 928 835 954 πᾶσα
850 923 897 952 δό-

88 974 124 1011 ξα,
151 974 212 1010 τιμὴ
242 973 286 1002 καί
316 973 508 1011 προσκύνησις,
532 973 569 1008 τῷ
596 971 689 1009 Πατρὶ,
713 971 757 999 καὶ
771 972 810 1007 τῷ
832 970 896 1009 Υἱῷ,

89 1020 125 1047 καὶ
138 1020 173 1056 τῷ
187 1019 251 1058 ἁγίῳ
266 1017 415 1057 ’Πνεύματι⁷
432 1020 476 1045 νῦν
500 1016 548 1045 καὶ
561 1015 614 1056 ἀεὶ,
629 1016 673 1044 καὶ
688 1016 724 1047 εἰς
740 1015 801 1048 τοὺς
831 1015 899 1043 αἰῶ-

88 1075 128 1096 νας
141 1067 190 1092 τῶν
204 1063 321 1092 αἰώνων.
337 1061 437 1100 ’Λμήν.

122 1107 216 1138 Ἰστίον
230 1107 270 1145 δὲ,
295 1106 349 1146 ὅτι,
380 1105 443 1135 ὅταν
471 1105 585 1145 λέγομεν
609 1104 650 1141 τὸ,
666 1102 831 1136 Ἀνοίξαντός
853 1115 900 1132 σου

88 1153 131 1186 τήν
151 1159 241 1193 χεῖρα,
272 1153 288 1180 ὁ
314 1151 397 1191 ἱερεὺς
427 1149 550 1179 ἀπελθὼν
579 1148 652 1188 λέγει
673 1148 720 1180 τὰς
749 1148 831 1188 εὐχὰς
854 1151 900 1177 τοῦ

90 1197 217 1238 λυχνικοῡ,
246 1197 388 1235 ἱστάμενος
416 1195 537 1229 ὰσκεπὴς
565 1195 711 1233 ἔμπροσθεν
736 1195 791 1222 τῶν
818 1193 899 1233 ἁγίων

89 1245 173 1282 θυρῶν.

748 253 937 292 νοσούντων,Α
989 251 1047 283 Pro
1095 250 1312 291 navigantibus,

1614 190 1766 215 CCCXXX!”

1356 251 1415 283 iter
1467 249 1637 291 agentibus,
1675 251 1762 282 inﬁr-

946 294 1012 332 mis,
1044 294 1259 336 laborantibus,
1298 295 1433 336 captivis,
1462 299 1492 327 et
1522 304 1624 326 eorum
1654 295 1763 334 salute,

944 340 1104 371 Dominum
1122 350 1290 380 precemur.
1306 341 1359 372 Ch.
1376 339 1515 381 Domine,
1531 340 1687 372 miserere.

981 385 1020 415 Ut
1035 385 1197 416 liberemur
1219 384 1256 416 ab
1285 385 1365 416 omni
1391 393 1533 426 aerumna,
1551 385 1647 426 plaga,
1664 390 1693 416 et
1706 394 1762 416 ne-

942 429 1092 470 cessitate,
1137 429 1296 461 Dominum
1339 438 1509 471 precemur.
1540 430 1594 463 Ch.
1624 429 1762 471 Domine,

941 483 1096 505 miserere.

979 518 1116 559 Suscipe,
1134 527 1235 556 serva,
1253 519 1398 551 miserere
1413 523 1442 550 et
1457 519 1572 552 custodi
1588 529 1654 558 nos,
1670 520 1761 558 Deus,

939 566 988 594 tua
1001 563 1108 603 gratia.
1126 563 1183 595 Ch.
1209 563 1347 602 Domine,
1365 564 1520 596 miserere.

979 655 1191 691 Sanctissimae,
1209 656 1402 693 intemeratae,
1417 665 1508 697 super
1519 665 1622 688 omnes
1638 656 1766 689 benedi-

940 703 1004 738 ctae,
1021 699 1160 739 gloriosae
1175 700 1314 731 Dominae
1329 704 1436 732 nostrae
1452 701 1634 742 Deiparae,et
1645 711 1764 743 semper

941 744 1067 783 virginis
1095 745 1198 776 Maria
1226 754 1260 776 ac
1289 749 1422 776 omnium
1451 750 1619 777 sanctorum
1647 756 1761 779 memo-

940 792 1014 819 riam
1033 794 1168 829 agentes,
1186 799 1240 821 nos
1252 790 1344 831 ipsos,
1362 795 1391 821 et
1406 790 1544 829 invicem,
1563 796 1593 824 et
1607 792 1695 823 vitam
1707 802 1763 823 no-

939 838 1029 865 stram
1063 834 1182 867 Christo
1211 835 1272 867 Deo
1301 835 1566 868 commendemus:
1603 836 1657 868 Ch.
1685 837 1762 875 Tibi,

909 898 929 924 Β
941 879 1078 911 Domine.

979 924 1028 954 '75.
1047 924 1084 955 Et
1108 924 1254 955 exclamat
1276 924 1439 957 sacerdos:
1458 925 1534 962 Quia
1556 926 1695 958 convenit
1710 926 1765 957 tibi

940 968 1039 998 omnis
1048 968 1155 1008 gloria,
1169 969 1268 1000 honor
1282 973 1311 1000 et
1322 970 1467 1006 adoratio,
1485 969 1574 1008 Patri,
1589 975 1618 1001 et
1633 969 1721 1011 Filio,
1737 974 1766 1002 et

941 1012 1065 1054 Spiritui
1081 1018 1204 1045 sancto:
1228 1023 1308 1045 nunc
1337 1019 1366 1046 et
1393 1023 1513 1055 semper
1540 1019 1569 1046 et
1600 1014 1632 1045 in
1659 1018 1767 1047 saacuia

941 1058 1118 1089 saeculorum
1149 1060 1256 1090 Amen.

983 1102 1145 1135 Sciendum
1162 1108 1262 1135 autem
1275 1104 1414 1144 est,quod
1431 1104 1550 1144 quando
1560 1104 1687 1136 dicimus
1697 1113 1766 1136 ver-

942 1147 1068 1179 siculum
1080 1148 1242 1189 Aperiente
1266 1152 1294 1180 te
1310 1157 1442 1188 manum,
1456 1148 1597 1180 sacerdos
1612 1149 1720 1180 habeat
1736 1153 1765 1181 et

941 1192 1048 1224 recitet
1062 1193 1212 1225 orationes
1237 1193 1399 1225 lucernarii
1428 1198 1509 1225 stans
1533 1193 1668 1225 detectus
1696 1198 1765 1225 ante

941 1241 1058 1269 sanctas
1075 1238 1169 1269 fores.

123 1294 211 1327 Con.
227 1295 271 1327 Ex
289 1294 347 1326 hoc
366 1293 434 1325 loco
449 1291 620 1329 conﬁcitur,
638 1290 887 1332 ’Eonspwdvinter

965 1291 1093 1332 λυχνικόν
1107 1291 1270 1322 discrimen
1290 1300 1357 1322 esse
1383 1301 1442 1323 non
1459 1292 1623 1323 modicum.
1650 1291 1767 1332 Quippe

90 1336 214 1375 ἑσπερινόν
230 1338 288 1373 est,
307 1338 402 1366 totum
419 1333 552 1375 ofﬁcium
567 1330 783 1373 vespertinum,
799 1330 900 1375 λυχνικ

952 1330 1018 1375 vero
1039 1340 1094 1363 seu
1111 1343 1123 1362 ι
1142 1332 1341 1364 lucernarium
1359 1344 1373 1360 »
1391 1336 1435 1363 est
1456 1336 1568 1363 tantum
1584 1332 1683 1373 aliqua
1698 1330 1766 1373 ejus

91 1371 161 1416 pars,
177 1384 228 1407 seu
244 1371 382 1417 paucula:
397 1373 560 1412 orationes,
576 1371 650 1414 quas
665 1381 725 1404 non
740 1371 886 1412 gravabor
903 1371 1087 1404 describere.

413 1431 504 1457 ΕΥΧΗ
527 1426 572 1457 A'.

125 1474 195 1514 Κύριε
233 1473 370 1514 οἱχτίρμον
410 1474 454 1502 καὶ
491 1472 620 1511 ἓλεῆμον,
655 1471 821 1510 μακρόθυμε,
856 1470 904 1498 καὶ

90 1518 215 1556 πολυέλεε,
233 1519 359 1548 ἒνώτισαι
373 1518 424 1552 τὴν
439 1517 595 1557 προσευχὴν
623 1517 713 1554 ἡμῶν,
742 1516 787 1544 καὶ
816 1518 902 1553 πρόσ-

91 1574 132 1603 χες
145 1567 178 1603 τῇ
193 1567 267 1604 φωνῇ
279 1566 332 1597 τῆς
348 1562 464 1598 δεήσεως
477 1562 556 1600 ἡμῶν
573 1570 581 1577 ·
605 1561 717 1594 ποίησον
745 1558 802 1604 μεθ’
825 1560 903 1597 -ἷ-μῶν

89 1603 248 1646 unarmed;
278 1608 378 1647 ἀγαθόν
395 1617 404 1626 ⁸
432 1605 567 1646 ὁδήγησον
592 1606 664 1644 ἡμᾶς
680 1604 706 1634 ἐν
720 1608 754 1644 τῇ
768 1603 820 1641 ί)δῷ
841 1615 901 1645 σου,

88 1653 127 1681 WB
142 1653 292 1692 πορεύεσθαι
303 1654 331 1681 ἓν
347 1655 382 1691 τῇ
398 1651 508 1687 ἀληθείᾳ
524 1662 570 1679 σου
585 1660 590 1666 ¹
617 1649 743 1691 εὕφρανον
770 1649 817 1681 τὰς
833 1660 899 1688 χαρ-

88 1696 136 1731 δίας
157 1699 234 1736 ἡμῶν
257 1699 297 1731 εἰς
324 1697 355 1726 τὸ
377 1695 516 1737 φοϐεῖσθαι
540 1697 571 1724 τὸ
596 1695 679 1733 ὄνομά
701 1705 748 1722 σου
769 1695 799 1723 τὸ
814 1694 901 1733 ἅγιον·

88 1741 145 1771 διότι
172 1743 255 1783 μέγας
281 1743 311 1771 εἷ
342 1745 372 1771 σὺ
395 1742 439 1770 καὶ
468 1740 556 1769 ποιῶν
578 1740 723 1778 θαυμάσια·
747 1739 777 1767 σὺ
794 1745 821 1767 ετ
838 1739 903 1771 Θεὸς

89 1787 174 1828 μόνος,
190 1788 234 1816 καὶ
248 1790 299 1817 οὐκ
313 1787 388 1815 ’ἐστιν
418 1785 508 1824 ὅμοιος
534 1796 575 1813 σοι
606 1785 634 1813 ἐν
648 1786 732 1825 θεοῖς,
751 1784 839 1824 Κύριε,
857 1783 903 1811 δυ-

89 1832 156 1864 νατὸς
185 1833 211 1860 ἓν
236 1832 320 1872 Hect,
344 1832 388 1859 καὶ
409 1831 507 1870 ἀγαθὸς
528 1830 556 1858 ἒν
579 1829 668 1870 ἰσχύϊ,
685 1830 721 1861 εἰς
737 1830 768 1858 τὸ
782 1829 905 1868 βοηθεῖν,

88 1877 126 1904 καὶ
150 1877 329 1917 παρακαλεῖν,
353 1877 397 1904 καὶ
427 1875 523 1911 σώζειν
547 1874 648 1906 πάντας
673 1875 733 1906 τοὺς
750 1873 905 1910 ἐλπίζοντας

89 1921 120 1952 είς
148 1920 230 1960 ὄνομά
251 1933 301 1951 σου
329 1921 359 1950 τό
382 1920 458 1960 ἅγιον
471 1928 479 1936 ⁹
512 1919 552 1948 ὅτι
568 1920 663 1960 πρέπει
685 1929 727 1947 σοι
744 1921 816 1947 πᾶσα
831 1917 905 1957 δόξα,

90 1966 146 2003 τιμὴ
166 1967 209 1995 καὶ
223 1967 417 2007 προσκύνησις,
435 1968 473 2002 τῷ
488 1965 582 2004 Hirpi,
599 1965 643 1993 καὶ
656 1967 694 2001 τῷ
711 1964 774 2000 fit},
798 1963 842 1991 καὶ
867 1965 906 1999 τῷ

91 2010 148 2048 ἁγίῳ
173 2012 323 2050 Πνεύματι,
356 2011 409 2047 νῦν,
432 2017 476 2038 και
503 2009 556 2047 ἀεὶ,
586 2010 631 2038 καὶ
659 2009 695 2040 εἰς
723 2008 784 2040 τοὺς
806 2007 905 2039 αἰῶνας

91 2054 135 2083 τῶν
149 2056 259 2088 αἰώνων,
279 2056 380 2094 Ἀμήν.

414 2102 506 2128 ΕΥΧΗ
530 2098 559 2127 Β¹

125 2145 207 2186 Κύριε,
236 2146 276 2183 μὴ
307 2148 346 2182 τῷ
365 2145 440 2181 θυμῷ
470 2155 517 2172 σου
546 2141 655 2182 ἐλέγξῃς
671 2143 756 2180 ἡμᾶς,
774 2139 842 2186 μηδὲ
869 2140 903 2174 τῆ

89 2188 147 2227 ὀργῆ
159 2200 205 2218 σου
224 2188 369 2227 παιδεύσῃς
398 2190 469 2227 ἡμᾶς
485 2198 491 2205 ·
523 2187 591 2217 ἀλλὰ
606 2187 721 2221 ποίησον
745 2185 803 2224 μεθ’
825 2186 903 2223 ἡμῶν

89 2233 147 2261 κατὰ
173 2235 220 2268 τὴν
243 2234 389 2263 ἐπιείκειάν
416 2244 475 2273 σου,
507 2232 579 2272 ἰατρὲ
610 2233 655 2261 καὶ
676 2231 822 2271 θεραπευτὰ
851 2231 903 2258 τῶν

87 2278 172 2318 ψυχῶν
192 2279 271 2316 ἡμῶν
289 2289 295 2295 ·
317 2278 451 2317 δδήγησον
472 2279 545 2315 ἡμᾶς
569 2277 612 2305 ἐπὶ
642 2275 738 2314 λιμένα
751 2274 903 2312 θελήματός

86 2331 126 2349 σου
141 2331 149 2340 ⁸
175 2323 292 2363 φώτισον
307 2324 368 2354 τοὺς
392 2322 543 2362 ὀφθαλμοὺς
567 2328 618 2350 τὼν
646 2320 759 2360 καρδιῶν
773 2320 853 2357 ἡμῶν
869 2320 903 2351 εἰς

87 2364 217 2405 ἐπίγνωσιν
246 2370 297 2402 τῆς
325 2368 376 2400 σῆς
410 2367 537 2401 ἀληθείας
555 2375 561 2382 ·
595 2367 639 2395 καὶ
655 2365 773 2405 δώρησαι
788 2366 857 2402 ἡμῖν
872 2364 903 2392 τὰ

87 2408 171 2440 λοιπὸν
191 2415 242 2446 τῆς
271 2413 406 2452 παρούσης
435 2411 538 2451 ὴμέρας
563 2412 696 2450 εἶρηνικὸν
720 2411 764 2438 καὶ
780 2409 902 2447 ἀναμάρ-

87 2464 171 2496 τητον,
199 2458 244 2485 καὶ
269 2457 357 2485 πάντα
386 2457 431 2486 τὸν
454 2455 552 2497 χρόνον
566 2458 614 2490 τῆς
637 2456 710 2491 ζωῆς
731 2455 824 2492 ἡμῶν,
840 2464 904 2492 πρε-

87 2497 179 2533 σϐείαις
206 2503 258 2536 τῆς
281 2501 356 2540 ἁγίας
387 2501 517 2530 θεοτόχου
539 2501 583 2529 καὶ
606 2500 712 2530 πάντων
734 2500 788 2527 τῶν
809 2498 902 2537 ἁγίων.

88 2541 148 2572 ’Ὅτι
163 2546 208 2574 σὺν
231 2546 263 2574 τὸ
278 2546 386 2585 κράτος,
402 2546 445 2574 καὶ
460 2546 509 2574 σού
532 2545 603 2573 ἐστιν
627 2545 645 2579 ἡ
664 2542 798 2582 βασιλεία,
816 2543 860 2570 καὶ
888 2543 905 2576 ἡ

88 2585 201 2629 δύναμις,
217 2591 262 2619 καὶ
277 2590 294 2624 ἡ
323 2589 396 2630 δόξαι¹
421 2593 469 2618 τοῦ
492 2590 607 2630 Πατρὸς,
635 2587 740 2617 καὶτοῦ
765 2588 834 2624 Υἱοῦ,
862 2587 906 2615 καὶ

89 2636 132 2661 τοῦ
145 2633 217 2673 ἁγίου
231 2635 396 2675 Πνεύματος,
413 2638 468 2671 νῦν,
486 2635 529 2662 καὶ
552 2633 604 2674 ἀεὶ,
617 2635 660 2663 καὶ
676 2634 712 2665 εἰς
726 2632 786 2664 τοὺς
810 2632 906 2663 αῐῶνας

88 2676 135 2706 τῶν
149 2679 250 2709 αῐώνων
256 2703 264 2712 .
282 2679 381 2717 Ἀμήν,

417 2727 507 2753 ΕΥΧΕ
530 2723 570 2755 Γ’.

125 2767 199 2805 Κύριε
224 2769 239 2797 ὃ
269 2769 333 2801 Θιὸς
356 2769 446 2807 ἡμῶν,
473 2769 606 2807 μνήσθητι
628 2768 705 2806 ἡμῶν
733 2767 786 2796 τῶν
816 2767 906 2805 ἁμαρ-

87 2809 174 2840 τωλῶν
200 2814 246 2842 καὶ
270 2813 386 2853 ἀχρείων
410 2813 509 2842 δούλων
527 2825 585 2850 σοι.»⁹
607 2813 634 2842 ἰν
649 2817 687 2850 τῷ
715 2811 901 2841 ἐπικαλεῖσθαι

90 2854 153 2893 ἡμᾶς
168 2858 198 2886 τὸ
212 2857 293 2897 ἅγιον
306 2857 391 2897 ὄνομά
406 2869 452 2887 σου
469 2869 476 2876 ·
503 2859 547 2888 καὶ
563 2858 601 2897 μὴ
621 2857 804 2898 καταισχύνῃς
826 2857 900 2893 ἡμᾶς

1262 1424 1404 1457 ORATIO
1427 1426 1451 1458 I.

985 1473 1036 1505 76.
1053 1473 1180 1505 Domine
1196 1473 1366 1505 misericors
1385 1476 1415 1504 et
1430 1472 1570 1513 benigne,
1587 1473 1765 1513 longanimis

945 1521 977 1548 et
987 1516 1110 1547 multum
1119 1517 1387 1555 clemens,auribus
1396 1517 1517 1558 percipe
1523 1517 1695 1558 deprecatio
1701 1527 1766 1549 uem

946 1565 1090 1602 nostram,
1107 1565 1136 1592 et
1151 1561 1271 1593 attende
1285 1562 1348 1593 voci
1366 1563 1508 1594 orationis
1524 1567 1643 1600 nostris,
1655 1563 1699 1593 fac
1715 1571 1766 1593 no-

945 1605 1062 1638 biscum
1079 1607 1195 1646 signum
1213 1607 1242 1637 in
1260 1606 1370 1638 bonum
1391 1618 1399 1646 ;
1416 1607 1514 1638 deduc
1531 1616 1585 1638 nos
1601 1607 1629 1638 in
1646 1607 1690 1638 via
1704 1611 1766 1648 tua,

947 1655 977 1681 ut
992 1651 1022 1682 in
1035 1651 1159 1683 veritate
1174 1656 1222 1682 tua
1236 1651 1436 1683 ambulemus.
1454 1651 1594 1683 Exhilara
1609 1652 1701 1684 corda
1710 1661 1767 1683 no-

946 1699 1016 1735 stra,
1031 1700 1064 1727 ut
1095 1696 1252 1728 timeamus
1283 1706 1392 1728 nomen
1421 1701 1555 1728 sanctum
1588 1701 1680 1734 tuum,
1699 1697 1769 1737 quia

946 1749 1070 1781 magnus
1079 1751 1113 1772 es
1125 1745 1166 1779 tu,
1184 1745 1213 1773 et
1223 1741 1335 1773 faciens
1352 1741 1502 1773 mirabilia
1515 1752 1523 1778 ;
1537 1746 1567 1772 tu
1579 1751 1611 1772 es
1621 1743 1700 1784 Deus
1715 1752 1767 1773 so-

947 1786 1005 1826 lus,
1024 1792 1054 1818 et
1069 1795 1128 1817 non
1145 1791 1191 1817 est
1206 1786 1313 1817 similis
1330 1787 1370 1818 tui
1386 1787 1416 1817 in
1433 1787 1501 1827 diis,
1513 1786 1649 1827 Domine,
1664 1791 1768 1827 potens

948 1831 976 1862 in
989 1831 1193 1862 misericordia
1204 1834 1234 1862 et
1245 1831 1339 1862 bonus
1352 1831 1382 1862 in
1394 1831 1552 1872 virtute,ul
1566 1840 1728 1864 succurras
1738 1836 1769 1863 et

948 1876 1114 1907 consoleris
1134 1880 1163 1907 et
1174 1885 1276 1908 serves
1301 1885 1406 1907 omnes
1430 1880 1585 1917 Sperantes
1601 1876 1631 1907 in
1647 1877 1769 1908 nomine

950 1920 1091 1957 tuo.Quia
1099 1921 1237 1952 convenit
1248 1920 1300 1952 tibi
1317 1921 1414 1951 omnis
1424 1921 1528 1960 gloria,
1547 1920 1643 1952 honor
1653 1925 1682 1952 et
1695 1921 1768 1952 ado-

949 1966 1035 2004 ratio,
1053 1966 1131 1997 Patri
1148 1968 1178 1998 et
1192 1965 1267 1996 Filio
1284 1970 1312 1996 et
1327 1970 1428 1997 sancto
1458 1965 1601 2007 Spiritui:
1633 1975 1712 1997 nunc
1740 1969 1770 1997 et

948 2019 1068 2051 semper
1083 2014 1112 2041 et
1122 2010 1154 2042 in
1170 2011 1279 2042 saecula
1293 2010 1487 2043 saeculorum.
1505 2011 1610 2042 Amen.

1254 2097 1397 2130 ORATIO
1420 2097 1458 2129 II.

984 2145 1033 2177 77.
1048 2145 1187 2183 Domine,
1200 2155 1238 2177 ne
1248 2146 1279 2176 in
1291 2145 1393 2176 furore
1410 2149 1460 2176 tuo
1474 2153 1580 2184 arguas
1593 2154 1658 2183 nos,
1671 2153 1768 2185 neque

945 2190 975 2221 in
989 2189 1033 2221 ira
1046 2194 1096 2221 tua
1106 2191 1250 2231 corripias
1267 2199 1340 2221 nos:
1357 2189 1409 2220 sed
1425 2189 1470 2220 fac
1488 2189 1640 2220 nobiscum
1657 2197 1768 2220 secun~

945 2235 1017 2266 dum
1034 2235 1270 2266 misericordiam
1288 2239 1382 2272 tuam,
1402 2234 1517 2265 medice
1533 2238 1563 2264 et
1573 2238 1692 2264 curator
1706 2234 1768 2265 ani-

946 2288 1060 2310 marum
1077 2283 1243 2310 nostrarum
1262 2289 1269 2318 ;
1288 2279 1401 2320 perduc
1417 2287 1471 2309 nos
1481 2278 1518 2309 ad
1531 2282 1648 2318 portum
1663 2278 1769 2309 volun-

946 2323 1013 2354 tatis
1026 2328 1084 2355 tuaz
1099 2334 1107 2362 ;
1127 2324 1228 2355 oculos
1249 2323 1384 2354 cordium
1402 2328 1570 2354 nostrorum
1586 2322 1721 2353 illumina
1738 2324 1768 2354 in

946 2372 1004 2400 tuae
1019 2368 1152 2399 veritatis
1167 2367 1363 2408 agnitionem,
1378 2375 1467 2406 atque
1485 2367 1611 2407 hujusce
1624 2366 1683 2398 diei
1695 2367 1769 2399 reli-

945 2422 1048 2455 quum,
1064 2422 1212 2453 omneque
1227 2412 1295 2444 vitae
1308 2416 1419 2444 nostrae
1433 2416 1549 2453 tempus
1562 2412 1730 2452 paciﬁcum,
1741 2417 1771 2444 et

946 2467 963 2489 a
977 2463 1096 2497 peccato
1122 2457 1249 2489 liberum
1271 2467 1337 2488 esse
1365 2457 1484 2497 largire,
1505 2457 1770 2488 intercessionibus

947 2506 1057 2534 sanctae
1068 2502 1118 2534 Dei
1133 2502 1292 2534 Genitricis
1306 2506 1338 2534 et
1353 2503 1486 2533 omnium
1496 2507 1679 2533 sanctorum.
1696 2502 1771 2538 Quia

949 2555 997 2579 tua
1006 2551 1049 2578 est
1068 2551 1206 2587 potestas,
1222 2551 1303 2578 tuum
1321 2550 1366 2578 est
1378 2556 1502 2586 regnum
1513 2552 1543 2578 et
1554 2547 1647 2577 virtus
1661 2550 1690 2577 et
1704 2546 1767 2586 glo-

947 2591 1003 2632 ria,
1015 2591 1095 2622 Patri
1108 2595 1137 2623 et
1150 2592 1216 2623 Filii
1238 2596 1266 2622 et
1280 2592 1379 2622 sancti
1403 2591 1540 2633 Spiritus.
1555 2600 1634 2622 nunc
1645 2594 1674 2622 et
1688 2599 1766 2622 sem-

949 2645 1014 2678 per,
1031 2636 1103 2668 etin
1121 2636 1229 2668 szecula
1248 2636 1436 2668 saeculorum.
1456 2636 1564 2667 Amen.

1252 2717 1390 2751 ORATIO
1414 2717 1468 2750 III.

985 2765 1037 2796 78.
1053 2765 1180 2797 Domine
1196 2766 1273 2797 Deus
1290 2769 1403 2803 noster,
1420 2767 1569 2795 memento
1586 2764 1680 2795 nostri
1697 2773 1767 2804 pec-

945 2814 1076 2842 catorum
1089 2813 1119 2840 et
1129 2809 1279 2841 inutilium
1291 2818 1444 2841 servorum
1459 2813 1590 2847 tuorum,
1603 2818 1669 2840 cum
1681 2809 1768 2840 invo-

942 2864 1044 2886 camus
1059 2860 1195 2885 sanctum
1208 2863 1317 2885 nomen
1330 2858 1429 2893 tuum;
1442 2857 1471 2885 et
1482 2861 1521 2886 ne
1530 2853 1694 2887 confundas
1707 2862 1763 2885 nos
