2005 3142
615 113 833 148 ACOLUTHIA
855 114 1049 147 TRIPLICIS
1069 115 1191 148 FESTI.

1616 123 1768 149 CCCXXXIX

74 186 118 214 καὶ
151 185 341 225 ἀναμάρτητον
365 179 435 225 rupi
466 188 511 214 τοῦ
535 186 629 225 Κυρίου
654 185 835 223 αἷτησώμεῦα,
868 187 915 214 Χμ

967 191 1010 212 am
1026 187 1056 214 et
1070 182 1186 221 peccati
1211 187 1365 223 expertem
1393 191 1408 214 a
1435 182 1561 214 Domino
1587 184 1767 223 ﬂagitamus.

75 231 238 270 Παράσχου,
258 232 345 269 Κιίριε.

119 274 261 314 ’Ἄγγελον
273 276 392 314 εἰρήνης,
405 276 499 303 πιστὸν
516 273 730 316 ὁδη-(ὸν,φύλακα
743 275 794 303 τῶν
810 273 905 313 ψυχῶν

75 321 122 349 καὶ
138 321 192 348 τῶν
209 321 343 358 σωμάτων
359 321 449 358 ἡμῶν,
466 320 537 360 παρὰ
553 323 599 348 τοῦ
616 320 708 358 Κυρίου
722 319 904 356 αἷτησώμεθα.

78 369 112 394 X.
133 365 293 405 Παράσχου,
313 365 402 403 Κύριε.
724 373 728 378 ”

120 411 289 448 Συγγνώμην
313 410 356 437 καὶ
383 408 477 449 ἄφεσιν
507 409 558 437 τῶν
584 409 720 448 ἁμαρτιῶν
744 409 788 436 καὶ
809 407 904 445 πλημ-

78 453 247 491 μελημάτων
274 453 352 492 ἡμῶν
374 455 445 494 παρὰ
471 455 515 482 τοί
542 454 635 493 Κυρίου
662 453 844 491 αἶτῇσώμεθα.
870 455 904 482 Χ.

79 499 241 539 Παράσχου,
258 499 346 538 Κύριε.

121 543 161 572 Τὰ
197 542 267 571 καλὰ
291 543 334 571 καὶ
356 543 522 582 συμφέροντα
549 549 610 575 τατς
628 545 730 582 ψυχαῖς
746 543 836 579 ἡμῶν,
865 544 909 572 καὶ

81 588 194 628 εἰρήνην
208 589 248 625 τῷ
268 589 374 626 κόσμῳ,
391 588 462 627 παρὰ
483 591 529 615 τοῦ
549 588 646 627 Κύριου
675 587 858 625 αἰτησώμιθα,
874 589 907 615 X.

83 633 242 672 Παράσχου,
262 633 350 672 Κύριε.

123 678 176 706 Τὸν
198 676 346 705 ὑπόλοιπον
371 676 468 716 χρόνον
494 679 544 711 τῆς
565 679 637 712 ζωῆς
653 677 732 714 ἡμῶν
761 677 787 704 ἐν
817 676 909 716 εἰρήνῃ

81 722 129 750 καί
148 722 274 759 μετανοίᾳ
289 721 425 750 ἐκτελέσαι
440 722 512 756 παρὰ
537 725 584 750 τοῦ
608 722 701 761 Κυρίου
727 721 908 760 αὶτησώμεθα.

82 767 114 796 Ὀ
127 778 192 806 χορ,
209 767 367 806 Παρὰσχου,
384 767 473 806 Κίριε,

948 226 1001 258 Ch.
1018 227 1140 268 Tribue,
1158 227 1295 259 Domine.

987 272 1136 312 Angelum
1154 273 1246 313 pacis,
1261 273 1379 304 ﬁdelem
1396 273 1514 310 ducem,
1533 273 1687 304 custodem
1702 273 1770 305 ani-

948 325 1061 348 marum
1080 321 1109 348 et
1124 327 1280 358 corporum
1305 322 1475 349 nostrorum
1486 326 1504 348 a
1517 317 1643 349 Domino
1653 317 1770 358 ﬂagite-

947 370 1025 392 mus.
1043 362 1096 393 Ch.
1113 361 1235 399 Tribus,
1252 361 1389 393 Domine.

987 407 1110 437 Veniam
1129 407 1383 439 eLremissionem
1402 411 1590 446 peccatorum
1606 411 1636 439 et
1649 407 1771 439 delicto-

948 460 1014 527 Bum
1027 455 1200 502 nostrorum
1217 461 1233 482 a
1249 452 1374 484 Domino
1391 452 1569 492 ﬂagitemus.
1581 452 1635 485 Ch.
1648 452 1769 491 Tribus,

975 504 1087 527 omine.

975 504 1087 528 omine.

990 539 1073 572 Bona
1086 543 1114 571 et
1129 540 1238 571 animis
1260 541 1369 572 nostris
1384 542 1592 583 conducentia,
1609 550 1643 573 ac
1659 541 1771 573 mundo

951 593 1053 634 pacem
1077 594 1095 616 a
1117 584 1244 617 Domino
1274 586 1452 626 ﬂagitemus.
1480 587 1534 618 Ch.
1559 586 1682 627 Tribue,
1709 587 1772 618 Βο-

953 639 1046 661 mine.

992 673 1151 715 Reliquum
1170 676 1235 706 vitae
1261 679 1369 707 nostrae
1384 680 1501 717 tempus
1516 676 1637 716 transigi
1653 676 1683 707 in
1700 684 1774 716 pace

951 723 992 770 et.
1019 720 1203 761 pmnitentia,
1241 721 1419 760 ﬂagitamus.
1460 720 1513 753 Ch.
1559 721 1682 762 Tribue,
1711 722 1773 753 Do-

953 773 1047 795 mine.

125 812 271 850 Χριστιανὰ
296 812 328 839 τὰ
357 810 422 844 τέλη
459 811 506 845 τῆς
542 814 613 847 ζωῆς
656 813 744 850 ἡμῶν,
775 809 903 840 ἀνώδυνα.

988 809 1171 841 Christianos
1186 810 1252 842 vitae
1275 816 1383 842 nostras
1398 811 1552 848 terminos,
1572 813 1637 843 sine
1652 811 1769 851 dolore,

81 856 297 896 ἀνεπαίσχυντα,
313 857 442 895 εἰρηνικὰ,
468 857 511 884 καὶ
532 856 620 890 καλὴν
643 855 788 894 ἀπολογίαν
804 855 853 889 τὴν
868 855 909 883 ἐπὶ

81 905 129 929 τοῦ
145 900 257 941 φοϐεροῦ
268 901 402 939 βήματος,
420 902 490 940 παρὰ
504 905 550 929 τοῦ
567 901 660 941 Κυρίου
676 901 856 938 αἱτησώμεθα.
875 904 908 930 Χ.

83 946 242 984 Παρέσχου,
258 945 344 984 Κύριε.

125 990 180 1023 Τῆς
210 990 353 1029 πανιγίας,
392 990 537 1029 ἂχρᾶντου,
574 990 835 1029 ὑπερευλογημένης,
864 991 910 1017 εν-

82 1033 161 1066 δόξου
177 1035 326 1067 Δεσποίνης
351 1035 429 1071 ἡμῶν
446 1035 587 1072 Θεοτόκου,
604 1036 648 1063 καὶ
667 1035 837 1073 ἆειπαρθένου
854 1038 914 1062 Μα-

82 1081 155 1119 ρίας,
172 1081 241 1117 μετὰ
267 1080 373 1109 πάντων
403 1083 456 1108 τῶν
471 1081 553 1119 ἁγίων
577 1083 819 1118 μνιιιμονεύσαιιτες,
848 1080 912 1107 ἐαυ-

82 1125 146 1156 toi):
162 1125 206 1153 καὶ
222 1124 368 1161 ἀλλήλους,
386 1125 429 1153 καὶ
445 1128 531 1153 πᾶσαν
554 1126 601 1160 τὴν
617 1125 688 1161 ζωὴν
704 1126 792 1163 ἡμῶν,
811 1128 914 1164 Χριστῷ

81 1172 124 1206 τῷ
141 1169 200 1207 ΘΞῷ
212 1170 402 1208 παραθώμεθα.
422 1173 455 1201 Χ,
473 1171 530 1206 Σοὶ,
551 1170 639 1209 Κύριε,

130 1259 180 1287 Καὶ
204 1259 218 1286 ὁ
246 1259 329 1296 ἱερεὺς
359 1258 505 1299 ἒχφώνως·
538 1259 604 1288 ’Ὅτι
630 1259 726 1298 ἀγαθὸς
748 1259 792 1287 καὶ
817 1258 913 1298 φιλάν-

84 1306 193 1343 θρωπος
210 1304 275 1335 Θεὸς
290 1304 432 1343 ὑπάρχεις,
450 1305 493 1332 καὶ
519 1316 561 1332 σοι
590 1304 640 1338 τὴν
662 1303 737 1336 δόξαν
753 1303 912 1340 ἀναπέμπο-

86 1359 152 1385 μεν,
182 1351 220 1385 τῷ
240 1349 331 1387 Hirpi,
350 1350 393 1377 καὶ
415 1349 453 1386 τῷ
482 1351 544 1385 Γὶᾦ,
572 1350 615 1377 καὶ
632 1352 670 1386 τῷ
690 1349 756 1387 ἁγίῳ
770 1349 913 1385 Ηνεύματι,

85 1394 132 1420 νῦν
163 1393 209 1420 καὶ
243 1390 315 1430 ἀεὶ,’
340 1394 384 1421 καὶ
422 1394 458 1426 εἱς
487 1394 546 1425 τοὺς
585 1394 684 1425 αἰῶνας
709 1395 763 1421 τῶν
800 1394 914 1422 αἰώνων.

87 1441 125 1468 Χ.
169 1437 269 1474 ’Δμήν.
312 1436 342 1466 Ὀ
383 1438 490 1477 ἱερεύς·
537 1439 635 1478 Εἰρήνη
679 1441 755 1468 πᾶτι.
793 1442 829 1468 Χ.
868 1441 917 1469 Καὶ

86 1483 159 1519 μετὰ
200 1485 247 1510 τοῦ
287 1482 437 1520 πνεύματός
476 1494 533 1514 σου.
571 1483 601 1513 Ὀ
637 1483 707 1515 διάκ,
743 1484 796 1516 Τὰς
831 1494 917 1523 κεφα-

86 1527 139 1558 λὰς
185 1526 260 1564 ὑμῶν
299 1529 337 1564 τῷ
385 1527 469 1566 Κυρίῳ
511 1527 630 1560 κλίνατε.
674 1528 703 1556 'O
754 1539 817 1568 χορ,
858 1528 947 1578 Σοὶ,ε

90 1573 182 1602 Κύριε,

148 1582 182 1602 ιε,

115 1582 185 1646 upKai
200 1615 272 1655 λέγει
288 1617 302 1644 ὁ
317 1616 398 1656 ἱερεύς
413 1617 462 1650 τὴν
483 1618 568 1658 εὐχὴν
583 1620 729 1655 μυστικῶς.

951 854 1015 885 sine
1028 854 1440 894 confusione,tranquillos,et
1449 856 1556 888 bonam
1568 856 1774 888 defensionem

952 898 982 929 in
995 899 1150 930 tremendo
1161 900 1267 931 Christi
1275 900 1450 941 tribunali,a
1457 901 1498 932 Do
1504 901 1586 932 mino
1592 901 1774 941 ﬂagitemus.

952 942 1085 975 Chorus:
1103 944 1226 981 Tribue,
1246 945 1383 976 Domine.

996 987 1208 1026 Sanctissimae,
1227 989 1423 1030 intemeratae,
1441 998 1532 1030 super
1547 999 1651 1020 omnes
1681 989 1777 1021 bene-

956 1033 1054 1067 dictae,
1069 1033 1206 1071 gloriosae
1222 1034 1356 1065 Dominae
1372 1039 1480 1066 nostrae
1493 1034 1626 1075 Deiparte
1641 1043 1777 1075 semper-

956 1087 1014 1115 que
1025 1077 1150 1116 virginis
1165 1079 1265 1109 Marite
1279 1087 1313 1109 ac
1328 1079 1460 1109 omnium
1477 1084 1647 1110 sanctorum
1664 1088 1779 1110 memo-

956 1122 1032 1152 rium
1049 1125 1182 1160 agentes.
1200 1131 1254 1152 nos
1270 1122 1360 1162 ipsos,
1378 1127 1406 1153 et
1421 1123 1560 1160 invicem,
1579 1128 1608 1154 et
1626 1123 1710 1154 vitam
1728 1134 1777 1154 no-

955 1172 1048 1197 stram
1080 1170 1170 1197 totam
1201 1166 1317 1198 Christo
1342 1167 1403 1198 Deo
1433 1169 1689 1200 commendemus.
1721 1169 1777 1200 Ch.

956 1211 1034 1252 Tibi,
1051 1211 1187 1243 Domine.

1000 1256 1064 1288 105.
1085 1256 1118 1286 Et
1133 1257 1273 1288 sacerdos
1296 1257 1420 1288 elatiore
1448 1267 1517 1288 voco
1539 1258 1687 1289 succinit:
1704 1258 1779 1294 Quia

955 1301 1052 1332 bonus
1061 1306 1203 1332 etamans
1214 1302 1369 1333 hominum
1387 1302 1466 1333 Deus
1487 1302 1647 1340 exsistis,et
1659 1302 1781 1343 tibiglo-

956 1345 1030 1377 riam
1047 1345 1250 1386 attribuimus,
1267 1347 1355 1385 Patri,
1372 1351 1402 1378 et
1419 1347 1504 1386 Filio,
1522 1353 1551 1378 et
1567 1348 1692 1388 Spiritui
1708 1356 1780 1378 san-

959 1394 1015 1428 cto,
1035 1400 1114 1421 nunc
1141 1395 1169 1421 et
1192 1400 1322 1431 semper,
1340 1396 1369 1423 et
1390 1392 1421 1422 in
1451 1393 1560 1423 saecula
1585 1393 1780 1423 saeculorum.

958 1435 1083 1467 Chorus.
1101 1436 1209 1466 Amen.
1237 1435 1403 1468 Sacerdos:
1422 1438 1480 1468 Pax
1505 1437 1653 1468 omnibus.
1675 1436 1728 1468 Ch.
1745 1435 1781 1466 Et

959 1489 1027 1511 cum
1037 1480 1144 1520 spiritu
1157 1480 1373 1512 tuo.Diaconus
1386 1490 1392 1513 :
1404 1481 1566 1512 Humiliate
1579 1481 1675 1522 capita
1685 1484 1783 1512 vestra

961 1526 1032 1555 Deo.
1052 1525 1188 1556 Chorus:
1205 1524 1283 1562 Tibi,
1299 1525 1435 1556 Domine.

999 1616 1035 1647 Et
1048 1616 1188 1647 sacerdos
1204 1619 1319 1648 secreto
1335 1617 1408 1648 dicit
1423 1617 1587 1648 orationem

134 1660 230 1692 Cotus.
248 1660 315 1691 Haec
329 1661 441 1698 Oratio,
461 1662 683 1702 Κεφαλοκλισίας,
699 1662 761 1692 sive
778 1673 793 1690 α
810 1661 914 1701 capitis

967 1661 1132 1693 :linationis
1150 1673 1161 1690 η
1181 1665 1381 1702 nuncupatur,
1395 1666 1424 1692 et
1438 1661 1479 1692 ita
1491 1665 1576 1692 sonat
1590 1671 1597 1691 :

135 1706 213 1745 Κύριε
242 1707 256 1733 ὁ
286 1706 350 1737 Θεὸς
369 1707 458 1744 ἡμῶν,
477 1708 491 1734 ὁ
508 1706 598 1738 κλίνας
620 1708 743 1746 οὖρανοὺς
771 1708 814 1734 καὶ
840 1717 921 1736 κατα-

91 1750 142 1783 ϐὰς
176 1750 220 1778 ἐπὶ
243 1751 362 1790 σωτηρίᾳ
386 1755 433 1779 τοῦ
459 1751 550 1790 γένους
580 1755 634 1779 τῶν
662 1751 821 1790 ἀνθρώπων.
850 1751 921 1780 ἔπιδε

91 1796 136 1824 ἐπὶ
151 1796 213 1826 τοὺς
234 1795 342 1828 δούλους
367 1807 426 1836 σου,
456 1797 502 1824 καὶ
529 1796 572 1825 ἐπὶ
586 1797 634 1831 τὴν
650 1796 829 1836 κληρονομίαν
850 1808 896 1825 σου
912 1805 918 1812 ·

93 1841 135 1869 σοὶ
151 1841 203 1879 γὰρ
217 1844 256 1876 τῷ
280 1839 384 1880 φοϐερῷ
411 1842 455 1869 καὶ
480 1841 657 1881 φιλανθρώπῳ
672 1843 750 1881 κριτῇ
765 1843 788 1870 οἱ
803 1843 843 1870 σοὶ
859 1841 921 1870 δοὺτ

92 1885 135 1913 λοι
151 1884 295 1913 ὑπέχλιναν
324 1886 371 1918 τὰς
399 1885 528 1925 κεφαλὰς,
548 1887 608 1918 τοὺς
637 1886 664 1914 δὲ
689 1886 774 1914 αὐτῶν
792 1886 921 1919 ὑπέταξαν

93 1930 225 1969 αἰιένας,
252 1932 282 1960 οὖ
297 1930 346 1964 την
375 1930 401 1964 ἐξ
426 1931 569 1970 ἀνθρώπων
594 1931 768 1969 ἐναμένοντες
784 1931 920 1970 βοήθειαν⁹

94 1975 166 2002 ἀλλὰ
181 1976 212 2003 τὶ
226 1976 272 2003 σὺν
290 1975 473 2014 περιμένοντες
498 1975 582 2013 ἕλεος,
613 1977 657 2004 καὶ
679 1976 729 2010 τὴν
747 1976 797 2010 σὴν
825 1975 922 2005 ὑποδε-

95 2020 212 2059 χόμενοι
229 2024 372 2060 σωτηρίαν·
392 2021 436 2052 οὒς
447 2019 604 2060 διαφύλαξον
620 2020 647 2048 ἐν
660 2021 738 2049 παντὶ
755 2024 852 2060 καιρῷ,
878 2021 923 2049 καὶ

94 2066 165 2093 κατὰ
194 2065 245 2098 τὴν
272 2068 406 2103 παροῦσαν
445 2065 570 2105 ἑσπέραν,
610 2067 654 2094 καὶ
683 2066 732 2100 τὴν
763 2071 923 2106 προσιοῦσαν

95 2109 190 2149 νύκτα,
218 2109 272 2137 ἀπὸ
301 2110 401 2141 παντὸς
429 2109 538 2149 ἐχθροῦ,
556 2110 609 2138 ἀπὸ
633 2111 722 2144 πάσης
737 2110 926 2148 ἀντικειμένης

96 2154 250 2193 ἐνεργείας,
295 2153 474 2193 διαλογισμῶν
513 2156 643 2192 ματαίων,
674 2155 717 2184 καὶ
746 2155 928 2193 ἐνθυμήσεων,

96 2200 168 2229 Εἶτα
179 2199 295 2239 Enetum
310 2209 317 2228 ε
336 2199 388 2232 Εἴη
413 2200 444 2227 τὸ
468 2200 564 2239 κράτος
580 2203 629 2233 τῆς
645 2200 780 2238 βασιλείας
797 2211 843 2229 σου
872 2201 921 2228 εὖ-

93 2243 248 2284 λογημένον
278 2244 322 2272 καὶ
350 2242 550 2282 δεδοξασμένον,
591 2249 638 2274 τοῦ
666 2244 777 2284 Πατρδς,
804 2245 848 2273 καὶ
876 2248 922 2272 τοῦ

96 2291 171 2326 Υἱοῡ,
187 2289 233 2317 καὶ
261 2292 307 2317 τοῦ
333 2288 408 2327 ἁγίου
430 2290 594 2328 Πνεύματος,
619 2293 663 2318 νῦν
689 2291 731 2320 καὶ
748 2290 801 2330 ἀεὶ,
819 2290 863 2318 καὶ
885 2290 922 2322 εἰς

96 2335 156 2367 τοὺς
178 2334 276 2366 αἰῶνας
290 2334 344 2362 τῶν
359 2334 473 2366 αἰώνων,
492 2333 591 2372 Ἀμήν.

1004 1705 1127 1738 Domine
1143 1705 1222 1736 Deus
1237 1710 1350 1744 noster,
1367 1707 1418 1747 qui
1443 1705 1595 1736 inclinatis
1612 1705 1695 1737 caelis
1712 1714 1784 1746 pro-

963 1755 1029 1792 pter
1043 1750 1167 1781 salutem
1185 1750 1307 1781 humani
1321 1751 1441 1790 generis
1455 1750 1651 1788 descendisti,
1667 1750 1785 1790 respice

963 1795 1089 1827 i‘amulos
1101 1801 1166 1826 tuos
1178 1800 1206 1825 et
1221 1795 1421 1827 htereditatem
1437 1800 1518 1826 tuam
1533 1806 1539 1827 :
1558 1794 1611 1826 tibi
1624 1795 1786 1832 enim,tre-

964 1839 1073 1872 mendo
1086 1840 1174 1870 simul
1186 1848 1221 1870 ac
1237 1840 1481 1880 benignojudici,
1494 1840 1536 1870 tui
1551 1839 1654 1871 famuli
1664 1839 1788 1870 inclina-

962 1889 1032 1916 runt
1047 1884 1155 1924 capita,
1170 1889 1199 1915 et
1215 1894 1283 1916 suas
1299 1884 1646 1916 submiseruntcervices
1660 1895 1668 1923 ;
1681 1883 1788 1915 nonab

963 1928 1135 1961 hominibus
1150 1934 1304 1969 sperantes
1329 1930 1484 1966 auxilium,
1496 1929 1549 1960 sed
1567 1935 1646 1960 luam
1663 1932 1789 1969 prasto-

964 1975 1060 2005 lanles
1077 1973 1324 2012 misericordiam,
1339 1979 1367 2006 et
1378 1979 1457 2005 tuam
1473 1974 1602 2005 salutem
1616 1977 1791 2014 exspectan-

964 2023 1028 2051 tes:
1045 2027 1121 2058 quos
1137 2019 1253 2050 custodi
1270 2019 1351 2050 omni
1375 2023 1510 2060 tempore
1526 2022 1555 2049 et
1576 2018 1633 2049 hoc
1650 2020 1791 2059 praesenti

967 2072 1102 2104 vespere,
1120 2067 1150 2093 et
1165 2064 1219 2094 hac
1232 2068 1374 2096 secutura
1399 2068 1486 2095 nocte
1500 2064 1538 2094 ab
1554 2063 1635 2095 omni
1652 2063 1789 2101 inimico,

970 2109 1006 2140 ab
1023 2108 1104 2139 omni
1117 2108 1264 2139 diabolica
1286 2109 1514 2145 machinatione,
1530 2117 1547 2139 a
1562 2106 1792 2147 cogitationibus

974 2154 1067 2189 vanis,
1082 2156 1112 2183 et
1140 2153 1237 2193 pravis
1264 2153 1430 2185 aﬂ‘ectibus.
1461 2153 1576 2184 Deinde
1601 2152 1697 2182 altiori
1723 2156 1792 2182 tono

973 2198 1065 2230 dicit:
1083 2196 1127 2228 Sit
1140 2197 1224 2237 regni
1241 2198 1281 2228 tui
1298 2199 1428 2238 potentia
1452 2197 1609 2228 benedicta
1633 2200 1661 2227 et
1676 2195 1792 2236 gloriﬁ-

964 2248 1040 2278 cata,
1059 2241 1165 2282 Patris,
1181 2245 1210 2272 et
1222 2241 1302 2280 Filii,
1319 2247 1348 2274 et
1374 2242 1504 2283 Spiritus
1531 2240 1637 2279 sancti,
1655 2249 1734 2272 nunc
1762 2243 1794 2272 et

963 2295 1095 2331 semper,
1111 2290 1141 2317 et
1153 2286 1184 2317 in
1200 2289 1309 2320 saecula
1324 2288 1513 2319 saeculorum.
1537 2287 1651 2318 Amen‘

755 2387 950 2429 Prosequitur
967 2387 1113 2429 Typicum
1120 2413 1128 2421 .

140 2441 200 2472 Εἶθ’
232 2441 302 2470 οὕτω
330 2440 469 2479 ψάλλομεν
504 2442 537 2469 τὰ
565 2440 686 2480 ἱδιόμελα
715 2444 763 2470 τοῦ
791 2442 860 2471 κατὰ
874 2442 924 2476 τὴν

99 2487 202 2525 ἡμέραν
217 2485 306 2525 ἁγίου,
322 2485 501 2518 λιτανεύοντας
518 2484 545 2514 ἐν
560 2497 599 2523 τῳ
613 2487 734 2524 νάρθηκι,
767 2491 813 2515 τοῦ
835 2486 926 2526 ἱερέως

98 2534 141 2560 καὶ
155 2535 201 2560 τώ
225 2529 348 2558 διακόνου
372 2530 610 2572 προπορευομένων
639 2531 707 2569 μετὰ
733 2533 863 2570 θυμιατοῠ
885 2532 929 2560 καὶ

100 2575 250 2614 λαμπάδων
255 2596 263 2604 .

1010 2442 1079 2474 106.
1094 2442 1169 2473 Tum
1186 2439 1342 2482 psallimus
1369 2439 1512 2470 idiomela
1537 2439 1617 2471 illius
1633 2437 1727 2471 sancti
1742 2440 1795 2478 qui

968 2496 1003 2517 eo
1015 2487 1065 2518 die
1073 2487 1193 2527 colitur,
1207 2486 1350 2517 facientes
1363 2485 1585 2525 processionem
1599 2485 1629 2515 in
1642 2483 1794 2520 uarthece,

970 2531 1175 2572 praeeuntibus
1191 2530 1345 2562 sacerdote
1362 2534 1391 2560 et
1414 2529 1541 2561 diacono
1558 2538 1626 2561 cum
1645 2529 1797 2561 thuribulo

973 2584 1008 2606 ac
1019 2575 1219 2616 lampadibus.

141 2629 240 2661 Coum.
256 2628 333 2659 Hinc
344 2627 478 2668 adverte,
490 2629 607 2660 erudite
623 2629 728 2667 lector,
742 2628 796 2659 has
810 2637 898 2660 voces
912 2651 915 2656 ι

967 2629 992 2666 ὴ,
1009 2630 1132 2657 Λιτανεία
1144 2633 1173 2660 et
1187 2627 1432 2668 Λιτακεύειντᾶρυά
1444 2627 1799 2668 ϐτεοοοείεεοιθεὶιιειὶεοε

103 2679 162 2700 non
182 2668 321 2708 usurpari
334 2669 364 2699 in
380 2666 521 2709 primaeva
531 2678 585 2700 sua
599 2669 896 2709 signiﬁcatione,quaz
906 2673 951 2699 est
966 2680 976 2696 ο
991 2678 1096 2708 preces
1109 2682 1121 2697 ι
1137 2673 1166 2700 et
1179 2681 1190 2694 ιι
1207 2666 1429 2709 precarii-sed
1445 2668 1474 2709 in
1487 2667 1652 2709 alia.S_onat
1661 2667 1741 2698 enim
1754 2666 1801 2698 ci-

103 2707 332 2752 cuitumillum,
349 2707 438 2749 quem
454 2709 550 2752 Latini
567 2707 764 2752 ecclesiastici
779 2720 795 2739 α
807 2707 1031 2752 procas-sionem
1046 2722 1057 2738 υ
1072 2707 1254 2752 nuncupant,
1270 2708 1359 2752 Quid,
1374 2707 1453 2746 quod
1470 2709 1558 2752 etiam
1570 2707 1611 2752 hi_
1621 2707 1678 2738 hoc
1691 2715 1803 2738 nomen

107 2762 121 2777 ς
134 2749 247 2791 Litania
260 2761 274 2777 ι
287 2758 347 2779 non
359 2747 482 2791 raro_sic
498 2754 640 2791 usurpant
654 2761 661 2781 :
675 2749 787 2791 quippe
802 2747 847 2788 (ut
863 2749 1069 2791 Anastasium,
1081 2747 1267 2786 Aimoinum,
1285 2747 1419 2791 aliosque
1435 2748 1543 2791 multos
1558 2750 1664 2779 tacitus
1678 2751 1801 2791 praeter-

106 2790 262 2830 eam)audi
275 2791 411 2830 Magnum
424 2788 600 2830 Gregorium
611 2788 700 2830 epist.
717 2788 851 2830 2‘,lib.rn,
863 2789 1022 2829 jubentem
1040 2794 1174 2830 tempore
1192 2788 1452 2830 mortalitatisﬁeri
1462 2792 1578 2830 septem
1592 2788 1802 2830 processiones

108 2826 221 2861 divisirn
249 2826 416 2861 secundum
425 2826 532 2871 status,
544 2840 603 2861 uno
615 2826 680 2861 die:
695 2841 706 2859 α
721 2826 835 2861 Ιέὶιειιιίδ
843 2826 1035 2862 clericorum
1048 2826 1167 2871 (induit)
1183 2833 1270 2861 exeat
1278 2828 1316 2860 ab
1325 2828 1451 2862 ecclesia
1461 2826 1633 2860 B.'Joannis
1644 2828 1802 2869 Baptistae;
