2005 3142
220 207 326 234 oocxu
333 208 343 232 1
928 196 1049 228 PROLE

1099 196 1222 228 ‘MENA.

223 272 254 298 ut
261 268 405 299 Dominus
415 265 494 296 Deus
506 269 608 297 noster
622 265 703 305 ipsos
720 265 812 303 magis
827 264 957 304 adjuvet,
972 273 1043 304 pro-

1101 264 1129 291 ‘ov
1148 263 1213 291 Θεὸν
1235 263 1315 301 ἡμῶν
1329 263 1371 291 ἐπὶ
1402 263 1498 303 π’(ετον
1529 263 1699 302 συνεργῆσαι,
1731 263 1919 294 κατευοδῶσαι

224 315 326 352 speret
340 311 370 341 in
386 309 537 347 omnibus,
554 310 746 350 ipsorumque
763 309 890 349 pedibus
905 308 1045 348 subjiciat

1099 308 1177 341 ιῦτοὺς
1188 308 1215 336 ὲν
1227 311 1305 348 πᾶσι,
1329 309 1372 337 καὶ
1391 307 1529 341 ὒποτάξαιι
1557 309 1608 337 ὑπὸ
1623 309 1683 341 τοὺς
1712 309 1795 341 πόδας
1821 311 1917 339 don?“

226 365 347 387 omnem
363 355 517 385 inimicum
542 358 573 384 et
598 355 725 385 hostem.
752 353 901 385 Dicamus.
927 352 1045 384 Fratres

1099 353 1172 381 πάντα
1187 353 1284 393 ἐχθρὸν
1298 353 1496 390 καὶπολέμιον.
1530 353 1668 391 Εἵπωμεν.
1693 355 1723 383 Οί
1759 353 1786 383 δὲ
1827 354 1919 384 ἀδελ-

227 411 296 432 vero
306 399 474 439 dicuut(vel
488 403 519 429 ut
530 403 575 430 est
594 399 672 439 apud
686 401 716 430 S.
730 399 923 435 Germanum,
937 398 1046 428 chorus

1099 398 1129 426 >0?
1141 398 1184 435 τὸ,
1202 399 1290 437 Κύριε,
1305 398 1427 436 ἐλέησον,
1445 398 1482 428 λ’.
1724 407 1727 408 ⁷

227 445 401 484 secundus),
421 443 557 482 Domine,
576 444 732 481 miserere,
750 443 860 474 tricies.

268 491 335 522 116.
353 481 513 520 Εἶὶῐοιυιιῐῐι
531 481 677 520 exclamat
691 488 851 519 sacerdos:

1128 481 1183 512 Καὶ
1197 482 1278 511 πάλιν
1294 484 1308 511 ὁ
1323 483 1404 523 ἱερεὺς
1420 483 1547 522 ἐκφωνετ·

266 535 371 566 Adhuc
387 542 506 564 oramus
523 542 575 573 pro
590 533 818 573 archiepiscopo
834 533 878 563 vel
907 533 1045 573 episcopo

226 579 262 611 Ν.
280 583 311 610 et
326 578 407 609 omni
423 578 453 608 in
474 577 590 609 Christo
617 578 802 608 fraternitate
819 582 930 614 nostra,
948 583 977 608 et
994 587 1045 617 pro

228 624 308 655 omni
318 622 487 654 Christiana
499 623 608 660 anima,
619 623 729 653 afﬂicta
742 627 771 653 et
782 631 910 653 maerore
925 631 1042 663 oppres-

227 679 271 709 sa,
285 668 450 708 divinaaque
474 667 689 699 misericordiae
714 677 748 698 ac
772 667 836 708 opis
852 667 973 707 indiga;
992 677 1045 708 pro

227 715 316 753 hujus
331 717 439 744 sanctae
454 713 572 750 domus,
585 717 615 743 et
630 713 659 743 in
675 722 710 743 ea
724 713 917 743 habitantium
943 717 1042 753 prote—

228 759 327 790 ctioue
339 768 346 799 ;
360 767 411 797 pro
424 759 513 788 totius
521 757 602 788 orbis
615 767 687 798 pace
696 767 731 788 ac
742 757 954 797 tranquillitate
968 768 976 793 ;
993 767 1045 797 pro

228 807 305 834 statu
321 811 467 842 prospero
483 806 651 833 sanctarum
676 801 731 833 Dei
754 802 975 840 Ecclesiarum;
992 811 1045 842 pro

227 848 322 878 salute
330 853 358 878 et
368 847 478 878 auxilio
490 852 603 886 patrum
613 853 643 877 el
653 847 776 878 fratrum
795 850 1044 888 nostrorum,cum

227 893 324 923 studio
332 901 365 922 ac
376 892 485 922 timore
496 891 548 922 Dei
558 892 753 922 laborantium
766 897 795 923 et
803 892 1043 932 ministrantium;

1129 526 1195 556 ’Ἔτι
1222 526 1334 565 δεόμεθα
1362 527 1426 567 ὑπὲρ
1466 532 1512 556 τοῦ
1541 529 1752 569 ἆρχιεπισκὸπου
1779 531 1866 569 ἧμῆν,
1903 531 1922 564 ἦ

1088 571 1246 610 ἐπισκόπου,
1264 577 1310 601 τοῦ
1324 572 1426 604 δεῖνος·
1446 574 1489 600 καὶ
1503 573 1593 607 πάσης
1607 573 1654 608 τῆς
1669 574 1696 602 ἔν
1712 579 1816 614 Χριστῷ
1835 575 1919 613 ἡμῶν

1087 616 1289 657 ἀδελφότητος,
1314 618 1359 646 καὶ
1392 618 1458 656 ὑπὲρ
1488 618 1576 651 πάσης
1616 619 1707 658 ψυχῆς
1746 624 1919 659 Χριστιανων

1086 661 1260 699 θλιϐουμένης
1282 673 1310 690 τε
1325 663 1369 690 καὶ
1392 663 1631 700 καταπονομμένης
1661 663 1748 697 ἐλέους
1777 669 1843 694 Θεοῦ
1869 663 1919 693 καὶ

1087 708 1212 746 βοηθείας
1231 707 1420 746 ἐπιδεομένης⁴
1442 708 1543 742 σκέπης
1559 713 1605 738 τοῦ
1633 710 1706 749 ἁγίου
1741 710 1818 739 οἴκου
1847 712 1919 739 τού-

1087 763 1133 781 του
1154 753 1197 781 καὶ
1220 757 1273 781 τῶν
1286 754 1479 782 κατοικούντων
1494 753 1521 781 ἐν
1543 755 1624 791 αὐτῷ,
1652 755 1761 794 εἲρήνης
1792 756 1836 784 καὶ
1864 767 1919 784 κα·

1087 798 1240 829 ταστάσεως
1273 801 1319 826 τοῦ
1357 799 1507 835 σύμπαντος
1535 798 1647 836 κόσμου,
1678 801 1828 832 εὐσταθείας
1858 804 1917 828 τῶν

1088 842 1170 880 ἁγίων
1191 847 1237 871 τοῦ
1253 844 1319 871 Θεοῦ
1335 842 1516 876 Ἐκκλησι‹ῖ›ν”
1546 844 1674 882 σωτηρίος
1711 845 1755 873 καὶ
1786 846 1916 883 βοηθείας

1088 887 1140 914 τῶν
1167 888 1235 924 μετὰ
1264 887 1381 921 σπουδῆς
1406 889 1450 916 καὶ
1475 886 1556 927 φόϐου
1581 892 1648 917 Θεοῦ
1679 891 1837 918 κοπιώντων
1870 892 1918 918 καὶ

228 947 282 977 pro
299 936 452 967 derelictis
462 940 491 966 et
501 936 558 966 iter
571 936 747 967 facientibus
760 946 768 972 ς
780 946 832 976 pro
844 930 1044 976 aagrotantium

1099 932 1278 960 ἷιακονούντων
1295 933 1415 971 πατέρων
1430 934 1473 961 καὶ
1488 932 1606 971 ἀδελφῶν
1636 934 1726 971 ἡμῶν·
1764 935 1832 973 ὑπὲρ
1859 939 1916 963 τῶν

230 982 346 1012 medela
359 991 367 1019 ',
380 989 431 1021 pro
443 980 843 1021 dormitione,requie,beata
859 982 1046 1021 memoria,et

1099 977 1299 1018 ιπολειφθέντων
1315 979 1358 1007 καὶ
1372 979 1458 1007 τῶνὰν
1471 978 1498 1006 ἐν
1511 979 1672 1017 ἀποδημίαις
1688 979 1784 1008 ὄντων·
1813 982 1914 1013 ἰάσεως

228 1026 312 1056 venia
323 1029 510 1065 peccatorum
522 1025 710 1065 impetranda
720 1026 874 1056 animabus
888 1026 1045 1057 defuncto-

1099 1027 1140 1051 ζῶν
1170 1023 1196 1051 ἐν
1234 1024 1379 1056 ἀσθενείαις
1410 1024 1620 1063 κατακειμένων·
1649 1026 1715 1065 ὑπὲρ
1744 1028 1916 1064 κοιμήσεως,

228 1080 295 1102 rum
317 1075 432 1110 patrum
447 1079 481 1100 ac
498 1069 621 1100 fratrum
637 1074 821 1110 nostrorum,
835 1071 880 1102 hic
897 1071 1046 1111 etubique

1099 1067 1212 1105 tvs'asmg
1229 1070 1358 1108 μακαρίας
1375 1069 1498 1106 μνήμης,
1524 1070 1567 1097 καὶ
1595 1069 1714 1110 ἀφέσεως
1740 1074 1793 1099 τῶν
1823 1071 1916 1110 ἆμαρ-

230 1119 373 1146 terrarum
387 1115 434 1154 pie
442 1114 625 1154 sepultorum
638 1115 782 1156 fidelium;
798 1125 850 1156 pro
862 1116 1044 1156 captivorum

1099 1113 1151 1141 ςιῶν
1166 1113 1219 1141 τῶν
1234 1113 1457 1152 προαπελθόντωκ
1467 1113 1587 1152 πανέρων
1609 1115 1653 1142 καὶ
1677 1114 1796 1156 ἀδελφῶν
1834 1117 1917 1154 ἡμῶν

230 1160 377 1197 libertate,
390 1168 442 1199 pro
454 1158 594 1189 fratribus
606 1159 715 1189 nostris
731 1160 781 1199 qui
792 1164 860 1191 sunt
870 1163 899 1190 in
912 1160 1045 1192 ministe-

1099 1160 1142 1185 τῶν
1158 1156 1245 1185 ἐνθάδε
1259 1157 1373 1189 εὐσεϐῶς
1395 1157 1525 1196 κειμένων
1539 1159 1582 1186 καὶ
1611 1159 1768 1200 ἁπανταχοῦ
1802 1160 1915 1200 ὀρθοδό-

232 1205 296 1242 riis,
308 1209 338 1236 et
353 1202 492 1233 omnibus
513 1202 563 1243 qui
579 1202 748 1234 ministrant
762 1208 791 1234 et
806 1204 1048 1235 ministraverunt

1101 1211 1149 1229 ων’
1177 1202 1242 1242 ὑπὲρ
1271 1203 1435 1242 ἀναρῥύσεως
1469 1203 1522 1231 τῶν
1556 1203 1750 1244 αἰχμαλώτων,
1780 1206 1824 1233 καί
1848 1206 1917 1246 ὑπὲρ

228 1250 258 1280 in
275 1250 330 1280 hac
339 1248 402 1279 aede
413 1252 525 1279 sancta.
538 1247 686 1280 Dicamus.
698 1249 815 1279 Fratres
829 1254 927 1279 autem
946 1249 1047 1280 dicunt

1099 1250 1139 1275 τῶν
1154 1246 1273 1286 ἀδελφῶν
1303 1249 1392 1286 ἡμῶν,
1423 1251 1477 1276 τῶν
1504 1248 1532 1276 ὲν
1556 1255 1617 1280 ταῖς
1653 1249 1794 1283 διακονίαις
1815 1249 1914 1288 ὄντων,

229 1294 438 1336 quinquagies,
456 1291 590 1330 Domine,
607 1293 762 1324 miserere.

274 1429 341 1461 H7.
357 1428 463 1460 Adhuc
478 1437 597 1459 oramus
613 1432 644 1458 ut
660 1434 762 1459 sancta
774 1429 837 1459 haec
851 1428 1043 1466 zedes,omuis

231 1473 302 1505 urbs
318 1477 349 1504 et
363 1473 444 1512 regio
459 1482 476 1503 a
492 1479 587 1513 peste,
603 1473 693 1513 fame,
711 1477 797 1504 terrae
810 1478 905 1513 motu,
922 1474 1050 1505 inunda-

233 1518 326 1558 tione,
340 1517 535 1557 igne,gladio,
546 1517 781 1558 alienigenarum
796 1519 1050 1556 incurSu,intesti-

234 1574 272 1595 uo
288 1563 380 1603 bello,
397 1566 427 1592 et
441 1562 597 1602 repentina
611 1567 706 1594 morte
718 1563 899 1600 liberentur;
912 1569 943 1594 ut
957 1564 1051 1595 bonus

234 1613 263 1640 et
278 1609 430 1640 hominum
445 1616 547 1637 amans
558 1608 637 1638 Deus
654 1608 935 1657 uoster,_ﬁa_t_uobis
950 1609 1050 1650 propi—
1061 1632 1081 1657 α

237 1654 307 1693 tius,
332 1655 466 1683 clemens
489 1656 518 1682 et
545 1652 737 1683 reconciliatu
763 1653 868 1689 facilis,
886 1657 918 1683 ut
942 1658 1052 1685 avertat

235 1706 354 1729 omnem
376 1697 450 1727 iram
480 1701 585 1727 contra
606 1706 660 1727 uos
682 1701 803 1734 motam,
817 1697 966 1738 justisque
991 1699 1053 1729 suis

235 1741 517 1772 comminationibus
529 1750 582 1771 nos
607 1741 726 1781 eripiat,
744 1746 773 1772 et
797 1741 975 1773 misereatur
995 1753 1051 1773 no-

234 1786 299 1817 stri.
331 1787 367 1816 Et
392 1785 511 1821 dicitur,
534 1784 672 1825 Domine,
688 1785 842 1823 miserere,
863 1786 1049 1827 quadragies.

276 1877 344 1908 118.
362 1875 463 1906 Adhuc
477 1884 605 1913 oramus,
623 1881 656 1906 ut
681 1875 826 1907 Dominus
849 1878 927 1908 Deus
953 1882 1051 1909 noster

235 1921 370 1953 exaudiat
383 1929 483 1951 vocem
511 1920 729 1960 deprecationis
758 1927 892 1951 nostrum
910 1926 1050 1962 peccato-

235 1976 315 2005 rum,
341 1969 371 1996 et
398 1965 577 1995 misereatur
599 1965 702 1995 nostri.
730 1967 866 2003 Domine,
899 1967 1054 2004 miserere,

235 2012 281 2043 bis
296 2016 324 2041 et
340 2010 476 2040 vicesies.
495 2009 630 2040 Posthac
645 2018 770 2050 quorum
788 2011 849 2040 vult
874 2011 1003 2042 vivorum
1020 2021 1055 2042 ac

235 2060 418 2088 mortuorum
431 2054 602 2085 memoriam
613 2053 683 2094 agit,
698 2059 727 2084 et
743 2055 840 2085 denuo
851 2056 993 2087 exclamat
1004 2067 1049 2088 sa-

233 2101 340 2132 cerdos
352 2110 358 2130 :

274 2144 386 2176 Exaudi
396 2151 461 2180 nos,
477 2143 555 2174 Deus
565 2148 698 2174 servator
719 2149 832 2182 noster,
843 2154 910 2185 spes
920 2147 1051 2177 omnium

236 2192 337 2222 finium
351 2193 438 2219 terra;
450 2188 519 2218 etin
530 2187 604 2219 mari
616 2188 702 2228 longe
715 2199 721 2218 :
740 2197 774 2219 ac
789 2190 1051 2232 propitius,propi-

237 2240 294 2266 tius
310 2237 374 2264 esto
388 2231 518 2272 peccatis
533 2232 653 2270 nostris,
672 2239 701 2264 et
714 2233 857 2265 miserere
869 2235 974 2266 nostri.
995 2231 1052 2267 Mi-

1086 1292 1130 1319 καὶ
1144 1291 1250 1320 πάντων
1272 1295 1324 1322 τῶν
1352 1292 1543 1322 διακονούντῶν
1568 1294 1611 1322 καὶ
1643 1293 1856 1328 διακονησάντων
1890 1296 1917 1323 ἒν

1085 1339 1120 1374 τῇ
1135 1335 1196 1376 ἅγιᾲ
1225 1341 1294 1377 μονῇ
1319 1338 1414 1379 ταύτῃ.
1454 1337 1594 1376 Εἵπωμεν,
1624 1339 1654 1367 Oi
1682 1338 1709 1366 δὲ
1733 1338 1838 1379 ἒδελφοὶ
1866 1341 1912 1378 τὸ,

1089 1382 1178 1419 Κύριε,
1197 1381 1323 1421 ἐλέησον,
1340 1377 1375 1424 ν’,

1129 1427 1197 1455 Εἶτα
1220 1426 1333 1466 δεόμεθα
1358 1428 1422 1468 ὑπὲρ
1443 1432 1490 1457 τοῦ
1519 1427 1730 1468 διαφυλαχθῆναι
1759 1429 1810 1463 τὴν
1835 1429 1917 1468 ἀγίαν

1092 1473 1176 1511 μονήν
1190 1472 1302 1509 ταύτην,
1319 1474 1363 1501 καὶ
1375 1476 1461 1501 πᾶσαν
1483 1473 1572 1510 πόλιν,
1596 1473 1640 1501 καὶ
1653 1473 1745 1513 χώραν
1772 1474 1826 1503 ἀπὺ
1852 1473 1918 1503 λοι-

1092 1520 1153 1554 μοῦ,
1170 1516 1260 1555 λιμοῦ,
1281 1521 1403 1555 σεισμόῡ,
1429 1519 1655 1556 καταποντισμοῦ,
1677 1519 1773 1557 πυρὸς,
1806 1521 1917 1559 μαχαί-

1093 1572 1151 1600 ριίς⁷
1183 1561 1328 1602 ἐπιδρομῆς
1355 1562 1522 1602 ἀλλοφύλων,
1550 1563 1594 1590 καὶ
1618 1562 1744 1602 ἐμφυλίου
1761 1565 1768 1582 ί
1783 1564 1920 1603 πολέμου,

1093 1607 1136 1642 καὶ
1152 1606 1278 1647 αίφυιδίου
1300 1608 1421 1638 θανάτου.
1461 1607 1542 1648 ’Υπὲρ
1557 1608 1603 1636 τοῦ
1628 1607 1722 1648 ἵλεων,
1753 1609 1852 1647 εὐμενῆ
1876 1613 1923 1640 καὶ

1094 1650 1277 1680 ιύδιελλακτον
1303 1649 1423 1691 γενέσθαι
1447 1653 1491 1680 τὸν
1528 1652 1628 1692 ἀγαθὸν
1661 1653 1705 1680 καί
1733 1653 1923 1693 φιλάνθρωπον

1095 1696 1159 1725 Θεὸν
1174 1697 1262 1734 ἡμῶν,
1276 1700 1322 1725 τοῦ
1350 1696 1516 1736 ἀποστρέψαι
1544 1699 1631 1725 πᾶσαν
1656 1697 1737 1736 ὀργῆν
1775 1699 1825 1732 τὴν
1858 1700 1923 1728 καθ’

1093 1742 1171 1779 ἡμῶν
1185 1742 1358 1779 κινουμένην,
1380 1742 1423 1770 καὶ
1448 1742 1572 1780 ῥύσασθαι
1602 1743 1675 1779 ἡμᾶς
1707 1745 1757 1776 τῆς
1779 1743 1927 1781 ἐπικειμέ-

1093 1797 1140 1819 νης
1155 1785 1256 1817 δικαίας
1285 1786 1364 1814 αὐτοῦ
1388 1785 1513 1823 ἀπειλῆς,
1542 1786 1585 1814 καί
1620 1786 1727 1821 ἐλεῆσαι
1755 1787 1842 1826 ἡμᾶς.
1872 1790 1925 1825 Τὸ,

1095 1831 1184 1871 Κύριε,
1202 1829 1314 1864 ἐλέησον
1329 1829 1370 1868 μ’.

1133 1877 1201 1903 Εἶτα
1235 1874 1346 1913 δεόμεθα
1382 1876 1426 1904 καὶ
1461 1875 1526 1915 ὑπὲρ
1568 1879 1615 1904 τοῦ
1642 1876 1795 1904 εἰσακοῦσαι
1825 1878 1928 1916 Κύριον

1092 1919 1137 1948 τὸν
1153 1921 1217 1948 Θεὸν
1239 1919 1288 1954 τὴς
1304 1919 1395 1960 φωνῆς
1407 1922 1456 1953 τῆς
1472 1919 1589 1954 δεήσεως
1600 1922 1686 1960 ἡμῶν,
1701 1924 1755 1949 τῶν
1791 1922 1928 1962 ἁμαρτω-

1097 1963 1162 2005 λῶν,
1186 1966 1228 1993 καὶ
1259 1964 1368 2004 ἐνεῆσαι
1402 1964 1484 2002 ἧμας.
1518 1966 1565 2002 Τὸ,
1591 1964 1682 2004 Κύριε,
1712 1965 1838 2004 ἐλέησον,
1870 1968 1927 2006 ιβ’,

1097 2009 1166 2038 Εἶτα
1195 2009 1356 2047 μνημονεύει
1386 2010 1429 2042 οὒς
1452 2009 1520 2038 θέλει
1554 2013 1654 2046 ζῶντας
1682 2011 1729 2039 καὶ
1760 2012 1925 2045 τεθνεῶτας·

1096 2054 1140 2082 καὶ
1154 2055 1233 2083 πάὸιν
1249 2054 1364 2094 ἐκφωνεῖ
1379 2055 1392 2082 ὁ
1403 2055 1496 2093 ἱερεύς·

1136 2144 1300 2173 Ἐπάκουσον
1317 2146 1403 2185 ἡμῶν,
1419 2146 1433 2173 ὁ
1448 2146 1512 2177 Θεὸς
1528 2146 1541 2173 ὁ
1565 2145 1654 2183 σωτὴρ
1667 2145 1759 2184 ἡμῶν,
1789 2147 1807 2179 ἢ
1844 2146 1924 2179 ἐλπὶς

1095 2189 1201 2217 πάντων
1237 2193 1290 2218 τῶν
1332 2189 1454 2229 περάτων
1479 2191 1530 2223 τῆς
1570 2193 1621 2228 γῆς
1645 2191 1690 2219 καὶ
1723 2194 1779 2219 τῶν
1815 2194 1844 2220 ἐν
1868 2194 1922 2221 θα-

1095 2233 1181 2271 λάσσῃ
1211 2234 1325 2273 μακράν·
1352 2235 1395 2263 καὶ
1434 2234 1528 2271 ἵλεως,
1563 2234 1644 2267 ἵλεως
1669 2240 1748 2275 γενοῦ
1786 2236 1830 2264 ἐπὶ
1857 2245 1924 2269 ταῖς

237 2279 365 2311 sericors
379 2277 458 2322 enim
472 2277 596 2322 Deus,et
610 2277 756 2308 humanus
770 2288 811 2309 es:
825 2283 853 2309 et
864 2278 916 2309 tibi
927 2279 1050 2318 gloriam

1099 2279 1235 2317 ἄμαρτίαις
1257 2280 1347 2319 ἡμων,
1374 2280 1417 2307 καὶ
1439 2279 1551 2313 ὲλέησον
1572 2280 1656 2317 ἣμᾶς⁹
1687 2279 1834 2318 Ἐλεήμων
1869 2283 1923 2322 γὴν

237 2323 404 2356 referimus,
420 2319 508 2360 Patri,
523 2324 551 2350 et
567 2321 651 2358 Filio,
669 2326 697 2352 et
709 2321 828 2362 Spiritui
843 2328 946 2355 sancto
975 2334 1053 2355 nunc

239 2372 268 2399 et
280 2373 409 2404 semper,
422 2369 448 2394 et
465 2364 495 2393 in
509 2365 618 2395 sacula
628 2366 928 2405 saeculorumAmeu,
943 2369 979 2399 Et
991 2373 1053 2399 sta-

240 2414 289 2443 tim
307 2409 427 2440 subdit:
451 2407 509 2438 Pax
538 2410 687 2440 omnibus.
719 2410 837 2442 Fratres
865 2417 988 2445 autem:
1019 2414 1055 2444 Et

238 2454 354 2496 spiritui
366 2458 426 2482 tuo.
449 2453 594 2483 Sacerdos
608 2455 678 2492 (vel,
695 2460 726 2485 ut
742 2455 771 2487 S.
792 2457 971 2494 Germanus,
988 2458 1053 2488 dia-

239 2500 357 2538 conus),
374 2497 473 2536 Capita
489 2502 585 2528 vestra
601 2500 725 2529 Domino
751 2500 901 2532 inclinate.
919 2502 954 2533 Et
978 2513 1055 2534 cun-

238 2545 294 2577 ctis
306 2541 518 2574 inclinantibus
525 2543 946 2582 capitasequeincurvantibus
955 2557 1056 2579 versus

239 2595 362 2628 terram,
379 2587 457 2617 bene
467 2592 605 2626 precatur
620 2588 759 2619 sacerdos
771 2595 910 2621 contenta
922 2601 992 2624 voce
1008 2594 1053 2624 di—

238 2644 311 2669 cens
326 2634 401 2665 hanc
413 2631 575 2662 orationem
594 2643 601 2663 :
806 2636 808 2639 ‘

284 2728 351 2758 l19.
378 2724 551 2758 Domiuator
580 2725 704 2756 multum
732 2727 912 2768 misericors,
930 2729 1056 2761 Domine

238 2773 308 2806 Jesu
328 2771 454 2806 Christe,
473 2769 551 2800 Deus
578 2774 690 2807 noster,
707 2771 845 2811 precibus
873 2773 1056 2806 intemeratae

240 2816 373 2851 Dominae
387 2818 495 2844 nostra:
509 2814 643 2855 Deiparm
660 2825 839 2857 semperque
858 2819 979 2858 virginis
995 2819 1051 2851 Ma-

238 2863 290 2896 ήω
301 2887 308 2899 ,
326 2859 560 2891 venerandarum
577 2864 606 2890 et
621 2860 785 2892 caelestium
799 2862 938 2894 virtutum
955 2864 1054 2895 incor-

1095 2324 1138 2351 καὶ
1151 2323 1334 2364 φιλάνθρωπος
1357 2325 1423 2356 Θεὸς
1451 2325 1594 2364 ὑπάρχεις,
1622 2326 1666 2353 καὶ
1689 2325 1730 2354 σοὶ
1763 2326 1813 2360 τήν
1844 2325 1922 2360 δόξαν

1095 2369 1297 2407 ἀναπέμπωμεν,
1314 2381 1353 2407 τῳ
1368 2370 1460 2406 [lat-ri,
1477 2370 1520 2398 καὶ
1536 2371 1600 2410 Υἱῷ,
1617 2371 1660 2398 καὶ
1687 2373 1725 2407 τῷ
1739 2371 1809 2410 ἁγίῳ
1835 2374 1922 2401 Πνεύ-

1096 2425 1170 2454 ματι,
1188 2417 1231 2442 νῦν
1246 2415 1289 2442 καὶ
1301 2414 1353 2454 ἀεῗ,
1382 2415 1426 2442 καὶ
1452 2415 1488 2446 εἰς
1509 2415 1570 2447 τοὺς
1596 2416 1692 2446 αἰῶνας
1714 2419 1767 2444 τῶν
1804 2417 1920 2448 αἰώνων.

1097 2458 1195 2496 Ἀμήν.
1240 2460 1288 2489 Καὶ
1321 2459 1394 2492 εὐθὺς
1446 2461 1487 2497 τὸ,
1534 2460 1631 2499 Εἰρήνη
1672 2463 1750 2492 πᾶσι.
1799 2463 1848 2491 Καὶ
1898 2465 1921 2491 οἱ

1097 2503 1214 2544 ἀδελφοί,
1252 2505 1301 2534 Καὶ
1334 2508 1372 2542 τῷ
1416 2505 1547 2543 πνεύματί
1583 2515 1641 2536 σου.
1679 2504 1709 2534 Ὀ
1744 2507 1840 2546 ἱερεύς
1868 2508 1919 2541 Τὰς

1097 2548 1212 2589 κεφαλὰς
1233 2550 1307 2586 ὑμῶν
1328 2553 1366 2587 τῷ
1389 2550 1474 2589 Κυρίῳ
1489 2549 1615 2585 ίκλίνατε,
1639 2551 1689 2578 Καὶ
1714 2551 1823 2580 πάντων
1857 2552 1918 2581 κλι-

1097 2593 1197 2622 νόντων
1221 2595 1268 2625 τὰς
1294 2593 1411 2634 κεφαλὰς
1439 2594 1482 2622 καὶ
1497 2593 1540 2622 ἐπὶ
1568 2596 1619 2633 γῆς
1644 2595 1808 2634 κεκυφότων,
1839 2596 1918 2624 Emi-

1098 2640 1200 2679 χεταίὸ
1214 2639 1295 2679 ἱερεὺς
1321 2638 1519 2678 μεγαλοφώνως
1547 2637 1633 2678 λέγων
1656 2639 1706 2673 τὴν
1735 2639 1820 2679 εὒχήν
1851 2642 1916 2669 ταύ-

1096 2695 1147 2718 την
1152 2693 1157 2700 ¹

1140 2729 1260 2758 Δέσποτα
1288 2727 1428 2768 πολυέλεε,
1472 2728 1547 2767 Κύριε
1574 2728 1664 2761 Ἰησοῦ
1691 2729 1787 2768 Χριστὲ
1814 2730 1829 2757 δ
1853 2732 1916 2763 Θεὸς

1096 2776 1185 2810 ἡμῶν,
1215 2773 1367 2806 πατσϐείαις
1393 2776 1441 2806 τῆς
1463 2773 1652 2813 παναχράντου
1680 2772 1819 2808 δεσποίνης
1839 2774 1916 2813 ήμῶν

1099 2819 1227 2847 Θεοτόκου
1251 2819 1296 2847 καὶ
1324 2818 1494 2858 ἀειπαρθένου
1531 2819 1643 2856 Μαρίας·
1671 2821 1724 2846 τῶν
1760 2819 1853 2857 τιμίων
1874 2825 1916 2852 καὶ

1097 2864 1257 2902 ἐπουρανίων
1269 2863 1405 2902 δυνάμεων
1420 2863 1591 2901 ἀσωμάτων·
1622 2868 1669 2893 τοῦ
1695 2864 1782 2901 τιμίου
1815 2862 1918 2898 ἔνδοξοι)
