2005 3142
233 223 337 249 amuv

938 215 1234 248 PROLEGOMENA.

275 284 344 316 166.
373 285 444 315 Post
472 283 608 314 osculum
633 283 777 323 evangelii
805 284 876 316 dicit
891 283 1050 315 sacerdos:

1139 283 1213 311 Μετὰ
1227 283 1272 310 τὸν
1287 282 1429 321 ἀσπασμὸν
1451 286 1498 312 τοῦ
1512 281 1686 323 Εὖαγγελίου,
1702 281 1773 322 λέγει
1789 284 1802 311 ὁ
1817 283 1910 322 ἱδρώς·

234 330 333 366 Salva,
347 328 438 368 Deus,
454 327 596 368 populum
611 331 692 359 tuum
707 333 737 360 et
746 328 875 361 benedic
885 327 1054 361 haereditati

235 378 301 406 tuae.
318 372 456 412 Domine,
474 373 628 410 miserere,
655 373 828 406 duodecies.
844 374 880 405 Et
904 373 1052 404 exclama—

235 419 276 450 tio
290 429 298 449 :
313 417 518 450 Misericordia
542 421 571 448 et
585 417 824 450 miserationibus
833 424 861 450 et
874 418 1055 458 benignitate

235 463 382 504 unigeniti
392 463 434 493 tui
445 462 653 503 Filii,quorum
666 462 842 494 benedictus
857 473 971 505 es,cum
982 472 1052 494 sau-

234 508 367 540 ctissimo
393 511 422 538 et
450 507 527 538 bono
558 507 672 538 viviﬁco
699 512 749 539 tuo
778 508 903 549 Spiritu,
920 516 1000 540 nunc
1024 510 1056 538 et

234 556 401 593 semper,et
415 552 445 582 in
461 552 569 583 saecula
578 553 919 586 saeculorum.Amen.Et
934 553 1054 584 inchoa-

235 607 301 629 mus
313 606 455 628 canones.

1096 329 1199 367 Σῶσον,
1229 328 1243 355 ὁ
1272 328 1348 364 Θεὸς,
1381 329 1424 356 τὸν
1449 327 1513 356 λαόν
1543 338 1600 364 σου,
1623 327 1667 356 καὶ
1694 327 1836 367 εὖλὸγησον
1859 329 1910 362 τὴν

1094 371 1272 411 κληρονομίαν
1301 383 1359 401 σου.
1388 373 1478 413 Κύριε³
1500 372 1623 409 ὶλέησον,
1648 372 1695 410 ιβ’·
1720 372 1768 401 Καὶ
1790 372 1910 412 ἐκφίύντν

1095 427 1157 448 σις’
1198 415 1282 446 Ἐλέει
1319 418 1363 447 καὶ
1407 419 1556 458 οἱκτιρμοτς
1587 418 1630 445 καὶ
1659 416 1837 457 φιλανθρωπίᾳ
1862 422 1910 446 τοῦ

1095 465 1256 501 μονογενοῦς
1284 473 1331 491 σου
1357 464 1429 500 Υἱοῦ,
1453 462 1510 500 μεθ’
1539 462 1569 490 οὗ
1595 461 1739 501 εὐλογητὸς
1766 463 1787 490 εἰ
1809 463 1851 489 σὺν
1871 466 1909 500 τῷ

1095 507 1228 546 παναγίῳ,
1244 507 1288 535 καὶ
1305 506 1406 546 ἀγαθῷ,
1425 508 1469 535 καὶ
1496 509 1620 544 ζωοποιῷ
1641 518 1687 535 σου
1710 507 1851 545 Πνεύματι,
1866 511 1909 536 νῦν

1096 552 1139 580 καὶ
1168 552 1219 589 ἀεὶ,
1251 552 1295 580 καὶ
1324 552 1360 583 εἰς
1391 553 1453 584 τοὺς
1477 553 1573 584 αἰῶνας
1603 555 1656 580 τῶν
1673 552 1785 582 αἰώνων.
1815 551 1907 589 Ἀμήν,

1098 597 1146 625 Καὶ
1160 596 1300 636 ἀρχόμεθα
1315 592 1367 624 τῶν
1387 597 1517 627 κανόνων.

275 644 344 676 167.
362 645 454 675 Con.
472 644 582 673 Verum
598 647 756 682 antequam
769 644 857 676 trium
867 644 1023 675 doctorum
1040 642 1328 683 canones,aJoanne
1337 642 1480 674 Euchaita
1493 642 1700 681 concinnatus,
1719 642 1907 683 subjiciamus

233 684 288 715 sub
298 689 463 724 aspectum,
481 683 697 724 observandum
722 689 779 722 est,
795 686 826 716 S.
845 683 1023 716 Germanum
1056 692 1116 713 non
1139 682 1307 724 significare
1329 682 1496 724 dicendum
1510 683 1681 724 duodecies.
1697 682 1836 723 Domine,
1850 685 1905 714 mi-

233 722 353 763 serere;
370 724 422 756 sed
438 723 534 755 verbis
563 725 717 764 Εὖλόγτισον
739 725 788 759 τὴν
809 725 988 766 κληρονομίαν
1018 735 1049 752 σο

1105 722 1264 754 confestim
1289 723 1440 755 subnectit
1465 725 1623 765 sequentia
1648 723 1775 755 dicenda
1801 722 1905 755 adia-

231 774 318 796 00110.

273 810 401 850 Respice
415 809 519 840 orbem
534 812 614 840 tuum
629 809 659 840 in
684 809 889 841 misericordia
913 813 942 840 et
957 809 1050 840 mise-
1064 808 1083 832 Β

233 854 410 886 rationibus.
428 854 532 885 Exalta
546 862 640 885 cornu
656 854 892 886 Christianorum
905 854 1051 886 orthodo-

230 908 348 936 xorum,
364 905 396 929 ct
411 898 532 929 demitte
547 907 638 938 super
648 907 702 929 nos
714 903 777 929 tuas
792 899 948 930 afﬂuentes
959 899 1050 929 mise-

230 942 535 974 ricordias.Precibus
544 942 665 973 illibatae
673 943 808 974 Dominae
821 949 941 984 nostras,
957 943 1050 974 Geni-

231 988 315 1019 tricis
331 987 385 1019 Dei
398 996 578 1028 semperque
589 987 711 1027 virginis
724 987 833 1027 Mariae;
845 989 952 1019 virtute
965 997 1052 1019 vene-

231 1034 331 1064 raudte
341 1038 369 1064 et
385 1033 506 1063 viviﬁcae
516 1032 623 1069 crucis,
637 1032 809 1072 patrociniis
820 1033 986 1064 ccelestium
1004 1034 1052 1064 in-

230 1086 502 1119 corporearumque
515 1078 705 1114 Potestatum;
722 1078 897 1116 venerandi,
911 1078 1051 1117 gloriosi-

230 1132 289 1162 que
306 1123 468 1164 propbetai,
487 1122 678 1162 prwcursoris
694 1126 723 1153 et
748 1122 889 1163 Baptistae
906 1122 1050 1162 Joannis;

228 1174 399 1199 sanctorum
411 1167 607 1207 gloriosorum
618 1171 647 1198 et
658 1167 922 1199 celeberrimorum
930 1174 1050 1208 aposto-

230 1212 340 1252 lorum;
352 1211 733 1252 sanctorum,gloriosorum
744 1216 774 1242 et
783 1211 913 1243 victoriis
927 1212 1050 1252 inclyta-

231 1265 297 1288 rum
312 1261 488 1298 martyrum,
500 1261 530 1288 et
539 1255 656 1296 reliqua
670 1256 746 1287 sicut
756 1257 867 1288 litanias
876 1257 1048 1288 inscribun-

227 1306 284 1334 tur.

1135 807 1293 847 Ἐπίσκεψαι
1323 809 1368 837 τὸν
1398 810 1498 847 κόσμον
1521 820 1568 837 σου
1590 808 1617 837 ἐν
1650 808 1718 837 ἐλέει
1744 810 1790 838 καὶ
1814 810 1904 850 οἰκτιρ-

1093 861 1168 892 μοῖς.
1198 854 1331 891 ’Ύψωσον
1368 854 1447 893 κέρας
1491 854 1658 882 Χσιστιανῶν
1689 853 1842 894 ὄρθοδόξων,
1866 857 1905 884 καὶ

1092 899 1270 937 κατάπεμψον
1284 898 1325 939 ἔφ’
1348 900 1423 936 ἡμᾶς
1452 899 1484 927 τὰ
1507 898 1569 932 ἐλέη
1584 910 1630 927 σου
1645 899 1678 927 τὰ
1691 898 1808 928 πλούσια
1822 908 1830 916 “
1845 911 1905 939 πρε-

1093 943 1190 975 σϐείαις
1221 946 1270 978 τῆς
1292 944 1479 984 παναχράντου
1500 942 1642 977 δεσποίνης
1677 945 1757 978 ἡμῶν
1785 946 1906 973 Θεοτόκου

1093 989 1137 1016 καὶ
1172 988 1343 1028 ἆειπαρθὲνου
1378 991 1499 1027 Μαρίας·
1537 987 1644 1025 δυνάμει
1683 990 1730 1016 τοῦ
1763 990 1849 1026 τιμίου
1867 990 1906 1018 καὶ

1093 1033 1224 1069 ζωοποιοῦ
1246 1035 1357 1073 σταυροῦ
1372 1043 1380 1050 ·
1396 1033 1568 1072 προστασίαις
1593 1036 1647 1062 τῶν
1672 1033 1834 1074 ἐπουρανίων
1856 1040 1904 1063 Au-

1093 1077 1198 1115 νάμεων
1232 1078 1393 1116 ἀσωμάτων,
1432 1081 1479 1106 τοῦ
1510 1078 1597 1115 τιμίου
1634 1077 1737 1110 ἐνδόξου
1763 1080 1902 1119 προφήτου,

1092 1122 1241 1163 προδρόμου
1256 1124 1300 1151 καὶ
1315 1127 1465 1151 Βαπτιστοῧ
1479 1121 1613 1163 Ἰωάννου,
1631 1127 1685 1152 τῶν
1703 1124 1785 1162 ἁγίων
1802 1123 1903 1157 ἐνδόξων

1091 1169 1134 1197 καὶ
1149 1168 1307 1197 καλλινίκων
1323 1169 1460 1208 μαρτύρων
1479 1178 1486 1185 ·
1504 1169 1547 1196 καὶ
1560 1168 1593 1196 τὰ
1607 1167 1688 1197 λοιπὰ
1705 1169 1818 1210 τούτων,
1833 1170 1866 1201 ὡς
1879 1169 1902 1198 ἐν

1091 1213 1125 1252 τῇ
1136 1212 1198 1252 λιτῇ
1213 1213 1370 1253 γέγραπται.

274 1350 343 1382 168.
361 1349 457 1380 Couu.
484 1348 553 1379 Haec
576 1347 677 1378 omnia
697 1347 738 1378 ait
759 1347 791 1378 S.
817 1348 984 1380 Germanus
1007 1348 1066 1381 dici
1088 1360 1106 1382 ιι
1132 1349 1271 1388 diacono,
1297 1348 1345 1380 cui
1369 1349 1488 1381 tandem
1519 1349 1654 1381 succinat
1679 1351 1830 1388 sacerdos,
1854 1360 1904 1381 ex-

229 1389 387 1431 clamando
403 1394 435 1420 ut
446 1397 546 1429 supra.
563 1389 630 1419 Non
645 1388 745 1431 fuerit,
762 1396 867 1431 porro_
882 1388 1078 1431 injucundum
1108 1390 1158 1422 hic
1173 1393 1322 1431 annotare
1331 1393 1361 1431 et
1376 1389 1464 1431 ritum
1482 1393 1510 1431 et
1537 1395 1670 1431 tempus,
1693 1399 1752 1431 quo
1777 1400 1794 1421 a
1810 1391 1905 1421 fratri-

231 1430 289 1462 bus
304 1430 438 1472 osculum
454 1428 556 1460 sancto
570 1428 723 1467 evangelio
739 1428 931 1468 imprimitur.
944 1430 991 1461 Sic
1005 1439 1077 1472 ergo
1088 1430 1194 1462 scribit
1207 1430 1376 1471 patriarcha
1391 1430 1566 1462 Pbilotheus
1580 1428 1612 1461 in
1629 1428 1749 1462 ordine
1758 1433 1837 1463 sacri
1848 1433 1906 1462 mi-

228 1471 352 1503 nisterii
364 1480 373 1500 :

271 1516 428 1554 Sacerdos,
444 1515 576 1546 demissa
590 1515 702 1553 casula,
715 1519 849 1548 sanctum
867 1517 1050 1557 evangelium
1061 1527 1081 1553 c

229 1567 298 1594 ante
310 1566 413 1603 pectus
428 1560 811 1601 deferens,egroditur,etin
827 1561 925 1593 medio
937 1562 1048 1602 templo

229 1611 296 1639 stat.
313 1608 417 1637 Lector
431 1609 542 1646 autem,
557 1605 603 1636 vel
618 1605 669 1646 qui
684 1614 700 1636 a
715 1605 903 1636 caeremoniis
918 1610 975 1643 est,
992 1610 1050 1639 stat

227 1652 284 1693 ipsi
300 1660 317 1682 a
328 1651 454 1692 dextris,
467 1655 573 1682 tenens
588 1650 799 1681 candelabrum
814 1659 881 1681 cum
898 1659 987 1682 cereo
996 1661 1047 1682 ac-

229 1707 340 1735 censo;
358 1701 387 1727 et
399 1695 533 1727 osculum
560 1700 662 1727 sancto
678 1695 832 1735 evangelio
855 1695 893 1727 de
909 1705 995 1728 more
1009 1697 1047 1727 ti-

1134 1517 1165 1547 'O
1187 1518 1283 1557 ἱερεὺς,
1316 1517 1440 1557 χαλάσας
1475 1518 1506 1545 τὸ
1536 1516 1682 1557 φαιλόνιον,
1711 1519 1756 1546 καὶ
1776 1519 1906 1558 βαστάζων

1089 1564 1120 1592 τὸ
1145 1562 1221 1602 ἅγιον
1237 1562 1390 1602 εὐαγγέλιον
1420 1561 1567 1601 ἔμπροσθεν
1593 1567 1640 1591 τοῦ
1661 1563 1784 1600 Mem"
1802 1563 1905 1603 Eant-

1089 1619 1132 1636 ται
1146 1608 1190 1636 καὶ
1205 1607 1315 1635 ’ίσταται
1331 1607 1369 1637 είς
1391 1606 1441 1640 τὴν
1456 1606 1543 1644 μέσην
1560 1611 1605 1636 τοῦ
1619 1608 1682 1636 ναοῦ
1696 1617 1705 1626 ⁸
1728 1609 1772 1636 καὶ
1789 1608 1904 1647 ἀναγνώ-

1089 1663 1155 1686 στης
1184 1652 1202 1686 ἣ
1227 1652 1242 1680 ὀ
1268 1650 1385 1684 εὐταξίας
1407 1651 1515 1679 ἵσταται
1542 1650 1654 1685 δεξιόθεν
1678 1654 1769 1690 αὺτοῦ,
1785 1652 1902 1692 κατέχων

1090 1696 1251 1735 μανουάλιον
1281 1696 1350 1734 μετὰ
1374 1694 1512 1733 λαμπάδος
1537 1696 1662 1734 ἡμμένης
1677 1704 1685 1712 ·
1714 1698 1759 1726 καὶ
1782 1698 1903 1736 γίνεταιὸ

1091 1742 1233 1780 ἀσπασμὸς
1263 1744 1309 1770 τοῦ
1337 1740 1413 1780 ἁγίου
1441 1740 1595 1780 εὐαγγελίου
1621 1741 1692 1781 παρὰ
1715 1742 1767 1770 τῶν
1791 1741 1903 1782 ἆδελφῶν

1092 1787 1210 1822 συνήθως
1215 1809 1222 1817 .

270 1830 503 1873 169.Couu.lllis
517 1833 620 1873 autem
633 1829 848 1869 osculantibus,
865 1831 982 1862 canitur
1001 1832 1050 1863 Τι’(

1097 1833 1177 1863 rium
1202 1831 1283 1873 quod
1297 1831 1413 1873 incipit,
1430 1832 1588 1873 Ἀνάστασιν
1605 1835 1720 1873 Χριστοῦ
1734 1834 1901 1872 θεασάμενοι,

228 1875 250 1902 cl
279 1873 334 1901 ἔστι
368 1872 487 1910 Κυριαχὴ
515 1870 651 1913 βηλονότι,
683 1872 734 1913 καὶ.
751 1872 765 1899 ό
786 1874 968 1913 πεντηκοστὸς
995 1883 1050 1910 μετι

1097 1873 1199 1913 ιέλους,
1211 1870 1260 1903 ’id
1291 1877 1346 1908 est.
1361 1870 1634 1904 'Resurrectionem
1645 1871 1758 1913 _Cbristi
1774 1870 1903 1904 contem;

249 1913 311 1959 lati,
331 1912 478 1959 videlicet,
497 1911 602 1959 si_dies
617 1910 773 1942 Dominica
786 1911 899 1959 fuerit,
913 1913 1032 1953 quando
1048 1913 1138 1959 etiam
1155 1910 1266 1959 canunt
1292 1913 1437 1959 psalmum
1457 1911 1736 1959 quinquagesimum
1756 1923 1764 1944 :
1773 1922 1863 1959 11am,
1877 1915 1905 1958 ut

226 1951 309 1984 idem
329 1951 589 1993 Philotbeusdicit
605 1958 720 1993 postea,
738 1951 931 1993 exosculatio‘
939 1953 1084 1993 evangelii
1101 1953 1183 1984 festis
1198 1953 1265 1984 aliis
1290 1951 1613 1993 praetermittitur,’nisi
1636 1952 1711 1984 forte
1725 1953 1756 1983 in
1772 1951 1903 1984 Domini-

226 2003 291 2025 cain
309 1992 484 2023 inciderint.
503 1990 683 2033 Yerba'ejus
701 1991 803 2033 Graeca
830 1992 892 2023 haec
918 1998 986 2024 sunt
1003 1990 1050 2024 :"k‘

1097 1994 1159 2032 ίλλῃ
1176 1993 1203 2022 δὲ
1214 1990 1299 2033 6:091:11~
1308 1996 1338 2023 οὐ
1359 1997 1459 2033 γίνεται
1475 1995 1489 2022 ὁ
1510 1993 1663 2033 ἀσπασμὸς,
1677 1995 1698 2022 εί
1721 1994 1761 2032 μὴ
1784 1994 1867 2032 μόνον
1881 1993 1903 2021 ὲν

227 2037 357 2074 Rupta-mh.
376 2032 479 2073 igitur,
494 2031 554 2062 nisi
576 2031 738 2074 boctrium
769 2032 926 2063 doctorum
942 2034 1050 2065 festum
1066 2031 1178 2065 indicat
1201 2034 1231 2064 in
1249 2031 1445 2074 Dominicam,
1463 2033 1563 2064 statim
1574 2031 1664 2074 gporst,
1683 2031 1790 2071 26mm,
1805 2036 1819 2063 ὁ
1832 2034 1902 2065 esse.

224 2071 372 2106 Dicuntur
386 2071 516 2103 canones
532 2081 600 2113 cum
618 2071 733 2113 hirmis,
749 2081 880 2104 canones
894 2079 992 2104 autem
1009 2074 1038 2104 in
1060 2075 1116 2106 hoc
1131 2074 1230 2106 ofﬁcio
1244 2078 1306 2105 tres
1321 2079 1399 2111 sunt,
1423 2071 1499 2104 unus
1519 2074 1557 2104 de
1573 2071 1706 2113 Deipara.
1727 2074 1779 2105 alii
1804 2074 1862 2105 duo
1874 2074 1904 2105 de

226 2115 347 2153 sanctis,
364 2122 468 2145 omnes
482 2112 617 2154 ejusdem
634 2112 755 2142 Joannis
781 2114 976 2154 metropolitae
1002 2114 1215 2146 Euchaitorum
1245 2123 1321 2154 opus
1337 2125 1344 2147 :
1362 2115 1415 2146 sed
1434 2113 1550 2145 medius
1564 2112 1646 2144 solus
1660 2114 1877 2146 acrostichicus
1895 2122 1902 2145 ε

228 1742 307 1782 gitur
321 1750 338 1772 a
349 1739 499 1772 fratribus.

226 2157 307 2187 unde
323 2154 409 2186 facile
423 2157 468 2185 est
483 2152 667 2192 singulorum
684 2156 782 2192 partes
798 2162 814 2183 a
830 2152 963 2194 partibus
973 2153 1099 2186 aliorum
1112 2152 1297 2186 discernere.

469 2199 592 2232 CANON
614 2198 804 2231 DEIPARAE.

421 2248 505 2288 Opus
533 2245 656 2278 Joannis
685 2245 848 2276 Eucbaitae.

391 2292 467 2324 ODE
497 2292 525 2323 1.
562 2291 663 2322 Tonus
687 2290 718 2323 2.
745 2290 878 2322 Hirmus.

267 2337 334 2370 170.
350 2339 410 2368 Huc
425 2338 495 2375 huc,
513 2336 623 2377 populi,
641 2345 781 2367 canamus
796 2345 916 2367 carmen
927 2336 1045 2368 Christo

225 2381 447 2423 Deo,dividenti
464 2385 590 2418 mare,et
604 2380 725 2411 ducenti
740 2381 883 2421 populum
900 2390 990 2422 quem
1007 2380 1044 2412 li-

226 2427 339 2459 beravit
353 2436 371 2457 a
380 2425 521 2457 servitute
537 2425 754 2466 Egyptiorum,
766 2426 905 2466 quoniam
929 2425 1044 2466 gloriﬁ-

225 2477 308 2504 catus
323 2476 378 2504 est.

265 2518 293 2549 A
304 2515 441 2557 gravibus
452 2519 511 2546 tam
529 2514 664 2555 corporis
681 2523 770 2554 quam
781 2515 888 2546 animae
903 2515 1046 2556 periculis

226 2567 256 2595 et
271 2561 375 2594 mortis
390 2565 420 2592 et
435 2559 580 2601 lapsibus,
596 2568 613 2590 a
627 2559 871 2601 incontaminata,
888 2560 972 2601 eripe
983 2570 1043 2599 me,

225 2611 276 2650 qui
292 2608 341 2649 pie
356 2605 501 2638 conﬁteor
515 2613 582 2637 esse
590 2609 619 2637 te
632 2604 753 2645 proprie
763 2613 869 2645 puram
881 2604 936 2637 Dei
951 2606 1045 2637 Geni-

224 2654 342 2685 tricem.

265 2698 414 2737 lntegram
430 2695 589 2736 gratiarum
605 2695 742 2736 abyssum
768 2695 799 2726 in
816 2697 845 2726 te
859 2695 1044 2727 reconditam

225 2752 293 2775 esse
302 2744 500 2782 agnoscimus.
518 2741 693 2781 Propterea,
709 2749 727 2770 o
742 2739 883 2781 Deipara,
897 2739 948 2781 qui
963 2740 1001 2771 ad
1016 2744 1045 2772 te

225 2792 363 2829 prompto
374 2791 403 2818 et
418 2790 516 2818 erecto
532 2786 632 2817 animo
646 2785 847 2826 confugimus,
865 2785 966 2816 divino
982 2790 1043 2824 tuo,

225 2831 390 2874 patrocinio
406 2839 570 2862 servamur.

267 2881 322 2909 l’ro
335 2877 422 2908 nobis
438 2875 658 2908 celebrantibus
672 2878 712 2914 te,
729 2875 907 2913 castissima,
924 2884 977 2908 ora
993 2876 1044 2906 ln-

226 2928 379 2956 carnatum
405 2933 441 2955 ex
460 2923 616 2964 impolluto
631 2927 682 2954 tuo
699 2926 729 2954 et
743 2923 872 2964 pretioso
887 2923 1043 2963 sanguine,

226 2974 259 3001 ut
273 2970 368 3002 simus
379 2979 397 3001 ι
411 2968 530 3001 delictis
553 2973 583 3001 et
606 2967 716 3000 amaris
729 2967 972 3008 tegrotationibus
985 2968 1046 2998 im-

1267 2207 1287 2232 0
1311 2207 1423 2232 KANON
1445 2205 1512 2231 ΤΗΣ
1536 2205 1725 2232 ΘΕΟΤΟΚΟΥ.

1298 2248 1405 2285 Ποίημα
1414 2247 1538 2276 Ἰωάννου
1549 2246 1699 2286 Εύχαίτων.

1241 2295 1312 2334 ῼΔΗ
1342 2292 1380 2322 α’.
1406 2289 1494 2332 Ἠχος
1518 2290 1555 2330 β’.
1587 2291 1618 2321 ’0
1649 2291 1753 2330 εἱρμός.

1128 2342 1219 2377 Δεῦτε,
1250 2337 1322 2375 λαοὶ,
1350 2337 1457 2375 ᾃσωμεν
1485 2336 1558 2375 ᾆσμα
1580 2338 1684 2375 Χριστῷ
1709 2340 1747 2374 τῷ
1773 2340 1844 2375 Θεῷ,
1868 2339 1903 2374 τῷ

1086 2382 1197 2412 διελόντι
1213 2382 1357 2418 θάλασσαν,
1375 2383 1418 2411 καὶ
1442 2380 1604 2420 ὁδηγήσαντι
1619 2382 1664 2410 τὸν
1680 2381 1758 2420 λαὸν,
1775 2382 1805 2410 ὃν
1825 2383 1903 2416 ἆνῆιιι

1085 2427 1201 2460 δουλείας
1218 2428 1379 2467 Αἰγυπτίων,
1396 2426 1436 2455 ὅτι
1452 2425 1622 2459 δεδόξασται.

1125 2518 1176 2547 Τὸν
1205 2515 1319 2549 εὐσεϐῶς
1348 2527 1378 2544 σε
1407 2516 1538 2545 Θιοτόκον
1569 2516 1666 2555 κυρίως
1690 2515 1775 2556 ἂγνὴν
1808 2516 1902 2555 ὁμολο-

1086 2566 1195 2603 γοῦντα,
1226 2560 1379 2602 ”Λχραντε,
1411 2561 1504 2601 ψυχῆς
1525 2561 1570 2590 καὶ
1592 2561 1716 2599 σώματος
1732 2560 1863 2601 χαλιπῶν
1877 2560 1902 2589 ιιι

1086 2607 1210 2636 κινδύνων
1237 2609 1281 2636 καὶ
1310 2606 1407 2644 νόσων,
1443 2606 1488 2634 καὶ
1514 2605 1690 2642 πταισμάτων
1719 2605 1752 2634 σύ
1777 2616 1811 2644 με
1846 2604 1902 2634 διά-

1086 2663 1219 2731 magn:
1248 2696 1276 2725 ἐν
1297 2697 1337 2725 σοὶ
1366 2697 1419 2725 τῶν
1446 2696 1621 2736 χαρισμάτων
1637 2693 1752 2724 ἄϐυσσον
1767 2694 1903 2734 ἀποκειμέ-

1086 2754 1135 2777 νην
1149 2741 1281 2782 ἔγνωμεν.
1299 2742 1346 2770 Διὸ
1374 2741 1597 2781 προσφεύγοντες,
1624 2740 1749 2779 Scordus,
1767 2742 1902 2781 προθύμως

1085 2790 1121 2827 τῇ
1135 2787 1222 2825 σκέπῃ
1238 2797 1284 2816 σου
1298 2789 1332 2826 τῇ
1342 2786 1397 2823 θείᾳ
1411 2785 1604 2824 διασωζόμεθα,
1622 2811 1645 2825 ,ν

1128 2875 1209 2916 ’Υπὲρ
1232 2875 1310 2913 ἡμῶν
1339 2875 1392 2902 τῶν
1426 2885 1456 2902 σε
1490 2875 1640 2912 ὑμνούντων
1670 2873 1830 2908 δυσώπησον
1861 2874 1900 2902 τὸν

1087 2921 1266 2962 σαρκωθέντᾱ,
1295 2919 1424 2959 πάναγνε,
1447 2919 1478 2948 ἐκ
1501 2921 1554 2948 τῶν
1578 2920 1720 2961 ὰχράνςων
1745 2930 1793 2948 σου
1808 2920 1849 2948 καὶ
1861 2929 1898 2947 τι-

1088 2967 1156 3005 μίων
1170 2967 1302 3005 αἱμάτων,
1316 2964 1440 3004 ῥυσθῆναι
1455 2964 1485 2993 ἐκ
1499 2964 1674 3004 «requiro»
1687 2964 1733 2993 καὶ
1746 2964 1897 3002 νοσημάτων

1088 3011 1201 3052 πικρῶν.
