2005 3142
620 150 838 185 AGOLUTHIA
862 152 1059 185 TRIPLICIS
1076 151 1186 185 FESTI
1193 176 1200 183 .

1615 160 1744 186 summu

118 219 266 256 Ῥιπίζοντὰι
282 219 396 259 χάλαζαι
413 218 443 248 ἐκ
472 217 624 259 πυροϐόλων
646 219 786 259 γλωσσῶν,
812 232 875 249 συν-

959 220 1002 251 Ex
1019 219 1129 259 linguis
1142 218 1300 258 ignivomis
1313 220 1465 259 jactentur
1484 218 1661 259 grandines,
1677 228 1745 258 quas

82 264 202 305 τρίϐουσαι
216 264 247 292 τὰ
262 263 341 303 σαθρὰ
356 266 408 292 τῶν
423 262 575 303 δογμάτων,
591 264 618 292 εἴ
645 275 684 296 τις
707 263 789 301 μέσον
809 265 880 305 παῤ-

82 310 224 349 ῥησιάσηται
252 311 303 336 τῶν
331 307 496 347 κενολόγων,
525 308 588 347 ὀρθὰ
609 309 648 342 μὴ
674 310 854 348 φθεγγόμενος
872 318 879 326 ’

82 354 214 394 Εὐλογητὸς
230 354 243 382 ὁ
259 353 334 391 Θεὸς,
352 354 364 381 5
381 355 433 381 τῶν
446 352 567 392 πατέρων
582 354 671 390 ἡμῶν.
689 354 840 386 eandm».

119 441 235 482 Παρθένον
264 441 372 476 οἰκήσας
402 453 444 480 σε,
474 443 518 470 καὶ
548 442 616 481 μετὰ
649 443 726 471 τόκον
755 443 882 482 παρθένον

81 488 195 525 ἶλιπεν,ὁ
215 485 328 525 ἀμείϐων
357 493 496 527 στοιχεῖα,
529 486 671 526 θεοκυῆτορ
696 487 783 528 Μαρία
811 499 882 516 παν-

83 535 193 574 άχραντε,
208 532 270 571 πρὸς
286 532 315 560 ὃν
340 532 447 570 βοῶμεν
469 532 515 560 σὺν
536 532 589 569 σοὶ,
612 532 809 570 παναμώμητε·
828 533 882 562 Εὐ-

83 578 179 617 λογητὸς
194 578 207 605 ὁ
223 577 297 612 Θεὸς,
315 578 330 605 ὁ
345 576 397 605 τῶν
413 576 536 616 πατέρων
549 577 638 615 ἡμῶν.
656 576 821 609 Καταϐασία.

117 666 147 694 Σὲ
159 667 201 694 τὸν
214 665 242 694 ἐν
269 665 330 704 πυρὶ
350 664 506 705 δροσίσαντα
535 665 633 698 παῖδας
655 665 880 706 θεολογήσαντας,

83 712 120 740 διαὶ
144 710 258 750 Παρθένῳ
291 710 418 749 ἀχηράτῳ
461 710 650 746 ἑνοικήσαντα.
695 711 761 740 θεὸν
798 711 882 749 Λόγον

83 757 207 794 ὺμνοῦμεν,
238 754 353 787 εὐσεϐῶς
375 754 566 792 μελῳδοῦντες·
592 756 744 794 Εὐλογητὸς
767 757 781 784 ὁ
805 757 880 795 Θεὸς,

84 802 151 829 ὂτῶν
164 800 279 840 πατέρων
294 801 385 838 ἡμῶν,

333 849 403 886 ῼΔΗ
418 845 463 879 η’.
480 846 510 875 Ὀ
522 846 622 885 εὶρμὸς.

923 268 1081 295 conterunt
1108 264 1230 295 frivolas
1245 263 1402 303 opiniones
1415 274 1423 301 ;
1435 263 1461 294 si
1483 263 1550 304 quis
1564 263 1745 302 vaniloquo-

922 317 989 339 rum
1005 308 1113 339 audeat
1126 309 1157 339 in
1174 308 1305 339 medium
1322 308 1574 349 prosilire,neque
1582 311 1614 338 ut
1622 317 1675 348 par
1687 312 1743 347 est,

923 352 1011 390 dicat,
1028 352 1210 384 Benedictus
1227 354 1308 385 Deus
1333 358 1450 393 patrum
1482 357 1664 384 nostrorum.
1682 352 1745 384 Ma-

922 397 1006 428 riale.

966 442 1116 482 Virginem
1134 446 1162 473 te
1177 442 1364 478 inhabitavit,
1381 446 1410 473 et
1435 445 1500 482 post
1515 444 1630 481 partum
1646 441 1747 481 Virgi-

923 495 992 518 nem
1003 486 1137 527 reliquit,
1155 491 1273 517 mutans
1287 492 1406 517 naturae
1421 486 1590 524 ordinem,o
1603 485 1665 517 Deo
1681 495 1746 526 gra-

924 530 992 561 vida
1007 531 1099 562 Maria
1114 535 1142 562 et
1159 531 1256 562 omnis
1270 539 1376 571 expers
1389 530 1564 567 maculae,ad
1581 539 1669 571 quem
1683 531 1745 562 cla-

926 584 1042 607 mamus
1049 575 1534 615 tecum,inlemerata,Benedictus
1541 575 1621 607 Deus
1630 579 1746 616 patrum

925 625 1096 652 nostrorum
1103 646 1110 653 .
1577 620 1746 653 Catabasia.

965 664 1007 696 Te
1022 666 1071 705 qui
1087 666 1118 696 in
1130 665 1342 705 igneirroresti
1355 674 1464 706 pueros
1483 665 1522 696 de
1532 665 1624 697 rebus
1639 665 1746 696 divinis

925 709 1120 748 dissarentes,
1138 714 1167 741 et
1182 710 1384 750 incorruptam
1395 710 1547 749 Virginem
1559 709 1746 750 inhabitasti,

923 753 1018 785 Deum
1034 754 1166 786 Verbum
1179 755 1386 795 praedicamus,
1399 755 1447 795 pie
1458 754 1651 786 concinentes
1667 763 1675 786 :
1692 757 1748 786 Be-

924 799 1061 830 nedictus
1075 799 1153 831 Deus
1169 804 1285 840 patrum
1302 803 1484 831 nostrorum.

1159 845 1229 877 195.
1247 844 1322 877 ODE
1338 845 1368 875 8.
1381 843 1514 875 Hirmus.

115 893 158 919 Τὸν
183 889 208 917 ἐν
230 890 333 928 καμίνῳ
361 894 407 919 τοῦ
423 891 503 930 πυρὸς
526 893 578 919 τῶν
602 889 729 930 Ἐϐραίων
744 897 803 924 τοῖς
816 902 880 919 παι-

964 889 1064 928 Opera
1078 890 1186 930 Deum,
1205 891 1253 930 qui
1283 899 1352 921 cum
1379 888 1573 920 Hebraeorum
1599 889 1702 929 pueris
1716 890 1747 920 in

82 936 102 963 vi
123 933 325 975 σογκαταϐάντα,
357 936 400 964 καὶ
421 936 472 970 τὴν
494 935 580 975 φλόγα
607 936 644 968 εἰς
673 935 766 975 δρόσον
794 946 881 973 μετα-

81 979 178 1007 ϐαλόντα
193 980 266 1019 Θεὸν,
282 980 406 1020 ὑμνεῖτε,
436 987 469 1008 τα
484 979 548 1019 ἔργα
563 981 600 1011 ὡς
618 980 721 1019 Κύριον,
738 981 783 1008 καὶ
800 981 881 1021 ὑπερ-

80 1026 162 1062 νψοῦτε
173 1024 206 1056 εἷς
222 1024 323 1056 πάντας
338 1025 400 1056 τοὺς
416 1025 526 1057 αἰῶνας.

115 1070 205 1108 Πύργον
232 1070 328 1109 ἰσχύος
354 1069 472 1110 ἆσφαλῆ,
504 1070 547 1098 καὶ
572 1069 704 1109 κρηπῖδα,
733 1070 777 1098 καὶ
797 1081 880 1110 φρου-

81 1113 128 1152 ράν,
154 1115 193 1142 καὶ
207 1115 368 1153 προστασίαν
395 1114 556 1153 κεκτημένοι
579 1124 620 1154 ac;
644 1115 729 1142 πίστει
751 1113 881 1151 διασωζό-

81 1159 136 1195 μεθα
161 1162 222 1187 νῦν·
251 1159 386 1196 ὐμνοῦμεν
415 1159 461 1187 τὸν
489 1159 567 1187 τόκον
593 1169 650 1198 σου,
679 1158 810 1199 Πέναγνε,
837 1160 882 1188 καὶ

80 1202 244 1241 ὐπερυψούμιν
258 1204 296 1236 εἰς
312 1203 414 1236 πάντας
429 1204 490 1237 τοὺς
506 1204 616 1235 αἰῶνας.

113 1291 257 1325 ’Δθινασίας
288 1292 384 1332 διαυγῆ
407 1293 572 1331 ἐπιστάμεθα
597 1293 690 1332 πηγήν
717 1303 758 1330 σε,
783 1293 882 1321 6:01:6-

80 1345 114 1374 κε,
128 1336 160 1366 ὡς
175 1340 301 1366 τεκοῦσαν
318 1338 364 1365 τὸν
380 1338 465 1376 Λόγον
480 1341 527 1366 τοῦ
547 1337 678 1366 ἀθανάτου
702 1337 816 1376 Πατρὸς,
839 1337 884 1365 τὸν

80 1380 166 1411 πάντας
179 1382 288 1412 θανάτου
304 1381 480 1422 λυτρούμενον
494 1382 555 1414 τοὺς
581 1381 777 1421 ὑπερυψοῦντας
805 1382 884 1412 αὐτὸν

80 1425 109 1456 εἷς
121 1426 175 1458 τοὺς
190 1427 300 1458 αἰῶνας.

112 1468 219 1508 Ῥεῖθρον
233 1471 332 1500 ἱάπων
346 1472 415 1510 ἡμῖν
437 1471 553 1504 ἇεννάως
582 1477 641 1503 τοῖς
667 1477 787 1509 πιστοῖς,
803 1471 884 1512 ἁγνὴ,

78 1515 201 1554 πηγάζεις,
230 1516 260 1544 οὗ
286 1517 340 1547 τὴν
363 1515 475 1549 ἄφθονον
497 1515 579 1556 χάριν
600 1514 804 1555 ἀποῤῥυόμενοι,
833 1516 885 1553 ὗμ-

79 1559 159 1596 νοῦμεν
185 1561 229 1588 τὸν
256 1561 338 1590 τόκον
365 1571 423 1600 σω,
449 1559 605 1601 "Alpesne,
634 1561 678 1588 καὶ
701 1560 885 1599 ὑπερυψυῦμεν

80 1604 109 1635 εἱς
123 1605 213 1638 πάντας
227 1607 289 1639 τοὺς
306 1606 416 1637 αἰῶνας.

112 1647 220 1682 "Alios.
236 1650 424 1688 ’ἰνδάλματος.

120 1698 235 1732 Ζοοῠμεν
264 1694 392 1736 εὐσεϐῶς,
423 1697 468 1725 καὶ
488 1693 632 1731 δοξάζομεν
670 1695 800 1733 ὁμότιμον
825 1695 886 1733 μίαν

81 1738 156 1778 οὖσιν,
179 1739 387 1780 ἆπειροδύναμον
418 1739 523 1769 Μονάδα
564 1751 592 1768 τε
625 1741 667 1768 καὶ
694 1739 801 1780 Τριάδα,
837 1740 887 1773 τὴν

80 1783 152 1811 πάντα
177 1788 257 1814 ταῦτα
291 1785 385 1824 λόγοις
426 1785 592 1825 κυϐερνῶσαν
619 1785 765 1824 κρείττοσιν
782 1793 789 1799 ⁵
819 1784 888 1813 οὕτω

80 1827 121 1865 γὰρ
139 1827 248 1865 δοξάζειν
262 1832 286 1858 οἱ
304 1837 378 1870 τρεῖς
394 1830 515 1870 θεοφόροι
531 1833 728 1870 παρεγγυῶσιν,
755 1829 800 1861 οἷς
816 1840 887 1868 συμ-

79 1878 259 1912 προσκυνοῡμεν
274 1876 359 1910 αὐτὴν
374 1876 410 1908 εἰς
426 1875 488 1908 τοὺς
505 1875 615 1908 αἰῶνας,

121 1918 265 1953 ωνώθησαν
295 1921 321 1948 οἱ
355 1927 430 1959 τρεῖς
467 1919 626 1959 θεοκήρυκες
660 1919 804 1951 ἑνώσαντες
838 1919 886 1953 τὴν

80 1961 172 1999 Τριάδα,
201 1965 244 1992 καὶ
270 1966 301 1994 τὸ
333 1965 475 2003 αμὲριστον
504 1964 531 1992 ἐν
562 1967 627 1992 πᾶσι
652 1964 830 2003 τετηρηκότες
851 1966 886 2002 τῇ

79 2005 124 2041 θείᾳ
145 2008 225 2046 φύσει,
256 2011 320 2047 μίαν
357 2009 418 2047 παρ’
451 2009 534 2042 αὐτῆς
566 2007 709 2037 ὰντέλαϐον
745 2008 887 2047 ἀμέριστον

79 2047 155 2090 δόξαν,
182 2053 219 2085 εὶς
254 2053 364 2084 ἔπαινον
390 2053 435 2082 ἕνα
469 2052 687 2092 στγκαλουμὲνην
715 2053 776 2084 τοὺς
805 2053 885 2091 ὕπερ-

77 2096 191 2131 υψοῦντας
207 2099 288 2133 αὑτὴν
305 2100 343 2131 εἰς
358 2099 418 2132 τοῖις
438 2099 548 2129 αἰῶνας.
732 2097 883 2127 Θεοτόκιον.

118 2185 211 2214 >αεὼν
235 2188 265 2216 τὸ
294 2185 355 2215 καθ’
385 2188 458 2225 ἡμᾶς
488 2185 607 2219 ἁντιδούς
631 2197 659 2214 τε
690 2187 720 2214 τὸ
742 2187 841 2215 οἰκεῖον
872 2187 886 2213 ὁ

77 2228 214 2268 εὐεργέτης,
238 2230 331 2271 ἔδρασε
362 2231 455 2269 μόνον⁷
485 2232 532 2260 οὐκ
566 2231 645 2260 ἔπαθε
675 2229 713 2270 δὲ,
745 2230 858 2270 Παρθένε
876 2239 882 2246 ·

923 933 1073 964 caminum
1092 933 1172 973 ignis
1185 933 1355 971 descendit,
1368 937 1397 964 et
1414 933 1563 964 flammam
1581 933 1704 964 mutavit
1716 933 1748 964 in

923 986 1036 1018 rorem,
1056 977 1220 1015 laudate,ut
1230 979 1436 1016 Dominum,et
1450 977 1668 1018 superexaltate
1678 986 1746 1009 eum

923 1021 954 1053 in
970 1022 1070 1053 omnia
1084 1023 1203 1054 saecula.

962 1066 1082 1098 Turrim
1097 1067 1281 1098 fortitudinis
1300 1076 1450 1105 securam,
1469 1071 1499 1098 et
1514 1066 1752 1107 crepidinem,e|

923 1111 1088 1143 custodiam
1101 1115 1131 1143 et
1139 1112 1345 1143 defensionem
1356 1112 1543 1152 possidentes
1556 1115 1653 1152 te,per
1660 1112 1750 1142 ﬁdem

923 1165 1003 1187 nunc
1015 1164 1180 1188 servamur.
1203 1157 1369 1188 Laudamus
1381 1161 1479 1187 autem
1492 1160 1608 1197 partum
1621 1160 1715 1193 tuum,
1733 1165 1750 1187 ο

923 1209 1030 1241 expers
1051 1200 1186 1241 maculae,
1202 1205 1232 1232 et
1249 1201 1504 1242 superexaltamus
1529 1201 1560 1231 in
1577 1201 1679 1232 omnia
1693 1209 1751 1231 sae-

924 1245 1001 1276 cuia,

964 1290 1198 1322 Immortalitatis
1207 1291 1318 1322 fontem
1336 1290 1521 1331 pellucidum
1537 1289 1675 1321 novimus
1684 1298 1751 1321 esse

924 1335 1024 1371 te,Dci
1041 1334 1221 1376 Genitrix,ut
1237 1345 1304 1376 quae
1322 1335 1453 1376 genuisti
1464 1335 1560 1366 Patris
1571 1334 1750 1366 immortalis

925 1378 1069 1418 Verbum,
1086 1380 1165 1421 quod
1181 1383 1277 1412 morte
1286 1380 1394 1413 liberat
1405 1389 1510 1411 omnes
1521 1379 1576 1420 qui
1590 1380 1688 1421 ipsum
1701 1387 1752 1410 su-

927 1425 1112 1465 perexaltant
1126 1425 1157 1455 in
1172 1425 1291 1456 saecula.

966 1469 1061 1501 Nobis
1077 1469 1228 1510 ﬁdelibus,
1243 1469 1325 1501 velut
1338 1479 1376 1501 ex
1393 1473 1537 1512 perpetuo
1549 1469 1642 1507 fonte,
1654 1468 1750 1500 eﬁ'un-

927 1514 973 1546 dis
989 1513 1114 1545 medela}
1130 1514 1256 1553 ﬁumen;
1267 1516 1352 1554 cujus
1366 1515 1523 1555 impolluta
1536 1518 1629 1554 gratia
1642 1513 1749 1554 abluti,

926 1568 944 1589 ο
959 1558 1365 1597 incontaminata,lsudemus
1375 1564 1491 1600 partum
1504 1562 1633 1596 tuum,et
1643 1567 1750 1599 super-

893 1591 916 1618 ο
927 1603 1091 1635 exaltamus
1106 1603 1138 1634 in
1154 1591 1255 1635 omnia
1268 1591 1388 1635 saecula:

968 1648 1036 1678 196.
1049 1647 1144 1686 Alius,
1157 1648 1243 1685 sicut,
1261 1647 1443 1687 Ὶνδάλματος.

977 1697 1019 1724 μη
1034 1691 1223 1732 agnoscimus
1237 1692 1295 1733 pie,
1309 1697 1339 1723 et
1353 1692 1554 1732 gloriﬁcamus
1568 1700 1659 1723 unam
1670 1692 1750 1732 ejus-

928 1736 997 1768 dem
1011 1737 1133 1768 honoris
1145 1740 1294 1774 naturam,
1312 1737 1437 1768 inﬁnitae
1449 1737 1587 1778 potentiae
1603 1737 1750 1768 unitatem

929 1786 959 1813 et
970 1781 1158 1818 Trinitatem;
1177 1790 1242 1822 qua:
1257 1782 1319 1812 haec
1341 1782 1441 1813 omnia
1455 1782 1614 1823 gubernat,
1630 1791 1664 1813 ac
1677 1786 1751 1813 nutu

929 1830 1047 1867 torquet
1061 1826 1180 1857 suo.Sic
1195 1826 1276 1857 enim
1292 1826 1401 1858 docent
1412 1831 1473 1858 tres
1485 1826 1530 1858 illi
1546 1826 1665 1865 deiferi,
1681 1827 1750 1867 qui-

929 1871 1054 1903 buscum
1071 1880 1136 1902 eam
1153 1871 1314 1903 adoramus
1329 1871 1360 1902 in
1375 1871 1495 1903 saecula.

978 1920 1064 1947 muni.
1077 1916 1205 1947 maxime
1216 1916 1290 1947 uniti
1302 1916 1381 1947 inter
1394 1925 1427 1947 se
1439 1920 1499 1947 tres
1509 1915 1552 1947 illi
1567 1915 1659 1947 divini
1677 1923 1752 1956 prm-

927 1969 1020 1992 cones
1030 1960 1081 2001 qui
1091 1961 1252 1992 univerunt
1261 1960 1481 2001 Trinitatem,et
1492 1961 1523 1992 in
1537 1960 1678 1992 omnibus
1689 1969 1751 1992 ser—

926 2010 1069 2037 vaverunt
1083 2005 1193 2037 divinae
1204 2004 1529 2043 naturaeindividuum;
1542 2004 1579 2036 ab
1591 2015 1685 2046 eaque
1700 2005 1749 2036 id-

927 2051 1010 2082 circo
1024 2054 1205 2091 receperunt
1233 2059 1323 2081 unam
1345 2054 1376 2081 et
1390 2050 1549 2081 indivisam
1564 2050 1703 2091 gloriam,
1719 2050 1750 2081 in

927 2105 985 2136 qua
995 2095 1031 2126 ad
1047 2104 1135 2126 unam
1152 2095 1272 2126 laudem
1282 2099 1483 2126 convocantur
1497 2094 1751 2136 superexaltantes

925 2140 1102 2172 Trinitatem
1118 2142 1149 2169 in
1166 2139 1285 2171 saecula.
1616 2138 1748 2170 Mariale.

975 2184 1076 2216 uilius
1090 2184 1143 2215 Dei
1155 2193 1227 2222 erga
1240 2192 1295 2214 nos
1308 2183 1474 2221 beneﬁcus,
1484 2187 1623 2224 operatus
1638 2187 1683 2214 est
1694 2191 1745 2213 so-

927 2231 999 2267 lum,
1023 2238 1082 2261 non
1097 2234 1199 2260 autem
1216 2237 1322 2268 passus
1335 2227 1508 2268 quidquam,
1533 2237 1550 2258 o
1561 2229 1659 2267 virgo,
1676 2226 1748 2258 dum

76 2280 139 2317 fovet
152 2275 212 2316 γὰρ,
239 2275 301 2304 ἀλλ’
332 2278 379 2305 οὐκ
408 2278 446 2309 εἷς
461 2277 558 2317 φθορὰν
586 2276 751 2313 καθίσταται,
783 2275 880 2313 μᾶλλοι

934 2274 1086 2315 ιεευιῐιρείι
1107 2272 1187 2314 quod
1214 2277 1347 2303 nostrum
1373 2276 1404 2304 et
1423 2272 1554 2303 reddidit
1583 2271 1662 2312 quod
1686 2274 1752 2303 erat

77 2315 99 2344 δὲ
112 2320 150 2347 καὶ
171 2321 284 2360 πάσγων
299 2321 369 2349 ἑκὼν
384 2321 426 2349 διὰ
454 2315 553 2352 πάθους
579 2321 608 2349 τὰ
623 2321 694 2354 πὰθη
712 2319 779 2360 λύει,
803 2322 839 2352 ὡς
862 2321 884 2349 oi

77 2369 142 2400 τρεῖς
156 2366 268 2403 Πατὲρες
283 2367 356 2404 ἡμᾶς
371 2367 603 2406 μυσταγωγοῦσιν,

112 2501 228 2537 ’Ἀλλ-ος.
247 2505 442 2538 Επταπλασίως
458 2506 582 2544 καμινον,

112 2548 157 2580 Ob:
172 2550 185 2577 ὁ
200 2550 264 2582 Θεὸς
287 2551 438 2585 συνήνωσεν
454 2551 491 2582 εἷς
515 2550 644 2588 ὁμότιμον
665 2549 773 2586 ἕνωσιν,
796 2549 885 2588 ἐγκω-

80 2593 184 2626 μιαστὴς
200 2595 238 2631 μὴ
256 2595 396 2634 χωριζέτω
411 2594 545 2634 ἅνθρωπος
559 2604 566 2612 ⁸
594 2594 654 2623 ἀλλ’
675 2595 751 2626 ’ίσους
766 2594 885 2633 ἡγούμε-

78 2645 115 2667 νος
137 2636 162 2664 έν
183 2646 241 2670 τοῖς
269 2640 361 2671 αὐτοῖς
387 2640 562 2680 χαρίσμασιν,
589 2639 656 2668 ἴσων
670 2640 781 2668 καὶτῶν
796 2638 885 2675 ὕμνων

77 2679 194 2718 μελῳδῶν
203 2683 316 2716 ἀξιούτω
334 2693 340 2700 ⁸
370 2679 407 2712 oti
423 2683 529 2719 παῖδες,
552 2684 688 2723 εὐλογεῖτε
703 2693 708 2699 '
733 2685 826 2723 ἱερεῖς,
841 2682 884 2710 ἀν-

76 2732 174 2761 υμνιϊτι
193 2737 200 2745 ·
217 2729 289 2766 λαοὶ,
305 2729 466 2768 ὕπεροῴοῦτε
483 2729 519 2761 εἰς
533 2729 633 2761 nam;
650 2730 710 2760 τοὺς
727 2729 833 2760 αἰῶνας.

113 2814 140 2843 οι
160 2814 261 2854 domo!
287 2819 333 2848 καὶ
353 2817 456 2858 ἄμαχοι
487 2819 537 2853 τῆς
566 2818 698 2853 Θεότητος
727 2818 880 2857 σύμμαχοι.

926 2329 1024 2352 suum.
1035 2317 1215 2355 Facitenim,
1229 2317 1281 2348 sed
1295 2326 1356 2348 non
1366 2316 1494 2348 incurrit
1503 2316 1727 2357 corruptionem
1742 2327 1749 2347 :

926 2365 998 2406 quin
1016 2363 1113 2405 potius
1125 2362 1295 2402 passionem
1312 2361 1407 2394 libere
1431 2362 1594 2406 sustinens,
1613 2361 1669 2393 hac
1687 2361 1753 2401 ipsa

927 2405 1080 2451 passiones
1091 2411 1207 2438 nostras
1218 2405 1622 2448 dissolvit,quemadmodum
1636 2410 1698 2437 tres
1709 2406 1751 2437 illi

927 2456 1030 2487 Patres
1045 2462 1100 2483 nos
1114 2456 1217 2483 sancte
1230 2451 1351 2482 docent.

967 2499 1064 2532 Alius.
1081 2497 1169 2534 sicut,
1186 2495 1392 2528 Ἐπταπλασίως
1408 2497 1534 2534 κάμινον.

971 2543 1038 2575 197.
1050 2541 1133 2579 Quod
1152 2543 1229 2572 Deus
1244 2540 1400 2581 conjunxit
1425 2540 1578 2581 aequaliter
1597 2541 1750 2572 honoran-

928 2590 993 2629 dos,
1010 2588 1099 2618 homo
1115 2586 1250 2616 laudator
1265 2595 1325 2616 non
1340 2590 1460 2626 separet
1475 2596 1484 2623 ;
1501 2585 1554 2616 sed
1580 2585 1666 2616 donis
1687 2593 1751 2615 cm-

926 2633 1054 2666 lestibus
1080 2640 1166 2670 pares
1190 2640 1241 2661 eos
1267 2630 1456 2670 existimans,
1485 2629 1607 2670 paribus
1632 2638 1751 2670 quoque

927 2678 1066 2717 dignetur
1081 2674 1249 2716 praeconiis.
1267 2674 1368 2711 Pueri,
1389 2674 1582 2711 benedicite;
1607 2674 1751 2705 sacerdo-

927 2728 983 2761 tes,
995 2720 1162 2757 celebrate;
1187 2719 1569 2760 populi,superexaltate,iu
1582 2718 1683 2749 omnia
1697 2726 1752 2749 sie-

927 2769 1104 2845 cul’aotentes
1131 2813 1162 2840 et
1185 2808 1288 2840 invicti
1311 2807 1479 2839 Divinitatis
1505 2807 1693 2847 defensores,
1720 2809 1752 2838 et
