2005 3142
633 160 854 194 ACOLUTHIA
876 161 1065 194 TRIPLICIS
1084 161 1206 194 FESTI.

142 233 228 265 Ποὶοις
252 231 390 271 ιγκωμῑων
419 230 533 270 ῥήμασιν
561 229 744 268 ἐπαινέσωμεν
757 228 817 261 τοὺς
833 227 905 267 ἱεράρ

105 290 164 319 χας,
191 278 250 309 τοὺς
278 276 467 308 ἶσαποστόλους
498 274 526 303 ἂν
553 275 645 315 χάριτι
663 297 672 312 ,
705 274 749 302 καὶ
775 274 918 312 ὁμοτίμους

105 322 245 364 χαρίσμασι
285 321 344 353 τοὺς
373 323 424 354 τῆς
452 319 574 352 ἀσεϐείας
602 319 751 364 διαταὶυτὰς
770 343 777 356 ,
796 321 918 358 σωτῆρας

104 368 144 397 καὶ
171 366 283 406 ὁδηγοὺς
309 365 382 404 λόγῳ
410 365 455 394 καὶ
475 365 624 405 πράγματι⁹
640 363 779 402 ποιμένας,
805 374 918 403 χριστο-

105 411 230 449 μιμήτους
260 409 302 438 διὰ
341 410 455 441 πίστεως
475 433 484 448 ,
508 409 568 440 τοὺς
606 408 736 448 ἑπιγείους
765 407 894 447 ἀγγέλους
910 431 918 447 ,

104 456 204 495 βροτοὺς
226 455 375 495 οὗρακίους,
397 455 442 486 οὓς
472 455 597 492 ἐτίμησεν
625 455 640 482 6
662 453 783 493 Χριστὸς,
806 455 855 486 τῆς
871 452 918 481 δό-

104 499 146 534 ξης
160 501 174 528 6
191 500 295 539 Κύριος,
312 501 326 528 6
341 499 414 540 ἔχων
428 500 459 528 τὸ
477 499 548 539 μέγα
562 498 636 532 ἕλεος
653 508 662 539 ;

139 545 224 578 Ποίοις
260 544 399 584 ιῦφημιῶν
440 543 572 582 στέμματι
611 542 823 581 καταστέψωμεν
873 542 919 570 τὸν

103 589 271 630 χρυσολόγον,
302 588 359 626 ἅμα
388 588 519 626 Βασιλείῳ
544 589 702 628 Γρηγόριον,
718 588 751 616 τὰ
772 587 857 616 σεπτὰ
871 585 917 615 δο-

102 641 162 675 χιτα
183 638 228 664 τοῦ
258 634 410 672 Πνεύματος
427 657 436 673 ,
465 634 526 666 τοὺς
565 633 685 673 στεῤῥοὺς
721 635 769 666 τῆς
804 632 918 665 πίστεως

102 678 261 720 προμάχους,
285 679 348 710 τοὺς
386 677 496 711 στύλους
533 679 583 711 τῆς
613 676 786 714 Ἐικλησιας,
816 679 918 705 πιστῶν

101 724 227 762 στήριγμα
255 723 391 763 ἁπάντων,
420 723 627 762 ἁμαρτανόντων
651 722 828 762 παραμύθιον,
859 733 914 755 πη-

101 768 144 807 γὰς
166 768 310 807 βλυζοόσας
337 768 368 797 τὸ
400 771 482 807 νᾶμα,
499 767 526 801 ἐξ
551 766 581 796 οὗ
603 767 743 807 αρυόμενοι
769 765 916 804 ἡδυνόμιθα

101 819 155 845 ταῖς
175 815 291 853 ψυχαῖς,
323 813 456 844 αἰτοῦντες
480 812 654 853 συγχώρησιν
683 811 845 852 σφαλμάτων
871 813 916 840 καὶ

101 857 163 896 μέγα
175 857 261 895 Haec;
835 855 913 889 Δόξα.

136 899 217 942 Ἣχος
232 903 246 930 6
261 902 354 942 αὖτδς,
369 903 435 942 πρὸς
450 903 492 939 τὸ,
517 901 639 941 Σήμερον
655 902 669 930 6
693 901 814 941 Χριστός.

136 947 253 986 Σήμερον
292 947 320 975 αἱ
349 947 435 987 ψυχαί
462 949 516 975 τῶν
547 946 670 986 γηγενῶν
711 946 849 983 ὒψοὺνται,
885 945 915 974 ἐκ

100 997 194 1030 γηΐνων
227 992 346 1031 σήμερον
375 992 490 1028 οὐράνιοι
520 991 637 1030 γίνονται
660 994 713 1019 τῶν
741 990 824 1029 ἁγίων
839 990 866 1018 ἐν
879 993 914 1027 τῇ

101 1036 198 1074 μνήμῃ·
215 1036 240 1064 αἱ
255 1036 307 1076 γὰρ
336 1035 418 1065 πύλαι
451 1039 505 1065 τῶν
533 1036 649 1075 οὐρανῶν
678 1035 841 1075 ίπαιρονται,
871 1036 915 1064 καὶ

100 1081 161 1118 ἡμῖν
179 1081 210 1110 τὰ
223 1084 271 1110 τοῦ
299 1081 434 1111 Δεσπότου
447 1081 630 1121 γνωρίζονται·
654 1082 678 1110 οἱ
699 1080 774 1120 λόγοι
789 1081 849 1112 τοὺς
866 1079 913 1108 λό-

100 1136 155 1162 γους
181 1126 350 1164 κηρύττουσι,
384 1126 428 1154 καὶ
457 1126 482 1154 αἱ
507 1125 626 1165 γλῶσσαι
649 1125 683 1154 τὰ
709 1125 830 1162 θώματα
846 1124 914 1162 μέλ-

99 1181 194 1201 πουσιν.
217 1169 318 1209 Ἠμεῖς
345 1169 373 1199 δὲ
402 1171 465 1210 πρὸς
493 1171 538 1199 τὸν
568 1172 682 1209 Σωτῆρα
710 1170 828 1208 βοῶμεν,
848 1168 915 1202 Δόξα

99 1226 135 1243 σοι
149 1218 249 1254 Χριστῷ
262 1219 303 1252 τῷ
325 1218 394 1253 Θιῷ⁶
417 1221 477 1248 τοῖς
493 1215 543 1255 γὰρ
559 1220 668 1247 πιστοῖς
684 1215 776 1254 εἰρήνη
791 1213 836 1242 διὰ
850 1214 914 1243 τού-

98 1270 146 1288 των
159 1259 285 1299 ἰγεγόνει,

173 1305 220 1334 Καί
241 1308 298 1336 νῦν.
573 1305 714 1333 Θεοτόκιον
727 1304 832 1343 ὅμοιον,

135 1349 252 1389 Σήμερον
282 1351 297 1379 ὂ
334 1349 445 1389 Χριστος
472 1348 500 1377 ὲν
533 1351 572 1386 τῷ
598 1353 652 1386 ναῷ
673 1348 847 1389 προσφέρεται
876 1350 912 1381 ὡς

99 1393 195 1434 βρέφος·
225 1394 344 1432 σήμερον
358 1394 408 1422 ὑπὸ
435 1394 517 1432 νόμον
546 1393 642 1433 γίνεται
658 1395 672 1422 6
695 1397 804 1423 Μωῦσεϊ
826 1392 911 1426 διδοὺς

99 1438 139 1466 τὸν
167 1439 255 1477 νόμον
285 1442 340 1468 τῶν
369 1438 491 1478 ἀγγέλων
520 1439 546 1467 al
571 1440 689 1478 στρατιαὶ
719 1437 910 1477 τεθάμϐηνται,

100 1482 124 1511 ἓν
139 1482 264 1522 ἀγκάλαις
279 1489 410 1523 γηραιατς
429 1482 611 1523 κατεχόμενον
625 1483 672 1511 τὸν
680 1483 827 1523 συνέχοντα
841 1483 912 1511 πάν-ι

1647 173 1787 198 CCCLXV"

928 229 948 255 Α
1000 227 1114 264 Quibus
1131 226 1345 268 praeconiorum
1361 228 1462 260 verbis
1479 228 1664 261 laudabimus
1680 240 1782 262 sacro-

960 281 1027 304 rum
1039 272 1201 313 principes,
1218 274 1315 313 gratia
1325 277 1354 304 et
1363 273 1476 305 honore
1485 274 1619 314 mquales
1629 276 1781 316 apostolis,

960 326 1117 348 eversores
1128 317 1467 358 impietatis,servatores
1481 325 1511 350 et
1524 319 1580 351 viae
1591 319 1683 351 duces
1693 321 1783 352 verbo

960 371 995 393 ac
1018 362 1109 403 facto,
1127 368 1274 403 pastores,
1292 363 1401 394 Christi
1427 372 1480 404 per
1499 363 1588 396 ﬁdem
1604 364 1780 404 imitatores,

960 411 1119 439 terrestres
1134 407 1409 448 angelos,homines
1421 408 1646 450 scelestes,quos
1657 410 1783 442 honorav

961 452 1003 483 vit
1015 451 1270 492 Christus,gloriee
1285 453 1439 491 Dominus,
1452 453 1564 485 habens
1576 463 1712 495 magnam
1724 454 1782 486 mi-

960 497 1157 528 sericordiam
1169 499 1184 528 ?

1000 541 1114 578 Quibus
1135 541 1337 573 laudationum
1367 543 1485 574 coronis
1510 543 1677 585 cingemus,
1692 544 1784 576 verba

960 595 1054 617 aurea
1074 586 1314 627 proloqueutem,
1331 591 1360 618 et
1374 597 1441 618 cum
1467 587 1577 619 Basilio
1592 588 1780 629 Gregorium,

958 635 1080 671 augusta
1090 631 1281 671 receptacula
1294 631 1436 671 Spiritus,
1448 633 1569 665 stabiles
1585 633 1655 665 ﬁdei
1668 643 1782 675 propu-

957 675 1265 716 gnatores,columnas
1276 675 1562 714 Eccleslanidelium
1575 678 1710 709 omnium
1727 679 1784 710 ful-

959 720 1326 760 cimentum,peccantium
1338 721 1489 760 solatium,
1505 722 1600 754 fontes
1621 723 1782 754 eliunden-

959 768 1002 796 tes
1017 765 1152 801 laticem,
1166 774 1255 805 quem
1268 765 1318 806 qui
1334 765 1498 805 haurimus,
1510 767 1658 799 aﬂicimur
1669 768 1781 805 laetitia,

959 813 1093 849 petentes
1109 815 1275 840 enatorum
1289 810 1406 841 veniam
1420 815 1448 841 et
1459 821 1595 852 magnam
1607 812 1783 843 misericor-

957 854 1035 885 diam
1045 857 1060 885 ?

928 889 946 915 Β
996 898 1096 930 Tonus
1112 898 1190 930 idem
1209 898 1285 930 sicut
1308 899 1429 940 Σήμερον
1445 902 1459 929 6
1476 902 1598 940 Χριστός,

992 944 1065 975 206.
1081 943 1174 974 Hodie
1191 945 1298 975 animae
1314 945 1534 984 terrigenarum
1550 946 1727 986 exaltantur,
1745 955 1780 978 ex

956 988 1152 1020 terrestribus
1163 988 1251 1019 hodie
1263 989 1400 1021 cmlestes
1412 990 1670 1027 fiunt,sauctorum
1678 991 1709 1022 in
1721 1000 1783 1021 meo

957 1034 1142 1065 moria.Nam
1155 1038 1246 1073 portae
1260 1034 1403 1065 cualorum
1414 1034 1635 1076 attolluntur,et
1645 1045 1710 1076 quae
1719 1036 1781 1068 Do-

957 1078 1032 1109 mini
1042 1082 1122 1119 sunt,
1137 1087 1172 1109 ea
1184 1077 1270 1109 nobis
1282 1078 1485 1118 innotescunt;
1498 1089 1654 1111 sermones
1664 1089 1783 1112 sermo-

957 1122 1046 1154 nibus
1062 1122 1273 1162 praedicantur,
1288 1127 1316 1154 et
1344 1123 1486 1155 miracula
1509 1125 1709 1157 decantantur
1723 1125 1782 1156 lin-

957 1167 1035 1207 guis.
1052 1168 1113 1199 Nos
1126 1176 1198 1198 vero
1215 1167 1251 1199 ad
1266 1169 1454 1200 Servatorem
1472 1170 1657 1201 clamamus:
1680 1169 1782 1202 Gloria

957 1211 1147 1252 tibi,Christo
1159 1212 1221 1244 Deo
1233 1223 1240 1244 :
1253 1221 1307 1253 pax
1319 1213 1400 1244 enim
1414 1213 1554 1245 fidelibus
1569 1223 1622 1255 per
1633 1224 1685 1246 eos
1697 1219 1781 1255 parta

956 1261 1014 1288 est.

1666 856 1777 889 Gloria.

1037 1300 1075 1332 Et
1091 1310 1182 1332 nunc.
1447 1301 1566 1334 Mariale
1586 1302 1696 1334 simile.

997 1345 1090 1377 Hodie
1106 1345 1241 1377 Christus
1263 1345 1293 1376 in
1322 1345 1432 1386 templo
1459 1350 1592 1386 portatur
1608 1350 1641 1378 ut
1658 1347 1779 1384 infans;

956 1390 1045 1422 hodie
1056 1391 1088 1421 lit
1098 1390 1153 1422 sub
1165 1391 1230 1430 lege
1253 1390 1302 1431 qui
1319 1391 1411 1431 Moysi
1428 1390 1522 1431 legem
1539 1391 1633 1422 dedit.
1650 1392 1780 1431 Angelo-

954 1445 1022 1467 rum
1031 1435 1179 1466 exercitus
1190 1435 1544 1476 obstupuerunt,quando
1555 1435 1638 1467 illum
1648 1436 1699 1476 qui
1710 1445 1782 1467 con-

955 1480 1028 1512 tinet
1052 1480 1164 1518 omnia,
1181 1480 1321 1511 viderunt
1346 1481 1427 1511 inter
1452 1481 1560 1512 senilia
1581 1480 1713 1512 brachia.
1729 1479 1778 1512 Si-

102 1538 130 1556 τα
143 1529 281 1560 Ordinum.
311 1528 431 1566 Συμεὼν,
450 1526 586 1560 εὐλαϐείας
615 1527 741 1562 πλησθεὶς
757 1528 800 1556 καὶ
814 1529 913 1569 χαρὰς,

962 1534 1057 1562 meon,
1074 1525 1182 1565 pietate
1199 1525 1304 1565 plenus
1320 1529 1349 1556 et
1362 1525 1486 1566 gaudio,
1501 1525 1652 1559 clamabat
1669 1536 1676 1557 :
1693 1526 1779 1557 Nunc

103 1571 170 1601 ξεόα·
197 1576 248 1602 Νῦν
276 1572 404 1605 ἀπολύεις
441 1583 486 1609 με,
517 1574 619 1610 Σὼτερ,
643 1571 674 1600 ἑκ
701 1571 749 1606 τῆς
785 1571 915 1612 ἐπιχήρου

101 1617 166 1652 (ﬁt:
191 1618 256 1657 πρὸς
282 1618 334 1651 τὴν
362 1617 456 1656 ἀγήρω
476 1615 551 1651 λῆξιν
579 1615 653 1645 εἶδον
678 1616 728 1656 γάρ
751 1627 791 1654 σε,
810 1619 853 1645 καὶ
869 1618 916 1646 εύ-

102 1661 277 1746 Ῡρῗὲἒλιοφία
309 1705 414 1746 μεγάλη
444 1707 488 1734 καὶ
521 1705 663 1746 ἀπόλυσις,
687 1705 792 1734 Δίδοται
819 1705 846 1734 δὲ
873 1704 917 1735 καὶ

100 1749 167 1789 ἅγιον
182 1751 269 1780 ἔλαιον
283 1757 346 1791 τρῖς
356 1750 497 1790 ἀδελφοῖς.

957 1569 1083 1601 dimittis
1099 1579 1158 1606 me,
1171 1569 1323 1606 Servator,
1339 1579 1373 1600 ex
1385 1570 1440 1600 hac
1452 1569 1547 1610 fragili
1558 1570 1628 1609 vita,
1644 1569 1681 1600 ad
1692 1570 1782 1610 quie-

959 1619 1017 1646 tem
1033 1613 1085 1645 ubi
1100 1614 1183 1645 nulla
1198 1614 1325 1645 sentitur
1345 1619 1505 1652 senectus;
1522 1615 1581 1646 vidi
1597 1614 1676 1646 enim
1692 1618 1733 1652 te,
1750 1618 1782 1645 et

959 1659 1116 1692 exsultavi.

998 1704 1068 1736 207.
1084 1702 1225 1744 Sequitur
1247 1703 1424 1743 gloriﬁcatio
1453 1704 1548 1743 major
1576 1708 1605 1735 et
1631 1704 1779 1736 dimissio.

958 1749 1050 1781 Datur
1065 1751 1164 1780 autem
1180 1752 1209 1779 et
1223 1752 1357 1779 sanctum
1374 1749 1473 1780 oleum
1489 1748 1641 1779 fratribus.

135 1822 222 1865 Count.
240 1824 379 1865 Diximus
392 1823 519 1865 quidem,
532 1832 616 1855 num.
634 1823 684 1856 3i.
703 1824 860 1864 Δοξολογίαν
883 1837 914 1859 με

962 1831 1015 1861 ιην,
1032 1823 1096 1865 sive
1111 1823 1255 1865 maiorem
1272 1821 1619 1865 gio‘riticationemtesse
1635 1822 1778 1865 hymnum

99 1864 279 1905 angelicum;
297 1864 352 1895 sed
370 1862 440 1904 quia
454 1864 498 1895 illi
515 1864 636 1904 hymno,
653 1869 741 1905 prout
756 1862 835 1896 hie'a
851 1862 963 1897 Graecis
978 1864 1131 1905 recitatur,
1142 1862 1397 1905 addunturaliqua
1412 1871 1478 1902 quae
1494 1862 1525 1893 in
1541 1863 1645 1893 Latino
1656 1862 1779 1905 minime

100 1902 295 1944 reperiuntur,
313 1902 661 1944 non—ingratumilectori'
671 1904 802 1936 futurum
819 1905 1002 1944 existimo,si
1016 1904 1099 1934 illum
1117 1907 1208 1944 totum
1224 1902 1279 1933 sub
1294 1902 1446 1943 aspectum
1464 1911 1530 1933 cum
1543 1911 1597 1934 sua
1613 1902 1779 1944 appendice

101 1943 230 1983 posuero.
246 1943 329 1977 Talis
343 1943 441 1976 autem
459 1944 546 1976 nobis
561 1944 592 1975 in
603 1944 787 1984 Hirmologio
803 1945 973 1983 exhibetur,
991 1944 1088 1985 qualis
1104 1943 1254 1982 sequitur.

137 2016 201 2051 Δόξα
230 2017 258 2046 ἓν
285 2018 407 2055 ὑψίστοις
437 2021 506 2058 Θεῷ,
536 2019 580 2046 καὶ
608 2018 649 2047 ἐπὶ
673 2021 725 2057 γῆς
755 2019 859 2058 εἷρὴνη,
888 2018 915 2046 ἐν

100 2060 237 2100 ἀνθρώποις
275 2060 390 2091 εὖδοκῑα.
423 2061 571 2100 Ὑμνοῧμέν
606 2074 646 2102 σε,
685 2062 844 2103 εὖλογουμέν
871 2074 913 2102 σε,

100 2106 288 2145 προσκυνοῦμέν
317 2117 346 2135 σε
363 2131 372 2143 ,
397 2105 587 2146 δοξολογοῦμεν
619 2118 661 2146 σε,
705 2107 915 2148 εὐχαριστοῦμεν

100 2160 147 2187 σοι⁷
163 2149 203 2179 διὰ
219 2152 266 2186 τὴν
296 2150 420 2190 μεγάλην
435 2162 482 2180 σου
497 2150 582 2184 δόξαι.
605 2152 682 2190 Κύριε
703 2152 813 2190 βασιλεῦ
833 2152 913 2180 ἐπου-

99 2195 174 2231 ράνια.
191 2197 239 2224 Θεέ.
265 2196 354 2235 Πάτερ
375 2196 568 2235 παντόχρατορ·
602 2196 678 2236 Κύριε
704 2197 745 2224 NE
775 2199 914 2236 μονογενὲς

98 2238 179 2272 Ίησοῦ
206 2240 319 2281 Χριστὲ,
347 2241 391 2268 καὶ
413 2238 487 2279 ἅγιον
511 2243 628 2277 Πνεῦμα·
660 2241 736 2279 Κύριε
764 2242 777 2269 6
799 2241 876 2279 Θεὸς,
900 2242 914 2269 6

99 2281 190 2322 'Apvoc
214 2288 262 2313 τοῦ
292 2286 369 2325 Θεοῦ,
386 2285 401 2313 ὀ
427 2285 486 2318 ΐίὸς
500 2284 546 2313 τοῦ
566 2285 680 2324 Πατρὸς,
708 2285 723 2313 ὀ
746 2286 831 2324 αἳρων
865 2286 914 2319 τὴν

98 2327 220 2367 ἁμαρτίαν
245 2333 293 2358 τοῦ
322 2329 436 2369 κόσμου,
459 2328 598 2369 πρόσδεξαι
628 2330 676 2364 τὴν
692 2329 782 2363 δέησιν
797 2331 885 2367 ἡμῶν.
900 2331 914 2358 ὁ

98 2373 239 2411 κατήμενος
267 2373 300 2402 ἐκ
320 2372 412 2406 δεξιῶν
431 2373 478 2402 τοῦ
503 2374 617 2413 Πατρὸς,
641 2372 752 2407 ἐλέησον
773 2375 858 2412 ἡμᾶςι
874 2374 914 2402 ὅτι

99 2416 127 2444 σὺ
140 2417 165 2446 ei
188 2419 269 2456 μόνος
284 2417 374 2458 ἅγιος,
390 2419 421 2447 σὺ
442 2417 469 2446 εἶ
486 2417 566 2455 μόνος
579 2419 671 2456 Κύριος
687 2418 790 2452 Ἰησοῦς
804 2420 913 2458 Χριστὸς

99 2460 132 2492 εἰς
152 2460 226 2495 δόξαν
255 2466 323 2491 Θεοῦ
340 2463 453 2499 Πατρός.
472 2462 571 2500 Ἀμήν,
599 2463 661 2492 Καθ’
683 2464 798 2497 ἑκάστην
813 2464 915 2501 ἡμέραν

99 2504 231 2544 ὠλογήσω
246 2517 289 2547 σε,
306 2508 349 2535 χαί
364 2507 460 2536 αἰνέσω
474 2508 504 2535 τὸ
519 2507 605 2544 ’ὁνομοί
627 2518 673 2537 σου
701 2509 738 2541 εἰς
766 2509 811 2536 τὸν
832 2509 915 2536 αἱῶνα

99 2550 140 2577 καὶ
152 2551 189 2583 εἰς
218 2552 265 2579 τὸν
286 2551 374 2580 αΰῶνα
402 2555 447 2580 τοῦ
468 2552 575 2584 αἰῶνος.
589 2552 768 2589 Καταξίωσον,
783 2553 871 2592 Κύριέ,
887 2553 915 2581 ἐν

98 2596 131 2632 τῇ
152 2595 234 2634 ἡμέρᾳ
262 2596 346 2634 ταύτῃ
389 2596 590 2634 ἀναμαρτήτους
630 2596 798 2637 γυλαχθῆναι
829 2599 912 2635 ἡμᾶς.

101 2637 245 2678 Εὖλογητὸς
269 2640 310 2679 εἶ,
329 2640 416 2679 Κύριε,
434 2641 447 2668 ὁ
464 2641 528 2674 Θεὸς
543 2641 664 2680 πατέρων
688 2645 774 2681 ἡμῶν,
803 2642 845 2669 καὶ
871 2642 914 2669 αἰ-

100 2683 170 2726 νιτὺν
184 2685 226 2711 καὶ
240 2682 427 2721 δεδοξασμένον
456 2685 485 2712 τὸ
507 2685 591 2722 δνομᾶ
607 2696 653 2714 σου
667 2687 705 2717 εἷς
721 2687 781 2717 τοὸς
804 2687 913 2726 αἰῶνας,

101 2725 195 2765 Ἀμήν,
225 2727 342 2768 Γένοιτο,
372 2729 460 2768 Κύριε,
476 2730 506 2757 τὸ
533 2728 606 2761 ἔλεός
622 2740 668 2758 σου
682 2730 725 2770 ἔφ’
739 2731 824 2767 ἡμᾶς,
847 2725 914 2759 nali?

102 2770 164 2811 άπιρ
175 2771 325 2810 ἠλπίσαμεν
352 2773 394 2801 ἐπὶ
407 2776 460 2804 σοί.
485 2772 635 2813 Εὐλογητὸς
651 2774 691 2812 εἴ,
710 2775 800 2814 Κύριε²
816 2774 916 2808 δίδαξόν

104 2825 135 2852 με
154 2816 185 2845 τὰ
206 2815 372 2850 δικαιώματά
387 2828 446 2846 σου.
765 2822 801 2848 Ex
816 2820 914 2858 τρίτου.

997 2016 1098 2048 Gloria
1116 2016 1147 2047 in
1169 2015 1295 2047 excelsis
1312 2015 1383 2054 Deo,
1400 2019 1430 2047 et
1445 2016 1475 2047 in
1492 2019 1572 2047 terra
1587 2025 1654 2056 pax,
1673 2015 1704 2046 in
1721 2015 1777 2045 ho-

958 2061 1088 2092 minibus
1096 2061 1174 2092 bona
1185 2061 1332 2092 voluntas.
1346 2060 1515 2092 Laudamus
1528 2060 1779 2098 te,benedicimus

957 2110 998 2146 te,
1013 2105 1170 2136 adoramus
1197 2110 1235 2142 te,
1251 2105 1453 2144 gloriﬁcamus
1481 2109 1522 2145 te,
1538 2104 1646 2144 gratias
1662 2103 1777 2142 agimus

958 2150 1012 2181 tibi
1024 2154 1145 2190 propter
1161 2159 1295 2189 magnam
1312 2149 1436 2189 gloriam
1453 2153 1533 2180 tuam
1549 2159 1556 2188 ;
1574 2148 1700 2179 Domine
1715 2148 1778 2179 Rex

957 2194 1098 2232 ccelestis,
1110 2194 1188 2225 Deus
1202 2198 1285 2234 pater
1295 2194 1496 2234 omnipotens;
1505 2192 1632 2224 Domine
1643 2192 1698 2224 Fili
1711 2191 1779 2222 uni-

958 2240 1058 2279 genite
1084 2239 1156 2271 Iesu
1184 2239 1312 2278 Christe,
1329 2243 1358 2268 et
1373 2241 1475 2269 sancte
1492 2237 1631 2277 Spiritus.
1651 2235 1776 2267 Domine

959 2284 1049 2323 Deus,
1062 2283 1164 2323 Agnus
1175 2282 1240 2320 Dei,
1252 2282 1346 2314 Filius
1356 2281 1461 2320 Patris,
1474 2282 1526 2322 qui
1535 2281 1614 2312 tollis
1624 2284 1778 2321 peccatum

925 2343 948 2369 ο
959 2328 1073 2366 mundi,
1087 2328 1207 2368 suscipe
1220 2326 1462 2367 deprecationem
1474 2330 1617 2358 nostram:
1629 2325 1680 2366 qui
1691 2326 1778 2356 sedes

957 2373 992 2404 ad
1011 2373 1163 2404 dexteram
1180 2372 1287 2412 Patris,
1300 2371 1445 2403 miserere
1471 2371 1558 2402 nobis
1570 2381 1577 2402 :
1590 2370 1730 2409 quoniam
1748 2374 1778 2400 tu

957 2418 1038 2449 solus
1048 2421 1180 2455 sanctus,
1196 2420 1226 2447 tu
1246 2416 1328 2447 solus
1342 2415 1486 2447 Dominus
1496 2415 1583 2447 Jesus
1597 2415 1734 2445 Christus
1747 2414 1779 2445 in

957 2463 1051 2502 gloria
1067 2461 1120 2493 Dei
1131 2461 1240 2493 Patri.
1257 2461 1363 2492 Amen.
1377 2459 1467 2492 Omni
1481 2460 1530 2491 die
1544 2459 1720 2490 benedicam
1737 2463 1776 2499 te,

957 2512 987 2538 et
996 2506 1124 2538 laudabo
1135 2515 1245 2537 nomen
1258 2512 1339 2536 tuum
1353 2505 1382 2535 in
1403 2504 1544 2535 saeculum
1558 2507 1586 2535 et
1597 2505 1626 2534 in
1638 2503 1777 2534 saeculum

956 2551 1069 2583 saaculi.
1086 2550 1225 2591 Dignare,
1242 2549 1379 2587 Domine,
1392 2549 1442 2580 die
1452 2549 1509 2580 isto
1519 2548 1583 2579 sine
1593 2552 1713 2589 peccato
1723 2557 1778 2578 nos

956 2595 1118 2627 custodire.
1137 2595 1317 2631 Benedictus
1343 2603 1386 2632 es,
1405 2593 1530 2626 Domine
1554 2594 1634 2625 Deus
1660 2596 1774 2632 patrum

958 2645 1140 2677 nostrorum,
1153 2643 1184 2670 et
1195 2638 1343 2670 laudabile
1354 2642 1383 2669 et
1397 2638 1559 2677 gloriosum
1572 2645 1680 2667 nomen
1693 2640 1775 2667 tuum

957 2685 987 2716 in
1006 2684 1125 2715 saecula.
1144 2684 1238 2714 Amen
1269 2683 1339 2718 Fiat,
1354 2682 1492 2722 Domine,
1505 2681 1711 2712 misericordia
1728 2684 1777 2712 tua

957 2738 1047 2769 super
1057 2726 1376 2766 nos,quemadmodum
1386 2726 1570 2767 speravimus
1581 2725 1613 2756 iu
1622 2729 1663 2756 te.
1680 2726 1777 2757 Bene-

959 2774 1056 2806 dictus
1071 2781 1114 2810 es,
1131 2771 1269 2808 Domine,
1286 2771 1361 2802 doce
1378 2780 1425 2802 me
1448 2769 1677 2811 justiﬁcationes
1701 2775 1774 2801 tuas.

1631 2815 1775 2846 Tertium.
