2005 3142
641 131 859 164 ACOLUTHIA
881 130 1072 164 TRIPLICIS
1093 132 1215 165 FESTI.

1658 141 1785 167 GCCLXXI

87 196 237 229 tremitati
261 196 354 228 medii
372 196 568 235 accumbens,
600 201 630 229 et
653 207 721 229 cum
748 206 784 229 eo
800 198 1166 231 crucemAmeminerint.
1180 201 1275 240 Atque
1289 207 1324 230 ea
1348 199 1380 230 in
1401 208 1434 230 re
1457 199 1665 231 doctissimum
1696 200 1783 232 Mori-

87 241 281 274 decussatam
296 241 432 273 referens
447 244 477 271 τὸ
492 246 514 271 x
533 253 540 283 ;
555 242 671 273 medius
689 242 807 274 tandem
823 247 853 274 et
867 243 917 273 iu—

86 286 144 318 dex
159 289 191 315 τὸ
208 293 229 316 Ν
247 286 351 318 maiori
366 296 400 318 ex
414 292 501 327 parte
527 291 757 327 repraesentant.
790 288 853 324 Quo
879 297 915 318 ex

86 331 171 362 fonte
188 330 308 363 Goarus
322 331 384 362 hinc
403 332 547 368 hauserit.
565 332 700 362 invenire
715 332 847 363 nondum
863 340 918 372 po-

87 379 142 408 tui.

127 421 203 453 219.
222 420 281 452 Sed
295 421 349 452 hoc
360 421 427 452 loco
442 420 682 462 praetereundum
699 430 758 451 non
774 423 828 460 est,
848 428 920 459 prae-

89 466 207 497 dictam
225 468 371 497 rationem
389 466 593 506 complicandi
620 465 795 505 digitorum,
824 466 921 496 solere

92 509 212 541 servari
226 510 316 542 etiam
332 520 349 542 a
365 510 565 551 pontiﬁcibus,
582 510 652 541 dum
668 519 735 541 cum
758 509 868 549 διιηρίῳ
893 513 922 541 et

90 556 223 594 τρικηρέῳ
238 555 432 587 benedicunt.
464 555 518 587 Est
548 559 645 586 autem
672 555 789 594 δικήριον
814 563 922 586 cereus

91 599 241 639 bisulcas,
260 600 346 640 cujus
368 609 445 631 unus
462 603 508 630 est
522 609 634 641 ramus,
652 600 713 631 sive
728 599 851 640 capulus
873 603 922 630 aut

93 645 299 686 manubrium,
314 645 375 676 duo
388 654 457 676 vero
470 653 577 676 eramo
589 644 620 675 in
632 644 739 675 lineam
751 647 861 676 rectam
870 653 920 675 ra-

93 690 223 721 musculi
233 689 389 730 pullulant:
399 699 458 731 qua
467 699 503 721 ex
513 691 636 721 notione
646 689 734 721 etiam
746 689 815 730 quid
824 689 923 730 εῑιτρι-

92 736 187 775 χήριον
203 735 294 767 facile
309 735 478 775 intelligas:
496 735 634 766 videlicet
650 734 790 765 trisulcus
805 743 922 774 cereus,

93 789 110 810 e
123 781 216 820 cujus
237 790 297 811 uno
310 780 414 811 itidem
429 789 524 820 ramo,
544 784 605 812 tres
619 779 669 810 alii
699 779 861 810 ramusculi
888 779 924 810 ad

960 252 1029 274 num
1045 243 1143 275 habeo
1159 244 1316 276 fautorem.

1001 288 1071 319 221.
1087 288 1220 320 Tertium
1236 289 1378 330 denique,
1391 289 1512 321 bicereo
1529 290 1573 321 vel
1597 291 1725 323 tricereo
1745 290 1785 320 si-

960 342 1051 373 gnare
1068 333 1207 374 populum
1224 343 1282 364 non
1294 343 1387 374 usque
1403 335 1477 365 adeo
1493 334 1646 374 proprium
1662 338 1706 365 est
1714 334 1786 365 solis

961 377 1135 419 patriarchis
1147 379 1324 419 caaterisque
1354 378 1554 420 pontiﬁcibus,
1581 384 1614 410 ut
1639 388 1706 410 eam
1729 378 1787 410 sibi

963 423 1182 462 praerogativam
1195 433 1256 454 non
1270 423 1421 455 vindicent
1433 424 1520 455 etiam
1532 423 1786 464 imperatores,id-

962 477 1019 507 que
1031 468 1159 498 maxime
1171 472 1294 508 propter
1301 469 1475 499 unctionem
1485 468 1787 508 chrismatis.Duplex

964 516 1010 542 est
1025 512 1212 543 Balsamonis
1229 513 1323 548 locus,
1339 512 1389 544 uhi
1401 513 1481 544 istud
1496 517 1693 545 asseveratur.
1707 513 1788 544 Alter

963 556 997 587 ad
1013 566 1076 587 can.
1092 557 1129 588 67
1147 557 1251 597 synodi
1266 557 1430 588 Trulllanaa
1448 582 1453 588 .
1485 560 1514 586 Οἱ
1539 559 1589 596 γὰρ
1621 558 1788 598 πατριάρχας

963 601 1172 641 προϐαλλόμενοι
1189 601 1317 641 ὀρϐόδοξοι
1344 602 1465 641 βπσιλεῐς
1481 601 1514 630 δι’
1542 602 1709 638 ἐςιχλήσεωσ
1737 603 1787 637 τῆς

963 648 1038 685 ἁγίας
1055 646 1174 687 Τριάδος,
1190 649 1233 675 καὶ
1262 648 1368 687 Χριστοὶ
1394 647 1468 679 ὄντες
1498 648 1602 687 Κυρίου,
1633 647 1787 680 ἀκωλύτως.

965 691 1008 720 ὅτε
1024 693 1068 720 καὶ
1079 692 1230 730 βούλονται,
1259 693 1296 723 εὶς
1331 693 1362 720 τὸ
1391 692 1467 732 ἅγιον
1497 694 1681 731 θυσιαστήριον
1706 693 1789 732 εἰσέρ-

966 747 1074 777 χονται,
1098 737 1141 764 καὶ
1163 738 1288 777 θυμιῶσι,
1316 738 1360 765 καὶ
1397 738 1566 777 σφραγίζουσι
1596 738 1664 775 μετὰ
1692 748 1789 777 cpiun-

967 783 1032 822 ρίου.
1050 783 1136 813 καθὼς
1152 784 1175 810 οἱ
1190 782 1340 822 ἀρχιερεῖς.
1361 794 1374 809 α
1390 783 1593 822 Imperatores
1620 781 1789 822 orthodoxi,

95 825 238 856 eumdem
254 824 374 856 modum
393 825 596 856 effunduntur.
611 824 674 856 Nec
689 833 742 855 suo
756 824 808 854 illa
831 824 925 855 desti-
939 826 956 851 Β
968 826 1020 866 qui
1036 826 1092 857 sub
1106 826 1294 857 invocatione
1310 830 1421 857 sanctae
1445 827 1596 858 Trinitatis
1621 831 1792 867 proponunt,

98 874 226 901 tuuutnr
242 869 385 910 mysterio
400 880 407 901 :
424 872 534 911 quippe
548 870 688 909 Τρικήριον
701 869 731 899 in
751 878 810 899 una
825 868 924 900 divina
965 871 1162 912 patriarchas,
1179 876 1208 902 et
1222 875 1291 902 suut
1306 871 1417 903 Christi
1429 871 1560 912 Domini,
1575 871 1639 903 sine
1654 872 1716 903 ullo
1728 871 1788 903 im-

97 919 205 946 natura
218 920 280 946 tres
295 915 450 946 distinctas
476 916 632 946 Personas.
665 915 790 954 Δικήριαν
823 918 921 945 autem
965 917 1136 956 pedimento
1152 916 1187 946 ad
1200 926 1318 947 sacrum
1330 916 1423 947 altare
1433 916 1592 957 accedunt,
1606 916 1725 957 quando
1741 926 1792 947 vo-

99 959 174 991 duas
189 960 219 990 in
227 961 396 993 uuaChristi
412 969 539 1000 per50na
555 959 712 990 distinctas
724 964 844 990 naturas
858 968 923 990 esse
965 962 1085 1002 luerint,
1104 965 1133 992 et
1148 962 1216 992 thus
1230 962 1361 1002 adolent,
1380 968 1409 992 et
1437 962 1553 1001 signant
1567 970 1633 993 cum
1662 961 1793 1002 tricipite

101 1004 593 1046 commonstrat,quemadmodum
606 1009 650 1036 est
663 1004 740 1045 apud
749 1005 923 1044 Symeouem
968 1016 1056 1037 cereo
1072 1007 1325 1047 quemadmodum
1353 1007 1520 1048 pontiﬁces.
1539 1019 1553 1035 ι
1584 1007 1667 1037 Alter
1694 1012 1739 1038 est
1760 1006 1791 1038 in

101 1049 401 1082 Thessalonicean
418 1050 455 1082 de
470 1049 655 1090 templo,ubi
679 1049 716 1080 de
733 1049 847 1089 lychnis
878 1057 927 1079 eC-
969 1052 1086 1088 Melete,
1105 1051 1154 1082 ubi
1180 1061 1342 1083 recensens
1370 1061 1472 1092 opera,
1503 1061 1569 1092 quae
1597 1051 1792 1092 imperatores

102 1095 214 1126 etesiae.
231 1095 268 1126 Hi
283 1096 383 1136 itaque
393 1095 474 1126 cerei
488 1094 708 1132 accenduntur;
725 1098 754 1124 et
768 1093 926 1134 episcopus
968 1106 1034 1127 cum
1047 1097 1223 1136 patriarchis
1238 1097 1349 1127 habent
1363 1096 1544 1135 communia,
1562 1097 1605 1128 sic
1632 1097 1763 1137 loquitur
1780 1106 1788 1127 :

102 1141 191 1172 statis
201 1140 387 1181 temporibus
404 1139 491 1170 modo
516 1139 643 1179 bisulco,
674 1138 761 1169 modo
790 1138 923 1174 trisulco,

972 1142 1102 1171 Ἐντεῦθεν
1131 1144 1154 1170 οἱ
1178 1143 1266 1170 πιστοί
1288 1141 1413 1170 δεοπόται
1443 1142 1486 1170 καὶ
1512 1141 1701 1182 αὒτοκράτορες
1737 1153 1790 1170 κα·-

103 1194 321 1226 nonuunquam
338 1185 427 1216 etiam
444 1189 570 1224 utroque
584 1183 725 1224 simul,ad
741 1182 925 1214 benedicen-

972 1188 1125 1227 εηχητιιώς
1141 1187 1263 1224 ὁμιλοῦσι
1280 1191 1318 1223 τῷ
1346 1186 1524 1226 Χριστωνύμῳ
1537 1186 1605 1224 λαῷ,
1628 1187 1671 1214 καὶ
1698 1187 1790 1224 θυμῶ-

102 1231 172 1262 dum
188 1233 305 1268 utitur;
321 1230 365 1261 sic
385 1234 418 1261 ut
444 1233 515 1260 tunc
531 1228 620 1260 etiam
651 1236 773 1268 expassa
803 1227 925 1258 brachia

972 1243 1007 1260 τιν
1028 1233 1064 1263 ὡς
1078 1232 1158 1270 ἱερεῖς
1181 1233 1226 1260 καὶ
1241 1232 1308 1268 μετὰ
1322 1231 1441 1270 τικηρίου
1469 1232 1650 1271 σφραγίζουσι.
1671 1242 1682 1259 ι
1715 1230 1790 1261 Hinc

104 1275 222 1315 signum
239 1275 339 1306 crucis
352 1277 581 1315 ropraesentent.
969 1276 1103 1316 (propter
1116 1276 1283 1307 unctionem
1295 1275 1480 1313 Chrismatis)
1491 1275 1595 1306 ﬁdeles
1608 1275 1725 1307 Domini
1737 1275 1792 1306 im-

142 1320 215 1352 220.
232 1321 298 1351 Non
313 1329 383 1351 vero
398 1319 523 1350 videbor
537 1318 609 1349 ferri
624 1321 705 1348 extra
720 1316 812 1355 oleaS,
830 1317 854 1347 Si
871 1316 927 1347 hac
968 1324 1120 1360 peratores
1132 1319 1274 1350 erudiunt
1285 1319 1485 1351 Christianum
1499 1321 1686 1360 populum,et
1698 1319 1790 1350 odore

102 1365 261 1397 occasione
272 1365 329 1396 tria
339 1367 483 1405 praeterea
497 1363 624 1394 adhunc
636 1361 875 1394 benedicendum
886 1362 926 1393 ri-
969 1365 1063 1396 thuris
1078 1364 1281 1404 suﬂ‘nmigant,
1299 1368 1327 1395 et
1343 1363 1463 1395 bicereo
1480 1363 1673 1395 benedicunt.
1696 1375 1707 1394 ι

103 1415 165 1442 tum
178 1411 342 1452 spectantia
352 1409 454 1450 paucis
463 1408 677 1449 perstrinxere.
694 1408 839 1443 Primum,
856 1407 925 1438 dum
1008 1410 1129 1441 2‘22.Ex
1144 1410 1190 1440 his
1200 1419 1288 1450 porro
1313 1409 1433 1448 planum
1445 1409 1562 1450 ﬁt,quid
1575 1409 1611 1440 sit
1621 1408 1699 1450 apud
1712 1408 1792 1440 Gra-

103 1457 225 1490 Grtecus
241 1456 408 1497 patriarcha
418 1455 463 1486 νυι
482 1455 640 1496 episcopus
657 1464 725 1486 cum
751 1453 860 1493 δικηρίῳ
882 1452 927 1483 vel

972 1464 1021 1486 cos
1037 1455 1148 1494 δικηρίῳ
1163 1457 1211 1483 καὶ
1237 1455 1365 1495 τρικηρίω
1399 1455 1560 1495 σφραγίζειν·
1585 1463 1620 1485 ex
1649 1454 1735 1494 cujus
1747 1453 1792 1484 rei

102 1504 231 1543 τρικηρίῳ
242 1501 514 1542 benedicit,cruces
523 1500 659 1531 eﬁ‘ormat
671 1499 957 1543 tres;convenien-ﬂ
969 1502 1157 1540 ignoratione
1181 1508 1247 1540 quae
1267 1499 1545 1539 interpretationum
1583 1503 1716 1530 monstra
1736 1499 1792 1530 ali-

104 1532 229 1579 tersane
242 1532 433 1588 pontiﬁcibus
443 1545 724 1583 nostris,etiamtres
737 1532 927 1582 cruces,dum
937 1532 957 1557 ε
970 1532 1087 1585 quando
1104 1543 1181 1576 edita
1190 1532 1265 1575 'sunt
1281 1544 1300 1582 ιι
1314 1532 1463 1588 Interpres
1477 1544 1579 1574 nescio
1605 1544 1684 1584 quis,
1712 1543 1791 1584 apud

104 1587 300 1629 benedicunt,
330 1592 459 1624 formare
488 1591 593 1623 solitis.
629 1589 752 1623 Probari
775 1589 805 1620 id
832 1591 929 1629 potest
970 1589 1144 1622 Gretserum
1159 1593 1292 1619 nostrum
1304 1588 1402 1620 Horto
1416 1587 1447 1620 S.
1459 1589 1563 1620 crucis
1578 1593 1653 1628 part.
1667 1596 1700 1628 ν,
1724 1597 1790 1627 cap.

105 1647 141 1668 ex
155 1637 310 1669 Demetrio
326 1636 459 1669 Gemisto
475 1645 531 1668 ms.
543 1637 588 1668 De
608 1635 851 1667 ordintiaom'bua
878 1633 927 1673 qui

972 1635 1021 1672 21,
1048 1633 1147 1664 locum
1176 1633 1260 1664 illum
1289 1632 1484 1670 Balsamonis,
1514 1634 1558 1661 καὶ
1583 1633 1652 1671 μετὰ
1674 1632 1792 1672 δικηριου

103 1683 183 1723 apud
199 1682 340 1722 Cangium
356 1682 397 1713 ait
413 1691 421 1713 :
436 1682 468 1711 '0
491 1682 671 1722 πατριάρχης.
691 1679 779 1709 λαϐὼν
811 1681 842 1708 τὸ
868 1690 927 1717 τρι-

972 1679 1152 1720 σφραγίζουσι,
1174 1678 1215 1709 ita
1229 1681 1315 1723 vertit
1332 1688 1339 1710 :
1356 1690 1368 1706 ν
1387 1679 1460 1709 Cum
1484 1686 1552 1709 cera
1569 1677 1678 1718 duplici
1707 1677 1792 1708 obsi-

106 1722 214 1768 κῆριον,
226 1735 300 1756 ποιεῖ
316 1727 387 1760 αὖθις
409 1727 534 1767 σταυροὺς
551 1727 625 1766 τρεῖς
652 1724 750 1754 ἄνωθεν
764 1729 810 1754 τοῦ
838 1725 927 1763 Εὔαγ-

972 1728 1072 1764 gnant.
1092 1735 1103 1753 ι›
1120 1722 1318 1768 Quamobrem
1336 1723 1393 1754 iste
1408 1723 1567 1768 interpres,
1577 1723 1792 1768 nonimmerito

105 1766 196 1812 γελίου
206 1766 221 1803 ξ
237 1784 252 1801 ι
263 1771 445 1809 Patriarcha,
462 1766 584 1811 accepto
596 1770 718 1802 trisulco
737 1779 836 1807 ceree,
861 1769 931 1800 facit
970 1769 1135 1800 aGretsero
1149 1767 1392 1808 reprehenditur.
1402 1767 1461 1799 Sed
1470 1776 1507 1797 an
1520 1776 1578 1797 non
1588 1766 1676 1812 etiam
1689 1775 1793 1812 repre-

107 1811 218 1849 iterum
225 1826 330 1849 cruces
337 1814 753 1858 tressuperEvangeliumJEt
762 1814 873 1851 mox,’0
881 1825 931 1843 πα-
971 1812 1150 1858 hennendus
1161 1813 1198 1843 sit
1209 1813 1368 1858 Grctserus
1379 1812 1537 1858 ipse,quod
1550 1812 1657 1842 eodem
1667 1811 1717 1842 illo
1729 1811 1794 1843 Bal-

105 1862 377 1903 τριάρχης.1βλέπων
398 1856 466 1901 προς
499 1863 546 1893 τὰς
577 1861 676 1900 δυσμὰς
704 1859 811 1900 εὐλογετ
845 1860 927 1897 μετὰ·

972 1858 1103 1889 samonis
1118 1857 1195 1903 loco,
1214 1866 1267 1898 pro
1279 1857 1398 1903 δικῃρίου
1412 1856 1572 1903 legendum
1589 1861 1709 1903 censeat
1731 1867 1791 1896 τρι-

105 1901 242 1948 τρικὴρίου
257 1901 304 1936 ἑὸν
325 1907 389 1935 λαὸν
404 1907 459 1946 τρίς
479 1915 486 1938 :
505 1917 516 1935 α
534 1906 707 1937 Patriarcha
720 1904 757 1935 ad
787 1904 927 1935 occiden-

972 1904 1076 1948 κηρίου,
1089 1902 1236 1948 judicium
1252 1902 1290 1933 sit
1305 1901 1444 1948 aliorum.
1469 1901 1584 1948 Etenim
1615 1901 1660 1932 vir
1688 1903 1796 1948 ctetera

107 1954 169 1982 tem
185 1945 358 1989 conversus,
370 1945 521 1982 benedicit
532 1950 639 1990 populo
648 1953 695 1981 ter
718 1957 784 1980 cum
809 1948 931 1979 trisulco
971 1947 1107 1979 eruditus
1122 1947 1240 1978 videtur
1256 1947 1401 1984 nescisse,
1417 1946 1535 1986 δικήριον
1551 1954 1669 1986 quoque
1683 1955 1736 1977 seu
1751 1945 1796 1976 hi-

106 2005 207 2028 cereo.
226 2008 238 2025 σ
256 1995 370 2027 Deinde
379 1995 490 2028 bicerei
504 1999 534 2026 et
548 1994 666 2026 tricerei
681 2003 753 2025 usus
764 2003 822 2024 non
846 1993 931 2024 vide-
972 1993 1087 2023 sulcum
1100 1991 1182 2022 illum
1195 2001 1316 2022 cereum
1328 1990 1534 2032 impartiendis
1552 1992 1582 2021 in
1597 1999 1681 2021 sacro
1697 1990 1794 2021 oﬁicio

106 2040 323 2072 turadmodum
335 2039 551 2082 antiquusJioc
562 2049 622 2071 non
637 2049 673 2070 ex
683 2048 719 2070 eo
731 2038 851 2079 quidem
867 2038 931 2068 col-
974 2035 1339 2082 henedicﬁtionibusfuisse
1364 2045 1381 2067 a
1396 2035 1507 2068 Graecis
1535 2035 1711 2082 adhibitum.
1741 2034 1796 2066 Hic

106 2085 178 2126 ligo,
195 2086 276 2126 quod
292 2085 324 2117 S.
341 2079 427 2117 Saba;
454 2084 598 2126 Typicum
628 2084 810 2115 mentionem
840 2083 932 2123 ipsius
973 2086 1074 2113 nostro
1090 2081 1128 2112 de
1144 2081 1294 2112 Laudibus
1311 2083 1524 2126 commentario
1543 2079 1632 2112 ﬁnem
1664 2079 1795 2120 imponi-

106 2125 168 2163 που
179 2125 269 2162 faciat
280 2131 352 2171 (hoc
367 2130 448 2162 enim
460 2129 602 2170 Typicum
618 2138 671 2170 pro
696 2128 875 2169 patriarchis
902 2130 932 2158 et
973 2135 1040 2157 mus
1056 2136 1063 2157 :
1079 2134 1147 2157 nam
1163 2126 1269 2156 fratres
1285 2125 1428 2171 citemplo
1440 2125 1585 2156 abeuntes
1598 2128 1711 2171 vocant
1728 2132 1794 2161 nos,

107 2176 259 2218 episcopis
275 2167 393 2216 proprie
408 2167 551 2216 scriptum
567 2167 628 2205 non
644 2167 713 2213 est),
729 2182 832 2218 verum
845 2181 880 2218 er
894 2181 930 2203 eo
971 2171 1008 2218 ad
1026 2180 1108 2202 suam
1124 2170 1418 2218 quisquecellulam,
1433 2173 1472 2218 ut.
1493 2177 1566 2209 quas
1596 2167 1638 2198 ibi
1665 2168 1798 2199 minores

108 2213 187 2261 quod
201 2213 259 2252 uec
273 2213 306 2252 Ξ.
318 2213 479 2258 Iaximus,
488 2228 544 2251 nec
558 2218 590 2251 S.
608 2219 773 2251 Germanus
796 2217 931 2257 ejusdem
944 2222 965 2247 ο
974 2216 1063 2247 horas
1076 2215 1212 2252 recitent,
1231 2214 1380 2255 disPicere
1392 2213 1554 2255 possimus.

790 2276 912 2309 CAPUT
935 2275 1115 2313 QUINTUM.

233 2328 278 2360 De
291 2328 375 2359 horis
389 2327 570 2368 minoribus,
583 2326 692 2358 mediis
708 2326 809 2365 horis;
821 2329 848 2356 et
869 2325 1036 2366 apodipno,
1054 2323 1136 2364 quod
1150 2322 1316 2363 respondet
1331 2325 1437 2354 nostra
1458 2319 1676 2362 Completorio.

149 2374 223 2408 223.
239 2374 332 2406 (ἰτωεὶ
348 2374 472 2406 diurnas
487 2374 576 2405 horas
591 2372 703 2404 habent
715 2372 850 2412 totidem,
866 2381 926 2412 quo

972 2370 1084 2412 Latini,
1104 2378 1212 2410 nempe
1239 2370 1367 2412 πρώτην..
1388 2369 1493 2412 ἰρι-ξῆνι
1522 2369 1615 2412 ἕκτην.
1648 2369 1694 2397 καὶ
1725 2368 1800 2397 ἐννά-

107 2428 172 2456 την,
189 2414 611 2456 Ρτίιηειῐῃ,Τειηιῆιιω,Ῠ8θχιοω
624 2418 653 2444 et
664 2408 863 2456 Nonam._Seii
875 2408 905 2442 in
917 2421 952 2442 eo
964 2410 1151 2450 dissentiunt,
1174 2408 1254 2451 quod
1262 2408 1478 2456 postsingulas
1485 2409 1576 2456 horas
1587 2408 1658 2456 jam.
1667 2417 1799 2456 comme-

108 2449 239 2489 moratae
250 2449 379 2488 recitent
395 2449 511 2495 singula
523 2455 646 2495 Μεσώρια
657 2454 718 2485 sive
730 2453 843 2495 medias
854 2452 927 2483 hora

972 2449 1222 2495 quarumea'qtia,1
1233 2449 1286 2491 pos
1298 2450 1424 2495 primam
1451 2449 1570 2495 dicitur,
1588 2449 1721 2495 μεσῶριον
1748 2452 1798 2495 fa;

106 2488 218 2533 πρώτης
231 2500 429 2536 nuncupatur;
442 2488 507 2536 quas
519 2488 734 2536 postfertiam,
746 2493 876 2533 μεαώριον
890 2495 927 2527 τῆ

972 2488 1055 2532 ρῖτης,
1072 2491 1150 2522 etsic
1164 2488 1326 2531 deinceps.
1352 2492 1395 2522 De
1405 2489 1544 2521 mesoriis
1556 2493 1659 2521 autem
1670 2490 1733 2520 haec
1746 2488 1796 2520 in-

106 2538 198 2575 venio
207 2537 236 2568 in
248 2533 359 2577 Typico
377 2535 433 2567 sub
447 2533 539 2566 ﬁnem
555 2533 690 2575 capitis5
707 2544 714 2566 :

145 2592 184 2621 Τὰ
199 2590 227 2619 δὲ
242 2590 366 2630 Μισώρια
381 2591 430 2623 τῆς
446 2588 471 2629 γ’
487 2589 557 2629 ὥρας
572 2590 616 2617 καὶ
637 2588 676 2626 ς’
703 2588 818 2617 πάντοτε
836 2587 862 2615 ἐν
894 2591 928 2626 τῇ

105 2636 254 2672 Ἐκκλησίᾳ
282 2635 428 2673 ψάλλονται
451 2634 512 2664 ἄνευ
542 2638 595 2663 τῶν
622 2634 772 2674 ἀγρυπιιῶν
807 2644 851 2661 και
876 2635 930 2660 τῶν

1011 2585 1080 2617 224.
1096 2585 1240 2617 «Mesoria
1251 2584 1359 2617 Tertiae
1372 2588 1400 2616 et
1410 2583 1505 2616 Sextaa
1516 2592 1636 2624 semper
1643 2582 1683 2623 Sin
1693 2582 1798 2614 Eccle-

971 2633 1016 2664 sia
1029 2632 1243 2663 concinuntur.
1262 2635 1461 2672 praeterquam
1477 2631 1509 2661 in
1524 2628 1628 2669 vigiliis
1644 2633 1674 2660 et
1702 2629 1799 2665 festis,

106 2682 203 2721 ἑορτῶν
228 2681 256 2709 ὲν
284 2686 329 2711 ατς
353 2680 469 2720 γίνονται
506 2678 665 2718 δοξολογίαι.
682 2679 717 2708 Τὸ
740 2677 767 2706 δὲ
797 2677 931 2716 μεσῶριον

105 2730 154 2761 τῆς
170 2726 280 2765 πρώτης
293 2725 363 2764 ὥρις
378 2725 446 2753 ἐστὶν
461 2725 557 2756 οὕτως.
573 2724 646 2752 Μετὰ
659 2724 690 2752 τὸ
720 2722 851 2752 ἀπολῦσαι
885 2723 932 2750 τὸν

107 2771 208 2811 ὄρθρον.
225 2770 399 2810 ἀπερχόμεθα
420 2769 447 2798 ἐν
472 2776 531 2801 τοῖς
560 2769 687 2806 κελλίοις,
714 2769 758 2796 καὶ
782 2771 934 2806 ποιοῦντες,

108 2817 256 2855 τρισάγιον,
292 2815 426 2856 λέγομεν,
477 2818 555 2843 Δεῦτε
600 2812 828 2853 προσκυνήσωμεν
843 2835 853 2850 ,
904 2813 936 2840 ὲκ

113 2861 216 2901 Τρίτου·
238 2861 282 2889 καὶ
320 2859 457 2900 ἆρχόμεθα
486 2859 595 2898 ψαλμὸν
616 2858 675 2897 με’,
701 2857 731 2887 ’0
766 2858 830 2890 Θεὸς
860 2858 936 2895 ἡμῶν

114 2905 255 2946 καταφυγὴ
284 2905 329 2933 καὶ
363 2903 484 2943 δύναμις·
526 2904 569 2932 καὶ
609 2902 717 2942 ψαλμὸν
745 2902 795 2931 ειι⁷
825 2901 939 2946 ’Λγαθρν

110 2950 141 2982 ιδ
164 2945 385 2992 ίξρμολογιτσθαι
424 2952 463 2988 τῷ
494 2949 601 2990 Κυρίῳ*
646 2949 690 2979 καὶ
719 2948 765 2978 τὸν
794 2945 845 2987 ιιβ¹
863 2970 872 2986 ,
905 2945 936 2976 '0

974 2677 1094 2718 quando
1107 2676 1256 2707 habentur
1270 2674 1625 2715 gloriﬁcationes.l’rimae
1636 2677 1733 2704 autem
1748 2674 1801 2705 ho-

974 2731 1016 2753 rae
1032 2720 1194 2752 mesorium
1211 2720 1269 2751 tale
1279 2724 1333 2750 est.
1349 2720 1423 2751 Cum
1436 2727 1540 2760 preces
1552 2718 1702 2749 matutinae
1710 2718 1799 2750 abso-

975 2767 1044 2798 lutae
1056 2766 1117 2806 jam
1134 2769 1215 2803 sunt,
1232 2765 1262 2796 in
1277 2764 1368 2796 cellas
1379 2764 1574 2800 discedimus,
1585 2767 1614 2793 et
1624 2762 1702 2793 dicto
1715 2763 1801 2803 hym-

976 2820 1014 2842 no
1043 2810 1210 2851 Trisagion,
1254 2809 1383 2841 dicimus
1413 2810 1501 2840 tertio
1528 2807 1647 2846 Venite,
1690 2808 1800 2838 adore-

979 2865 1055 2896 mus;
1071 2859 1100 2886 et
1113 2855 1303 2896 auspicamur
1317 2854 1466 2895 psalmum
1494 2861 1562 2893 va,
1589 2852 1670 2884 Deus
1699 2856 1803 2883 noster

980 2900 1124 2940 refugium
1140 2904 1170 2931 et
1185 2899 1289 2941 virtus;
1306 2905 1336 2931 et
1361 2898 1508 2940 psalmum
1521 2905 1582 2936 XCI,
1608 2897 1724 2928 Bonum
1756 2900 1801 2941 est

979 2944 1117 2978 conﬁteri
1145 2940 1296 2984 Domino;
1325 2947 1355 2976 et
1382 2950 1441 2982 χοι,
1473 2941 1620 2976 Dominus
1657 2940 1802 2980 regnavit.
