2005 3142
216 173 388 198 CCCLXXVIII

915 161 1209 202 PROLEGOMENA.

211 231 408 273 persistimus;
421 235 450 261 et
466 234 636 271 peccantes,
653 234 680 260 te
693 229 838 261 habemus
849 227 1029 270 deprecatri-

1088 238 1163 259 οντες
1184 226 1298 266 ἄτρωτοι
1317 225 1490 263 διαμένομεν
1518 226 1562 254 καὶ
1585 224 1663 254 πάλιν
1692 225 1898 265 ἁμαρτάνοντες,

212 285 289 307 cem.
314 276 383 307 Ideo
406 275 564 307 referimus
589 275 640 305 tibi
666 274 785 314 gratias,
803 279 832 305 et
855 275 1028 310 clamamus;

210 323 282 357 Ave,
298 321 391 358 gratia
406 321 504 359 plena,
521 319 664 350 Dominus
676 323 786 350 tecum.

252 366 321 397 245.
344 365 479 405 Domine,
510 365 674 404 miserere,
703 365 895 405 quadragies.
918 364 1028 396 Gloria.

211 412 249 442 Et
264 419 354 442 nunc.
372 409 573 440 Excelsiorem
590 408 751 441 Cherubim
778 409 810 440 In
831 409 954 440 nomine
971 409 1029 439 Do-

215 455 299 492 mini,
314 454 451 492 benedic,
467 455 564 485 Pater.
581 454 637 485 Per
653 463 757 495 preces
781 459 952 485 sanctorum
979 454 1030 484 Pa-

215 503 290 530 trum
307 499 380 530 Tres
402 507 522 539 magnas
539 499 665 530 facimus
675 500 869 535 reverentias,
886 499 1032 529 dicimus-

215 553 272 584 que
284 544 484 584 precationem
500 544 530 575 S.
548 544 690 584 Ephrem,
711 553 748 575 ac
764 543 874 575 deinde
890 544 965 574 hanc
982 543 1034 574 Ba-

213 588 272 620 silii
288 590 385 628 magni
404 599 410 619 :

255 635 381 665 Domine
398 634 474 664 Deus
490 637 601 670 noster,
620 634 669 671 qui
697 642 800 673 pacem
826 638 905 663 tuam
923 632 1032 664 dedisti

213 677 397 715 hominibus,
411 682 441 708 et
455 678 634 708 sanctissimi
650 678 779 717 Spiritus
790 678 900 709 donum
916 677 952 708 ad
969 682 1034 708 tuos

212 723 376 762 discipulos
391 732 424 753 ac
436 722 585 762 apostolos
607 722 764 763 demisisti,
781 732 945 761 eorumque
957 722 1034 753 labia

214 777 267 807 per
281 768 396 807 linguas
410 767 512 807 igneas
529 772 577 798 tua
591 767 736 807 aperuisti
752 767 897 807 potentia,
913 767 995 808 aperi
1007 772 1036 797 et

216 817 316 843 nostra
331 816 517 852 peccatorum
533 812 621 848 labia;
639 821 673 844 ac
691 813 886 852 quomodo,et
901 821 955 852 pro
966 812 1034 853 qui-

1071 271 1171 312 ἔχομέν
1197 282 1225 299 σε
1250 270 1464 310 πρεσϐεύουσαν·
1492 269 1531 299 διὸ
1555 271 1772 310 εὐχαριστοῦντες
1798 270 1900 309 βοῶμέν

1071 327 1122 344 σοι·
1142 320 1235 355 Χαῖρε,
1254 315 1484 355 κεχαριτωμένη,
1500 316 1514 343 ὁ
1531 316 1622 354 Κύριος
1642 315 1710 352 μετὰ
1722 319 1780 346 σοῦ,

1112 362 1160 395 Τὸ,
1192 361 1278 399 Κύριε,
1311 360 1435 394 ἐλέησον,
1479 359 1524 390 μ’.
1563 359 1642 392 Δόξα.
1674 360 1723 388 Καὶ
1760 363 1816 390 νῦν.
1846 360 1900 393 Τὴν

1074 405 1223 444 τιμωτέραν
1247 406 1301 434 τῶν
1326 404 1467 445 χερωειίμ.
1492 404 1538 433 Ἐν
1554 406 1664 442 ὀνόματι
1691 405 1794 443 Κυρίου,
1821 404 1900 434 $5M-

1075 462 1170 490 γησον,
1189 451 1292 490 Πάρερ,
1311 449 1351 478 Δι’
1373 451 1461 490 εὒχῶν
1489 453 1543 477 τῶν
1576 449 1658 488 ἀγίων
1688 449 1820 489 πατέρων.
1849 450 1901 480 Τὰς

1075 503 1149 535 τρεῖς
1172 495 1293 533 μεγάλας
1318 495 1460 533 μετανοίας
1494 495 1561 533 μετὰ
1596 494 1639 522 καὶ
1666 494 1713 528 τῆς
1742 496 1827 534 εὖχῆς
1857 498 1903 523 τοῦ

1077 541 1149 569 ὁσίου
1174 540 1307 580 Ἐφραῖμ·
1327 542 1388 569 εἶτα
1409 540 1458 574 τὴν
1474 543 1609 576 παροῦσαν
1624 539 1709 580 εὐχὴν
1723 543 1771 568 τοῦ
1785 539 1903 579 μεγάλω

1078 589 1228 618 ΒασιλείοΨ

1114 633 1195 673 Κύριε
1227 635 1241 662 ό
1267 634 1333 666 Θεὸς
1364 635 1453 671 ἡμῶν,
1471 634 1548 668 ὀτὴν
1570 634 1619 668 σὴν
1647 635 1754 674 εἰρήνην
1782 633 1901 666 δεδωκὼς

1075 686 1136 711 τοῖς
1168 679 1329 718 ἀνθρώποις.
1361 680 1406 707 καὶ
1434 679 1483 712 τὴν
1520 682 1566 707 τοῦ
1593 680 1722 717 παναγὶου
1749 680 1901 717 Πνεύματος

1078 724 1179 763 δωρεὰν
1192 731 1251 756 ¹τοῖς
1277 730 1336 755 σοῖς
1364 726 1498 761 μαθηταῖς
1522 725 1565 752 καὶ
1586 723 1745 756 ἀποστόλοις
1766 724 1902 762 καταπέμ-

1077 772 1142 809 ψας,
1159 770 1203 797 καὶ
1217 770 1251 798 τὰ
1266 769 1365 798 τούτων
1389 769 1470 808 χείλη
1487 769 1518 797 ἐκ
1532 770 1645 808 πυρίνων
1667 769 1798 808 γλωσσῶν
1826 769 1900 798 Suv-

1079 814 1149 848 οίξας
1165 813 1271 852 δυνάμει
1288 822 1344 842 σου·
1370 813 1498 847 διάνοιξον
1527 815 1569 842 ιιαὶ
1597 815 1675 850 ἡμῶν
1703 818 1755 843 τῶν
1771 814 1898 854 ἀμαρτω-

215 856 272 888 bus
282 866 367 888 orare
382 861 527 897 oporteat,
545 856 637 887 edoce
655 865 720 888 nos.
745 857 844 896 Dirige
873 857 960 887 vitam
979 867 1036 887 no-

1086 863 1131 887 ter
1153 859 1185 888 τὰ
1203 859 1296 899 χείλη,
1319 860 1363 888 καὶ
1384 858 1483 892 δίδαξον
1511 860 1583 896 ἡμᾶς
1607 862 1663 890 πῶς
1685 858 1739 896 δεῖ,
1764 860 1810 887 καὶ
1838 859 1900 898 ὑπὲρ

216 906 319 939 stram,
333 906 374 938 tu,
395 901 446 942 qui
467 901 643 942 tranquillus
659 902 864 932 ﬂuctuantium
877 906 978 942 portus
992 911 1034 939 es,

1086 906 1115 932 in
1143 897 1432 944 xpﬁnnpooeuxcoﬁzt.
1468 902 1636 943 Κυϐέρνησον
1660 905 1735 942 ἡμῶν
1756 904 1807 938 τὴν
1825 904 1897 941 ζοὴν,

217 951 245 976 et
266 946 355 986 viam,
380 949 408 976 in
427 955 485 986 qua
500 946 688 977 ambulemus
711 946 797 977 nobis
822 951 1032 977 commonstra.

216 990 358 1030 Spiritum
375 995 491 1022 rectum
503 990 611 1022 innova
633 990 665 1021 in
679 990 845 1022 visceribus
861 990 984 1028 nostris,
1008 996 1037 1021 et

216 1034 326 1074 Spiritu
343 1034 499 1075 principali
515 1035 657 1066 conﬁrma
673 1035 727 1075 tu),
745 1035 891 1074 quidquid
909 1036 937 1066 in
948 1045 1034 1066 men-

215 1079 294 1110 tibus
304 1080 413 1111 nostris
426 1079 571 1110 lubricum
590 1084 645 1111 est.
663 1089 697 1110 ac
713 1080 897 1120 inconstans;
916 1084 1035 1120 utquo—

215 1125 289 1156 tidie
303 1123 414 1164 Spiritu
428 1130 477 1155 tuo
493 1124 571 1155 bono
586 1125 622 1155 ad
638 1124 764 1165 id,quod
782 1125 963 1156 conveniens
979 1130 1034 1164 est,

215 1169 490 1207 deducti,mandata
505 1173 555 1200 tua
564 1169 725 1200 observare
738 1169 1036 1210 possimus,semper-

215 1224 274 1254 que
291 1215 462 1245 meminisse
478 1219 535 1246 ture
549 1214 685 1254 gloriosae
701 1215 878 1254 praesentiae,
896 1219 1035 1246 scrutan-

216 1260 253 1290 tis
269 1259 379 1296 omnia,
405 1255 471 1300 q'uas
484 1268 501 1289 a
518 1259 603 1289 nobis
629 1259 802 1290 hominibus
829 1259 912 1300 ﬁunt,
929 1265 957 1290 et
979 1269 1036 1290 non

217 1304 313 1344 decipi
329 1304 413 1334 ﬂuxis
424 1303 512 1343 hujus
524 1302 626 1334 mundi
637 1303 850 1343 voluptatibus;
863 1304 914 1334 sed
927 1305 1034 1344 cupitli-

215 1354 303 1380 tatem
328 1348 436 1378 futuris
460 1348 578 1378 fruendi
604 1348 752 1379 thesauris
774 1349 946 1380 corrobora.
963 1349 1037 1384 Quia

216 1393 393 1425 benedictus
419 1402 472 1431 es,
491 1396 520 1423 et
535 1392 692 1423 laudabilis
707 1393 736 1423 in
764 1393 905 1425 omnibus
928 1393 1038 1425 sanctis

216 1438 275 1470 tuis
285 1438 314 1469 in
330 1438 437 1469 saecula
446 1437 637 1469 saeculorum.
648 1437 755 1470 Amen.

1079 950 1093 976 ὁ
1108 948 1192 981 εὔδιος
1216 952 1268 976 τῶν
1292 948 1495 989 χειμαζομένων
1511 948 1605 989 λιμὴν,
1625 949 1666 977 καὶ
1681 949 1811 988 γνώρισον
1833 950 1897 986 ἡμῖν

1078 993 1149 1030 ὁδὸν,
1171 993 1198 1021 ἐν
1222 995 1241 1026 ἧ
1261 994 1461 1033 πορευσώμεθα.
1492 997 1596 1031 Πνεῦμα
1620 994 1691 1026 εὒθές
1717 993 1851 1032 ἑγκαίνιον
1873 993 1898 1021 ὲν

1078 1045 1136 1069 τοῖς
1152 1038 1273 1077 ἔγκάτοις
1295 1039 1385 1078 ἡμῶν,
1404 1039 1448 1066 καὶ
1472 1039 1601 1076 πνεόματι
1628 1040 1784 1078 ἡγεμονικῷ
1805 1039 1837 1067 τὸ
1850 1038 1897 1072 τῆς

1078 1082 1190 1115 διανοίας
1205 1082 1281 1120 ἠμῶν
1299 1083 1420 1121 στήριξον
1447 1081 1593 1121 ὁλισθερόν·
1625 1082 1670 1111 ἵνα
1692 1082 1751 1111 καθ’
1783 1082 1897 1116 ἑκάστην

1077 1126 1191 1166 ἡμέραν,
1217 1130 1256 1164 τῷ
1284 1127 1420 1164 Πνεύματί
1435 1138 1482 1156 σου
1495 1130 1533 1164 τῷ
1548 1127 1637 1166 ἀγαθῷ
1651 1127 1718 1166 πρὸς
1743 1127 1774 1155 τὸ
1798 1127 1897 1166 συμῳέ-

1077 1183 1122 1211 ρον
1148 1170 1337 1211 ὁδηγούμενοι,
1370 1171 1580 1209 καταξιιιιθῶμεν
1608 1178 1697 1200 ποιεῖν
1719 1172 1766 1203 τὰς
1795 1171 1897 1204 ἐντολάς

1078 1228 1135 1256 σου,
1147 1217 1253 1251 καὶτῆς
1269 1219 1319 1250 σῆς
1339 1216 1380 1245 ἀεὶ
1395 1217 1573 1254 μνημονεύειν
1608 1215 1711 1249 ἐνδόξου
1746 1217 1790 1244 καὶ
1827 1216 1896 1256 ἐρευ-

1080 1263 1190 1294 νητικῆς
1206 1261 1259 1290 τῶν
1278 1261 1469 1300 πεπραγμένων
1484 1262 1551 1298 ἡμῖν
1573 1267 1634 1293 τοῖς
1659 1261 1805 1299 ἀνθρώποις
1830 1271 1895 1300 παρ-

1080 1306 1180 1345 ουσίας,
1197 1306 1296 1344 καὶμὴ
1320 1312 1379 1337 τοῖς
1405 1305 1584 1345 φθειρομένοις
1607 1309 1653 1334 τοῦ
1681 1307 1784 1343 κὸσμου
1810 1307 1896 1334 τούτου

1080 1352 1279 1379 ωναπατᾶσθαι
1315 1357 1451 1389 τερπνοῖς,
1483 1349 1552 1378 ἄλλα
1579 1351 1631 1378 τῶν
1659 1350 1812 1388 μελλόντων
1846 1349 1894 1388 Ϊρέ-

1079 1396 1170 1434 γεσθαι
1199 1397 1249 1428 τῆς
1277 1394 1448 1427 ἀπολαύσεως
1488 1394 1628 1423 ἐνίσΧυσον
1653 1395 1806 1434 θησαυρῶν,
1836 1393 1895 1423 ’Ὅτι

1079 1439 1238 1479 εὐλογητὸς,
1262 1440 1305 1468 καὶ
1335 1440 1436 1473 αἰνετὸς
1463 1439 1593 1480 ὑπάρχεις
1609 1440 1636 1468 ἓν
1653 1443 1720 1468 πᾶσι
1736 1446 1797 1472 τοῖς
1818 1440 1895 1479 ἁγίοις

1080 1495 1140 1522 σου,
1158 1484 1195 1516 εἱς
1217 1484 1278 1517 τούς
1293 1485 1392 1517 αἰῶνας
1407 1486 1460 1513 τῶν
1475 1484 1588 1516 άῐώνων,
1603 1484 1700 1523 Ἀμὴν,

981 1593 1121 1626 SEXTA.

257 1697 326 1729 246.
342 1697 521 1736 Praepositus
536 1696 608 1727 dicit
632 1700 696 1728 ter:
720 1695 836 1733 Venite,
859 1697 1059 1728 adoremustc

218 1742 293 1772 ﬁunt
308 1744 482 1772 reverentia;
492 1744 599 1778 tres,et
609 1741 772 1781 incipimus
786 1739 897 1772 Horam
910 1746 1034 1778 sextam,

219 1789 358 1817 canentes
382 1785 544 1825 spsalmum
559 1793 623 1821 LIII,
639 1787 718 1817 Deus
733 1786 761 1816 in
776 1786 898 1817 nomine
912 1791 961 1817 tuo
974 1787 1036 1818 sal-

218 1840 286 1863 vum
300 1839 348 1860 me
363 1830 407 1860 fac
424 1840 431 1860 :
450 1833 478 1860 et
492 1837 574 1868 Lxm,
604 1829 727 1870 Exaudi,
755 1831 846 1870 Deus,
871 1831 1036 1862 orationem

219 1883 326 1911 meam,
346 1877 422 1904 etne
436 1873 607 1914 despexeris
625 1884 631 1905 :
650 1878 679 1905 et
690 1882 739 1915 xc,
749 1874 804 1911 Qui
817 1874 926 1906 habitat
941 1879 970 1907 in
981 1877 1035 1907 ad-

214 1919 336 1960 jutorio.

260 1964 374 1996 Gloria.
404 1963 440 1994 Et
463 1973 553 1994 nunc.
570 1962 708 2002 Alleluia,
726 1968 781 1995 ter.
805 1963 851 2002 Et,
876 1968 900 1996 si
925 1967 1039 1998 canitur

218 2010 299 2041 Deus
319 2007 474 2048 Dominus,
490 2007 617 2039 dicimus
632 2009 792 2048 troparium
810 2009 881 2050 diei;
900 2010 924 2041 si
938 2016 1036 2044 autem

218 2053 355 2091 Alleluia,
368 2061 497 2094 sequens
511 2053 684 2093 troparium.
697 2053 798 2084 Tonus
814 2054 842 2086 2.

259 2144 314 2181 Qui
331 2148 411 2176 sexta
427 2144 476 2175 die
493 2147 521 2175 et
536 2144 622 2181 hora,
634 2144 755 2177 amxisti
771 2146 852 2177 cruci
875 2147 1038 2180 admissum

218 2191 248 2221 in
265 2189 400 2230 paradiso
416 2188 453 2220 ab
469 2188 584 2220 Adamo
600 2193 767 2229 peccatum,
782 2190 870 2221 etiam
900 2192 1036 2232 lapsuum

218 2239 385 2266 nostrorum
398 2233 628 2274 chirographum
640 2233 789 2275 discerpe,
807 2235 923 2267 Christe
946 2237 1036 2276 Deus,

220 2284 249 2310 et
262 2279 342 2310 salva
357 2287 422 2309 nos.

493 2324 723 2357 VERSICULUS
747 2327 776 2356 I.

261 2372 476 2410 Exaudi,Deus,
489 2373 655 2403 orationem
669 2377 810 2411 meam,et
821 2373 1040 2415 nedexpexeris
1052 2382 1071 2408 D

219 2416 461 2458 deprecationem
480 2425 576 2448 meam
595 2416 651 2456 (b).

498 2461 728 2495 VERSICULUS
750 2465 781 2495 2.

259 2510 319 2550 Ego
347 2509 384 2541 ad
404 2508 498 2540 Deum
526 2509 677 2545 clamavi,
703 2513 733 2540 et
758 2511 902 2542 Dominus
930 2513 1043 2546 audivit

220 2564 269 2587 me
283 2555 337 2596 (ο).

248 2596 255 2601 “
299 2599 410 2633 Gloria.
427 2598 461 2630 Et
479 2607 567 2630 nunc.
826 2599 957 2634 Mariale.

260 2646 335 2683 Quia
346 2655 404 2676 non
416 2643 562 2676 habemus
577 2643 732 2682 ﬁduciam,
746 2649 868 2685 propter
879 2647 972 2679 multa
987 2648 1042 2679 de-

219 2690 288 2722 licta
316 2694 440 2728 nostra;
473 2689 539 2720 ideo
565 2692 609 2729 tu,
625 2687 714 2729 Virgo
744 2689 878 2729 deipara,
894 2690 1042 2724 obtestare

218 2734 315 2776 illum,
332 2735 380 2775 qui
396 2739 440 2766 est
455 2743 490 2765 ex
510 2737 538 2764 te
554 2733 672 2773 genitus
689 2742 696 2765 :
715 2735 840 2766 multum
854 2736 933 2767 enim
963 2738 1040 2778 apud

272 2845 302 2886 a)
320 2844 503 2886 Psal.3.,tt.

272 2846 302 2886 a)
320 2846 397 2877 Psal.
412 2853 443 2886 ιι,
455 2846 503 2877 Η.

259 2846 297 2927 Eb)
316 2885 391 2918 Psal.
408 2885 483 2918 Psal.
501 2894 564 2927 LIV,
577 2885 606 2916 ἰ).

1112 1697 1142 1726 ’0
1174 1697 1314 1736 προεστώς
1337 1707 1342 1713 ·
1379 1701 1458 1726 Δεῦτε
1476 1721 1483 1733 ,
1525 1698 1751 1736 προσκυνήσωμεν
1770 1722 1778 1737 ,
1817 1699 1846 1726 ἔτι
1876 1697 1899 1736 γ’

1079 1743 1214 1778 μετανοίαι
1244 1749 1329 1782 τρεῖς,
1355 1743 1398 1771 καὶ
1415 1743 1553 1782 ὒρχόιιεθα
1567 1742 1615 1776 τῆς
1635 1742 1716 1776 ἕκτης
1731 1743 1815 1782 ὥρας,
1831 1743 1896 1780 ψάλ-

1079 1787 1169 1819 λοντες
1195 1787 1255 1824 τὸν,
1285 1783 1340 1827 νγ’,
1357 1786 1387 1816 Ὀ
1403 1788 1481 1824 Θεὸς,
1507 1787 1535 1815 ἐν
1549 1789 1587 1823 τῷ
1611 1787 1723 1825 ὄνοματί
1744 1798 1792 1816 σου
1820 1788 1897 1815 σῶσόν

1079 1843 1124 1869 με,
1150 1832 1198 1860 Καὶ
1227 1830 1279 1870 ξγ’,
1320 1831 1474 1872 Ἐνώτισαι,
1505 1832 1519 1860 ό
1548 1832 1624 1868 Θεὸς1
1668 1832 1717 1866 τὴν
1752 1833 1897 1872 προσευχὴν

1079 1876 1141 1913 μοὺ,
1170 1877 1214 1904 καὶ
1249 1877 1287 1914 μὴ
1317 1875 1451 1916 ὺπερίδης*
1549 1875 1579 1905 Ὀ
1607 1877 1739 1905 κανοιχῶν
1768 1876 1795 1905 ὲν
1835 1878 1896 1914 βοη-

1077 1921 1144 1958 Θείᾳ,

1121 1965 1200 1998 Δόξα.
1219 1966 1266 1994 Καὶ
1281 1971 1335 1996 νῦν.
1363 1965 1528 2005 Αλληλούῖα,
1545 1966 1575 1994 ἐκ
1597 1965 1636 2005 γ’.
1657 1966 1706 1995 Καὶ
1727 1967 1750 1994 εἰ
1765 1967 1815 2004 μὶν
1830 1966 1896 2004 ψάλ-

1078 2011 1152 2039 λεται
1173 2011 1215 2050 τὸ,
1240 2011 1303 2043 Θεὸς
1326 2011 1429 2050 Κύριος,
1460 2010 1572 2050 λέγομεν
1597 2011 1628 2038 τὸ
1652 2013 1703 2043 τῆς
1719 2011 1821 2050 ἡμέρας
1837 2022 1896 2046 τρο-

1081 2057 1187 2093 παίριον·
1206 2056 1228 2083 εἰ
1243 2054 1271 2083 δὲ
1295 2054 1472 2091 Ἀλληλούϊα,
1499 2056 1530 2084 τὸ
1557 2056 1640 2094 παρὸν
1675 2056 1830 2095 τροπάριον,
1854 2054 1896 2085 Ἦ-

1080 2111 1133 2140 χος
1155 2100 1192 2138 β’.

1121 2144 1150 2174 ’0
1178 2144 1205 2173 ἐν
1233 2144 1298 2182 ἕκτῃ
1324 2144 1410 2184 ἡμέρᾳ
1438 2146 1482 2173 καὶ
1510 2145 1566 2184 ὥρᾳ
1607 2148 1644 2181 τῷ
1678 2149 1784 2184 σταυρῷ
1818 2157 1896 2184 προσ-

1081 2189 1188 2222 ηλώσας
1213 2189 1262 2223 τὴν
1291 2190 1318 2217 ἒν
1345 2189 1495 2229 παραδείσῳ
1521 2190 1704 2227 τολμηθεῖσιν
1748 2194 1788 2227 τῷ
1818 2190 1896 2228 ’Δδὰμ

1079 2235 1218 2273 ἁμαρτίαν,
1241 2234 1287 2262 καὶ
1312 2237 1364 2261 τῶν
1393 2234 1567 2271 πταισμάτων
1595 2235 1673 2269 ἡμῶν
1699 2236 1730 2263 τὸ
1752 2235 1895 2275 χειρόγραν

1078 2291 1126 2320 φον
1141 2277 1287 2319 διέῤῥηξον,
1304 2279 1398 2318 Χριστέ
1413 2280 1427 2307 ὁ
1450 2279 1513 2312 Θεός
1524 2279 1567 2308 καὶ
1582 2282 1669 2308 σῶσον
1684 2281 1769 2318 ἡμᾶς·

1381 2333 1504 2359 xrlxos
1522 2330 1560 2362 α’.

1122 2374 1261 2412 Ἐνώῑισα,
1279 2375 1292 2403 ὁ
1306 2375 1382 2411 Θεὸς,
1399 2374 1448 2409 τὴν
1463 2373 1616 2416 προτευχήν
1636 2386 1699 2414 μου,
1723 2376 1767 2404 καὶ
1783 2376 1822 2414 μὴ
1836 2377 1895 2404 ὑπε-

1082 2419 1154 2460 ρίδης
1168 2420 1217 2454 τὴν
1231 2418 1320 2453 δέησίν
1343 2430 1406 2457 μου,

1401 2471 1525 2498 STIXOS
1541 2468 1579 2507 β’.

1122 2512 1195 2553 Ἐγὼ
1220 2514 1286 2552 πρὸς
1307 2514 1351 2542 τὸν
1377 2513 1442 2542 Θεὸν
1468 2513 1604 2552 ἐκέκραξα,
1635 2515 1680 2543 καὶ
1694 2515 1708 2543 ὁ
1730 2514 1827 2555 Κύριος
1843 2516 1893 2543 εἱσ-

1082 2558 1180 2594 ήκυυσέ
1195 2570 1257 2596 μου.

1164 2603 1241 2636 Δόξα,
1264 2602 1316 2633 Καὶ
1330 2602 1386 2632 νῦν.
1674 2605 1828 2636 Θεοτὸκιον,

1123 2647 1179 2677 Ὀτι
1209 2649 1256 2676 οὐκ
1283 2647 1383 2687 ἔχομεν
1412 2646 1559 2687 παρρησίαν
1583 2647 1623 2677 διὰ
1644 2649 1677 2677 τὰ
1705 2648 1794 2678 πολλὰ
1825 2650 1894 2686 ἡμῶν

1081 2693 1271 2732 ἁμαρτήματα,
1288 2693 1318 2720 σὺ
1346 2693 1391 2720 τὸν
1415 2692 1445 2720 ἔοι
1471 2696 1517 2721 σοῦ
1547 2693 1705 2731 γεννηθέντα
1733 2693 1891 2731 δυσώπησον,

1082 2738 1194 2767 Θεοτὸκε
1221 2739 1344 2776 Παρθενε’
1374 2735 1462 2766 πολλᾶ
1486 2737 1535 2777 γὰρ
1563 2738 1650 2778 ἰσχύει
1680 2737 1771 2772 δέησις
1798 2739 1892 2778 Μητρὸς

1085 2849 1127 2889 (ο)
1144 2847 1222 2879 Psal.
1239 2855 1297 2888 LIV,
1323 2848 1370 2878 !8-
