2005 3142
634 157 854 189 ACOLUTHIA
879 155 1075 188 TBIPLICIS
1095 156 1216 188 FESTI.

1610 162 1792 188 οοαιχιιγιι

100 226 147 254 καὶ
163 223 310 265 φιλάγαθος
329 232 337 240 ⁸
354 224 382 252 ὲν
410 224 459 262 μὲν
489 228 528 260 τῷ
550 224 659 259 παρόντι
688 224 738 262 βίῳ
752 225 835 263 θερμὴ
860 235 925 263 προ-

972 223 1069 260 bona;
1083 224 1150 254 etin
1168 224 1222 255 hac
1233 223 1354 264 quidem
1381 223 1438 255 vita
1453 223 1570 254 fervens
1588 227 1722 264 patrona,
1740 228 1787 255 at-

101 270 197 301 στάτις
226 270 272 297 καὶ
287 270 396 308 βοηθὸς,
412 270 459 301 τὰς
475 269 528 297 τῶν
543 269 666 297 ἐναντὶων
686 267 792 308 ἐφόδους
814 270 925 297 ἀποτει-

102 316 229 354 χίζουσα,
256 315 300 342 καὶ
322 315 386 353 πρὸς
409 314 542 353 σωτηρίαν
566 313 747 352 καθοδηγιῦσα
774 325 818 354 με,
842 315 884 342 καὶ
900 313 926 341 ὲν

101 363 143 397 τῷ
156 371 243 398 καιρῳ
258 358 305 392 τῆς
321 358 408 392 ἐξόδου
433 369 484 396 μου
511 358 562 391 τὴν
583 357 673 386 ἀθλίαν
697 370 746 396 μου
762 360 853 398 ψυχὴν
876 370 927 386 πε-

100 404 248 442 ριέπουσα,
273 405 315 431 καὶ
339 404 386 435 τὰς
417 403 554 434 σκοτεινὰς
570 403 645 439 ἅψεις
660 402 712 431 τῶν
728 406 852 442 πονηρῶν
867 402 927 431 δαι-

100 450 194 486 μόνων
223 447 314 487 negem
342 450 425 481 αὐτῆς
455 447 637 476 ἀπελαύνουσι
652 455 659 463 ⁸
691 446 718 474 ἐν
733 446 760 474 δὲ
781 451 815 485 τῇ
831 446 928 487 φοϐερᾷ

98 493 190 531 ᾑμέρᾳ
217 493 267 526 τῆς
298 493 410 532 κρίσεως
451 492 498 526 τῆς
526 492 631 520 αἰωνίου
653 503 685 530 με
707 492 820 530 ῥυομένη
843 491 927 520 κολά-

100 549 183 574 σεως,
207 538 251 565 καὶ
266 537 315 571 τῆς
327 536 478 576 ἀπορρήτου
495 535 573 570 δόξης
604 537 645 564 τοῦ
660 540 706 564 σοῦ
722 538 781 564 Υἱοῦ
802 538 846 565 καὶ
862 540 928 565 Θεοῦ

99 583 182 620 ἡμῶν
195 583 363 621 κληρονόμον
387 592 419 619 με
440 580 644 609 ἀποδεικνύουσα
662 589 669 596 ⁸
687 583 719 615 ἧς
746 582 789 610 καὶ
804 582 926 621 τύχοιμι,

103 627 238 655 Δέσποινά
260 638 311 664 μου
339 626 468 666 ὑπεραγία
494 627 620 663 Θεοτὸκε,
637 625 680 655 διὰ
694 626 742 660 τῆς
773 627 821 660 σῆς
844 638 929 664 μεσι.

100 672 176 702 τείας
203 674 247 700 καὶ
275 670 457 710 ἀντιλήψεως⁷
488 670 579 710 χάριτι
613 673 656 699 καὶ
682 671 862 711 φιλανθρωπίᾳ
883 674 929 699 τοῦ

101 720 263 754 μονογενοῦς
286 726 332 743 σου
361 715 434 755 Υἶοῦ,
458 719 504 744 τοῦ
526 716 621 754 Κυρίου
642 716 685 744 καὶ
701 719 777 752 Θεοῦ,
799 717 843 744 καὶ
865 719 927 744 Σω-

101 763 185 800 τῆρος
213 761 291 798 ἡμῶν
321 759 409 793 Ἰησοῦ
433 763 545 799 Χριστοῦ
562 768 570 776 ·
600 760 622 797 ᾧ
647 761 743 800 πρέπει
767 764 838 788 πᾶσα
854 760 926 798 δόξα,

101 806 170 843 τιμὴ
197 807 242 834 καὶ
270 805 460 844 προσκύνησις,
484 805 529 832 σ’λν
559 807 596 841 τῷ
617 805 727 844 ἀνάρχιρ
752 807 830 833 αὐτοῦ
848 807 928 845 Πατρὶ

102 851 147 878 καὶ
168 853 208 887 τῷ
233 851 354 889 παναγίῳ
377 851 421 878 καὶ
444 850 535 889 ἀγαθῷ
549 850 594 878 καὶ
608 854 731 887 ζωοποιῷ
746 852 825 878 αὐτοῦ
842 851 926 878 Πνεύ-

102 907 182 936 ματι,
196 900 240 925 νῦν
269 897 313 925 καὶ
339 897 390 933 ἀεὶ,
407 897 451 925 καὶ
479 897 515 928 εἰς
537 896 597 928 τοὺς
624 899 719 928 αἰῶνας
733 899 785 924 τῶν
812 896 925 926 αἰώνων.
939 910 960 936 Β

101 939 203 978 Ἀμήν-

144 1000 194 1028 Kal
223 998 266 1031 δὸς
300 998 377 1036 ἡμῖν,
410 998 543 1030 Δέσποτα,
581 999 646 1030 πρὸς
688 998 768 1027 ὕπνον
804 999 925 1027 ἀπιοῦσιν

102 1043 251 1072 ἀνάπαυσιν
267 1044 391 1082 σώματος
407 1044 450 1071 καὶ
480 1046 572 1083 ψυχῆς
590 1054 597 1061 ”
614 1045 658 1072 καὶ
674 1043 830 1083 ὃιαφύλαξον
852 1044 924 1082 ἡμᾶς

100 1089 155 1116 ἀπὸ
184 1093 230 1117 τοῦ
251 1092 362 1128 ζοφεροῦ
387 1088 469 1116 ὕπνου
496 1091 545 1121 τῆς
568 1089 709 1128 ἁμαρτίας⁷
733 1090 775 1116 καὶ
807 1089 860 1117 ἀπὸ
874 1088 925 1116 πά-

104 1145 156 1166 σης
185 1135 323 1166 σκυτεινῆς
352 1134 395 1160 καὶ
428 1135 579 1173 νυκτερινῆς
624 1132 791 1167 ἡδυπαθείας.
827 1134 927 1161 Πκῦσον

103 1179 153 1210 τὰς
181 1179 265 1216 ὁρμὰς
287 1181 340 1205 τῶν
364 1179 453 1206 παθων
472 1186 479 1193 ⁶
508 1176 600 1206 σϐέσον
622 1179 655 1205 τὰ
672 1178 847 1218 πεπυρωμένα
862 1178 927 1215 βέλη

102 1227 150 1251 τοῦ
178 1226 310 1262 πονηροῦ,
337 1222 371 1250 τὰ
399 1221 456 1250 καθ’
479 1223 557 1260 ἡμῶν
587 1221 680 1252 δολίως
710 1223 864 1260 κινούμενα·
882 1223 928 1254 τὰς

101 1268 151 1301 τῆς
167 1268 264 1306 σαρκὸς
286 1268 364 1304 ἡμῶν
380 1266 572 1297 ἐπαναστάσεις
596 1266 782 1304 κατάστειλον,
807 1268 850 1294 καὶ
877 1270 927 1295 πᾶν

101 1311 200 1353 γεῶδες
226 1313 270 1340 καὶ
284 1311 374 1340 ὑλικὸν
389 1312 467 1349 ἡμῶν
490 1313 614 1352 φρόνημα
631 1312 762 1349 κοίμησον
779 1320 786 1326 ‘
803 1312 847 1340 καὶ
873 1311 927 1339 δώ-

101 1368 183 1394 ρησαι
207 1357 289 1396 ἡμῖν,
316 1357 329 1384 ὁ
358 1357 434 1392 Θεὸς,
453 1357 586 1396 γρνξγορον
602 1360 673 1396 νοῦν,
701 1357 822 1396 σώρρονσ.
849 1355 926 1395 λογι-

102 1403 182 1440 σμὸν,
207 1401 313 1440 καρδίαν
343 1402 491 1441 νήφουσαν⁷
513 1401 593 1429 ὕπνον
609 1401 734 1440 ἐλαφρὸν,
767 1402 809 1429 καί
837 1401 926 1434 πάσης

102 1449 248 1480 σατανικῆς
273 1446 417 1486 φαντασίας
446 1445 668 1484 ἀπηλλαγμένον.
694 1447 876 1480 Διαναστησον
900 1445 927 1474 δὲ

101 1492 174 1528 ἡμᾶς
197 1491 224 1518 ἐν
239 1492 277 1527 τῷ
302 1493 386 1530 καιρῷ
408 1491 456 1523 τῆς
479 1492 647 1530 προσευχῆς,
672 1490 875 1530 ἐστηριγμένους
901 1490 927 1518 ἐν

98 1542 163 1567 ταῖς
178 1535 301 1567 ἐντολαῖς
317 1546 376 1572 σου⁷
394 1536 436 1563 καὶ
449 1535 499 1568 τὴν
515 1536 626 1573 μνήμην
641 1538 693 1564 τῶν
707 1539 760 1563 σῶν
775 1536 924 1575 κριμάτων,

968 278 1025 309 que
1044 269 1222 309 auxiliatrix,
1248 277 1391 300 coercens
1407 267 1628 299 adversantium
1645 268 1786 308 impetus,

970 319 997 344 et
1012 314 1086 345 viam
1103 314 1138 344 ad
1155 314 1280 345 salutem
1292 317 1552 351 commonstrans;
1570 312 1682 344 deinde
1696 314 1791 344 exitus

970 359 1028 389 mei
1053 363 1186 399 tempore
1213 363 1332 399 protege
1355 358 1494 389 miseram
1525 366 1620 388 meam
1648 357 1790 396 animam,

970 403 1204 444 tenebrosasque
1233 403 1376 433 maiorum
1405 403 1573 433 daemonum
1588 401 1700 433 formas
1721 411 1791 443 pro-

970 448 1016 479 cul
1033 448 1163 488 repelle;
1180 448 1209 478 in
1227 447 1383 478 tremendo
1399 451 1498 478 autem
1515 446 1708 486 diejudiciia
1724 456 1790 487 poe-

971 502 1007 523 na
1018 493 1199 533 sempiterna
1225 502 1296 523 erue
1313 502 1370 529 me,
1400 497 1428 523 et
1440 492 1485 523 fac
1501 491 1651 522 heredem
1665 491 1731 522 Filii
1747 492 1790 522 tui

970 542 999 569 et
1013 538 1067 569 Dei
1093 538 1186 568 nostri
1213 537 1373 569 ineffabilis
1403 537 1524 576 gloriae;
1557 546 1643 576 quam
1670 536 1789 568 tandem

970 583 1128 623 adipiscar,
1147 582 1272 613 Domina
1290 591 1354 613 mea
1382 581 1570 612 sanctissima
1586 581 1723 622 Deipara,
1741 585 1791 612 tua

969 627 1187 659 intercessione
1203 636 1236 658 ac
1253 628 1355 666 tutela,
1372 626 1527 666 gratiaque
1549 630 1578 657 et
1608 626 1790 666 benignitate

971 672 1113 710 unigeniti
1132 676 1172 702 tui
1190 672 1267 712 Filii,
1285 671 1415 708 Domini,
1434 672 1486 703 Dei
1504 675 1533 702 et
1544 670 1708 702 Servatoris
1723 680 1791 702 nos-

971 717 1007 747 tri
1017 716 1088 748 Jesu
1103 717 1212 748 Christi
1227 727 1235 754 ;
1252 716 1445 748 cniconveuit
1459 716 1558 746 omnis
1570 715 1674 755 gloria,
1693 717 1788 746 honor

970 766 999 792 et
1010 761 1153 803 adoratio,
1173 771 1240 793 cum
1254 771 1308 792 suo
1321 761 1453 799 ingenito
1470 762 1568 800 Patre,
1586 765 1614 791 et
1633 760 1790 791 sanctissi-

971 815 1029 843 mo,
1059 805 1207 846 bonoque,
1234 816 1268 836 ac
1295 805 1412 836 viviﬁco
1438 814 1491 836 suo
1513 805 1638 845 Spiritu,
1666 814 1747 835 nunc
1762 809 1791 835 et

969 859 1098 891 semper,
1116 856 1145 881 et
1160 854 1191 881 in
1206 851 1311 883 saecula
1325 849 1513 881 saeculorum.
1531 853 1638 882 Amen.

1006 994 1074 1026 273.
1094 995 1132 1025 Da
1150 994 1387 1034 nobis,Domine,
1406 993 1537 1025 cubitum
1552 993 1787 1025 concedentibus

967 1039 1097 1080 quietem
1113 1039 1290 1080 corporis,et
1302 1040 1478 1076 animae,eta
1490 1039 1655 1078 caliginoso
1673 1039 1789 1080 peccati

969 1093 1075 1114 somno
1091 1094 1144 1115 nos
1160 1083 1409 1125 lihera,omnique
1423 1083 1582 1114 tenebrosa
1595 1093 1629 1114 ac
1645 1087 1790 1115 nocturna

971 1128 1107 1160 mollitie.
1125 1128 1264 1169 Reprime
1281 1129 1445 1159 motionum
1468 1128 1619 1168 impetus;
1636 1129 1790 1169 exstingue

970 1173 1062 1212 ignita
1071 1173 1191 1213 maligni
1203 1173 1303 1213 jacula
1312 1174 1470 1204 adversum
1480 1182 1534 1203 nos
1544 1173 1647 1204 dolose
1658 1173 1786 1208 emisso;

971 1219 1069 1250 carnis
1084 1223 1190 1249 nostrae
1217 1218 1414 1249 rebellionem
1441 1226 1599 1259 compone,
1625 1222 1653 1248 et
1669 1227 1788 1249 omnem

971 1265 1224 1303 terrenam,atque
1237 1262 1420 1293 materialem
1435 1263 1464 1293 in
1482 1262 1568 1292 nobis
1581 1262 1787 1301 cogitationem

969 1308 1052 1346 sopi;
1070 1307 1178 1347 largire
1194 1312 1291 1338 autem
1306 1307 1402 1344 nobis,
1420 1307 1645 1345 Deus,mentem
1663 1306 1789 1346 vigilan-

970 1353 1221 1392 tem,prudentem
1235 1351 1433 1389 intellectum,
1449 1360 1500 1382 cor
1513 1355 1639 1391 castum,
1651 1361 1788 1382 somnum

970 1397 1110 1436 levem,et
1121 1396 1157 1427 ab
1174 1395 1254 1427 omni
1271 1395 1409 1426 Satanica
1424 1395 1632 1434 imaginatione
1648 1395 1788 1427 liberum.

969 1442 1116 1481 Tempore
1127 1441 1267 1471 orationis
1278 1441 1315 1471 de
1326 1450 1432 1471 somno
1449 1440 1543 1471 excita
1554 1444 1652 1481 nos,in
1671 1440 1790 1471 manda-

971 1486 1007 1516 tis
1024 1485 1083 1517 tuis
1099 1486 1251 1521 ﬁrmatos;
1268 1492 1298 1516 et
1314 1485 1406 1522 fac,ut
1422 1485 1595 1516 memoriam
1611 1489 1728 1516 tuorum
1741 1486 1792 1524 ju-

971 1531 1117 1562 diciorum
1134 1529 1328 1560 intlelebilem
1361 1539 1525 1561 servemus.
1553 1529 1594 1560 Da
1612 1529 1697 1560 nobis
1712 1539 1789 1570 quo-

99 1580 127 1609 ἐν
151 1582 256 1612 ἑαυτοῖς
287 1580 504 1619 ἂπαράθραυστον
524 1579 649 1620 ἔχοντας.
675 1573 822 1620 nmo-Lm
856 1581 925 1614 ἡμῖν

970 1585 1036 1616 que,
1052 1580 1084 1606 ut
1097 1585 1151 1615 per
1176 1579 1293 1605 noctem
1312 1579 1398 1605 totam
1416 1574 1603 1605 celebremus
1619 1579 1648 1605 et
1662 1573 1788 1605 benedi-

99 1630 151 1659 την
179 1624 331 1664 δοξολογίαν
360 1625 483 1664 χάρισαι³
514 1625 549 1656 εἷς
579 1625 609 1652 ’τὸ
638 1625 731 1662 ὑμνεῖν
808 1625 925 1664 εὐλογεῖν

970 1630 1072 1652 camus
1085 1625 1172 1661 atque
1202 1620 1403 1659 gloriﬁcemus
1428 1623 1585 1658 augustum
1605 1623 1636 1650 et
1652 1619 1788 1658 magniﬁ-

97 1672 144 1699 καὶ
173 1669 290 1705 δοξαζειν
316 1669 346 1697 τὸ
362 1663 505 1707 νπᾶντιμον
539 1670 582 1698 καὶ
613 1669 814 1709 μεγαλοπρεπὲς
844 1663 925 1707 ἄνομά

970 1675 1036 1696 cum
1051 1674 1161 1696 nomen
1177 1669 1272 1700 tuum.
1291 1664 1386 1696 Patris
1402 1668 1431 1695 et
1445 1663 1510 1695 Filii
1528 1669 1558 1695 et
1578 1663 1672 1695 sancti
1688 1664 1787 1704 Spiri-

98 1726 159 1752 σου,
175 1717 222 1742 τοῦ
235 1714 351 1753 Πατρὸς,
368 1715 474 1743 καὶτοῦ
499 1715 570 1751 Υἱοῦ,
597 1715 640 1742 καὶ
661 1718 708 1744 τοῦ
736 1715 810 1753 ἁγίου
843 1715 927 1742 Ilvati-

97 1770 198 1797 ματος,
213 1764 257 1788 νῦν
273 1758 318 1786 καὶ
334 1758 387 1797 ἀεὶ,
403 1759 448 1787 καὶ
474 1759 511 1791 εἷς
537 1759 597 1791 τοὺς
628 1759 725 1791 αἰῶνας
743 1762 795 1787 τῶν
813 1759 926 1790 αἰώνων,

97 1804 202 1841 Ἀμήν-

143 1849 193 1878 Kal.
220 1849 321 1888 γίνεται
359 1846 498 1887 ἀπόλυσις,
537 1849 582 1877 καὶ
607 1850 625 1883 ἡ
659 1848 830 1889 συγχώρησις
857 1848 926 1886 παρὰ

98 1897 149 1922 τοῦ
165 1893 267 1933 ἱερέως,

968 1714 1026 1748 tus,
1044 1719 1123 1740 nunc
1143 1713 1174 1740 et
1201 1718 1332 1749 semper,
1359 1713 1389 1740 et
1409 1710 1440 1740 in
1462 1709 1570 1740 saecula
1599 1710 1787 1740 seculorum.

969 1755 1077 1787 Amen.

1009 1844 1086 1920 Filtﬁt
1101 1843 1245 1883 dimissio,
1264 1850 1293 1876 et
1313 1844 1490 1876 delictorum
1519 1844 1635 1875 veniam
1653 1844 1724 1885 petit
1737 1853 1787 1875 sa-

1009 1899 1018 1920 r
1041 1899 1085 1920 os.

967 1899 1073 1922 ceruos
1078 1913 1085 1921 .

144 1983 216 2014 274.
240 1982 336 2014 Coum.
358 1982 413 2014 Hic
430 1986 532 2013 monet
554 1982 760 2022 Horologium,
781 1982 865 2012 illum
890 1980 984 2012 venite
1009 1980 1146 2022 petendae
1159 1979 1250 2010 ritum
1267 1979 1460 2019 quarendnm
1472 1988 1543 2011 esse
1555 1988 1592 2010 ex
1610 1978 1789 2020 Appodipno

102 2023 231 2063 majore,
251 2024 332 2054 unde
349 2032 409 2054 non
421 2023 567 2063 gravabor
578 2020 862 2054 illum'descrihere.
879 2022 928 2054 Sic
943 2030 1015 2060 ergo
1031 2020 1131 2053 habet.

142 2115 263 2149 Ποιήσας
287 2114 301 2141 ὁ
328 2113 463 2151 προεστὼς
496 2112 638 2150 μετάνοιαν
681 2113 724 2140 ἐπὶ
759 2113 822 2151 γῆς,
855 2111 925 2150 λέγει

1008 2109 1185 2150 Praepositus
1199 2108 1346 2140 inclinans
1362 2108 1446 2147 se]ad
1474 2112 1583 2140 terram
1603 2117 1697 2148 usque
1717 2108 1787 2139 dicit

96 2165 160 2190 τοῖς
188 2158 314 2198 ἀδελφοῖς
332 2167 338 2173 ⁸
364 2158 519 2195 Εὖλογεϊτε,
535 2156 647 2195 πατέρες
670 2157 758 2196 ἅγιοι,
784 2157 926 2196 συγχωρή-

97 2204 162 2232 σατέ
187 2215 233 2240 2,ιοι
260 2203 299 2240 τῷ
327 2201 480 2242 ἁμαρτολῴ.
516 2202 564 2231 Καὶ
592 2202 615 2229 οἱ
637 2201 744 2240 ἀδελφοί
761 2210 770 2220 ⁸
801 2200 831 2230 Ὀ
860 2201 925 2233 Θεὸς

95 2249 270 2288 συγχωρήσει
284 2258 338 2287 σοι,
356 2248 441 2286 Πάτερ
456 2246 527 2285 ἅγιε.
560 2247 609 2275 Καὶ
632 2246 762 2286 ἄρχονται
793 2247 816 2274 οἱ
844 2244 925 2273 ἀδελ-

94 2294 138 2332 φοὶ
154 2294 270 2321 ἀπὸτοῦ
293 2291 376 2324 δεξιοῦ
405 2292 449 2320 καὶ
477 2292 616 2330 ἀριστεροῦ
644 2294 729 2331 χοροῦ
757 2291 824 2319 κατὰ
852 2290 924 2323 τάξιν

95 2344 136 2370 et;
158 2337 204 2365 καὶ
219 2337 263 2368 εἷς
280 2343 369 2365 ποιεῖν
391 2336 503 2375 ὁμοίως,
527 2337 573 2364 καὶ
595 2336 725 2363 αἰτεῖσθαι
741 2337 785 2364 καὶ
814 2334 923 2371 λαμϐά-

96 2393 150 2410 νειν
178 2382 365 2422 συγχώρησιν,
394 2383 492 2421 μέχρις
526 2381 557 2408 ἂν
587 2380 765 2420 πληρωθῶσιν
794 2381 921 2413 ἅπαντες.

96 2426 127 2456 ’0
143 2426 171 2455 δὲ
198 2428 282 2464 ἱερεὺς
305 2426 376 2466 λέγει
395 2436 401 2443 ·
435 2425 577 2464 Εὺξώμεθα
605 2426 670 2464 ὑπὲρ
701 2427 755 2454 τῶν
782 2424 924 2465 ὀροοόόξων

97 2474 276 2510 Χριστιανῶν.
310 2473 358 2501 Καὶ
387 2470 494 2503 ἀδελφοὶ
522 2474 642 2511 συνεχῶς
670 2471 713 2510 τὸ,
739 2471 827 2510 Κύριε,
844 2470 925 2504 ἐλέη-

96 2527 155 2545 σον.
173 2515 258 2556 ’Υπὲρ
274 2515 424 2548 εὒοόώσεως
440 2517 484 2544 καὶ
505 2516 670 2555 ἔνισχύσεως
693 2520 738 2544 τοῦ
754 2514 926 2555 φιλοχρίστου

97 2565 222 2600 στρατοῦ.
237 2560 320 2600 ’Υπὲρ
332 2565 379 2590 τοῦ
390 2561 603 2601 ἀρχιεπισκόπου
613 2561 705 2598 ἡμῶν,
718 2561 761 2588 καὶ
775 2560 864 2593 πείσης
876 2563 925 2594 τῆς

96 2605 123 2633 ἐν
140 2608 247 2646 Χριστῴ
261 2607 340 2644 ἡμῶν
356 2605 548 2645 ἂδελφότητος.
571 2604 653 2644 ’Υπὲρ
674 2609 727 2633 τῶν
748 2604 924 2645 ἀπολειφθέν-

95 2661 149 2679 των
173 2651 298 2690 πατέρων
323 2652 367 2678 καὶ
395 2650 515 2690 ἀδελφῶν
543 2653 631 2688 ἡμῶν,
659 2649 740 2688 ’Υπὲρ
764 2653 817 2677 τῶν
831 2649 925 2678 διακο-

95 2697 212 2725 νούντων
227 2697 273 2724 καὶ
288 2694 502 2729 διακονησάντων
531 2695 612 2729 ἡμῖν.
638 2693 719 2734 ’Υπὲρ
734 2698 786 2722 τὼν
813 2695 925 2731 μισούν-

96 2752 148 2770 των
177 2742 222 2769 καὶ
241 2741 409 2779 ἀγαπώντων
435 2741 520 2777 ἡμᾶς.
553 2739 634 2779 ’Υπὲρ
655 2742 708 2768 τῶν
733 2739 925 2777 ἐντειλιμένων

95 2786 162 2824 ἡμῖν
193 2793 254 2817 τοῖς
286 2784 402 2817 ἀναξίοις
441 2784 565 2824 εὔχεσθαι
608 2785 673 2823 ὑπὲρ
702 2787 799 2815 αὖτῶι,
844 2784 924 2824 ’Υπὲρ

96 2830 262 2870 ἆναῤῥύσιως
292 2832 347 2858 τῶν
369 2828 565 2870 αἰχμαλώτων,
597 2829 678 2869 ’Υπὲρ
693 2833 746 2858 τῶν
772 2832 798 2858 ἐν
823 2828 924 2857 θαλάσ-

967 2153 1127 2185 fratribus:
1140 2153 1430 2188 Benedicite,Patres
1439 2152 1697 2190 sancti,ignoscite
1712 2152 1786 2186 mihi

967 2198 1128 2239 peccatori.
1147 2199 1183 2229 Et
1198 2199 1303 2228 fratres
1321 2207 1328 2227 :
1356 2198 1436 2228 Deus
1457 2198 1591 2236 ignoscet
1616 2197 1682 2234 tibi,
1703 2198 1790 2229 Pater

967 2249 1079 2275 sancte.
1098 2243 1133 2274 Et
1148 2243 1293 2282 incipiunt
1321 2242 1430 2272 fratres
1454 2251 1471 2272 a
1487 2241 1608 2272 dextero
1623 2246 1653 2272 et
1667 2241 1788 2273 sinistro

966 2288 1057 2319 choro
1069 2286 1235 2319 secundum
1246 2286 1384 2317 ordinem
1400 2286 1614 2325 singulifacere
1621 2287 1788 2318 consimili-

966 2337 1011 2364 ter
1017 2337 1046 2364 et
1051 2333 1167 2363 alterab
1173 2332 1266 2363 altero
1274 2331 1559 2372 petere,etaccipere
1566 2331 1788 2365 veniam.donec

966 2387 1071 2408 omnes
1087 2377 1276 2408 absolverint.
1303 2375 1379 2407 Tum
1393 2375 1532 2406 sacerdos
1546 2376 1619 2406 dicit
1634 2386 1641 2408 :
1662 2375 1790 2409 Oremus

967 2432 1020 2463 pro
1032 2421 1211 2453 Christianis
1225 2424 1307 2452 recte
1318 2420 1527 2452 sentientibus.
1541 2421 1578 2451 Et
1593 2421 1699 2451 fratres
1713 2421 1787 2452 assi-

967 2466 1399 2506 due,Domine,miserere.Pro
1411 2465 1492 2496 felici
1503 2465 1623 2502 itinere,
1640 2470 1671 2496 et
1681 2465 1790 2497 robore

969 2512 1130 2544 Christiani
1141 2511 1303 2542 exercitus.
1321 2510 1377 2541 Pro
1393 2510 1619 2551 archiepiscopo
1631 2515 1744 2551 nostro,
1760 2515 1791 2542 et

968 2561 1027 2588 tota
1037 2561 1139 2588 nostra
1149 2556 1179 2587 in
1189 2556 1306 2588 Christo
1317 2555 1511 2586 fraternitate.
1525 2555 1579 2586 Pro
1598 2555 1743 2596 patribus,
1761 2560 1790 2586 et

968 2602 1110 2633 fratribus
1121 2603 1233 2632 nostris
1243 2599 1406 2632 derelictis.
1417 2601 1473 2631 Pro
1486 2600 1693 2638 omnibus,qui
1703 2600 1789 2631 nobis

967 2647 1110 2684 serviunt,
1132 2650 1160 2676 et
1175 2646 1352 2676 servierunt.
1371 2646 1427 2676 Pro
1444 2645 1623 2676 habentibus
1638 2654 1691 2674 nos
1706 2644 1787 2684 odio,

967 2698 996 2724 et
1010 2692 1190 2723 amantibus.
1208 2690 1264 2721 Pro
1289 2689 1441 2727 omnibus,
1456 2690 1507 2729 qui
1526 2700 1543 2720 a
1562 2688 1788 2728 nobisindignis

968 2737 1116 2777 petierunt
1131 2745 1184 2775 pro
1196 2744 1227 2765 se
1246 2737 1335 2765 orari.
1360 2736 1415 2764 I’ro
1430 2734 1639 2773 redemptione
1655 2735 1787 2772 captivo-

966 2791 1044 2813 rum.
1059 2783 1115 2813 Pro
1128 2778 1332 2819 navigantibus
1355 2779 1385 2809 in
1408 2779 1491 2809 mari.
1509 2778 1565 2809 Pro
1573 2778 1742 2818 jacentibus
1758 2778 1787 2809 in

967 2825 1210 2858 infirmitate.Pro
1226 2823 1365 2855 ubertate
1376 2823 1524 2855 fructuum
1537 2827 1634 2854 terrm.
1653 2824 1710 2855 Pro
1726 2832 1787 2853 om-
