2005 3142
609 169 831 202 ACOLUTHIA
855 169 1048 201 TRIPLICIS
1070 169 1189 202 FESTI.

1597 177 1768 203 GCCLXXXIX

115 237 196 269 278.
213 237 274 268 Sed
291 237 320 267 in
336 237 502 275 quastione
516 238 582 270 facti
598 237 798 278 'fpnrticularis
819 237 905 268 facile
918 243 934 265 Α
949 238 1111 277 procedere
1120 247 1173 278 per
1184 237 1344 274 Filium,et
1358 237 1416 269 ait:
1431 248 1444 265 ι
1467 236 1530 268 Hoc
1543 237 1650 276 dogma
1670 238 1762 269 Tara—

70 289 176 312 errare
189 282 282 321 potuit
298 282 470 313 concilium.
485 282 574 314 Multo
593 282 710 322 facilius
725 291 827 313 errare
844 292 897 322 νίν

71 326 114 356 tui
125 326 222 365 egoin
252 327 376 366 hujusce
402 327 490 357 nlﬁuii
522 327 655 367 partibus
680 327 898 366 coujungendis

71 371 333 411 explicandisque:
351 380 449 411 neque
458 372 648 412 dubito,quin
664 372 824 402 erraverim
834 381 898 412 per-

70 423 153 454 saepe
172 423 178 445 :
196 414 263 455 quis
276 415 354 445 enim
373 419 430 446 tarn
447 416 574 453 linceus,
591 417 641 456 qui
657 417 686 446 in
708 415 796 446 tantis
812 420 896 447 tene-

72 459 136 490 bris
152 468 297 500 nusquam
315 459 459 495 oﬁ‘endat.
474 469 618 501 nusquam
636 460 787 492 incurat?
802 460 897 496 Quare

71 512 127 534 oro
149 504 300 535 eruditum
318 504 506 541 |ectorem,ut
523 514 598 545 quos
609 504 843 544 deprehenderit
854 513 897 535 cr-

71 557 168 584 rnres,
188 548 259 579 mihi
271 548 407 580 indicare
417 558 454 580 ne
464 551 689 588 gravetur.Rem
702 553 813 588 gratam
827 558 899 589 prte-

71 593 184 624 stiterit
198 598 310 634 parato,
328 594 378 634 qui
396 594 542 632 corrigam
557 605 563 625 :
579 604 645 625 nam
662 597 706 630 (ut
719 594 823 633 loquar
833 604 899 625 cum

72 638 106 669 S.
119 638 287 677 Augustino
301 639 331 668 in
345 638 610 677 prummiolibri‘u,
623 639 658 669 de
672 638 817 678 Trinit.)n
835 648 899 669 ma—

71 681 119 721 gis
129 681 238 721 optabo
248 691 265 712 a
273 682 405 722 quolibet
421 683 613 722 reprehendi,
627 693 714 724 quam
728 683 790 714 sive
800 683 836 714 ab
848 693 898 714 er-

72 732 170 763 rante,
191 728 253 758 sive
268 727 305 757 ah
321 727 459 758 adulantc
475 728 588 758 laudari
607 737 614 758 ξ
634 728 733 759 nullus
753 728 831 758 enim
849 738 898 759 re-

72 771 241 811 prehensor
255 772 406 802 timendus
421 776 465 802 est
479 772 605 803 amatori
616 772 844 804 veritatis-Hoc
858 777 892 803 ta-

73 825 144 846 men
160 825 277 855 moneo,
294 819 449 853 antiquum
463 817 631 848 Graecorum
646 817 899 858 Oﬁicium,neque

70 860 108 890 ad
126 861 338 900 Anthologium
357 862 479 892 Antonii
496 861 618 892 Arcudii
635 871 732 902 neque
748 862 783 892 ad
801 863 897 892 Horo-

941 282 1002 312 sius
1019 292 1074 312 non
1084 292 1137 321 per
1151 291 1184 314 se
1199 281 1376 321 explanavit,
1394 282 1446 312 sed
1464 291 1516 321 per
1526 282 1690 312 doctrinam
1704 284 1756 316 SS.

940 325 1058 357 Patrum
1070 327 1222 358 confessus
1233 331 1287 357 est.
1296 326 1526 358 "Consulietiam
1542 328 1675 366 potestS.
1685 327 1761 360 ’Πιο-

941 380 1002 401 mas
1019 380 1047 411 p.
1065 380 1084 411 I,
1102 381 1129 411 q.
1149 371 1266 410 36,11“.
1285 372 1314 401 3.
1334 370 1412 401 Nihil
1429 375 1525 401 autem
1556 371 1585 400 in
1603 371 1678 402 hanc
1695 382 1757 404 rem

938 415 1145 455 potestafi'erri
1157 415 1314 446 illustrius.
1331 424 1415 454 qaam
1426 415 1467 452 id,
1481 416 1559 454 quod
1572 415 1602 446 in
1616 426 1668 446 sua
1680 418 1759 448 Cou-

940 459 1102 500 stitutione,
1124 459 1314 500 «Presbyteri
1340 459 1446 500 Graeci,
1473 472 1485 486 η
1512 460 1598 489 habet
1626 461 1763 494 Clemens

941 503 1013 534 Vlll.
1034 517 1047 531 α
1066 504 1160 535 Graeci
1177 504 1283 544 inquit,
1308 504 1433 534 credere
1461 509 1611 541 tenentur,
1629 507 1717 536 etiam
1748 517 1765 538 a

943 548 1017 579 Filio
1027 548 1168 588 Spiritum
1181 553 1315 579 sanctum
1334 548 1507 587 procedere,
1518 549 1569 578 sed
1587 558 1644 580 non
1662 556 1764 582 tenen-

943 596 990 623 tur
1006 594 1211 633 pronuntiare,
1230 593 1285 623 nisi
1312 592 1448 624 subesset
1462 594 1654 632 scandalum;
1687 605 1763 635 prae-

942 639 1044 667 sertim
1070 638 1095 668 si
1126 638 1235 677 degant
1264 639 1343 668 inter
1369 637 1499 677 Latinos,
1525 643 1573 668 aut
1604 641 1764 671 necessitas

943 683 1102 721 postularet
1118 682 1279 713 conﬁtendi
1296 682 1383 713 ﬁdem
1400 683 1587 718 catholicam,
1606 684 1673 723 quia
1695 689 1763 715 tunc

941 731 1090 766 oporteret
1101 727 1188 757 etiam
1206 728 1409 766 pronuntiare.
1426 739 1438 754 ιι

980 771 1049 803 230.
1065 772 1165 810 lgitur,
1182 781 1248 802 cum
1261 772 1309 802 hic
1320 772 1450 802 scaudali
1484 773 1646 812 periculum
1664 773 1765 804 abfue-

941 815 988 852 rit,
1003 815 1040 845 ob
1057 815 1133 846 istud
1151 816 1189 846 de
1207 816 1398 856 processione
1414 825 1447 846 ex
1466 815 1539 847 Filio
1549 816 1764 857 silentium,or.

941 860 1082 891 thodoxia
1092 860 1214 892 Joannis
1227 861 1258 890 in
1267 861 1468 900 suspicionem
1479 861 1576 891 vocari
1587 871 1645 891 nou
1658 867 1763 901 potest:

72 904 186 944 logium
199 905 454 945 Cryptaa-l'erratae
469 906 583 936 ordinis
593 905 623 937 S.
637 906 748 943 Basilii,
761 911 897 946 tanquam
913 920 929 944 η
941 905 1075 944 adeoque
1092 914 1147 935 nec
1162 905 1226 944 ipsa
1241 904 1385 935 institutio
1397 905 1473 940 testi,
1500 905 1704 945 ordinatioque
1718 907 1764 937 of—

70 949 109 979 ad
123 958 208 980 suam
225 959 372 987 normam,
388 950 566 990 exigendum
581 960 648 981 esse
665 961 672 981 '.
691 951 760 991 quia
776 951 831 982 hoc
843 951 898 983 Ho-

70 993 219 1033 rologium
246 993 353 1025 ritibus
381 995 492 1025 Latinis
520 995 702 1026 conformius
727 1001 783 1032 est,
811 1005 897 1036 quam

73 1038 189 1069 Graecis
206 1047 213 1069 :
231 1038 304 1069 illud
317 1044 416 1070 autem
431 1039 642 1078 Anthologium
660 1044 772 1071 tantum
789 1045 832 1070 est
847 1050 899 1080 pro

76 1083 127 1119 iis,
148 1093 163 1112 ι
179 1083 229 1123 qui
240 1083 297 1113 iter
308 1087 429 1122 agentes
445 1093 496 1114 seu
520 1092 644 1123 peregre
661 1084 897 1123 proﬁciscentes,

72 1131 266 1166 aegrotantes,
286 1127 328 1158 vel
345 1127 418 1158 alias
431 1127 563 1168 legitime
578 1128 727 1168 impediti,
745 1130 836 1160 choro
854 1133 899 1159 in-

71 1176 193 1202 teresse
207 1176 370 1212 nequeunt,
391 1183 404 1202 ι
421 1175 453 1202 ut
469 1174 551 1212 patet
565 1181 598 1203 ex
612 1173 720 1204 litteris
731 1172 902 1211 ;Clemenlis

71 1225 158 1256 papae
171 1215 236 1248 Vill
246 1216 284 1246 ad
301 1216 436 1256 ejusdem
452 1216 623 1257 Antbologti
653 1217 766 1248 calcem
797 1218 900 1257 legen-

73 1260 133 1291 dis.

114 1304 187 1344 2L9.
207 1306 248 1336 De
265 1304 460 1344 hujusvol’ﬁcii
470 1309 594 1337 auctore
618 1307 733 1337 Joanne
757 1305 900 1338 Eochaita

70 1349 212 1381 dubitare
227 1349 466 1391 poteritaliquis,
495 1350 718 1382 orthodoxusne
745 1351 847 1388 fuerit,
862 1360 900 1382 an

68 1394 230 1425 haereticus
246 1402 253 1424 :
269 1394 434 1434 quia,num.
455 1397 465 1425 Ἰ
474 1395 523 1432 86,
537 1395 649 1426 diserte
665 1395 817 1426 afﬁrmans
828 1405 898 1435 pro-

68 1438 236 1469 cessionem
252 1437 382 1479 Spiritus
396 1447 412 1469 a
425 1439 509 1470 Patre
535 1442 614 1471 tacet
628 1440 665 1470 de
679 1439 753 1471 Filio
767 1450 775 1478 ;
803 1449 898 1480 eoque

69 1488 170 1523 potest
181 1483 211 1513 in
223 1483 424 1523 suspicionem
438 1483 549 1522 venire,
562 1493 600 1515 ne
611 1485 764 1516 communi
776 1484 896 1516 Graeco-

70 1536 139 1559 rum
157 1527 286 1568 plurium
301 1536 404 1559 errore
419 1528 558 1559 eumdem
570 1538 587 1559 a
602 1528 676 1560 Filio
692 1538 811 1570 quoque
826 1539 895 1570 pro-

71 1572 183 1622 cedere
198 1581 256 1623 non
267 1572 439 1623 crediderit.
459 1573 561 1623 Error,
594 1573 700 1623 fateor,
723 1573 897 1623 hic_t‘uisset
908 1598 928 1623 ο

69 1617 182 1656 gravis,
199 1621 230 1648 et
240 1616 361 1658 quidem
372 1617 434 1657 jam
461 1622 521 1648 tum
538 1617 696 1649 damnatus
721 1627 738 1649 a
766 1618 899 1650 Romana

71 1660 222 1697 Ecclesia;
238 1661 291 1692 sed
304 1670 339 1692 ex
351 1662 407 1692 isto
418 1661 548 1699 silentio,
566 1662 672 1693 Joanni
684 1662 727 1693 illi
752 1663 900 1694 haereseos

71 1709 142 1736 nota
157 1705 285 1736 aﬂ'ricari
302 1714 360 1736 non
376 1710 482 1744 potest.
502 1705 574 1736 Nam
590 1707 638 1746 (ut
653 1710 698 1736 est
712 1707 789 1746 apud
806 1707 899 1738 Baro’

73 1750 157 1780 nium
168 1753 240 1781 tom.
253 1748 291 1780 IX
303 1750 340 1780 ad
353 1758 400 1780 an.
416 1749 484 1788 791)
496 1749 601 1788 Graeci,
614 1750 748 1782 dicentes
755 1752 898 1792 Spiritum

71 1799 210 1825 sanctum
222 1803 239 1825 a
254 1795 342 1826 Patre
353 1794 530 1834 procedere,
540 1795 593 1826 sed
609 1805 668 1826 non
684 1800 826 1835 negantes
835 1806 903 1837 pro-

72 1839 311 1879 cedereaFilio,
329 1848 389 1869 non
404 1839 574 1877 demantur;
598 1840 650 1871 sed
674 1840 720 1871 illi
748 1840 901 1881 duntaxat,

73 1884 124 1925 qni
135 1883 166 1914 id
178 1888 301 1923 negant.
314 1885 412 1924 Atque
426 1884 482 1914 hoc
495 1884 582 1915 modo
594 1885 747 1916 Adrianus
769 1895 854 1926 papa,
871 1887 900 1918 in

73 1927 324 1970 responsionibus
334 1929 371 1959 ad
382 1928 522 1960 Carolum
528 1929 667 1968 Magnum
677 1930 753 1961 datis
759 1931 902 1963 adversus

73 1974 177 2015 synodi
191 1973 335 2005 secundes
343 1972 469 2005 Nicante
479 1973 695 2008 obtrectatores
709 1981 831 2007 excusat
844 1976 902 2008 Ta-

74 2019 198 2059 rasium,
214 2018 268 2059 qui
285 2016 428 2058 Spiritum
440 2022 575 2050 unctum
606 2019 720 2051 dixerat
747 2029 783 2052 ex
815 2020 903 2054 Patre

379 2197 428 2228 DE
452 2197 685 2230 RECENTIORI
708 2200 924 2238 TRIBUSQUE

942 949 1014 986 ﬁcii,
1032 959 1158 989 quorum
1173 959 1261 980 causa
1276 949 1338 980 haec
1355 949 1596 989 tractavimus,ad
1613 951 1701 980 trium
1714 952 1766 981 do-

942 1000 1054 1024 ctorum
1071 993 1242 1025 Graecorum
1259 1003 1447 1024 communem
1464 993 1594 1024 laudem.
1611 995 1672 1024 Nec
1685 996 1764 1026 enim

942 1038 984 1069 fas
1000 1042 1037 1069 sit
1048 1039 1177 1078 opinari,
1195 1048 1247 1069 eos
1260 1048 1293 1069 se
1304 1038 1433 1069 voluisse
1450 1047 1503 1077 per
1513 1039 1665 1069 hominem
1674 1040 1767 1070 haere-

946 1084 1035 1114 ticuiu
1055 1083 1104 1113 toti
1119 1083 1262 1116 Orientali
1278 1083 1419 1114 Ecclesiae
1439 1083 1661 1121 commendare,
1689 1085 1767 1117 velut

944 1138 979 1158 ex
996 1128 1176 1159 revelatione
1191 1128 1332 1158 divinitus
1348 1129 1432 1159 facta.
1460 1129 1575 1158 Maneat
1593 1128 1681 1159 etiam
1712 1139 1766 1159 no~

946 1173 1145 1212 bisploannes,
1164 1182 1199 1203 eo
1215 1173 1294 1211 quod
1311 1181 1329 1203 a
1343 1172 1455 1204 Graecis
1472 1174 1540 1211 jure
1551 1173 1763 1212 appellabatur,

947 1230 958 1245 α
975 1222 1092 1248 sanctus
1107 1219 1195 1248 Pater
1206 1222 1338 1257 nosterp
1357 1217 1426 1247 licet
1438 1217 1562 1247 necdum
1579 1222 1762 1257 compertum

943 1265 991 1298 sit,
1004 1272 1039 1293 an
1052 1266 1080 1293 et
1091 1272 1148 1302 quo
1160 1261 1331 1293 diefuerita
1352 1261 1414 1292 suis
1435 1261 1583 1292 Euchaitis
1608 1262 1716 1303 cultus,
1734 1269 1765 1293 ut

943 1307 1021 1345 talis;
1033 1312 1059 1337 et
1072 1307 1234 1337 credantur
1244 1306 1336 1337 sancti
1348 1305 1415 1345 ipsi,
1427 1315 1463 1336 ea
1475 1306 1542 1336 novi
1557 1306 1605 1336 sui
1632 1306 1700 1337 festi
1714 1307 1763 1338 in—

943 1352 1105 1390 stitutione,
1125 1351 1269 1391 ipsismet,
1285 1350 1336 1391 qui
1353 1350 1426 1381 illud
1443 1354 1514 1381 tunc
1530 1353 1698 1391 suscepturi
1715 1361 1764 1383 es-

942 1400 1020 1433 sent,
1034 1395 1156 1432 Griecis,
1169 1400 1306 1436 tanquam
1324 1395 1393 1426 ﬁdei
1409 1403 1468 1426 ase
1481 1394 1644 1435 praedicata:
1666 1400 1764 1427 secta-

941 1441 1067 1476 toribus,
1101 1439 1301 1470 testimonium
1326 1439 1446 1470 dedisse
1475 1439 1668 1475 orthodoxize,
1699 1441 1768 1473 licet

939 1486 1035 1526 quoad
1053 1484 1129 1515 istud
1144 1489 1287 1525 punctum
1306 1483 1404 1515 minus
1417 1484 1576 1524 explicita},
1608 1485 1763 1516 dilucida:-

939 1540 1007 1571 que,
1024 1529 1133 1561 Oretur
1146 1532 1245 1560 autem
1263 1529 1394 1568 ipsorum
1411 1528 1564 1559 doctorum
1581 1528 1664 1569 trias,
1682 1535 1713 1560 ut
1728 1531 1764 1561 ad

943 1575 1010 1605 ﬁdei
1028 1574 1181 1605 catholicae
1202 1573 1311 1604 unitate
1326 1575 1354 1610 u',
1385 1582 1471 1613 quam
1505 1573 1561 1613 ipsi
1590 1578 1761 1615 tenuerunt,

941 1620 1069 1650 redeant
1084 1628 1190 1649 Omnes
1205 1617 1314 1658 ubique
1331 1627 1434 1648 eorum
1447 1618 1569 1657 posteri,
1583 1618 1690 1657 quibus
1704 1623 1763 1650 tam

941 1664 1061 1695 salutari
1078 1663 1211 1694 doctrina
1225 1662 1297 1692 olim
1309 1662 1365 1692 frui
1379 1666 1408 1692 et
1424 1662 1576 1693 informari
1595 1662 1676 1692 licuit
1701 1674 1708 1693 :
1732 1673 1765 1695 ac

941 1709 1018 1740 salva
1044 1708 1152 1738 rituum
1170 1708 1238 1738 hinc
1250 1706 1338 1736 illinc
1356 1706 1544 1736 laudabiliter
1564 1707 1763 1739 institutorum

943 1753 1124 1793 diversitate,
1153 1758 1209 1782 tam
1228 1751 1271 1782 illi
1299 1755 1472 1782 reverenter
1500 1751 1663 1790 suspiciant
1687 1754 1766 1784 Lati-

943 1808 1049 1830 norum
1064 1797 1228 1828 ofﬁciorum
1245 1804 1363 1826 cursum
1389 1795 1570 1832 breviorem,
1598 1806 1684 1836 quam
1712 1797 1764 1828 La.

945 1844 997 1874 tini
1011 1842 1136 1883 probant
1164 1840 1352 1881 prolixiorem
1379 1841 1549 1871 Graecorum
1575 1840 1630 1870 hoc
1657 1845 1764 1873 tracta-

945 1893 974 1918 tu
991 1887 1183 1926 explicatum,
1211 1885 1246 1915 ad
1279 1885 1345 1924 ejus
1366 1884 1521 1921 honorem,
1550 1895 1637 1925 quem
1668 1887 1766 1918 omnis

943 1933 1041 1972 lingua
1059 1931 1157 1962 laudat
1175 1929 1346 1965 Dominum,
1378 1930 1408 1959 in
1437 1929 1546 1960 saecula
1574 1931 1764 1962 saeculorum.

944 1977 1050 2008 Amen.

945 2200 1166 2234 GRECORUM
1197 2197 1445 2236 DOCTORIBUS,

260 2296 526 2357 BASILIO,
571 2299 961 2351 NAZlANZENO
1002 2301 1080 2349 ET
1119 2299 1598 2356 CHRYSOSTOMO,

756 2409 934 2444 COMMUNI
964 2410 1093 2447 FESTO,

166 2497 226 2528 Per
255 2497 407 2529 Joannem
436 2497 670 2539 metropolitam
700 2499 921 2532 Euchaitarum

947 2499 1093 2532 instituto
1116 2499 1321 2539 ipsorumque
1347 2498 1484 2538 vulgatis
1509 2497 1665 2530 iconibus.

114 2678 284 2720 Janningns
292 2684 406 2720 noster,
418 2680 454 2711 ad
471 2681 549 2712 diem
564 2689 583 2713 v
594 2681 687 2722 Junii,
701 2682 730 2712 in
741 2681 903 2713 Corollario

76 2723 113 2754 de
128 2723 226 2755 tribus
241 2724 353 2756 sanctis
367 2725 533 2762 Dorotheis,
546 2727 633 2757 unius
647 2735 752 2757 eorum
770 2727 838 2757 dicti
855 2727 903 2757 Ju-

76 2767 172 2799 niox'is
189 2768 285 2800 Vitam
300 2769 435 2808 daturus,
450 2774 572 2801 auctore
587 2772 701 2802 Joanne
718 2772 903 2812 metropolita

77 2811 304 2854 Euehaitarum,
320 2813 358 2845 de
371 2814 460 2853 hujus
475 2819 575 2856 astate,
590 2815 674 2856 scde,
685 2821 773 2854 atque
785 2811 904 2856 scriptis

251 2876 376 2908 Pnaon
409 2877 466 2908 Gn.
490 2877 602 2909 XXIX.

945 2681 1089 2722 prolixius
1103 2684 1161 2720 agit
1178 2684 1240 2712 toto
1255 2680 1270 2720 §
1285 2680 1315 2719 3;
1332 2680 1489 2721 docetqoe,
1505 2689 1539 2710 ex
1555 2679 1675 2711 Andrea
1692 2680 1767 2710 Dar-

945 2725 1053 2766 mario,
1064 2728 1130 2766 post
1136 2734 1231 2756 annos
1240 2733 1383 2758 cccc:wa
1394 2734 1484 2765 opera
1497 2723 1770 2755 illius'describen‘

945 2771 1092 2811 te,eisque
1101 2769 1298 2810 prtemittente
1313 2769 1464 2810 epitomen
1471 2768 1677 2809 vitae,coepisse
1687 2768 1769 2800 illum

945 2814 1156 2846 Euchaitarum
1165 2814 1327 2845 Ecclesiam
1338 2823 1444 2853 regere
1450 2813 1505 2845 sub
1515 2813 1768 2845 Constantinoﬂo-

1434 2885 1451 2906 Ξ
