2005 3142
236 177 330 202 CCCXC.

912 167 1008 199 PROL
1015 168 1037 199 E
1045 167 1217 199 GOMENA.

240 237 384 268 nomacho
400 240 428 267 et
440 235 630 274 imperatrice
646 234 714 266 Zoe.
732 234 869 274 Suscepit
895 234 1056 275 imperium
1070 242 1087 264 Α
1100 235 1227 266 lnstituti
1241 239 1340 267 autem
1356 235 1423 266 festi
1447 235 1579 273 historia,
1596 244 1682 276 quam
1713 236 1790 273 dixi,
1820 246 1932 269 conse-

238 281 449 312 Monontachus
459 290 536 310 anno
546 288 639 311 MXLH.
653 285 681 310 et
694 280 787 310 tenuit
809 288 902 320 usque
913 279 950 310 ad
976 288 1057 316 κων,

239 326 427 366 perrexitque
437 334 564 364 regnare
577 325 643 364 ejus
661 334 735 356 uxor
745 324 803 355 Zoe
815 333 908 365 usque
917 324 953 355 ad
967 332 1058 355 uLvtt.

239 372 435 403 Sucesserunt
445 369 474 400 in
486 369 613 409 sceptris
626 369 749 400 Michael
761 369 954 401 Stratonicus.
975 370 1059 400 [saa-

238 425 291 446 cus
301 417 490 451 Commenus,
504 413 712 445 Constantinus
723 413 984 451 Ducas,Romanus
994 413 1059 444 Dio-

238 470 338 500 genes.
353 459 478 491 Michael
494 459 604 495 Ducas,
626 464 655 490 et
682 458 868 499 Nicephorus
890 458 1059 489 Botoniates

239 514 333 545 usque
347 505 381 534 ad
392 513 504 535 annum
517 512 639 544 ILXXXI;
654 505 771 544 quando
788 507 906 534 evectus
915 503 950 533 ad
975 503 1057 533 thro-

238 559 308 580 num
323 549 376 579 fuit
387 548 508 579 Alexius
518 549 707 586 Commenus;
720 552 749 580 et
759 549 856 580 adhuc
867 548 896 578 in
917 548 987 578 vivis
999 552 1060 578 erat

239 594 438 634 pralautlatus
454 593 592 624 Joannes.
610 595 668 625 Isto
684 593 764 624 enim
780 602 858 624 anno
870 593 1058 624 occasionem

237 639 335 669 datam
356 637 447 668 fuisse
470 647 548 668 novo
563 638 650 676 festo,
667 637 705 668 de
731 647 790 676 quo
816 646 905 676 agere
933 637 982 668 hic
1011 637 1059 667 in-

238 683 399 719 stituimus,
415 682 590 722 intelligitur
617 692 651 714 ex
685 683 727 713 rei
756 686 846 722 gesta:
875 682 1059 718 narratione,

238 737 304 769 qua;
316 728 422 766 legitur
436 727 466 757 in
481 727 597 758 excusis
612 728 732 758 Menaeis
763 727 798 757 ad
816 727 894 757 diem
925 735 980 757 xxx
1008 727 1060 757 Ju-

239 771 347 808 nuarii,
364 771 484 811 quando
500 771 577 801 istud
601 771 709 802 festum
743 770 852 801 ibidem
877 770 920 800 sic
949 769 1058 800 indici-

237 820 287 847 tur
304 820 362 854 :Tit
376 817 442 854 ἀυτῇ
458 817 521 853 μηνῖ
537 816 583 845 Α¹.
597 816 755 854 «Ejusdem
774 815 886 846 mensis
897 815 945 845 die
959 823 1027 845 xxx.
1044 827 1055 842 ο

239 863 339 899 Ην-ιξμη
356 862 409 889 τῶν
425 861 451 888 ὲν
472 860 574 899 Ἀγίοις
604 861 726 900 Πατέρων
751 861 830 897 ἡμῶν
855 861 898 888 καὶ
925 861 1058 896 οἰκονομι-

1101 285 1228 320 quenter
1239 280 1409 317 deducitur,
1431 280 1480 311 hic
1492 285 1590 311 atttem
1600 280 1705 311 Latine
1716 281 1877 313 redditura
1894 284 1935 315 Β.

1103 325 1134 355 P.
1150 325 1270 356 Nicolao
1284 325 1388 366 Rayaeo
1401 325 1432 356 S.
1445 326 1478 356 T.
1494 325 1526 356 P.
1541 325 1648 356 studiis
1658 325 1740 357 hisce
1767 328 1889 364 nostris,
1903 328 1936 358 iu

1102 378 1185 409 spem
1195 370 1402 400 continuandae
1415 369 1614 400 sucorssionis
1624 374 1652 400 et
1663 372 1818 410 operis,ex
1827 372 1937 403 volun-

1102 418 1160 445 tate
1176 416 1364 456 superiorum
1381 424 1461 445 nunc
1475 415 1603 454 primum
1633 415 1746 453 addito,
1778 426 1845 447 cum
1874 417 1937 451 huc

1101 467 1195 499 usque
1214 467 1368 499 progressa
1385 459 1540 499 impressio
1557 464 1585 490 et
1601 459 1735 500 reliquus
1745 460 1859 492 mensis
1877 461 1933 492 Ju-

1102 503 1168 533 nius
1183 503 1266 542 prelo
1283 508 1361 534 esset
1374 508 1501 543 paratus.
1516 504 1618 544 Itaque
1633 504 1728 544 ipsius
1744 514 1857 536 nomen
1872 506 1933 536 mi-

1103 557 1158 578 nus
1168 547 1340 588 frequenter
1351 547 1764 588 hic,frequentissimeautem
1777 555 1930 588 recurret,

1103 594 1164 623 Deo
1177 593 1279 630 dante,
1295 593 1324 623 in
1336 598 1477 624 secuturo
1495 599 1560 633 post
1584 593 1704 624 Junium
1722 594 1812 634 primi
1828 604 1931 626 seme-

1101 638 1170 668 stris
1186 637 1410 678 Supplemento.
1424 637 1545 668 lnterim
1559 637 1743 678 ejus,G-'zece
1753 639 1832 670 bene
1841 641 1933 680 periti

1102 691 1202 722 operte
1213 686 1368 723 acceptum
1381 682 1470 719 refer,
1484 683 1588 722 leelor,
1600 683 1626 713 si
1637 684 1709 713 Acta
1721 683 1875 724 Graeca,in
1888 685 1933 714 di-

1104 727 1193 758 midia
1202 735 1268 767 quae
1279 726 1480 766 imprimenda
1493 730 1584 758 restat
1601 728 1679 758 Junii
1696 733 1780 768 parte
1791 737 1931 759 occursu-

1101 781 1145 812 ra,
1159 771 1288 812 accipias
1298 772 1374 802 haud
1386 772 1473 812 paulo
1488 772 1799 813 emendatiora,quam
1813 773 1885 804 dare
1896 773 1925 803 in

1101 817 1190 856 priori
1206 821 1288 856 parte
1305 817 1396 857 potui,
1421 816 1625 856 multipliciter
1645 817 1809 848 distractus
1825 817 1855 848 in
1878 827 1929 849 re~-

1100 861 1313 901 sponsionibus
1323 861 1358 891 ad
1372 861 1576 892 Carmeliticas
1589 862 1795 892 accusationes
1818 862 1923 903 depror

237 910 292 935 κῶν
320 905 495 942 διδασκάλων,
521 904 659 933 Βασιλείου
688 910 734 934 τοῦ
762 904 895 944 Μεγάλου,
913 904 1056 943 Γρηγορίου

1102 906 1254 946 parandis,
1271 910 1300 937 et
1315 905 1490 936 defensione
1506 905 1607 936 Romae
1622 911 1709 946 atque
1739 907 1854 938 Madriti
1880 908 1926 938 in-

236 951 283 979 τοῦ
299 950 442 990 Θεολόγου,
466 951 509 977 καὶ
526 949 648 978 Ἰωάννου
662 954 707 978 τοῦ
737 949 934 987 Χρυσοατόμου.
955 959 966 975 σ
994 948 1059 979 Me-

237 995 332 1026 moria
347 999 514 1025 sanctorum
531 995 648 1025 Patrum
669 997 837 1024 nostrorum
855 997 884 1023 et
897 993 1060 1024 aecumeni-

238 1049 340 1071 corum
357 1041 528 1076 Doctorum,
543 1038 645 1069 Basilii
660 1038 766 1078 Magni,
798 1038 932 1077 Gregorii
960 1036 1060 1068 Theo—

237 1085 296 1123 logi
313 1088 343 1116 et
357 1085 459 1115 Jannis
476 1083 686 1124 Chrysostomi.
708 1095 721 1111 ι

279 1159 362 1191 Hanc
394 1159 586 1190 indictionem
616 1161 748 1196 sequitur
780 1156 952 1190 sticherum,
999 1164 1057 1186 non

238 1206 326 1236 unius
341 1208 372 1234 ut
386 1204 447 1234 fere
458 1203 540 1240 alias,
559 1202 690 1239 distichi,
709 1202 760 1233 sed
775 1202 969 1232 distichorum
988 1201 1059 1231 iam-

238 1250 372 1281 bicorum
389 1249 510 1279 omnino
526 1248 782 1288 sedecim;estque
798 1247 827 1277 iu
840 1247 900 1277 fine
916 1246 1040 1276 hexame
1055 1263 1058 1266 -

238 1299 317 1332 tron,
337 1293 468 1324 metrica
482 1291 666 1333 ephemeridi
683 1297 796 1332 aptum,
811 1291 866 1321 hoc
882 1292 971 1320 modo
989 1301 996 1321 z

278 1348 390 1384 Δάμψεν
401 1347 438 1374 Evt
453 1348 596 1383 τριακοστῇ
623 1344 845 1384 χρυςοτρισήλιος
869 1344 964 1383 αἴγλη.

277 1399 349 1432 Sole
364 1401 441 1431 m'tet
457 1399 577 1438 triplici
590 1398 699 1429 mensis
714 1398 866 1429 tricesima
895 1396 980 1428 Jam’.

1102 951 1319 982 struendaLeo
1330 951 1456 982 Allatius
1469 951 1498 981 in
1510 959 1564 981 sua
1576 951 1613 981 de
1621 953 1801 990 Symeonum
1811 952 1928 992 scriptis

1102 996 1232 1027 Diatriba
1244 997 1327 1036 pag.i
1337 996 1373 1027 12
1383 996 1496 1027 indicat
1503 1001 1654 1036 repertum
1666 1005 1684 1027 δ
1695 1006 1726 1026 se
1738 997 1863 1028 Joannis
1872 1007 1928 1028 me

1105 1041 1252 1081 tropolitaa
1282 1040 1489 1072 Euchaitarum
1522 1041 1673 1080 Ἐγκώμιον
1701 1043 1738 1073 εἷς
1769 1043 1831 1072 τοὺς
1855 1043 1926 1081 τρεῖς

1103 1087 1192 1125 ἁγίους
1218 1087 1366 1126 ίεράρχας,
1396 1086 1532 1114 Βασίλειον
1560 1087 1605 1114 τὸν
1631 1088 1720 1125 Μέγαν
1737 1112 1743 1123 ,
1782 1088 1925 1126 Γρηγόριον

1101 1130 1146 1157 τὸν
1177 1129 1309 1168 Θεολόγον
1337 1130 1380 1157 καὶ
1409 1129 1536 1163 Ἰωάννην
1564 1131 1609 1158 τὸν
1642 1131 1839 1168 Κρυενόειτιηιιοι¹
1871 1131 1926 1161 hoc

1102 1173 1263 1214 principio,
1291 1179 1368 1213 Τρετς
1399 1186 1432 1212 με
1461 1176 1525 1214 πρὸς
1561 1175 1708 1214 τριώνυμον
1735 1177 1925 1214 παροτρύνουσι

1101 1219 1214 1251 χίνητιν.
1236 1229 1247 1246 ι
1265 1219 1339 1248 Tres
1355 1227 1403 1248 me
1418 1218 1455 1248 ad
1473 1218 1664 1249 trinominem
1690 1223 1802 1250 motum
1834 1224 1924 1250 exsti-

1101 1263 1223 1292 mulant.
1247 1277 1258 1291 ο
1275 1261 1393 1294 Utinam
1417 1262 1583 1294 addidisset
1609 1263 1746 1304 Allatius,
1774 1264 1925 1295 undenam

1103 1311 1182 1337 tolns
1197 1311 1339 1338 contexus
1355 1306 1475 1338 Graecus
1491 1307 1596 1338 haberi
1610 1308 1711 1348 possit!
1737 1309 1807 1349 quid
1825 1309 1855 1340 ni
1883 1314 1926 1340 ta-

1106 1361 1173 1382 men
1190 1352 1375 1392 suspicemur
1389 1352 1459 1382 inde
1473 1355 1627 1392 sumptam
1643 1361 1708 1384 esse
1726 1354 1822 1393 ipsam
1849 1354 1926 1385 hanc

1105 1405 1194 1436 qnam
1207 1396 1344 1436 subjicio,
1363 1396 1516 1428 historiam
1529 1399 1544 1428 ?

648 1657 982 1711 HISTORIA
1030 1654 1552 1710 INSTlTUTIONIS

571 1824 616 1854 Ex
639 1822 768 1854 Meneis
792 1822 965 1862 impressis,
1003 1822 1175 1862 interprete
1203 1821 1333 1854 Nicolao
1359 1823 1472 1862 Rayeo
1499 1823 1530 1854 8.
1561 1823 1588 1853 Ι.

280 2047 374 2079 Causa
403 2048 491 2087 hujus
515 2048 581 2078 festi
621 2048 688 2079 talis
732 2048 853 2079 exstitit.
893 2047 1062 2089 lmperante

238 2091 342 2123 Alexio
354 2091 529 2130 Commeno,
542 2092 591 2132 qui
605 2096 671 2132 post
682 2092 868 2123 Botoniatem
881 2097 1000 2133 sceptra
1012 2094 1063 2122 im-

1144 2048 1176 2076 ’l-I
1193 2048 1262 2076 αἰτία
1282 2048 1330 2082 τῆς
1354 2049 1446 2087 ἑορτῆς
1462 2048 1554 2087 γέγονε
1581 2052 1677 2078 ουτως.
1707 2046 1768 2075 Ἐπὶ
1796 2048 1847 2080 τῆς
1882 2046 1927 2084 βα-

1104 2092 1204 2124 σιλείας
1228 2093 1275 2122 τοῦ
1301 2091 1431 2132 Ἀλεξίου,
1456 2093 1484 2124 ὃς
1515 2093 1582 2131 μετὰ
1611 2091 1773 2124 Βοτονιάτην
1797 2091 1830 2120 τὰ
1855 2093 1926 2123 σκῆ-

239 2137 314 2176 perii
331 2136 474 2176 suscepit,
492 2142 555 2167 orla
573 2141 617 2167 est
629 2137 887 2177 Constantinopoli
901 2138 1056 2176 dissensio,

1102 2149 1169 2177 πτρα
1194 2141 1243 2171 τῆς
1272 2137 1407 2176 βασιλείας
1437 2137 1552 2177 ἐδέξατο,
1587 2137 1615 2165 ἐν
1645 2135 1926 2165 Κωνσταντινουπόλει

240 2182 318 2212 inter
329 2182 406 2212 viros
419 2181 544 2212 scientia
560 2185 589 2212 et
604 2181 670 2212 vitae
695 2181 839 2221 probitate
868 2182 1057 2221 conspicuos.

237 2226 294 2257 Alii
311 2227 705 2265 commendabantMaguum
731 2226 884 2263 Basilium,
910 2226 1057 2263 dicentes,

238 2281 305 2301 eum
322 2272 380 2302 alta
396 2275 424 2301 et
441 2280 544 2310 magna
556 2271 727 2310 prmtlicare,
745 2279 845 2301 rerum
863 2271 994 2300 omnium
1009 2279 1059 2300 na-

241 2319 334 2345 turum
349 2315 467 2353 ingenio
481 2315 644 2354 discutere,
663 2315 768 2345 virtute
798 2315 892 2346 ferme
915 2323 1058 2354 superare

239 2359 371 2398 angelos,
388 2359 435 2389 vel
451 2369 508 2389 non
524 2359 610 2390 facile
637 2359 707 2399 ipsis
722 2359 889 2390 concedere
909 2369 916 2397 ;
946 2359 1058 2399 pollere

241 2413 356 2433 morum
370 2403 521 2442 gravitate.
540 2412 638 2443 neque
652 2403 811 2444 quidquam
829 2409 978 2434 terrenum
1004 2404 1058 2434 lia-

241 2448 322 2478 bere.
337 2447 540 2478 Extenuabant
551 2453 649 2478 autem
663 2448 752 2478 iidetn
766 2448 807 2479 illi
820 2449 952 2479 divinum
965 2448 1056 2488 Chry-

241 2496 416 2526 soslomum,
427 2494 509 2532 quasi
521 2491 590 2523 huic
601 2492 723 2522 omnino
733 2492 912 2532 oppositum,
924 2502 958 2524 ac
969 2493 1057 2524 talem

240 2536 325 2576 cujus
343 2536 486 2576 optimum
503 2545 652 2576 quemque
665 2536 804 2567 facillime
819 2538 948 2569 tmtleret.
969 2538 1026 2568 Alii
1041 2547 1059 2569 e

240 2580 388 2612 contrario
395 2580 533 2610 ettmdem
542 2580 672 2610 divinum
686 2580 925 2620 Clirysostomum
937 2583 1059 2613 extolle-

239 2625 405 2662 bant,velut
413 2624 577 2664 impensius
587 2625 719 2655 deditum
733 2625 887 2663 doctrinm,
899 2631 929 2657 et
938 2631 1058 2659 cunctos

238 2671 395 2701 ducentem
409 2669 529 2700 lenitate
540 2669 693 2709 orationis,
709 2674 921 2711 vocantemque
935 2672 970 2701 ad
981 2675 1057 2702 resi-

237 2715 422 2754 piscentiam,
435 2713 554 2744 demum
568 2714 775 2745 melliﬂuorum
788 2715 945 2746 verborum
963 2716 1060 2746 mulli-

238 2759 340 2790 tudine
349 2763 377 2789 et
389 2758 552 2790 subtilitate
558 2759 767 2798 cogitationum
780 2769 849 2791 eum
864 2760 1058 2801 praeferebant

237 2803 340 2842 Magno
351 2803 459 2834 Basilio
469 2807 499 2834 et
509 2802 652 2843 Gregorio
663 2802 887 2843 Theologo.Alii
898 2814 967 2844 erga
978 2805 1056 2836 hunc

238 2849 331 2889 magis
347 2847 562 2886 afﬁciebantur,
576 2848 699 2888 perinde
711 2858 745 2880 ac
758 2850 783 2880 si
807 2849 946 2890 eleganti,
962 2849 1054 2887 vario,

1101 2183 1193 2210 στάσις
1210 2183 1302 2221 γέγονε
1317 2182 1387 2221 παρᾶ
1403 2185 1455 2209 τῶν
1481 2182 1631 2221 ἐλλογίμων
1655 2182 1698 2209 καὶ
1723 2181 1855 2219 ἐναρὲτων
1876 2180 1924 2208 ἆν-

1100 2226 1178 2265 δρῶν·
1204 2228 1257 2254 τῶν
1286 2227 1334 2264 μέν
1357 2226 1547 2266 ὑπερτιθὲντων
1577 2228 1622 2255 τὸν
1657 2226 1745 2264 Μέγαν
1770 2225 1923 2261 Βασιλειον,

1099 2272 1233 2310 ὒψήγορον
1246 2272 1323 2299 αὐτὸν
1347 2271 1492 2310 λεγόντῶν,
1516 2273 1553 2302 ὡς
1581 2271 1629 2305 τὴν
1658 2272 1712 2298 τῶν
1735 2269 1819 2299 ὄντων
1848 2271 1925 2309 ῳύσιν

1101 2315 1304 2354 ἐξερευνήσαντα
1321 2317 1365 2344 καὶ
1380 2322 1440 2347 ταῖς
1467 2317 1574 2355 ἀρεταῖς
1601 2316 1696 2355 μικροῦ
1714 2321 1772 2347 τοῖς
1796 2314 1922 2354 ἀγγέλοις

1099 2360 1351 2400 παραμιλλώμενον,
1368 2361 1411 2388 καὶ
1427 2361 1465 2398 μὴ
1479 2359 1502 2388 δ’
1517 2361 1548 2389 ἐκ
1571 2364 1617 2388 τοῦ
1630 2359 1775 2399 προχείρου
1807 2370 1922 2399 συγχω-

1100 2409 1203 2444 ροῦντα,
1246 2405 1289 2432 καὶ
1329 2406 1359 2432 τὸ
1389 2405 1451 2438 ἦθος
1483 2404 1605 2443 ἐμϐριθῆ,
1642 2405 1686 2432 καὶ
1710 2403 1793 2441 μηδὲν
1830 2405 1922 2443 γήινον

1100 2449 1209 2490 ἔχοντα·
1227 2448 1438 2485 ὑποϐιϐαζόντων
1452 2449 1479 2478 δὲ
1492 2451 1537 2478 τὸν
1553 2452 1625 2478 Θεῐον
1655 2449 1854 2487 Χρυσόπομον,
1886 2449 1922 2478 ὡς

1100 2494 1222 2526 ἐναντίως
1245 2493 1320 2528 δῆθεν
1349 2493 1440 2531 ἐκείνῳ
1466 2494 1630 2532 διακείμενον
1652 2494 1719 2522 κατὰ
1749 2494 1778 2521 τὸ
1805 2493 1921 2532 πρόχει-

1099 2550 1143 2577 ρον
1158 2545 1227 2567 εἶναι
1244 2539 1286 2567 καὶ
1301 2538 1421 2566 ἑλκτικὸν
1450 2539 1486 2570 εἰς
1515 2539 1670 2576 μετένοιανι
1693 2539 1745 2566 τῶν
1767 2536 1795 2565 δὲ
1829 2542 1920 2566 τοῦτον

1099 2582 1130 2617 δὴ
1145 2583 1191 2611 τὸν
1206 2583 1279 2611 θεῖον
1297 2583 1481 2622 Χρυσόατομον
1492 2577 1639 2621 alpheum,
1678 2583 1715 2614 ὡς
1745 2582 1919 2621 ἀνθρωπικώο

1098 2639 1173 2665 τερον
1185 2626 1347 2665 διακείμενον
1359 2634 1420 2659 ταῖς
1437 2626 1630 2663 διδασκαλίαις,
1645 2628 1689 2655 καὶ
1720 2629 1759 2664 τῷ
1786 2625 1848 2662 λείῳ
1873 2629 1919 2660 τῆς

1100 2673 1220 2711 φράσεως
1255 2672 1355 2704 πάντας
1383 2671 1590 2711 καθοδηγούντα,
1620 2672 1665 2700 καί
1689 2672 1757 2710 πρὸς
1779 2670 1919 2708 μετάνοιαν

1099 2715 1305 2753 ἐκκαλούμενον,
1329 2717 1420 2753 καίτῷ
1435 2716 1529 2751 πλήθει
1559 2719 1611 2744 τῶν
1637 2715 1799 2754 μελιρῥύτων
1819 2715 1918 2752 λογων,

1099 2762 1143 2789 καὶ
1158 2763 1192 2798 τῇ
1206 2759 1265 2788 κατ’
1281 2760 1382 2790 ἔννοιαν
1399 2760 1529 2794 δεινότητι
1549 2761 1727 2800 προτιθέντων
1743 2764 1790 2788 τοὺ
1813 2766 1840 2787 τι
1867 2768 1917 2795 με·

1099 2805 1181 2844 γάλου
1197 2804 1334 2834 Βασιλείου
1363 2805 1406 2833 καὶ
1435 2806 1590 2845 Γρηγορίου“
1621 2804 1718 2844 ἐτέρων
1745 2803 1773 2832 δὲ
1794 2807 1831 2840 τῷ
1857 2806 1917 2830 Θεο-

1098 2849 1170 2890 λόγῳ
1185 2851 1321 2888 ron-{opim
1336 2850 1546 2889 προσκειμένων,
1563 2849 1609 2878 ἅτι
1637 2849 1669 2883 δὴ
1685 2852 1724 2886 τῷ
1754 2851 1851 2886 κομψῴ
1875 2847 1916 2874 καὶ
