2023 3141
77 133 1716 170 ψ

245 298 531 347 MONlTUM
571 296 653 344 AD
699 297 995 347 HOMILIAS
1035 300 1095 347 IN
1136 298 1563 349 HEXAEMERON

110 539 176 571 Sunt
189 540 239 581 qui
254 539 425 570 existiment
437 539 578 571 Basilium
596 540 734 578 Magnum
751 537 981 569 commentarios
996 538 1025 569 in
1038 543 1128 570 totam
1145 540 1327 582 Seripturam
1344 543 1535 575 contexuisse
1551 542 1666 584 (ηεσιιά
1677 552 1745 575 cum

78 588 130 619 hac
143 587 239 628 opinio
254 586 318 617 sola
331 586 491 617 Cassidiori
507 586 681 617 auctoritate
697 585 858 621 nitatur,ea
872 584 909 615 de
923 594 956 615 re
971 584 1103 617 dubitari
1119 597 1205 627 posse
1232 588 1421 627 arbitramur,
1439 589 1603 631 praesertim
1625 600 1692 621 cum
1708 590 1746 622 de

78 634 123 665 hac
136 634 413 665 commentariorum
431 633 509 664 mole
517 633 608 664 altum
624 632 662 663 sit
676 631 834 662 selentium
849 632 925 671 apud
942 633 1296 673 antiquiores.Habemus
1312 637 1473 668 etiamnum
1488 637 1627 669 bomilias
1641 647 1746 669 novem

77 681 101 711 in
115 690 183 721 opus
198 690 246 711 sex
263 680 393 719 dierum,
410 680 465 711 boc
481 684 537 720 est,
564 681 597 710 in
615 679 835 718 Hexaemeron,
853 678 1002 710 orationes
1028 680 1131 711 decem
1148 686 1176 713 et
1190 688 1303 723 septem
1321 684 1351 714 in
1366 684 1508 724 quosdam
1524 684 1667 723 Psalmos,
1680 694 1746 716 am-

77 728 229 767 plissimum
248 727 278 757 in
297 727 395 767 priora
419 727 570 758 sexdecim
584 726 667 757 Isaiae
686 725 783 765 capita
799 726 1057 758 commentarium.
1080 727 1175 762 Pauca
1190 729 1310 770 quidem
1326 731 1390 762 haec
1403 735 1482 769 sunt,
1498 731 1523 761 si
1539 736 1750 771 comparentur

77 785 133 806 cum
150 775 184 805 iis
198 774 424 805 commentariis
442 774 490 814 qui
510 774 580 805 olim
597 773 710 805 Basilio
718 772 826 820 tributi
843 772 947 820 fueref:
960 773 1012 803 sed
1029 778 1127 805 tamen
1147 777 1345 817 quorumdam
1366 779 1525 817 γνησιότης,
1544 782 1575 809 ut
1591 779 1662 809 mihi
1679 779 1747 820 qui-

77 823 133 852 dem
147 821 272 859 videtur,
292 821 358 860 jure
373 830 407 852 ac
424 821 531 852 merito
548 824 684 860 suspecta
699 819 791 849 videri
805 823 911 859 potest.
929 819 970 850 De
982 820 1029 850 his
1044 821 1072 851 in
1085 820 1327 862 Praefationembi
1338 823 1375 854 de
1388 824 1519 864 qualibet
1527 833 1560 856 re
1575 833 1629 856 suo
1646 825 1750 856 ordine

77 878 104 899 ac
118 870 175 900 loco
191 868 367 908 disputatur.
386 868 510 900 Veteres
526 873 624 899 autem
651 866 752 908 quanti
768 866 979 898 Hexaemeron
993 866 1130 906 fecerint,
1157 878 1223 900 esse
1248 871 1398 901 hominem
1414 871 1465 911 qui
1489 872 1605 910 ignoret
1619 872 1749 904 arbitror

78 916 223 948 neminem.
242 915 318 955 Ejus
329 915 494 946 meminere
505 914 666 954 Gregorius
682 913 896 950 Nazianzenus,
915 914 1074 953 Gregorius
1090 915 1252 955 Nyssenus,
1280 916 1488 958 Hieronymus,
1508 917 1646 950 Socrates
1662 919 1706 960 (Ξ)
1722 923 1752 950 et

75 963 127 994 alii.
139 963 304 1004 Optandnm
320 967 401 993 certe
412 968 505 1003 esset,
522 966 554 992 ut
571 962 697 993 lectores
712 960 759 992 his
774 960 955 991 orationibus
972 961 1106 999 legendis
1120 961 1160 992 ita
1177 963 1267 994 hodie
1293 963 1495 1001 afﬁcerentur,
1522 968 1552 995 ut
1565 964 1751 997 afﬁciebatur

75 1010 134 1040 olim
146 1009 305 1050 Gregorius
322 1009 536 1047 Nazianzenus,
554 1009 641 1048 cujus
655 1007 718 1045 haec
734 1010 803 1037 sunt
817 1007 874 1038 verl

949 1006 1039 1036 ’Ὅταν
1053 1009 1102 1042 τὴν
1118 1009 1280 1049 Ἐξαιήμερον
1297 1011 1376 1039 αὐτοῦ
1391 1012 1632 1051 μετιχειρίζωμαιι,
1648 1014 1692 1041 καὶ
1706 1012 1747 1042 διὰ

78 1058 190 1096 γλώσσης
214 1058 300 1098 φέρω,
316 1058 384 1095 μετὰ
399 1061 445 1085 τηῦ
462 1059 572 1096 Κρίστου
586 1057 704 1095 γίνομαι,
721 1055 764 1083 καὶ
779 1055 902 1093 γινώσκω
922 1054 1033 1085 κτίσεως
1049 1054 1154 1094 ὶόγυυς,
1170 1058 1213 1085 καὶ
1223 1058 1349 1095 θαυμάζω
1364 1059 1409 1086 τὸν
1426 1058 1540 1092 κτίστην
1553 1058 1633 1088 πλέον
1649 1060 1667 1094 ἢ
1681 1061 1746 1099 πρόι

73 1115 146 1144 τερον,
163 1105 222 1143 ὄψει
247 1105 318 1142 μόνῃ
334 1103 484 1140 διδασκάλῳ
498 1103 649 1143 χρώμενος.
665 1114 678 1129 α
692 1102 765 1133 Cum
781 1100 872 1131 Ηϐιται

948 1108 992 1131 ’οη
1016 1101 1095 1133 illius
1120 1103 1151 1133 in
1180 1112 1287 1134 manus
1309 1113 1406 1141 sumo,
1422 1109 1510 1145 atque
1525 1106 1555 1136 in
1571 1114 1623 1136 ore
1638 1106 1747 1147 habeo,

72 1160 129 1182 cum
144 1152 282 1183 Creatore
299 1151 475 1190 conjungor,
490 1159 525 1180 ac
540 1148 703 1180 creationis
717 1147 847 1195 rationes
860 1156 1000 1187 agnosco,
1025 1150 1256 1190 Creatoremque
1284 1151 1376 1190 magis
1400 1151 1533 1182 admiror
1557 1161 1590 1183 ac
1603 1154 1748 1195 suspicio,

72 1208 149 1238 quam
167 1198 247 1238 prius
262 1197 410 1235 solebam,
425 1206 492 1228 cum
510 1196 574 1227 solo
591 1199 715 1236 aspectu
731 1194 870 1233 magistro
887 1198 998 1226 uterer.
1012 1206 1024 1222 ιι
1042 1194 1167 1226 Ascriba
1183 1201 1211 1226 et
1226 1195 1317 1227 verba
1330 1196 1466 1236 Gregorii
1491 1198 1634 1237 Nysseni,
1650 1199 1701 1239 qui
1712 1199 1749 1230 de

73 1245 167 1275 eodem
183 1245 233 1275 illo
250 1252 344 1284 opere
359 1247 418 1274 tam
433 1243 591 1282 magniﬁce
603 1242 722 1273 locutus
737 1246 794 1280 est,
811 1245 849 1271 ut
856 1240 976 1271 modum
989 1241 1135 1272 excedere
1146 1241 1292 1274 videatur.
1310 1242 1352 1273 ita
1361 1248 1459 1274 autem
1472 1244 1589 1284 scripsit
1606 1255 1612 1273 :
1630 1248 1688 1274 Τῶν
1699 1246 1748 1286 γὰρ

71 1294 128 1321 κατὰ
140 1293 206 1320 θείαν
221 1292 359 1320 ἐπίπνοιαν
381 1292 409 1319 ὶν
424 1294 458 1329 τῇ
471 1291 635 1329 κοσμογονίᾳ
649 1289 881 1330 φιλοσοφηθέντων
897 1291 934 1325 τῷ
949 1287 1059 1326 μεγάλῳ
1075 1291 1210 1328 Μωῦσῇ..η
1220 1313 1227 1321 ,
1245 1289 1372 1322 ἐπέταξας
1395 1289 1463 1328 ἡμῖν
1478 1289 1520 1318 διά
1534 1301 1604 1323 τινος
1626 1291 1743 1320 ἀκολού-

70 1341 107 1367 θου
120 1338 227 1372 διανοίας
243 1340 279 1371 εἱς
297 1339 385 1377 εἱρμὸν
400 1337 524 1378 ἂγιγιτν,
541 1338 584 1365 καὶ
598 1340 789 1376 συμφωνοῦσαν
804 1335 870 1374 πρὸς
894 1335 991 1368 ἑαυτὴν
1007 1334 1142 1368 ἀποδείξαι
1157 1336 1207 1370 τὴν
1222 1336 1299 1375 ἁγίαν
1320 1339 1439 1376 Γρπφτν·
1457 1338 1500 1366 καὶ
1513 1341 1595 1366 ταῦτα
1617 1338 1686 1376 μετὰ
1699 1339 1748 1372 τὴν

70 1386 229 1415 θεόπνευστον
243 1386 348 1419 ἐκείνην
363 1388 409 1413 ταῦ
422 1385 523 1424 Πατρὸς
541 1385 616 1422 iw.er
640 1384 677 1415 εἰς
699 1383 730 1411 τὸ
752 1382 925 1421 προκείμενον
939 1381 1060 1416 θεωρίαν,
1077 1381 1110 1416 ἣν
1136 1382 1159 1410 οἱ
1181 1382 1329 1421 ῐεγνωκότες
1351 1383 1461 1421 πάντες,
1479 1383 1552 1412 οὐδὲν
1567 1383 1676 1413 ἔλαττον
1696 1388 1749 1413 τῶν

71 1433 133 1470 αὒτῳ
147 1433 242 1472 Μωῦσῇ
256 1432 517 1472 πεφιλάσοφημένων
532 1430 720 1469 θαυμάσωσιν,
739 1429 767 1458 εὗ
782 1430 827 1458 καὶ
849 1429 969 1468 εἰκότως,
987 1429 1079 1467 οἶμαι,
1097 1432 1174 1457 τοῦτο
1189 1433 1338 1461 ποιοῦντες.
1358 1442 1371 1457 ε
1386 1429 1440 1460 Vis
1454 1430 1535 1461 enim
1560 1433 1593 1461 ut
1610 1439 1675 1471 qum
1685 1439 1749 1463 C(13-

72 1479 127 1510 lesti
142 1481 259 1511 numine
274 1479 390 1511 amatus
413 1479 451 1509 de
471 1478 572 1508 mundi
601 1476 806 1518 procreatione
823 1484 945 1515 magnus
960 1476 1076 1514 Moyses
1089 1475 1224 1515 prodidit
1240 1475 1434 1508 monimentis
1449 1476 1626 1514 litterarum,
1642 1477 1748 1508 ordine

71 1525 184 1565 quodam
201 1527 370 1567 disponam,
383 1529 637 1566 sanctamqueque
653 1522 837 1562 Scripturam
854 1521 912 1552 sibi
934 1522 992 1562 ipsi
1007 1522 1245 1553 consentientem
1262 1531 1298 1553 ac
1314 1526 1498 1554 constantem
1524 1532 1591 1555 esse
1605 1523 1746 1555 demens-

71 1577 150 1611 trem;
166 1573 254 1614 idque
271 1577 338 1612 post
355 1571 483 1603 divinam
494 1570 574 1601 illam
590 1569 686 1602 Patris
700 1569 795 1600 nostri
811 1569 841 1599 in
857 1568 937 1600 idem
951 1574 1160 1608 argumentum
1188 1569 1485 1606 commentationem,
1503 1579 1590 1610 quam
1604 1570 1654 1609 qui
1666 1570 1748 1610 lege-

70 1623 139 1658 runt,
152 1628 207 1650 non
221 1619 322 1650 minus
331 1627 418 1659 quam
436 1627 483 1658 ea,
499 1626 565 1658 quae
580 1616 616 1648 ab
628 1617 693 1657 ipso
706 1617 801 1656 Moyse
813 1615 977 1656 proscripta
989 1618 1070 1655 sunt,
1088 1623 1193 1646 omnes
1211 1614 1417 1646 admirantur:
1434 1620 1463 1647 et
1479 1619 1594 1654 merito,
1609 1625 1674 1647 mea
1685 1617 1749 1657 qui-

73 1665 132 1696 dem
150 1667 310 1698 sententia.
331 1678 346 1694 ι

105 1712 164 1744 Alia
179 1714 300 1753 quidem
317 1713 444 1749 ratione,
458 1711 510 1743 sed
527 1710 695 1742 eiﬁcaciore
710 1710 802 1741 multo
818 1714 847 1741 et
858 1710 894 1741 ad
910 1709 1149 1750 persuadendum
1168 1709 1284 1750 aptiore
1299 1710 1355 1740 hoc
1370 1710 1450 1741 idem
1467 1719 1542 1750 opus
1554 1710 1749 1742 commenda-

73 1760 105 1790 vit
117 1760 302 1801 Ambrosius,
315 1760 399 1797 dum,
416 1759 494 1800 quod
506 1758 637 1790 Basilius
652 1757 811 1798 scripserat
827 1757 943 1794 Graece,
963 1757 992 1787 id
1018 1756 1082 1797 ipse
1107 1756 1214 1788 Latine
1230 1755 1369 1788 reddidit.
1386 1756 1423 1788 Et
1438 1766 1506 1788 vero
1526 1766 1614 1789 nemo
1629 1758 1747 1799 opinor,

72 1806 150 1838 homo
165 1808 214 1848 qui
228 1811 391 1847 utrumque
405 1815 481 1847 opus
494 1805 611 1846 legerit,
627 1804 810 1837 inﬁciabitur
820 1803 1012 1835 Ambrosium
1026 1805 1055 1834 in
1073 1804 1131 1835 illis
1140 1803 1201 1835 suis
1215 1804 1399 1836 orationibus
1413 1805 1658 1845 interpretis,non
1674 1815 1748 1836 auc-

73 1853 136 1884 toris
150 1863 273 1885 munere
285 1853 472 1894 perfunctum
490 1852 579 1883 fusse.
597 1851 704 1882 Fateor
721 1851 843 1890 quidem
855 1850 1047 1882 Ambrosium
1066 1861 1124 1882 non
1140 1851 1213 1882 nihil
1229 1851 1267 1882 de
1279 1861 1333 1882 suo
1350 1852 1474 1890 addere,
1498 1852 1631 1893 demere,
1649 1857 1748 1883 trans-

72 1910 179 1942 ponere,
205 1901 279 1932 imm
294 1905 379 1932 utare
396 1911 402 1929 :
421 1900 472 1931 sed
502 1900 542 1930 ita
567 1904 677 1939 tamen,
710 1904 740 1929 ut
766 1899 960 1938 interpretem
986 1902 1064 1938 agat,
1083 1899 1290 1939 interpretem,
1304 1900 1434 1940 inquam,
1453 1909 1512 1930 non
1525 1900 1746 1940 scrupulosam,

72 1948 115 1978 sed
127 1948 309 1980 liberiorem.
326 1946 423 1983 Quare
432 1948 458 1977 si
473 1946 595 1985 quando
611 1946 640 1976 in
656 1945 813 1977 Ambrosio
829 1951 990 1978 occurrunt
1002 1947 1066 1978 loca
1082 1947 1218 1986 quaedam
1235 1947 1379 1985 difﬁcilia,
1399 1948 1551 1989 perplexa,
1579 1948 1747 1979 subobscu~

66 2001 268 2036 .l'a,corrupla,
284 2003 350 2034 quae
365 1994 511 2025 lacessant
525 1993 676 2032 negotium
693 1992 808 2030 lectori,
827 1993 855 2024 ei
871 1998 973 2024 auctor
986 2002 1051 2027 sum
1069 1998 1101 2024 ut
1115 1993 1152 2025 ad
1167 1993 1309 2026 Basiliam
1326 1995 1490 2035 confugiat,
1501 2003 1595 2035 eoque
1607 1994 1747 2034 magistro

71 2048 100 2071 ac
115 2041 185 2072 duce
200 2045 313 2073 utatur.

106 2088 223 2119 Constat
239 2087 382 2119 Basiliuin
399 2087 446 2118 bis
458 2087 508 2118 die
522 2087 731 2118 concionatum
748 2087 850 2123 fuisse,
868 2088 1020 2118 matutinis
1031 2088 1113 2118 horis
1123 2092 1211 2128 atque
1222 2088 1410 2128 vespertinis;
1425 2088 1513 2128 idque
1527 2092 1662 2126 tempore
1670 2088 1746 2124 ρυλε

72 2133 237 2174 ᾶηεεεὶηιω
254 2146 261 2167 :
280 2136 333 2166 sed
350 2144 408 2175 quo
420 2143 511 2175 anno,
528 2134 612 2165 valde
627 2134 786 2165 incertum.
800 2135 863 2165 Non
879 2134 1003 2165 defuere
1016 2133 1066 2174 qui
1076 2135 1266 2172 ex_orationis
1281 2140 1390 2165 octavae
1403 2135 1501 2165 verbis
1513 2133 1743 2173 judicarintBa-

72 2180 172 2219 lilium,
188 2192 255 2223 qua
265 2186 330 2214 erat
344 2181 399 2212 viri
411 2181 560 2219 facundia,
578 2182 740 2213 conciones
764 2182 817 2212 has
845 2180 881 2212 ad
907 2181 1049 2221 populum
1067 2190 1102 2212 ex
1118 2186 1251 2223 tempore
1268 2182 1418 2213 habuiSse.
1433 2182 1470 2212 Et
1483 2180 1615 2221 quidem,
1634 2181 1660 2211 si
1673 2181 1748 2211 fides

73 2227 167 2260 Ruﬁno
182 2229 359 2270 adhibenda
369 2230 405 2259 sit
424 2228 478 2269 (3),
496 2229 539 2260 sic
552 2229 725 2260 concionari
736 2228 850 2266 solebat
864 2227 1003 2259 Basilius.

105 2275 325 2310 Hexaemeron.
342 2276 445 2307 Basilii
459 2276 531 2307 olim
547 2276 577 2307 in
595 2276 722 2315 linguam
737 2276 868 2307 Latinam
882 2275 1030 2306 transtulit
1043 2275 1233 2307 Eustathius:
1251 2275 1303 2306 sed
1320 2274 1394 2306 nihil
1410 2274 1544 2315 estquod
1560 2274 1609 2305 hic
1627 2274 1665 2305 de
1680 2274 1749 2314 ejus

73 2320 306 2363 interpretatione
320 2323 549 2364 proloquamur,
561 2331 629 2357 cum
640 2321 669 2353 id
682 2332 756 2363 opus
773 2322 804 2353 in
815 2322 989 2363 Appendice
1002 2321 1231 2361 editumyidere
1242 2323 1349 2363 cuique
1365 2323 1460 2353 liceat.
1478 2320 1604 2352 Easdem
1622 2321 1674 2352 bas
1689 2321 1749 2352 Ba-

72 2369 121 2400 silii
135 2371 284 2402 orationes
304 2370 455 2401 transtulit
468 2379 596 2411 quoque,
615 2370 813 2410 quorumdam
825 2369 939 2410 judicio
957 2369 1013 2409 (4),
1038 2369 1197 2408 Dionysius
1213 2369 1343 2410 Exiguus
1358 2377 1364 2400 :
1381 2369 1434 2400 sed
1449 2377 1507 2409 qua
1531 2367 1708 2399 auctoritate
1719 2371 1752 2399 et

72 2416 170 2456 quibus
185 2417 367 2449 testimoniis
381 2417 496 2449 dictum
511 2417 541 2448 id
556 2417 605 2458 sit,
619 2416 792 2456 ignoramus

108 2465 233 2496 Necesse
250 2473 310 2495 non
322 2468 367 2496 est
381 2463 473 2494 multa
487 2464 543 2495 hoc
560 2464 625 2495 loco
640 2464 741 2495 dicere
754 2463 791 2494 de
807 2463 903 2495 tribus
925 2463 1122 2501 orationibus,
1141 2473 1267 2505 quarum
1293 2464 1359 2494 duae
1375 2462 1490 2503 priores
1504 2462 1623 2503 scripta)
1637 2466 1706 2494 sunt
1713 2462 1752 2494 de

72 2510 194 2543 hominis
210 2512 400 2550 formatione,
417 2511 504 2542 tertia
520 2511 557 2542 de
570 2511 719 2552 paradiso.
738 2510 809 2542 Nam
835 2520 870 2542 ea
886 2510 923 2542 de
946 2520 979 2542 re
994 2511 1066 2543 satis
1081 2511 1147 2543 fuse
1163 2512 1192 2542 in
1207 2511 1382 2542 Praefatione
1396 2510 1563 2551 disputatur
1576 2521 1583 2542 :
1596 2519 1684 2551 quam
1700 2517 1753 2550 qui

72 2558 175 2596 volent,
187 2559 290 2597 legere
307 2557 472 2599 poterunt§
486 2557 509 2598 Ι,
527 2567 557 2589 n.
580 2558 625 2590 l3.

109 2637 152 2716 (ιέ
165 2637 276 2671 Baron.
290 2639 360 2676 278;
377 2638 511 2671 Cassiod.
530 2638 571 2670 De
586 2639 660 2671 ἕπει.
678 2648 707 2679 p.
723 2638 795 2671 538.

109 2677 137 2716 (2
162 2677 252 2716 Greg.
266 2680 337 2711 Naa.
354 2684 431 2714 orat.
445 2678 496 2714 90,
508 2688 538 2716 ι).
556 2678 628 2716 363;
639 2679 730 2715 Greg.
752 2677 837 2716 Nyss.
865 2678 908 2716 He

784 2663 837 2716 iss.
865 2678 1012 2716 ﬂexae».
1036 2688 1065 2716 p.
1092 2680 1118 2716 t,
1132 2679 1150 2711 2
1171 2683 1245 2716 etp.
1262 2679 1313 2716 45;
1331 2679 1502 2716 Hieronym.
1525 2678 1583 2709 γλ

108 2676 151 2717 (2)
162 2677 252 2719 Greg.
266 2680 337 2711 Naa.
354 2684 431 2714 orat.
445 2678 496 2714 90,
508 2688 538 2718 ι).
556 2678 628 2716 363;
639 2676 730 2715 ore...
752 2677 837 2719 Nysa.
865 2688 871 2710 l

72 2715 148 2753 Socr.
167 2719 220 2751 lib.
235 2727 278 2753 iv.
297 2728 325 2750 c.
342 2719 392 2752 26.

953 2687 1012 2710 lem.
1036 2688 1065 2720 p.
1092 2680 1118 2717 t,
1132 2679 1150 2711 2
1171 2683 1245 2719 etp.
1262 2679 1313 2719 45;
1331 2679 1502 2720 Hieronym.
1525 2678 1556 2709 V.
1570 2677 1620 2709 ill.
1640 2686 1668 2709 ο.
1681 2676 1752 2713 116;

105 2743 148 2796 (al
159 2743 224 2794 ιίἶῦῖ
235 2743 278 2797 ἰἰξ
291 2743 325 2792 ἐξ
339 2743 392 2791 5."

107 2799 148 2838 (4)
163 2798 238 2830 Elim
253 2798 376 2841 Dupini,
395 2803 453 2830 etc.

224 2868 357 2899 Paeon.
379 2868 437 2900 Gn.
463 2865 574 2900 XXIX.
1517 2869 1528 2899 1
