2023 3141
239 163 296 196 179

235 235 283 264 tes
292 235 507 273 exponunt,aut
516 232 605 264 etiam
617 232 647 262 in
660 231 837 272 patrimonio
849 231 1057 264 distribuendo

234 278 416 318 iniquissimi
426 281 569 318 sunterga
578 276 960 313 liberos.0uemadmodum
973 277 1053 309 enim

235 326 389 363 cuique,ut
404 327 493 359 esset,
504 331 541 354 ex
555 331 639 362 equo
652 322 797 359 tribuere,
814 323 853 353 ita
864 331 979 363 aequum
995 327 1053 363 est,

235 371 268 398 ut
278 368 321 399 eis
336 367 401 398 vitae
411 368 533 406 agendae
548 367 715 398 facultatem
743 367 805 407 pari
821 367 984 408 aequalique
1000 377 1052 398 ra—

235 413 318 444 tione
333 411 612 452 suppeditent.Cave
624 412 749 444 imiteris
761 421 863 442 earum
874 412 971 443 avium
988 413 1052 452 qui-

235 457 291 488 bus
308 467 421 497 ungues
436 457 544 488 adunci
571 462 650 492 sunt.
676 457 881 488 credulitatem
898 466 904 486 :
923 466 988 495 qum
1003 457 1053 487 ubi

233 502 364 533 viderint
380 512 448 533 suos
464 503 540 533 fetus
563 503 688 542 jamjam
714 502 822 533 volatui
838 507 980 539 maturos,
998 503 1053 532 alis

233 557 283 578 eos
298 548 539 588 verberantes,ac
551 548 781 588 expellentes,ex
798 547 868 577 nido
881 547 1053 587 ejiciunt,ac

233 591 377 632 deinceps
388 593 496 623 nullam
510 602 613 623 eorum
626 601 726 623 curam
737 592 1053 631 suscipiunt.Laudan-

235 637 289 668 dus
305 642 350 668 est
365 638 493 668 cornicis
505 637 534 667 in
546 647 615 668 suos
628 637 723 676 pullos
732 637 982 676 amor,qua3ipsos
991 637 1050 675 jam

233 682 364 713 volantes
379 683 547 720 comitatur,
565 682 793 721 alimoniamque
809 680 1052 717 subministrans,

232 727 300 757 illos
313 727 480 758 diutissime
491 726 718 758 enutrit.Mu|tis
729 727 825 756 avium
841 726 1004 765 generibus
1014 726 1052 757 ad

232 778 410 812 conceptum
427 772 502 803 nihil
519 781 593 812 opus
609 776 653 802 est
670 771 773 811 Copula
789 771 914 801 marium
931 782 937 799 :
954 771 1006 802 sed
1022 774 1051 801 in

231 817 297 847 aliis
311 817 472 856 generibus
495 817 574 848 edita
598 817 671 847 citra
687 818 795 846 coitum
814 825 877 855 ova,
895 816 1052 847 infecunda

230 866 309 892 sunt.
327 863 543 893 Feruntautem
558 862 623 892 sine
633 862 712 892 coitu
721 866 751 891 ut
768 861 929 900 plurimum
947 869 1052 900 parere

230 906 373 942 vultures,
391 906 461 937 licet
481 906 607 937 maxime
623 906 770 945 longaevos
788 916 794 935 :
813 906 922 945 quippe
943 905 1051 945 quibus

230 951 289 982 vita
305 952 340 981 ad
357 957 476 982 centum
489 961 584 992 usque
599 960 693 982 annos
706 951 882 990 plerumque
896 951 1051 989 protenda-

230 995 323 1027 tur.ld
335 997 420 1027 velim
432 1001 563 1027 notatum
580 1000 610 1027 et
622 997 810 1027 observatum
827 1004 863 1026 ex
878 995 978 1026 alitum
992 995 1050 1026 his-

227 1041 325 1072 toria:
342 1045 376 1072 ut
399 1042 422 1072 si
436 1041 554 1081 quando
575 1041 735 1071 nonnullos
755 1040 864 1070 videris
878 1041 1047 1080 mysterium

229 1089 363 1116 nostrum
379 1086 612 1126 irridere,quasi
628 1086 692 1116 fieri
709 1089 850 1122 nequeat,
865 1090 895 1115 et
911 1084 996 1124 quasi
1011 1084 1050 1115 sit

228 1140 244 1161 a
260 1134 363 1161 natura
377 1131 556 1168 alienum,ut
568 1129 834 1170 virgo,virginitate
844 1130 909 1169 ejus
925 1129 1050 1161 inteme-

223 1179 288 1206 rata
301 1181 507 1215 permanente,
519 1175 784 1216 pepererit,veniat
796 1175 825 1205 in
840 1178 967 1205 mentem
980 1174 1044 1211 tibi,

226 1219 331 1260 Deum,
345 1221 391 1250 cui
407 1230 460 1261 per
476 1220 696 1261 praedicationis
710 1219 867 1251 stultitiam
889 1219 1047 1250 credentes

225 1263 323 1295 salvos
339 1265 437 1296 facere
459 1265 547 1297 libuit
566 1266 594 1306 ϐ,
611 1266 772 1296 innumera
787 1264 990 1300 incitamenta,
1007 1264 1045 1295 ab

224 1308 287 1348 ipsa
305 1313 408 1340 natura
422 1311 591 1351 desumpta,
608 1310 644 1340 ad
671 1310 760 1340 ﬁdem
784 1308 874 1339 rebus
890 1308 1045 1348 stupendis

224 1353 439 1385 conciliandam
453 1355 482 1386 in
498 1359 686 1386 antecessum
704 1352 907 1394 proposuisse.

266 1398 471 1431 7.Producant
481 1409 567 1439 aqum
576 1404 639 1438 rep!
643 1399 698 1430 ilia
711 1408 749 1429 an
755 1399 884 1428 imarum
891 1399 910 1426 7
914 1398 935 1427 7
943 1399 1044 1429 viven-

224 1444 493 1482 tium,etvotatilta
501 1444 635 1476 volantia
645 1452 738 1484 super
753 1447 863 1473 terram
870 1442 1043 1480 ,secumlum

223 1488 446 1527 ﬁrmamentum
454 1489 531 1521 caeli.
540 1489 628 1521 Jussa
635 1493 703 1519 sunt
711 1486 914 1528 superterram
922 1487 1041 1527 quidem

224 1532 334 1567 volare,
353 1538 511 1574 propterea
525 1534 604 1575 quod
620 1532 758 1565 omnibus
775 1533 948 1563 alimentum
966 1537 1045 1563 terra

223 1577 438 1610 subministret:
449 1579 616 1611 Secundum
625 1579 852 1618 ﬁrmamentum
859 1581 957 1607 autem
965 1577 1042 1615 cwli,

224 1627 381 1662 propterea
402 1623 493 1664 quod,
520 1628 552 1655 ut
578 1629 647 1654 ante
676 1623 815 1658 diximus,
833 1630 885 1653 aer
899 1622 955 1654 hoc
979 1623 1044 1654 loco

223 1667 389 1706 appellatur
411 1669 535 1709 malum,
567 1678 622 1700 ceu
639 1669 759 1707 οὖρανός,
775 1667 913 1698 videlicet
924 1677 941 1698 a
955 1667 1043 1698 verbo

223 1713 342 1748 δρᾶσθαι,
355 1713 432 1752 quod
445 1718 490 1744 est
501 1714 612 1745 videri.
626 1713 703 1749 Quin
716 1718 745 1743 et
756 1713 976 1742 ﬁrmamentum
993 1712 1041 1742 di-

223 1756 382 1792 citur,ideo
393 1757 472 1797 quod
485 1767 535 1788 aer
545 1758 663 1796 ille,qui
677 1761 777 1788 nostro
790 1756 880 1796 capiti
892 1757 1041 1797 imminet,

222 1800 351 1831 ethereo
361 1802 478 1841 corpori
492 1801 916 1842 comparatus,quodammodo
927 1801 1043 1832 densio-

222 1844 264 1874 ris
277 1844 317 1876 sit
332 1848 508 1887 coagmenti,
536 1847 688 1886 magisque
716 1846 752 1876 ob
778 1845 981 1876 exhalationes
1006 1847 1042 1876 ab

222 1888 290 1919 imis
308 1890 380 1920 locis
396 1891 591 1923 ascendentes
607 1889 941 1928 constringaturHabes
955 1890 1043 1930 igitur

222 1933 329 1964 ccelum
347 1939 534 1973 exornatum,
551 1942 661 1966 terram
679 1935 861 1974 decoratam,
878 1943 958 1965 mare
976 1943 1043 1974 pro-

223 1978 295 2018 priis
311 1978 420 2010 fetibus
448 1980 624 2020 exuberans,
653 1989 752 2011 aerem
769 1980 872 2011 nvibus
887 1979 1040 2017 refertum,

221 2022 317 2063 iisque
332 2024 428 2064 ipsum
451 2025 684 2065 pervolantibus.
702 2025 771 2056 Haec
787 2024 887 2055 omnia
910 2034 975 2065 quae
989 2024 1042 2055 Dei

221 2073 367 2108 praecepto
380 2078 396 2099 e
413 2070 506 2101 nihilo
531 2071 561 2101 in
590 2070 686 2101 lucem
701 2070 779 2101 edita
791 2073 870 2109 sunt,
889 2074 917 2100 et
928 2069 1041 2109 reliqua

221 2123 286 2153 qua:
298 2118 399 2145 nostra
410 2115 504 2146 oratio
517 2124 595 2146 nunc
611 2115 811 2156 praatermisit,
824 2114 1040 2145 diuturniorem

220 2158 251 2188 in
266 2158 312 2189 his
324 2168 437 2190 moram
454 2160 621 2197 declinans,
639 2164 670 2191 ut
694 2169 732 2190 ne
758 2159 877 2189 modum
895 2158 1041 2190 excedere

220 2203 363 2244 videatur,
379 2208 407 2234 tu
425 2209 535 2245 tecum,
554 2209 654 2245 utpote
669 2204 829 2240 studiosus,
839 2208 995 2244 reputans,
1013 2208 1041 2234 et

219 2247 275 2280 Dei
288 2248 319 2278 in
335 2249 476 2280 omnibus
487 2249 661 2290 sapientiam
673 2249 844 2288 addiscens,
857 2257 894 2278 ne
910 2257 1040 2286 unquam

258 2327 275 2352 θ
289 2327 301 2359 Ι
317 2329 384 2358 Cor.
399 2337 420 2365 l,
436 2331 486 2361 2t.

221 2407 284 2449 bito
294 2407 365 2446 quin
382 2407 489 2449 melius
499 2408 587 2449 absit,
601 2419 667 2440 cum
688 2409 718 2440 id
734 2419 792 2440 non
809 2409 962 2448 agnoverit
976 2409 1037 2439 Eu-

219 2448 357 2489 stathius,
373 2447 422 2487 qui
444 2449 486 2478 sic
505 2447 592 2479 vertit
610 2458 616 2478 :
637 2449 722 2480 Tales
737 2454 808 2480 sunt
823 2447 965 2480 itonnullt'
979 2458 1039 2489 pa-

219 2493 319 2519 rentes
333 2488 490 2529 hominum
503 2489 556 2526 qui
568 2493 778 2529 paupertatem
794 2491 925 2529 causa“,
941 2488 998 2522 etc.

261 2529 319 2567 (76)
335 2527 413 2559 Edlli
429 2529 472 2568 καὶ
488 2527 656 2566 πετομένοις.
688 2531 724 2560 At.
749 2537 822 2560 mss.
840 2534 905 2559 octo
917 2527 1040 2568 ’πετομέ-

220 2581 284 2599 νων.
301 2569 423 2607 Magnus
435 2567 484 2598 ille
499 2569 636 2599 codicum
650 2578 722 2599 mss.
734 2578 899 2600 consensus
914 2570 976 2601 fere
993 2579 1040 2600 me

218 2609 339 2640 adducit
350 2612 381 2639 ut
392 2608 510 2639 credam
524 2609 666 2640 Basilium
680 2610 907 2649 πετομένων,ηοιι
922 2611 1039 2647 πετομέ-

217 2661 271 2681 νοις
286 2649 547 2689 scripsisse,atque
559 2649 616 2680 hoc
629 2650 693 2680 loco
704 2650 958 2689 contigisse,quod
969 2650 1038 2681 alibi

218 2699 310 2730 saepe,
326 2694 358 2720 ut
373 2689 640 2730 typographi,quod
659 2690 798 2720 mendum
815 2689 939 2721 subesse
955 2690 1037 2721 arbi-

220 2734 480 2763 trarentur.casum
488 2739 581 2760 unum
590 2730 619 2760 in
627 2730 717 2761 alium
727 2730 1038 2761 transmutarintDum

217 2770 310 2811 igitur
323 2770 458 2800 viderent
486 2769 607 2801 verbum
634 2772 786 2810 παρέπομαι
812 2770 956 2811 dativum,
980 2780 1039 2801 non

218 2809 382 2851 genitivum
395 2818 510 2851 regere,
536 2809 692 2848 πετομένοις
710 2820 762 2851 pro
779 2811 932 2848 πετομένων
948 2809 1038 2841 Marte

218 2849 340 2890 proprio
347 2850 545 2890 contratidem
555 2860 626 2882 mss.
633 2849 766 2882 fortassis
779 2851 910 2882 scribere
918 2861 977 2883 non
987 2852 1039 2882 du-

218 2889 364 2922 bitarunt.
384 2889 442 2921 Sed
452 2889 477 2920 si
488 2892 640 2932 πετομένων
653 2891 799 2932 scriptura
809 2901 878 2923 vera
888 2892 937 2929 sit,
955 2892 1038 2923 dicas

218 2939 344 2964 necesse
355 2934 401 2962 est
410 2937 514 2962 casum
525 2940 592 2964 esse
602 2931 818 2972 absolutum,ac
827 2931 853 2964 si
863 2932 931 2972 quis
937 2931 1039 2965 Latine

909 165 940 196 8.
962 164 1101 196 BASILII
1124 165 1249 197 MAGNI

1865 168 1920 202 180

1068 234 1175 274 Αφάσει
1198 245 1289 266 πενιας
1318 235 1478 273 ἑκτιθὲμινοι
1505 235 1538 263 τὰ
1570 235 1650 270 νήπια
1668 244 1676 254 ·
1701 236 1719 270 ἢ
1754 237 1800 265 καὶ
1825 236 1852 265 ἂν
1885 237 1918 274 τῇ

1096 278 1211 318 διανομῇ
1237 282 1281 308 τοῦ
1325 279 1424 319 κλήρου
1462 279 1623 308 ἆνισώτατοι
1653 281 1718 318 πρὸς
1748 281 1781 309 τὰ
1810 280 1916 320 ἔκγονα,

1098 325 1204 352 Δίκαιον
1232 324 1292 364 γὰρ,
1319 323 1408 362 ὥσπερ
1438 323 1464 357 ἐξ
1494 324 1555 353 ἴσου
1579 323 1792 362 μεταδεδώκασιν
1814 326 1917 363 ἑκάστῳ

1095 372 1140 397 τοῦ
1168 369 1250 406 εἶναι,
1284 368 1353 397 οὕτω
1374 369 1420 397 καὶ
1439 370 1488 400 τὰς
1510 370 1576 408 πρὸς
1596 370 1627 398 τὸ
1649 372 1696 408 ζῇν
1712 370 1833 410 ἂφορμας
1849 370 1917 402 ἴσως

1095 415 1186 446 αὐτοῖς
1214 414 1257 442 καὶ
1301 414 1436 451 ὁμοτίμως
1470 414 1611 454 παρέχειν.
1658 415 1702 448 Μὴ
1731 415 1840 453 μιμήσῃ
1865 418 1917 443 τῶν

1095 458 1287 498 γαμψωνύχων
1303 459 1410 498 ὀρνίθων
1435 459 1466 486 τὸ
1489 458 1590 492 ἀπηνές
1610 468 1617 476 ⁸
1646 459 1685 494 οἳ,
1703 459 1810 487 ἐπειδὰν
1839 459 1914 488 ἴδωσι

1094 503 1154 535 τοὺς
1184 504 1283 532 ἑαυτῶν
1325 504 1446 535 νεοττοὺς
1485 503 1712 541 κατατολμῶντας
1740 503 1835 532 λοιπὸν
1868 504 1915 537 τῆς

1095 549 1230 587 πτήσεως,
1262 547 1418 576 ἐκϐάλλουσι
1447 550 1497 582 τῆς
1535 547 1642 584 καλιᾶς,
1686 549 1828 582 τύπτοντες
1857 555 1914 580 τοῖς

1095 600 1204 631 πτεροῖς
1246 594 1289 620 καὶ
1333 594 1473 631 ὠθοῦντες,
1522 593 1566 620 καὶ
1604 592 1725 630 οὐδεμίαν
1761 592 1915 630 ἐπιμέλειαν

1094 640 1228 665 ποιοῦνται
1246 638 1311 673 πρὸς
1332 638 1362 664 τὸ
1387 636 1490 666 λοιπόν.
1507 636 1661 665 Ἐπαινετὸν
1676 640 1725 670 τῆς
1741 637 1862 677 κορώνης
1885 637 1914 666 τδ

1094 681 1249 721 φιλότεκνον
1269 706 1275 712 ,
1299 683 1316 715 ἢ
1339 682 1382 710 καὶ
1405 681 1561 718 πετομένοις
1584 681 1645 720 (76)
1674 680 1725 715 ἤδη
1757 681 1913 722 παρέπεται,

1094 728 1224 761 σιτίζουσα
1255 726 1346 756 αὖτοὺς
1390 726 1433 753 καὶ
1470 725 1630 765 ὲκτρὲνρουσα
1666 726 1748 765 μέχρι
1778 726 1912 757 πλείστου.

1094 770 1183 799 Πολλὰ
1211 773 1264 799 τῶν
1306 771 1412 808 ὀρνίθων
1455 770 1521 809 γένη
1551 769 1624 799 οὒόὶν
1652 771 1716 809 πρὸς
1745 771 1794 805 τὴν
1823 771 1912 804 κύησιν

1093 814 1179 843 δεῖται
1196 816 1243 849 τῆς
1259 819 1312 844 τῶν
1334 815 1448 854 ἀρῥένων
1465 815 1610 848 ἐπιπλοκῆς
1630 824 1636 832 ⁸
1655 814 1715 842 ἀλλ’
1740 815 1766 843 ἐν
1794 816 1842 853 μὲν
1857 823 1912 847 τοῖς

1093 859 1183 892 ἄλλοις
1200 860 1282 899 ἄγονοί
1305 861 1360 888 εστι
1390 860 1422 888 τα
1447 859 1592 897 ὑπηνέμια,
1616 860 1676 891 τοὺς
1692 859 1719 887 δὲ
1734 861 1822 898 γῦπάς
1839 871 1912 900 ῳασιν

1094 904 1276 937 ἂσυνόυάστως
1292 905 1388 933 τίκτειν
1405 905 1440 936 ὡς
1456 906 1488 932 τα
1510 904 1609 944 πολλὰ,
1635 905 1679 932 καὶ
1703 905 1786 932 ταῦτα
1814 916 1911 943 μικρο-

1091 948 1236 980 ϐιωτάτους
1252 949 1328 981 ὄντας
1342 958 1349 966 ·
1380 949 1423 981 οἷς
1452 959 1482 987 γε
1505 949 1602 988 μέχρις
1628 949 1722 976 ἑκατὸν
1737 949 1804 976 ἐτῶν
1819 951 1856 980 ὼς
1884 950 1912 976 τα

1094 993 1177 1022 πολλὰ
1192 995 1376 1034 παρατείνεται
1394 993 1454 1033 (77)
1477 995 1493 1027 ἦ
1516 993 1584 1028 ζωή.
1601 998 1682 1022 Τοῦτο
1708 1004 1754 1030 μοι
1785 993 1834 1033 ἔχε
1861 1005 1911 1021 πα-

1091 1039 1342 1077 ρασεσημειωμένον
1371 1039 1401 1066 ἐκ
1430 1041 1479 1071 τῆς
1505 1039 1563 1075 περὶ
1592 1038 1651 1069 τοὺς
1667 1036 1770 1076 ὄρνιθας
1787 1038 1910 1077 ἱστορίας,

1133 1107 1140 1122 ,
1171 1083 1277 1112 ἐπειδάν
1304 1094 1367 1112 ποτε
1390 1082 1450 1121 ἴδῃς
1466 1082 1600 1121 γελῶντας
1616 1093 1689 1113 τινας
1712 1083 1742 1110 τὸ
1769 1084 1911 1122 μυστήριον

1090 1129 1178 1168 ἡμῶν,
1207 1129 1243 1159 ὼς
1266 1127 1391 1158 ἀδυνάτου
1409 1127 1483 1159 ὄντος
1505 1127 1548 1156 καὶ
1568 1127 1618 1160 ἔξω
1635 1128 1682 1160 τῆς
1710 1127 1827 1166 φύσεως,
1844 1138 1911 1166 παρα

1088 1173 1161 1200 θένον
1189 1180 1290 1212 τεκεῖν,
1328 1175 1377 1206 τῆς
1418 1171 1560 1211 παρθενίας
1590 1172 1669 1204 αὐτῆς
1714 1171 1910 1210 φυλαττομένης

1087 1217 1232 1258 ἆχράντου,
1250 1218 1411 1255 ἐνθυμηθῄς,
1442 1216 1482 1245 ὅτι
1511 1218 1524 1245 ὁ
1553 1215 1699 1250 εῶοκήσας
1716 1216 1743 1244 ἒν
1767 1219 1802 1254 τῇ
1831 1217 1910 1255 μωρίᾳ

1087 1263 1132 1291 τοῦ
1160 1264 1331 1302 κηρύγματος
1355 1265 1438 1290 σῶσαι
1461 1262 1522 1292 τοὺς
1552 1261 1736 1297 πιστεύοντας,
1761 1263 1856 1300 μυρίας
1882 1261 1910 1289 ἑκ

1085 1310 1134 1341 τῆς
1151 1308 1253 1346 φύσεως
1283 1308 1404 1348 ἀφορμὰς
1429 1307 1494 1346 πρὸς
1522 1307 1570 1340 τὴν
1593 1305 1679 1333 πίστιν
1694 1308 1746 1333 τῶν
1761 1305 1909 1345 παραδόξων

1085 1351 1224 1392 προλαϐὼν
1241 1351 1406 1381 κατεϐάλετο
1421 1351 1499 1391 (78).

1126 1398 1156 1428 7.
1180 1396 1348 1436 Ἐξαγαγέτω
1379 1397 1411 1425 τα
1445 1395 1527 1424 ὕδατα
1561 1396 1658 1435 ἑρπετὰ
1680 1397 1777 1435 ψυχῶν
1808 1396 1907 1436 (manus.

1085 1442 1129 1470 καὶ
1164 1443 1271 1470 πετεινὰ
1301 1442 1436 1479 πετόμενα
1458 1441 1500 1469 ἐπὶ
1529 1443 1577 1474 τῆς
1608 1443 1672 1479 γῆς,
1705 1441 1774 1468 κατὰ
1804 1442 1833 1468 τὸ
1850 1451 1909 1468 στε-

1086 1486 1177 1524 ρέωμα
1207 1491 1252 1515 τοῦ
1282 1487 1403 1525 οὐρανοῦ.
1437 1485 1495 1514 Ἐπὶ
1525 1485 1573 1523 μὲν
1614 1488 1662 1518 τῆς
1693 1487 1743 1523 γῆς
1771 1484 1908 1517 ἐκελεύσθη

1086 1533 1224 1571 πετᾶσθαι,
1241 1530 1282 1559 διὰ
1298 1532 1328 1559 τὸ
1344 1534 1408 1559 πᾶσι
1431 1531 1483 1564 τὴν
1497 1531 1596 1570 τροφὴν
1619 1530 1671 1558 ἀπὸ
1693 1531 1741 1564 τῆς
1759 1532 1810 1568 γῆς
1826 1529 1908 1567 ὑπάρ-

1087 1587 1148 1615 χειν
1165 1585 1173 1594 ο
1200 1577 1272 1604 Κατὰ
1295 1575 1322 1603 δὲ
1345 1577 1375 1604 τὸ
1403 1574 1542 1615 στερέωμα
1564 1579 1610 1604 τοῦ
1632 1576 1755 1614 οἰρανοῠ,
1784 1576 1822 1606 ὡς
1845 1585 1908 1612 προ-

1086 1619 1211 1652 λαϐόντες
1227 1619 1434 1656 ἀποδεδώκαμεν
1459 1620 1533 1659 (79),
1568 1621 1677 1658 οὖρανοῦ
1705 1619 1815 1647 ante;
1843 1620 1908 1658 παρα

1086 1666 1115 1692 τὸ
1144 1667 1250 1704 ὁρᾶσθαι
1279 1669 1325 1694 τοῦ
1349 1664 1425 1704 ἀέρος
1457 1664 1671 1704 προσηρειμὲνου
1688 1671 1695 1678 ’
1725 1664 1907 1703 περεὼματος

1084 1708 1124 1746 δὲ,
1157 1711 1199 1738 διὰ
1221 1711 1251 1738 τὸ
1288 1710 1447 1749 πυκνότερόν
1483 1721 1540 1741 πως
1579 1709 1663 1745 εἶναι,
1705 1710 1840 1748 συγκρίσει
1866 1710 1908 1736 τοῦ

1084 1755 1196 1793 αἰθερίου
1225 1755 1363 1792 σώματος,
1406 1756 1450 1783 καὶ
1479 1754 1583 1792 μᾶλλον
1629 1752 1815 1791 πεπιλημένον
1851 1760 1907 1784 ταῖς

1084 1800 1201 1828 κάτωθεν
1225 1800 1372 1839 ἀναφοραῖς
1397 1800 1441 1828 τὸν
1468 1799 1533 1838 ὑπὲρ
1574 1797 1693 1838 κεφαλῆς
1727 1799 1806 1836 ἡμῶν
1835 1798 1906 1836 ἀέρα.

1084 1842 1186 1883 ’Ἔχεις
1217 1846 1260 1872 οὖν
1286 1845 1394 1883 οὒρανὸν
1410 1842 1669 1881 διακεκοσμημένον,
1692 1845 1744 1881 γῆν
1766 1842 1906 1871 κεκαλλωο

1084 1889 1227 1926 πισμένην,
1257 1888 1392 1916 θάλασσαν
1408 1888 1602 1926 ευθηνουμένην
1627 1894 1685 1920 τοῖς
1708 1887 1815 1919 οἰκείοις
1845 1898 1905 1926 γεν-

1083 1935 1210 1971 νήμασιν,
1241 1933 1306 1972 ἁὲρα
1334 1933 1426 1972 πλήρη
1454 1936 1506 1961 τῶν
1535 1932 1716 1971 διιπταμένων
1738 1932 1818 1960 αὺτὸν
1840 1933 1906 1971 ὀρνέ-

1083 1981 1146 2010 θων,
1172 1980 1259 2007 Πάντα
1277 1979 1460 2019 προστάγματι
1483 1983 1547 2008 Θεοῦ
1571 1979 1601 2007 ἐκ
1623 1982 1669 2007 τοῦ
1695 1979 1734 2016 μὴ
1765 1977 1841 2009 όντος
1871 1979 1904 2008 εἰς

1083 2025 1113 2051 τὸ
1149 2025 1220 2052 εἶναι
1243 2023 1426 2064 παραχθέντα,
1444 2025 1487 2052 καὶ
1502 2024 1550 2052 ὅσα
1579 2025 1593 2051 ὁ
1617 2023 1697 2062 λόγος
1724 2025 1828 2062 παρῆκε
1851 2026 1905 2061 νῦν,

1084 2069 1133 2102 τὴν
1162 2070 1204 2097 ἐπὶ
1229 2068 1323 2097 πλεῖον
1339 2069 1366 2096 ἐν
1383 2070 1487 2100 τούτοις
1514 2068 1650 2107 διατριϐὴν
1666 2067 1807 2105 ἐκκλίνων,
1824 2069 1860 2099 ὣς
1876 2067 1904 2094 ἂν

1083 2115 1122 2151 μὴ
1144 2113 1206 2152 δόξῃ
1235 2114 1438 2153 ὑπερεκπίπτειν
1459 2113 1526 2153 ς80)
1551 2118 1597 2143 τοῦ
1617 2113 1724 2152 μέτρου,
1742 2113 1810 2142 κατὰ
1824 2123 1903 2141 σεαυ-

1083 2160 1128 2186 τὸν
1141 2158 1382 2197 συλλογισάμενος,
1409 2158 1457 2197 ὅγε
1485 2158 1644 2198 φιλόπονος,
1659 2158 1709 2191 τὴν
1723 2157 1750 2185 ἐν
1763 2157 1846 2186 ἅπασι
1861 2162 1904 2186 τοῦ

1083 2207 1149 2231 Θεοῦ
1164 2204 1257 2241 σοφίαν
1287 2204 1505 2241 καταμανθάνων,
1531 2203 1571 2241 μὴ
1588 2202 1671 2240 λήξῃς
1690 2203 1756 2230 ποτὲ
1772 2203 1819 2230 τοῦ
1845 2202 1904 2230 θαύ-

1083 2260 1180 2286 ματος,
1196 2247 1264 2285 μηδὲ
1278 2251 1325 2275 τοῦ
1338 2247 1379 2276 ὂίὰ
1401 2249 1490 2282 πάσης
1509 2250 1558 2281 τῆς
1575 2247 1684 2279 κτίσεως
1713 2245 1831 2282 δοξάζειν
1860 2247 1902 2274 τόν

1090 1083 1101 1110 :Ly
1105 1083 1127 1109 ν’

1080 2407 1341 2446 diceret,Consule
1358 2409 1516 2446 Cicerone,
1533 2407 1777 2440 eiadulabantur
1790 2415 1899 2438 omnes.

1082 2449 1175 2489 Igitur
1187 2448 1277 2479 modo
1291 2457 1349 2479 non
1364 2448 1503 2480 dissimili
1517 2449 1610 2480 verba
1622 2447 1736 2483 Graeca,
1748 2446 1775 2489 si
1791 2456 1898 2487 prono—

1082 2487 1150 2520 men
1164 2491 1253 2522 αὺτοῖς
1266 2489 1613 2529 suppleamus,poterunt
1623 2488 1757 2519 construi
1769 2487 1826 2529 lioc
1841 2497 1898 2529 mo-

1082 2530 1119 2560 do
1132 2541 1138 2558 :
1152 2527 1312 2567 πετομένων
1320 2527 1432 2568 τέκνων,
1450 2527 1540 2562 αὗτοτς
1556 2529 1715 2569 παρέπεται,
1731 2527 1898 2559 volantibus

1080 2569 1176 2610 pullis
1188 2578 1237 2610 eos
1248 2570 1421 2601 comitatur.
1439 2569 1516 2609 Lege
1531 2575 1564 2602 ut
1576 2569 1692 2601 libebit.

1122 2611 1183 2649 (77)
1200 2609 1273 2648 Reg.
1289 2614 1388 2640 sextus
1403 2607 1610 2649 παρεκτείνεται.
1623 2610 1689 2640 Mox
1705 2607 1825 2639 codices
1836 2611 1895 2638 octo

1082 2651 1129 2691 ἔχε
1143 2651 1446 2689 παρασεστιμειωμένυν.
1463 2650 1542 2682 Editi
1558 2651 1606 2691 ἔχε
1625 2651 1696 2689 παρὰ
1721 2650 1824 2686 σεαυτῷ
1852 2658 1893 2676 σι·

1081 2691 1278 2728 σημειωμὲνον,

1118 2731 1180 2768 (78)
1196 2731 1258 2761 Duo
1276 2739 1347 2761 mss.
1364 2730 1554 2760 κατεϐάλλετο.
1568 2730 1649 2762 Infra
1663 2739 1734 2760 mss.
1751 2734 1813 2760 tres
1825 2728 1893 2757 πέτε-

1081 2773 1150 2799 τθαι.
1169 2769 1247 2801 Editi
1262 2780 1328 2801 cum
1343 2771 1461 2801 duobus
1476 2771 1541 2802 aliis
1554 2780 1626 2803 mss.
1640 2772 1778 2799 πετᾶσθαι.

1121 2811 1182 2851 (79)
1199 2811 1272 2850 Reg.
1289 2816 1392 2842 sextus
1407 2810 1584 2850 προλαϐόντες
1601 2808 1891 2848 ἀπεδώκαμενᾞθώῑι

1082 2851 1176 2882 multo
1193 2856 1260 2891 post
1273 2860 1344 2882 mss.
1363 2856 1424 2882 tres
1439 2851 1482 2880 διὰ
1496 2853 1526 2880 τὸ
1541 2852 1651 2881 πυκνόν.

1123 2891 1182 2933 (8-0)
1193 2887 1325 2923 ’ϐοᾶὶοθε
1340 2892 1473 2933 quinque
1487 2893 1668 2931 ὑπερπίπτειν.
1685 2891 1752 2923 Mox
1766 2887 1889 2923 (κυλίοι

1081 2931 1195 2964 cundus
1211 2932 1237 2962 ιν
1253 2935 1316 2962 πᾶσι
1331 2931 1390 2963 τοῦ.
