2023 3141
101 191 165 225 189

658 188 819 221 HOMILIA
841 186 880 220 1X
902 186 940 219 IN
962 185 1240 219 HEXAEMERON.

1729 184 1787 218 190

101 257 166 286 δέκα
187 258 233 286 καί
253 257 323 285 ὀκτὼ
342 255 467 295 μυριάδας
491 254 602 283 σταδίων
625 256 655 283 τὸ
671 256 827 295 περίμετρον
846 256 919 297 ἔχειν

969 257 1055 286 stram
1067 255 1104 285 de
1116 254 1375 286 mundistructura
1387 252 1594 284 narrationem
1612 252 1785 284 inferiorem

105 306 152 336 εῆς
184 302 246 341 γῆς·
277 302 322 330 καὶ
346 302 377 329 τὸ
402 299 448 328 ἀπ’
476 302 558 333 αὐτῆς
587 301 703 337 σκίασμα
719 300 746 328 ἐν
761 304 795 339 τῇ
809 302 859 330 ὑπὸ
874 303 924 341 γῆν

103 354 149 377 τοὺ
163 347 242 381 ἡλίου
257 347 360 381 κινήσει
382 347 424 373 ἐπὶ
440 345 520 374 πόσον
545 352 634 385 χωρεῖ
659 350 705 374 τοῦ
727 345 800 384 ἀέρος
827 347 856 374 οἱ)
884 346 924 374 δι-

104 394 246 431 εμέτρησε·
262 391 304 420 καὶ
327 394 384 422 πῶς
409 393 486 419 τοῦτο
509 394 542 429 τῇ
565 389 666 428 σελήνῃ
687 391 861 430 προσενεχθὲν
878 392 924 423 τὰς

103 437 236 474 ὶκλείψεις
265 442 359 467 πωιετ.
390 434 499 469 Ἐπειδὴ
527 436 561 463 τὰ
592 434 675 472 μηδὲν
697 436 763 474 πρὸς
788 435 862 474 ἡμᾶς
890 437 926 469 ὡς

103 481 230 522 ἄχρηστα
258 482 327 519 ἡμῖν
351 480 552 513 ἀπεσιώπησεν
571 481 620 519 ἆρα
641 480 732 508 τούτου
760 480 822 520 (10)
839 480 926 510 ἕνεκεν

103 526 250 565 ἀτιμότερα
271 526 409 565 ἡγήσομαι
425 527 474 558 τῆς
497 525 678 564 μωρανθείσης
707 525 799 564 σοφίας
828 526 859 553 τὰ
881 529 927 554 τοῦ

102 572 257 609 Πνεύματος
273 570 364 610 λόγια;
382 570 399 603 ἢ
416 569 518 607 μᾶλλον
543 568 644 602 δοξάσω
673 570 719 597 τὸν
740 570 780 606 μὴ
797 570 926 610 ἀπασχο-

101 615 222 650 λήσαντα
246 616 292 643 τὸν
321 618 380 642 νοῦν
395 615 473 652 ἡμῶν
496 614 539 642 ἐπὶ
561 614 593 641 τὰ
618 613 729 653 μάταια,
747 613 814 642 ἀλλὰ
829 615 926 643 πάνται

102 660 138 692 εἷς
175 659 318 698 οἰκοδομὴν
355 659 397 687 καὶ
426 659 606 698 καταρτισμὸν
633 661 685 686 τῶν
714 660 810 698 ψυχῶν
850 660 925 697 ἡμῶν

100 716 235 745 γραιρηναι
262 704 495 741 οἶκοντιμήσαντας
520 702 559 732 "0
590 714 635 739 μοι
663 702 768 732 δοκοῦσι
794 704 832 742 μὴ
861 715 924 732 συν-

101 748 199 780 ειδότες
230 749 317 789 tiv‘ac,
358 754 535 787 παραγωγαῖς
571 759 623 776 τισι
662 748 705 776 καὶ
738 748 923 787 τροπὸλογίαις

101 794 254 831 σεμνότ-ῖτά
294 804 353 822 τινα
391 793 421 820 ἐκ
462 793 511 826 τῆς
551 793 648 824 οἰκείας
690 793 772 827 αὒτῆν
811 792 924 826 διανοίας

101 839 281 878 ἰπεχείρησαν
323 837 386 877 (11)
429 843 488 869 τοῖς
527 838 700 876 γεγραμένοις
748 836 921 877 ἐπιφημίσαι.

101 882 185 911 Ἀλλὰ
214 884 292 911 τοῦτο
321 883 393 910 εστιν
423 881 515 910 ἑαυτὸν
532 882 681 921 σοφώτερον
697 893 850 914 ποιουνντος
872 884 924 910 τῶν

101 927 199 966 λογίων
221 932 268 956 τοῦ
295 927 446 964 Πνεύματος
466 952 472 962 ,

99 982 168 1004 σεως
192 972 226 1000 τὰ
250 973 344 1000 εαυταῦ
373 971 485 1010 πιρεισά
513 982 618 1010 γοντος,
650 971 766 999 Νοείσθω
788 972 873 999 τοίνυν
888 973 923 1004 ὡς

100 1017 260 1056 γέγραπται,

966 309 1031 331 esse
1042 299 1224 339 dicam,quia
1236 298 1348 329 nullum
1361 298 1398 329 de
1409 297 1511 338 ﬁguris
1520 298 1644 328 verbum
1658 298 1710 329 Dei
1723 307 1787 329 ser-

965 354 1018 375 vus
1031 345 1146 383 Moyses
1159 343 1228 375 fecit
1245 354 1252 373 :
1266 348 1316 373 aut
1331 343 1399 383 quia
1414 352 1472 373 non
1488 343 1560 373 dixit
1576 349 1662 374 terrm
1677 343 1786 374 circui-

967 393 1028 420 tum
1045 393 1163 420 centum
1176 387 1362 427 etoctoginta
1374 387 1535 418 stadiorum
1555 387 1646 418 millia
1661 387 1783 419 habere:

968 438 1017 465 aut
1032 436 1100 473 quia
1115 442 1174 463 non
1185 432 1339 463 dimensus
1351 436 1395 463 est
1418 432 1446 462 in
1464 436 1604 472 quantum
1622 433 1701 463 aeris
1717 442 1785 472 spa-

968 478 1042 508 tium
1058 477 1198 517 procedat
1214 477 1278 516 ejus
1294 475 1400 507 umbra
1416 480 1477 506 tum
1494 485 1562 506 cum
1578 476 1621 507 sol
1637 477 1692 508 sub
1707 484 1788 509 terra

969 526 1103 553 moretur
1122 531 1128 553 :
1143 526 1192 551 aut
1208 520 1356 561 quomodo
1374 520 1478 551 eadem
1496 521 1575 552 lunae
1588 521 1706 561 objecta
1720 531 1787 563 pro-

969 571 1052 597 creet
1063 565 1373 606 deliquia,prwsertim
1384 574 1452 596 cum
1468 575 1503 596 ea
1517 575 1583 606 quae
1597 566 1633 596 ad
1645 576 1699 597 nos
1712 567 1786 598 nihil

968 612 1103 648 attinent,
1122 615 1262 651 tauquam
1284 609 1370 640 nobis
1385 609 1501 641 inutilia
1514 611 1554 640 δι
1573 610 1691 641 silentio
1707 620 1785 652 prau-

968 655 1132 687 termiserit
1148 666 1154 686 :
1174 664 1245 685 num
1257 654 1337 692 ideo,
1354 663 1467 694 quaeso,
1484 655 1612 695 Spiritus
1622 656 1714 686 sancti
1726 657 1788 687 elo-

967 701 1036 741 quia
1061 709 1204 731 censuero
1228 699 1369 730 infatuata
1393 700 1538 739 sapientia
1564 709 1629 731 csse
1655 700 1787 732 viliora?

967 745 1071 776 Nonne
1082 745 1178 785 potius
1193 744 1219 774 ei
1241 743 1352 774 dedero
1367 744 1503 783 gloriam.
1521 745 1568 785 qui
1586 749 1715 776 mentem
1729 755 1786 776 no-

966 793 1057 821 stram
1070 790 1100 820 iu
1112 798 1212 820 rerum
1225 797 1364 819 vauarum
1375 790 1568 829 occupatione
1578 798 1637 821 non
1646 790 1785 828 detinuit,

967 836 1018 866 sed
1035 835 1134 866 omnia
1149 834 1185 865 ad
1204 833 1429 864 azditicatiouem
1442 839 1470 864 et
1485 834 1698 874 perfectionem
1717 836 1785 866 ani-

968 889 1082 911 marum
1099 883 1264 910 nostrarum
1281 878 1428 908 conscribi
1453 879 1564 910 sanxit?
1579 879 1609 910 ld
1627 880 1704 920 quod
1717 880 1784 920 qui-

503 927 547 954 καὶ
583 928 609 954 ἑν
634 928 809 965 προσποιήσει
822 926 923 966 ’ἐξηγή-

969 925 1035 956 dam
1052 924 1124 954 mihi
1142 923 1277 954 videntur
1293 932 1351 952 non
1368 923 1567 954 intellexisse:
1585 925 1787 964 quicaptioni—

967 969 1021 1000 bus
1037 968 1213 1009 quibusdam
1228 971 1315 1007 atque
1332 968 1507 1007 tropologiis
1522 978 1556 999 ex
1578 978 1631 999 suo
1652 969 1785 1009 ipsorum

966 1014 1087 1054 ingenio
1109 1013 1219 1053 aliquid
1245 1012 1408 1051 Scripturis
1433 1014 1580 1044 asciscere
1605 1013 1787 1045 auctoritatis

101 1060 202 1092 conati
219 1064 297 1092 sunt.
317 1059 428 1091 Verum
445 1060 474 1090 id
487 1061 512 1090 ei
526 1059 677 1100 competit,
696 1059 790 1099 quise
805 1060 900 1100 ipsum
923 1059 1048 1102 Spiritus
1062 1059 1157 1089 sancti
1169 1057 1298 1088 oraculis
1309 1057 1468 1088 constituit
1486 1059 1709 1100 sapientiorem,
1723 1059 1788 1100 qui-

102 1114 160 1146 que
173 1105 428 1145 interpretationis
444 1108 589 1145 praetextu
602 1109 770 1136 commenta
785 1114 837 1135 sua
853 1105 978 1136 inducit.
994 1104 1064 1135 Hac
1080 1104 1188 1143 itaque,
1205 1106 1236 1133 ut
1248 1102 1357 1142 scripta
1374 1107 1453 1140 sunt,
1470 1103 1682 1143 intelligantur.

141 1152 173 1180 2.
203 1149 373 1189 Ἐξαγαγέτω
416 1151 432 1183 ἠ
474 1153 508 1188 γῖι
553 1150 646 1189 ψυχὴν
687 1154 773 1185 {toan
820 1151 926 1184 κτηνῶν

100 1196 146 1224 καὶ
177 1195 273 1233 θηρίων
304 1195 348 1222 καὶ
379 1194 507 1233 ἑρπετῶν.
542 1194 645 1227 Νόησον
674 1194 747 1232 ῥῆμα
791 1198 855 1222 Θεοῦ
884 1194 925 1224 διὰ

99 1243 152 1274 τῆς
180 1239 288 1270 κτίσεως
318 1239 441 1279 τρέχον,,
460 1239 502 1267 καὶ
525 1239 585 1267 τότε
610 1239 765 1278 ἀρξάμενον,
785 1239 923 1279 καὶμέχρι

101 1290 145 1314 νῦν
163 1284 295 1323 ἐνεργοῦν,
319 1284 363 1312 καὶ
378 1284 414 1315 εἰς
436 1283 511 1316 τέλος
539 1282 632 1323 δεξιὸν,
656 1282 706 1315 ἕως
737 1283 766 1311 ἂν
789 1285 802 1312 ὁ
824 1295 924 1322 κοσμος

100 1328 297 1368 συμπληρωθῇ,
326 1328 372 1360 Ὠς
400 1329 450 1368 γὰρ
472 1329 490 1363 ἡ
514 1335 625 1368 σφαῖρα,
649 1328 755 1358 ἐπειδὰν
782 1329 832 1356 ὑπὸ
853 1340 923 1361 τινος

99 1374 213 1412 ἆπωσθῇ
235 1372 313 1413 (12)³
343 1373 404 1402 εἶτα
429 1377 541 1413 πρανοῦς
562 1384 633 1403 τινος
664 1373 788 1410 λάϐηται,
816 1374 866 1403 ὑπό
895 1385 924 1402 τε

100 1421 151 1454 τῆς
174 1419 272 1450 οἰκείας
300 1418 466 1452 κατασκευῆς
493 1419 602 1452 καὶτῆς
632 1417 854 1452 ἐπιτηδειότητος
875 1422 924 1448 τοᾶ

100 1463 204 1504 χωρίου
226 1463 331 1503 φέρεται
353 1463 418 1502 πρὸς
446 1463 477 1490 τὸ
505 1463 644 1503 κάταντες,
661 1464 690 1491 οὗ
705 1464 830 1502 πρότερον
845 1465 922 1492 ἱστα-

100 1508 171 1545 μένη
200 1508 260 1544 πρὶν
286 1507 317 1535 ἄν
349 1518 373 1536 τι
404 1509 456 1535 τῶν
484 1507 613 1536 ἱσοπέδων
642 1508 723 1541 αὒτὴν
753 1507 920 1542 δποδὲξηται·

100 1552 171 1581 οὕτω
185 1553 203 1586 ἡ
219 1553 293 1591 φύσις
321 1552 374 1580 τῶν
389 1551 484 1592 ὄντων,
501 1552 537 1580 ἒνὶ
563 1553 746 1591 προστάγματι
766 1551 830 1592 (13)
843 1564 923 1587 κινη-

99 1599 189 1637 Θεῖσα,
205 1597 254 1631 τὴν
283 1597 308 1625 ἓν
334 1601 368 1636 τῇ
392 1597 493 1636 γενέσει
523 1597 567 1625 καὶ
594 1598 676 1637 φθορᾷ
704 1598 786 1625 κτίσιν
814 1597 921 1636 ὁμαλῶς

100 1641 274 1682 διεξέρχεται,
298 1642 344 1674 τὰς
371 1646 423 1670 τῶν
438 1644 521 1680 γενῶν
536 1641 690 1674 ἀκολουθίας
706 1641 738 1669 δι’
761 1642 921 1680 ὁμοιότητος

100 1686 287 1722 ἀποσώζουσα,
304 1686 354 1718 ἕως
382 1686 413 1714 ἂν
435 1697 500 1725 προς
532 1687 595 1715 αὑτὸ
611 1687 764 1725 καταντήσῃ
781 1687 812 1715 τὸ
826 1686 920 1722 τήλος,

100 1730 204 1760 ’Ἵππον
228 1731 276 1769 μὲν
307 1732 357 1770 γὰρ
381 1731 451 1759 ἵππο
472 1737 590 1759 ποιεῖται
612 1730 748 1771 διάδοχον1
772 1733 813 1759 καὶ
829 1731 922 1760 λέοντα

100 1775 218 1810 λέοντος,
235 1776 279 1803 καὶ
304 1775 381 1804 ἀετὸν
410 1776 497 1804 ἀετοῦ·
516 1776 559 1804 καὶ
574 1775 684 1804 Exstat-iv
699 1778 751 1804 τῶν
766 1776 841 1812 ζώων
861 1783 922 1808 ταῖς

100 1819 194 1860 ἐφεξῆς
210 1818 349 1860 διαδοχαῖς
374 1821 582 1860 συντηρούμενον
613 1820 695 1860 μέχρι
712 1821 759 1854 τῆς
775 1823 922 1852 συντελείας

100 1871 147 1894 τοῦ
167 1865 268 1896 παντὸς
291 1865 474 1904 παραπέμπει.
503 1865 590 1897 Οὐδεὶς
623 1866 721 1905 χρόνος
752 1865 926 1906 διεφθαρμένα

101 1910 120 1943 ἢ
137 1908 245 1942 ἐξίτηλα
261 1916 334 1938 ποιεῖ
351 1909 415 1949 (14)
429 1913 482 1938 τῶν
497 1910 570 1945 ζώων
594 1911 625 1939 τὰ
638 1910 778 1948 ἰδιώματα,
793 1910 852 1938 ἀλλ’
868 1910 924 1938 ὥσ-

101 1965 151 1994 περ
168 1954 225 1992 ἄρτι
241 1955 422 1992 καθισταμένη
436 1956 452 1989 ἡ
470 1956 544 1995 φύσις
562 1955 599 1983 ἀεὶ
614 1955 693 1994 νεαρὰ
708 1958 745 1992 τῷ
761 1955 851 1995 χρόνῳ
861 1966 926 1992 συμ-

102 1998 276 2039 παρατρέχεί,
308 1999 478 2038 Ἐξαγαγὲτω
505 2001 522 2034 ἡ
550 2002 585 2039 γῆ
617 2000 709 2040 ψυχὴν
730 2003 829 2035 ζῶσαν.
854 2004 923 2028 Τοῦ-

101 2055 132 2072 το
147 2043 303 2081 ἐναπέμεινε
332 2047 366 2082 τῇ
391 2047 427 2083 γῇ
447 2043 618 2084 πρόσταγμα³
635 2045 678 2072 καὶ
697 2046 727 2073 οὐ
754 2046 864 2073 παύεται
880 2044 924 2077 ἐξ-

101 2087 304 2126 υπηρετουμένη
327 2091 366 2125 τῷ
389 2089 507 2117 κτίσαντι
537 2088 612 2129 (15).
631 2090 668 2118 Τὰ
685 2089 733 2127 μὲν
748 2101 798 2129 γαρ
823 2089 852 2116 ἐκ
875 2092 925 2123 τῆς

101 2131 234 2172 διαδοχῆς
268 2136 322 2161 τῶν
347 2134 574 2174 προϋπαρχόντων
604 2134 761 2173 παράγεται⁵
785 2135 817 2162 τὰ
844 2133 871 2161 δὲ
887 2134 925 2162 ἔτι

101 2178 145 2205 καί
170 2181 214 2206 νῦν
239 2177 265 2210 ἐξ
293 2178 375 2210 αὐτῆς
404 2177 452 2212 τῆς
482 2181 531 2217 γῆς
562 2179 761 2217 ζωογονούμενα
784 2177 926 2210 δείκνυται,

103 2223 139 2251 Οὐ
153 2222 204 2261 γὰρ
230 2222 310 2259 μόνον
337 2222 463 2262 τέττιγας
493 2222 521 2250 ἐν
551 2222 708 2262 ἐπομϐρίαις
738 2223 854 2263 ἀνίησιν,
870 2223 927 2252 οὐδὲ

1008 1150 1036 1180 9.
1043 1149 1196 1179 Producat
1211 1151 1293 1177 terra
1301 1147 1438 1177 animum
1448 1149 1603 1178 viventem
1611 1158 1751 1188 pecorum
1759 1152 1787 1180 et

968 1195 1135 1226 bestiarum
1146 1196 1173 1223 et
1185 1191 1353 1232 reptilium‘
1361 1193 1367 1216 ι
1376 1191 1608 1223 .ConsideraDei
1617 1202 1721 1224 vocem
1733 1203 1787 1234 per

965 1249 1014 1270 res
1032 1242 1149 1270 creatas
1166 1236 1387 1277 pervadentem,
1405 1245 1470 1276 quae
1492 1240 1521 1267 et
1535 1241 1603 1268 tunc
1617 1239 1739 1278 incepit,
1758 1243 1787 1269 et

966 1293 1060 1325 usque
1070 1283 1168 1314 adhuc
1178 1281 1279 1312 eﬂicax
1291 1285 1350 1316 est.
1361 1290 1395 1311 ac
1411 1281 1440 1311 in
1457 1282 1547 1312 tinem
1558 1285 1718 1314 transitura
1728 1287 1783 1320 est,

966 1329 1061 1369 quoad
1079 1330 1302 1359 consummatus
1316 1326 1404 1356 fuerit
1425 1325 1563 1357 mundus.
1580 1327 1784 1364 Quemadmo-

966 1373 1036 1403 dum
1049 1372 1127 1404 enim
1140 1371 1255 1412 globus,
1274 1380 1340 1401 cum
1353 1371 1517 1412 aquopiam
1535 1372 1622 1403 fuerit
1641 1378 1786 1414 motus,ac

965 1417 1110 1458 deinceps
1122 1416 1267 1448 declivem
1278 1415 1406 1456 aliquem
1420 1415 1516 1446 locum
1528 1420 1632 1448 nactus
1648 1417 1746 1456 fuerit,
1758 1422 1786 1450 et

965 1472 1000 1494 ex
1015 1462 1134 1503 propria
1143 1466 1300 1501 structura,
1313 1466 1343 1491 et
1357 1470 1392 1492 ex
1401 1460 1458 1491 loci
1468 1462 1686 1501 opportunitate
1697 1463 1785 1494 deor-

964 1516 1029 1538 sum
1041 1507 1205 1545 fertur,nec
1221 1508 1302 1546 prius
1313 1505 1453 1546 quiescit,
1467 1516 1554 1546 quam
1572 1507 1708 1547 planities
1729 1508 1785 1539 ali-

965 1561 1023 1592 qua
1037 1552 1132 1592 ipsum
1157 1550 1319 1591 exceperit;
1336 1551 1375 1580 ita
1390 1559 1490 1581 rerum
1509 1556 1611 1582 natura
1633 1562 1691 1583 uno
1707 1562 1785 1593 prm-

965 1601 1052 1636 cepto
1068 1596 1201 1635 incitata,
1219 1603 1268 1626 res
1285 1595 1418 1625 conditas
1427 1595 1610 1635 aequabiliter
1621 1596 1784 1635 ingenera-

965 1641 1046 1671 tione
1062 1645 1091 1671 et
1102 1640 1131 1670 in
1147 1639 1340 1679 corruptione
1358 1643 1666 1681 penetrat,servalque
1680 1651 1734 1681 per
1742 1642 1785 1672 si-

965 1685 1162 1716 militudinem
1170 1683 1374 1715 successiones
1381 1685 1634 1725 generum,donec
1642 1686 1678 1716 ad
1687 1686 1785 1726 ipsum

964 1730 1134 1771 pervenerit
1155 1730 1257 1760 ﬁnem.
1271 1728 1343 1759 Nam
1360 1738 1468 1769 equum
1486 1729 1555 1769 equi
1580 1739 1785 1762 successorem

964 1775 1169 1812 facil,leonem
1189 1773 1428 1814 leonis,aquilam
1450 1774 1556 1814 aquilae
1573 1784 1580 1806 :
1599 1775 1657 1806 imo
1674 1777 1788 1815 singula

966 1819 1105 1850 animalia
1115 1818 1370 1859 consequentibus
1382 1819 1624 1850 successionibus
1632 1830 1787 1852 conserva-

967 1868 1104 1904 ta,usque
1113 1864 1150 1894 ad
1163 1864 1293 1894 universi
1309 1863 1597 1895 consummationem
1613 1866 1784 1897 transmitit.

967 1908 1097 1949 Tempus
1120 1909 1219 1939 nullus
1241 1908 1366 1939 destruit
1381 1907 1554 1939 animalium
1578 1910 1785 1950 proprietates,

967 1952 1018 1983 sed
1036 1957 1174 1992 tanquam
1188 1962 1282 1992 nuper
1294 1952 1454 1983 constituta
1478 1957 1583 1984 natura
1604 1953 1652 1994 sit,
1669 1964 1789 1996 semper

965 2006 1072 2028 recens
1087 2007 1145 2028 una
1157 2006 1224 2027 cum
1243 2002 1376 2036 tempore
1385 1998 1522 2028 excurrit.
1537 1998 1689 2030 Producat
1700 2003 1787 2030 terra

967 2043 1102 2073 animam
1117 2043 1274 2073 viventem.
1294 2041 1355 2072 Hoc
1367 2047 1545 2082 przeceptum
1559 2047 1646 2074 terra;
1658 2044 1784 2083 inhaesit,

967 2096 1021 2117 nec
1039 2097 1073 2118 ea
1095 2086 1228 2117 Creatori
1254 2086 1363 2116 desiuit
1388 2087 1536 2119 famulari.
1562 2087 1628 2118 Alia
1653 2089 1732 2120 enim
1750 2099 1786 2120 ex

967 2132 1159 2163 successione
1174 2140 1277 2162 eorum
1290 2140 1357 2170 qua;
1373 2131 1456 2171 prius
1467 2131 1788 2173 exstitere,producuu-

968 2180 1034 2207 tur:
1053 2177 1111 2207 alia
1133 2185 1206 2207 Vero
1222 2185 1260 2207 ex
1277 2176 1339 2215 ipsa
1356 2180 1436 2206 terra
1451 2177 1520 2206 etim
1537 2185 1617 2208 nunc
1633 2178 1729 2208 adhuc
1741 2178 1785 2208 vi-

969 2225 1026 2252 tam
1042 2221 1177 2262 accipere
1190 2224 1374 2260 compertum
1387 2220 1509 2251 est.Non
1520 2222 1598 2252 enim
1615 2221 1711 2252 solum
1724 2223 1788 2262 plu-

102 2265 172 2294 ἄλλα
197 2267 276 2306 μυρία
303 2267 367 2306 γένη
395 2271 447 2296 τῶν
466 2267 652 2308 ἐμφερομένων
676 2271 713 2305 τῷ
735 2268 790 2307 ἇὲρι
805 2271 924 2308 πτηνῶν¹

969 2266 1015 2297 ιὶο
1029 2271 1161 2306 tempore
1177 2265 1238 2296 edit
1252 2265 1382 2302 cicadas,
1399 2265 1518 2296 autalia
1531 2265 1669 2298 iuumera
1683 2268 1787 2299 volati-

101 2312 138 2339 ὧν
154 2310 357 2348 ἀκατονόμαστα
378 2311 433 2340 ἔστι
449 2313 481 2341 τὰ
500 2312 617 2341 πλεῖστα
631 2312 674 2342 διὰ
694 2312 857 2350 λεπτότητα,
869 2313 928 2341 ἀλλ’

102 2354 154 2389 ἤδη
184 2356 229 2384 καὶ
249 2356 298 2394 μῦς
327 2356 371 2385 καὶ
394 2357 559 2398 βατράχους,
588 2357 614 2390 ἐξ
646 2358 727 2392 αὒτῆς
757 2357 921 2387 ἀναδίδωσιν·

103 2399 170 2428 ὅπου
184 2410 215 2438 γε
234 2400 292 2440 περὶ
321 2399 410 2435 Θήϐας
436 2402 484 2433 τὰς
509 2402 664 2442 Αἰγυπτίας,
681 2400 789 2430 ὲωειδᾶν
810 2401 861 2441 ὕσῃ
872 2401 924 2431 λά.

103 2443 173 2484 ϐρως
194 2444 221 2472 ἒν
251 2445 396 2482 καύμασιν,
424 2445 497 2479 εὐθὺς
533 2446 678 2486 ἀρουραίων
714 2449 787 2484 μυῶν
813 2447 831 2480 ἡ
846 2447 925 2487 χώρα

103 2488 331 2528 καταπληροᾱαι.
364 2490 415 2523 Τὰς
444 2490 472 2519 δὲ
504 2491 627 2532 ἐγχέλεις
656 2490 716 2530 (16)
745 2490 802 2520 οὐδὲ
836 2491 924 2525 ἄλλως

143 2569 171 2595 ﬂ
184 2568 259 2602 Gen.
274 2577 296 2610 ι,
309 2568 359 2601 24.

140 2648 205 2718 ρο)
220 2647 296 2696 Tres
307 2659 362 2682 ms.
377 2651 427 2697 ἆρα
450 2652 542 2682 τούτου
556 2663 598 2691 γε.
617 2651 692 2693 Reg.
718 2657 819 2684 sextus
833 2654 926 2683 τούτου

152 2714 159 2718 .
177 2689 254 2718 Editi
273 2699 339 2718 cum
352 2690 527 2718 nuihusdam
544 2701 614 2718 mss.
633 2695 724 2718 τούτου
738 2693 826 2718 ἕνεκεν

105 2689 165 2731 ut.
177 2689 254 2731 Editi
273 2699 339 2721 cum
352 2689 528 2731 quibusdam
544 2689 615 2724 mss.
633 2689 724 2722 τοῦτου
738 2693 837 2726 ἕνεκεν.

141 2730 208 2775 (lli)
224 2729 281 2761 Sex
297 2729 369 2775 mss;
394 2740 462 2775 cum
490 2741 546 2764 ms.
571 2732 705 2765 Combef.
733 2734 923 2775 ἐπεχείρησαν.

103 2769 184 2810 Editi
197 2770 381 2810 ξπεχειρῆσαι,
400 2772 489 2804 male.

142 2809 203 2849 ΗΞ)
219 2809 269 2842 Sic
285 2820 356 2841 mss.
373 2812 472 2844 multi.
485 2810 565 2844 Editi
580 2813 674 2845 Paris.
692 2814 797 2848 ὰπωθῆ.

141 2850 205 2890 (13)
223 2851 299 2895 Reg.
316 2855 416 2895 sextus
431 2852 514 2895 ὅντων
535 2854 562 2883 ἐν
579 2854 844 2895 προστάγματι,Μοι
860 2854 926 2895 plu-

105 2897 152 2922 res
169 2899 240 2922 mss.
254 2892 305 2925 τὴν
319 2891 345 2921 ιν
361 2896 395 2931 τῇ
408 2903 465 2933 γεν.
482 2892 571 2926 Deest
584 2891 618 2932 τῇ
633 2894 664 2924 iu
675 2891 774 2926 editis.

971 2311 1045 2342 lium
1069 2311 1100 2342 in
1115 2319 1184 2341 aere
1198 2311 1367 2350 vagantium
1382 2319 1504 2350 genera,
1518 2320 1644 2351 quorum
1660 2311 1789 2352 plurima

966 2360 1089 2398 propter
1119 2355 1293 2386 tenuitatem
1319 2359 1386 2386 sunt
1416 2364 1564 2396 anonyma
1581 2366 1588 2388 :
1606 2357 1659 2388 sed
1688 2367 1790 2389 mures

966 2404 1055 2432 etiam
1068 2405 1096 2431 et
1109 2409 1196 2431 ranas
1211 2408 1247 2430 ex
1258 2408 1291 2430 se
1305 2398 1370 2440 ipsa
1385 2400 1508 2440 profert.
1525 2400 1598 2432 Nam
1610 2402 1692 2434 circa
1705 2402 1788 2434 The-

965 2445 1018 2477 bas
1031 2445 1190 2487 Egyptias,
1207 2444 1258 2476 ubi
1274 2445 1305 2475 in
1320 2445 1442 2477 aestibus
1471 2446 1551 2485 large
1564 2446 1662 2487 .pluit,
1689 2449 1789 2481 statim

965 2490 1186 2532 campestribus
1196 2488 1332 2522 muribus
1340 2489 1421 2529 regio
1432 2491 1689 2532 completur.0uin
1699 2493 1788 2524 etiam

1010 2654 1076 2694 (14)
1090 2653 1132 2685 Ita
1146 2653 1239 2694 codex
1254 2651 1390 2685 Combef.
1407 2662 1474 2684 cum
1491 2651 1566 2694 Reg.
1579 2657 1693 2687 octavo.
1708 2654 1790 2687 Editi

968 2703 1037 2724 vero
1049 2693 1117 2725 cum
1135 2693 1249 2724 ueteris
1261 2702 1332 2724 mss.
1349 2694 1447 2733 χρόνος
1463 2693 1568 2727 ἐξίτηλα
1580 2702 1663 2726 ποιεῖ,

1010 2734 1075 2774 (15)
1092 2735 1166 2773 Reg.
1185 2737 1285 2775 sextus
1299 2735 1527 2773 EEumipmupévn
1550 2738 1588 2771 τῷ
1602 2736 1786 2775 προστάγματι

966 2773 1175 2820 ῖοῦκτίσσιντος,
1187 2773 1247 2805 Nec
1260 2776 1403 2805 creatoris
1417 2777 1543 2814 imperio
1557 2775 1667 2806 desinit
1682 2773 1785 2815 famu-

968 2814 1071 2895 l("3.6)
1085 2854 1148 2885 Duo
1163 2862 1236 2885 mss.
1249 2855 1297 2888 τὰς
1312 2853 1339 2882 δὲ
1354 2854 1479 2895 ἔγχελυς.
