2026 3143
116 133 170 165 201
654 134 816 166 HOMILIA
838 124 879 165 IX
901 116 945 165 IN-

966 131 1229 165 HEXAEMEBON
1235 157 1241 165 .
1746 133 1807 166 S02

115 204 155 238 τῷ
173 200 367 240 ὑπερϐάλλοντι
391 201 466 242 βάρει
494 201 666 241 καταῤῥέπων
695 201 734 230 ἀεὶ
749 203 816 242 πρὸς
831 202 862 230 τὸ
888 201 933 231 κά-

983 203 1126 239 vergerct.
1149 199 1232 231 hunc
1246 202 1345 230 autem
1373 203 1461 239 caput
1486 200 1605 241 quidem
1622 208 1676 241 per
1693 209 1804 240 paucas

115 257 165 276 τω.
184 250 236 276 Νῦν
251 246 279 274 δὲ
295 247 311 280 ἧ
328 247 378 284 μὲν
399 246 503 287 κεφαλὴ
525 245 560 275 δι’
581 246 679 286 ὀλίγων
702 250 754 275 τῶν
782 247 829 275 τοῦ
852 247 938 288 αὺχέ-

116 302 160 323 νος
184 290 336 330 σφονδύλων
361 292 426 331 πρὸς
456 291 505 325 τὴν
530 291 610 331 ῥάχιν
628 291 786 320 συνάπτεται
806 302 813 310 ⁸
834 295 893 333 ἔχει
911 292 938 321 δὲ

115 336 165 369 τὴν
197 335 374 375 προνομαίαν,
403 337 452 370 τὴν
482 339 528 364 τοῦ
549 335 688 376 τραχήλου
705 337 798 375 χρείαν
809 338 938 371 ἀποπλη-

115 381 225 420 ροῦσαν,
253 379 287 408 δι’
316 380 349 414 ἧς
381 381 425 408 καὶ
451 381 501 414 τὴν
529 380 629 420 τροφὴν
652 391 828 421 προσαγεται,
845 384 888 412 καὶ
909 383 939 410 τὸ

115 425 198 453 ποτὸν
214 425 352 462 ἀνιμᾶται,
370 423 454 452 Ἀλλὰ
470 425 513 452 καὶ
540 423 714 464 ἀδιάρθρωτοί
740 427 811 464 αὐτῷ
838 430 862 456 οἱ
886 428 940 456 πά⁸

115 469 170 509 δες,
202 470 282 498 οἱονεὶ
308 470 394 501 κίονες
416 469 563 507 ἡνωμένοι,
586 471 617 498 τὸ
638 470 718 510 βάρος
745 472 938 512 ὑποστηρίζω-

116 525 169 544 σιν.
195 515 223 542 Εἰ
240 514 290 553 γάρ
306 518 394 553 χαῦνα
410 514 481 551 αὒτῷ
509 515 553 543 καὶ
575 513 666 554 δίυγρα
688 515 802 550 ὑπετέθη
819 517 879 557 (58)
907 517 938 545 τὰ

114 558 200 594 κῶλα,
216 565 342 598 συνεχεῖς
358 558 388 586 ἂν
403 558 523 598 ἐγίνοντο
540 562 593 586 τῶν
618 558 719 598 ἄρθρων
743 561 769 589 αἱ
797 561 938 602 ἐκτροπαὶ,

114 602 324 639 ωνοκλάζοντος
349 604 393 631 καὶ
418 602 618 640 διανισταμένου
647 605 780 644 κουφίζειν
804 607 834 635 τὸ
861 607 941 646 βάρος

114 647 153 685 μὴ
170 647 348 687 ἐξαρκούντων
364 647 443 686 (59),
462 651 513 676 Νῦν
527 647 554 676 ’δὲ
568 649 671 689 βραχὺς
688 649 854 689 ἀστράγαλος
871 651 939 679 ὑπό-

114 703 201 720 κειται
216 696 256 729 τῷ
279 692 338 721 ποδὶ
367 692 413 721 τοῦ
429 692 572 732 ἐλέφαντος
590 702 596 710 ·
621 692 680 722 οὔτε
696 694 788 731 μέντοι
803 696 839 727 εἷς
856 695 940 734 ἆγιιόο

113 737 165 770 λην
187 736 247 765 οὕτε
270 738 307 769 εἰς
330 737 394 777 γόνυ
418 736 588 777 διήρθρωται.
611 738 647 767 Οὔ
669 739 718 778 γὰρ
747 737 778 767 ἂν
806 741 939 779 ὑπήνεγκε

112 782 143 809 τὸ
158 783 212 810 τῶν
237 781 338 821 ἄρθρων
354 781 494 820 ὀλισθηρὸν
518 782 567 816 τὴν
589 782 767 823 πολυσαρκίαν
797 788 843 813 τοῦ
869 785 938 821 ζώου

113 825 219 860 πολλὴν
259 826 331 864 αὖτῷ
368 826 585 867 περικεχυμένην
626 828 670 856 καὶ
715 828 937 868 περιτρέμουσαν,

113 869 198 900 ’Ὅθεν
228 871 307 912 χρεία
322 871 414 910 γέγοιε
431 874 478 900 τοῦ
502 874 638 910 μυκτῆρος
663 872 762 901 ἐκείνου
784 873 867 914 μέχρι
884 886 937 903 πο-

112 914 163 943 δῶν
187 916 358 954 καθιεμένου.
374 917 433 956 Οὐχ
447 916 510 955 ὁρᾷς
527 916 554 944 ἐν
579 923 638 948 τοῖς
668 916 808 955 πολέμοις,
833 918 875 947 ὅτι
897 920 936 948 οἱς

113 960 167 1005 ονεὶ
181 961 278 1000 πύργοι
294 961 363 992 τινὲς
379 961 501 1001 ’έμψυχοι
517 963 565 994 τῆς
580 960 719 1001 φάλαγγος
735 967 914 1003 προηγοῦνται
927 974 935 1005 ;

113 1004 131 1039 ἢ
152 1005 243 1043 βουνοί
260 1016 329 1037 τινες
346 1005 476 1044 σάρκινοι,
494 1006 676 1035 ἀνυπόστατον
700 1006 810 1047 ἔχοντες
825 1007 875 1042 τὴν
889 1004 937 1047 ὄρὲ

112 1060 179 1087 μην,
207 1051 261 1078 τῶν
285 1049 410 1079 ἐναντίων
437 1051 483 1078 τὸν
512 1052 695 1089 συνασπισμὸν
723 1050 934 1093 διακόπτουσινς

111 1096 161 1126 Οἷς
178 1095 200 1123 εἱ
217 1095 255 1132 μὴ
273 1097 306 1130 ἦν
327 1094 508 1135 ἀναλογοῦντα
530 1095 563 1125 τὰ
584 1096 668 1135 κάτω,
697 1097 762 1136 πρὸς
791 1097 881 1126 οὐδένα
904 1098 937 1126 ἄν

111 1140 210 1178 χρόνον
225 1141 256 1168 τὸ
271 1143 338 1175 ζῶον
353 1139 488 1179 διήρκεσε.
518 1143 569 1169 Νῦν
595 1139 621 1168 δὲ
643 1139 695 1174 ἤδη
720 1142 791 1173 τινὲς
806 1143 937 1181 ἱστοροῦσι

110 1184 153 1210 καὶ
168 1185 308 1223 τριακόσια
336 1184 383 1219 ἔτη
413 1185 457 1213 καὶ
479 1183 563 1212 πλείω
591 1185 690 1213 τούτων
710 1184 783 1214 ϐιοῦν
802 1188 846 1214 τὸν
875 1186 936 1214 ἐλέ-

110 1239 196 1267 ιραντα
214 1237 220 1243 “
249 1228 291 1258 διὰ
320 1233 397 1258 τοῦτο
425 1230 602 1268 συμπεπηγὸς
623 1229 683 1270 (60)
698 1231 742 1258 καὶ
758 1231 787 1259 οὗ
803 1231 935 1271 διηρθρω-

110 1273 190 1309 μένον
215 1274 248 1302 τὰ
273 1274 358 1306 κῶλα.
387 1275 442 1308 Τὴν
470 1273 497 1302 δὲ
520 1275 633 1314 τροφὴν,
661 1274 751 1314 ὥσπερ
776 1275 887 1315 ἔφαμεν,
918 1277 935 1310 ἦ

110 1319 260 1356 προνομαία
289 1320 408 1360 χαμόθεν
437 1319 479 1347 ἐπὶ
504 1320 534 1347 τὸ
562 1319 628 1357 ὕψος
644 1318 802 1358 διακομίζει,
819 1319 935 1360 ὀφιώδης

109 1373 149 1395 τις
176 1363 241 1392 οὖσα
272 1365 316 1392 καὶ
344 1363 471 1403 ὑγροτέρα
500 1364 550 1397 τὴν
579 1364 666 1404 φύσιν,
688 1363 779 1397 Οὕτως
802 1364 905 1399 ἀληθὴς
921 1367 935 1394 ὁ

109 1407 202 1448 λόγος,
225 1408 266 1437 ὅτι
289 1408 362 1439 οὐδὲν
384 1410 504 1448 περιττὸν
534 1407 592 1438 οὑδὲ
615 1408 742 1438 ἐλλεῖπον
757 1409 784 1437 ἐν
798 1416 858 1442 τοῖς
873 1421 934 1438 κτι-

109 1454 197 1481 σθεῖσι
214 1453 323 1482 δυνατὸν
352 1454 500 1493 εὑρεθῆναι.
530 1457 613 1483 Τοῦτο
640 1454 731 1491 μέντοι
757 1458 882 1483 τοσοῦτον
905 1455 935 1482 ὃν

108 1500 146 1534 τῷ
181 1498 300 1537 μεγέθει,
339 1498 493 1538 ὑποχείριον
536 1499 601 1533 ἡμῖν
636 1497 799 1533 κατέστησεν
827 1500 840 1527 ὁ
871 1500 934 1531 Θεὸς

108 1541 192 1581 (ὥστε
219 1544 262 1570 καὶ
306 1541 495 1580 διδασκόμενον
534 1542 661 1581 συνιέναι,
691 1543 735 1571 καὶ
771 1543 935 1579 τυπτόμενον

108 1586 326 1628 καταδέχεσθαι),
359 1587 476 1627 ἐναργῶς
501 1588 573 1624 ἡμᾶς
598 1586 773 1625 ἐκδιδάσκων,
790 1587 831 1616 ὅτι
850 1589 937 1616 πάντα

108 1631 236 1665 ὒπέταξεν
255 1633 333 1672 ἡμῖν,
354 1631 396 1660 διὰ
418 1633 449 1660 τὸ
478 1631 537 1660 κατ’
563 1632 652 1661 εἰκόνα
672 1633 744 1669 ἡμᾶς
774 1634 936 1666 πεποιῆσθαι

110 1675 170 1716 (61)
185 1680 233 1705 τοῦ
248 1678 397 1709 κτίσαντος.
415 1677 451 1705 Οὔ
471 1677 552 1715 μόνον
577 1675 604 1704 δὲ
619 1676 646 1705 ἐν
662 1683 721 1709 τοῖς
737 1677 866 1716 μεγάλοις
883 1681 936 1706 τῶν

107 1721 183 1756 ζώων
198 1721 248 1754 τὴν
263 1721 462 1762 ἀνεξιχνίαστον
491 1722 584 1761 σοφίαν
609 1721 693 1754 ἔξεστι
708 1721 840 1760 κατιδεῖν,
865 1721 934 1751 ἀλλὰ

108 1767 149 1793 καὶ
173 1766 201 1794 ἐν
223 1772 284 1797 τοῖς
313 1766 483 1805 μικροτάτοις
505 1765 579 1795 οὐδὲν
607 1766 718 1794 ἔλαττον
732 1773 886 1806 συναγεῖραι
902 1768 933 1796 τὸ

106 1812 203 1847 θαῦμα.
229 1809 341 1850 ’Ὥσπερ
370 1812 419 1850 γὰρ
448 1811 477 1839 οὒ
502 1810 611 1851 μᾶλλον
628 1811 755 1848 θαυμάζω
775 1812 824 1842 τὰς
843 1812 932 1851 μεγά-

107 1854 155 1887 λας
168 1859 221 1883 τῶν
237 1857 305 1894 ὁρῶν
329 1857 455 1896 κορυφὰς,
482 1857 512 1884 αἲ
543 1856 581 1893 τῷ
595 1855 708 1889 πλησίον
730 1856 802 1884 εἶναι
817 1859 870 1884 τῶν
885 1868 932 1884 νε-

107 1903 163 1940 φῶν
185 1903 221 1938 τῇ
235 1907 346 1941 συνεχεῖ
374 1901 514 1940 περιπνοίᾳ
535 1899 691 1936 διασώζουσι
719 1901 749 1928 τὸ
779 1901 932 1942 χειμέριον,

106 1944 124 1978 ἢ
140 1945 188 1979 τὴν
204 1945 232 1972 ἐν
253 1953 316 1977 ταῖς
344 1944 454 1985 φύραγξι
479 1945 636 1983 κοιλότητα,
654 1945 684 1973 οὗ
707 1945 789 1983 μόνον
804 1946 835 1973 τὸ
849 1945 932 1981 δυσή-

105 2000 186 2027 νεμον
211 1993 265 2018 τῶν
292 1989 405 2028 ὑψηλῶν
430 1989 636 2030 δεαίρεύγουσαν,
661 1989 730 2018 ἀλλὰ
745 1990 790 2018 καὶ
812 1989 932 2018 ἀλεεινὸν

105 2033 145 2062 ἀεὶ
171 2035 218 2062 τὸν
250 2034 314 2074 ἀέρα
340 2034 504 2075 συνέχουσαν
521 2043 528 2050 ·
558 2034 639 2068 οὕτως
668 2035 711 2063 καὶ
739 2034 767 2063 ἐν
793 2041 855 2066 ταῖς
877 2038 931 2063 τῶν

104 2079 179 2114 ζώων
203 2087 382 2111 κατασκευαῖς
412 2082 440 2109 οὔ
469 2079 570 2117 μᾶλλον
599 2079 701 2119 ἄγαμαι
731 2080 776 2108 τὸν
798 2079 927 2120 ἐλέφαντα

980 244 1102 275 cervicis
1116 254 1273 285 compages
1290 254 1356 275 cum
1374 244 1455 275 dorsi
1483 245 1571 285 spina
1586 244 1779 285 conjungitur
1797 254 1804 275 :

980 288 1143 320 habetvero
1156 289 1445 329 proboscidem,colli
1455 289 1555 320 ofﬁcio
1562 298 1595 319 ac
1607 298 1730 320 munere
1737 290 1805 320 fun-

980 340 1170 373 gentemper
1184 344 1272 374 quam
1285 339 1314 364 et
1329 334 1504 365 alimentum
1520 334 1688 369 assumit.et
1704 339 1806 374 potum

981 378 1187 409 exhaurit.Sed
1201 383 1229 409 et
1241 378 1331 418 pedes
1347 378 1439 418 ipsius
1454 378 1587 409 articulis
1602 378 1726 409 minime
1742 378 1802 409 dis-

982 422 1075 458 tincti,
1094 423 1174 454 velut
1189 423 1335 454 columnas
1346 424 1604 462 conjunctm,onus
1615 423 1801 455 suﬂ'ulciunt.

980 466 1094 497 Etenim
1111 467 1134 497 si
1147 468 1201 498 laxi
1214 472 1243 498 et
1256 467 1401 498 ﬂexibiles
1415 467 1506 505 pedes
1517 467 1543 497 ei
1553 467 1679 498 fuissent
1690 477 1800 508 suppo-

980 511 1152 544 siti.crebraa
1160 512 1242 542 facta;
1250 512 1573 543 fuissentarticulorum
1581 521 1598 542 e
1608 512 1670 542 suis
1681 511 1804 543 sedibus

984 556 1139 586 muliones:
1160 557 1400 596 quandoquidem
1414 556 1483 587 dum
1495 556 1579 587 ﬂexis
1593 556 1720 596 genibus
1732 566 1802 587 con-

982 600 1158 637 sideret,aut
1176 601 1488 641 exsurgeret,ferendo
1504 600 1630 641 ponderi
1644 610 1731 640 pares
1744 609 1804 632 non

983 647 1180 677 es>euLNunc
1188 655 1257 676 vero
1270 655 1377 685 parvus
1388 646 1461 677 talus
1470 645 1628 685 subjicitur
1636 645 1803 685 elephantis

983 689 1050 729 pedi
1065 690 1131 721 :86
1144 700 1239 731 neque
1256 696 1355 722 tamen
1377 691 1412 722 ad
1430 695 1627 730 curvaturam,
1652 699 1749 730 neque
1764 690 1803 720 ad

980 744 1057 773 genu
1070 745 1135 765 com
1141 740 1243 775 pactus
1255 735 1390 766 articulis
1401 734 1534 766 est.Nam
1547 735 1736 766 articulorum
1754 735 1803 765 in-

980 780 1145 810 Cnnstantia
1157 789 1191 810 ac
1203 780 1352 811 mobilitas
1368 779 1488 810 multam
1501 779 1639 810 animalis
1647 779 1802 819 corpulen-

981 824 1124 865 tiam,ipsi
1136 825 1346 856 circumfusam
1361 834 1395 856 ac
1408 824 1680 864 titubantem,l‘erre
1691 834 1803 864 nequa-

951 881 969 907 Β
981 879 1067 909 quam
1085 870 1236 910 potuisset.
1263 869 1349 901 Unde
1373 879 1461 900 nasus
1477 869 1528 900 ille
1550 870 1585 900 ad
1603 869 1693 909 pedes
1709 878 1802 910 usque

981 914 1143 955 demissus,
1155 914 1208 945 fuit
1220 914 1420 945 necessarius.
1436 913 1542 945 Nonne
1555 913 1639 944 vides
1653 914 1684 944 in
1699 913 1801 952 bellis,

981 958 1058 998 quod
1071 959 1150 989 velut
1165 959 1300 990 animatae
1312 959 1446 999 quaedam
1459 963 1557 989 turres
1572 959 1666 988 aciem
1685 967 1800 998 praece-

981 1004 1052 1034 dant
1064 1003 1141 1034 Vaut
1156 1004 1234 1042 quod
1252 1004 1330 1034 velut
1342 1004 1442 1035 carnei
1456 1003 1573 1043 quidam
1591 1002 1802 1043 colles,intole-

980 1048 1067 1080 rabili
1080 1049 1192 1089 impetu
1204 1048 1462 1089 impulsi,densata
1473 1048 1600 1078 hostium
1611 1047 1728 1086 agmina
1737 1056 1803 1087 per-

980 1103 1045 1123 rum
1050 1093 1247 1133 pant?Quibus
1258 1093 1314 1124 nisi
1329 1097 1427 1133 partes
1439 1093 1563 1123 infernae
1572 1091 1799 1132 responderent,

979 1141 1114 1177 tempore
1122 1138 1182 1169 ullo
1191 1138 1350 1178 persistere
1359 1137 1467 1168 animal
1476 1137 1548 1167 illud
1556 1137 1679 1167 minime
1688 1141 1799 1177 posset.

979 1182 1063 1213 Nunc
1079 1188 1178 1214 autem
1201 1183 1335 1214 referunt
1361 1182 1497 1213 nonnulli
1515 1180 1654 1212 trecentis
1669 1180 1756 1211 annis
1772 1185 1802 1210 et

978 1227 1106 1267 amplius
1118 1228 1220 1259 vivere
1235 1228 1437 1268 elephantem:
1459 1231 1616 1267 propterea
1631 1225 1723 1266 pedes
1734 1226 1800 1264 ejus

978 1273 1124 1312 rompucti
1140 1277 1219 1308 sunt.
1239 1282 1292 1306 nec
1306 1273 1374 1303 ullis
1388 1272 1523 1303 articulis
1535 1270 1719 1302 dividuntur.
1733 1270 1799 1301 Cae-

980 1318 1133 1354 terum,uti
1146 1318 1286 1354 diximus,
1299 1317 1455 1357 proboscis
1466 1322 1572 1348 eterra
1583 1325 1700 1346 sursum
1714 1315 1800 1345 eﬂ‘ert

976 1362 1203 1394 aliincntumma
1214 1371 1322 1403 nempe
1334 1362 1483 1403 serpentis
1494 1361 1586 1393 habet
1602 1360 1797 1401 speciem,at-

977 1417 1034 1448 quc
1046 1417 1079 1438 ex
1090 1418 1142 1438 sua
1167 1412 1270 1438 natura
1281 1406 1397 1438 facilius
1412 1406 1552 1438 ﬂectitur.
1565 1405 1646 1437 Adeo
1662 1414 1731 1435 vera
1748 1404 1800 1434 illa

977 1452 1124 1482 sententia
1134 1452 1267 1489 est,nihil
1279 1452 1356 1492 quod
1366 1456 1416 1482 aut
1427 1451 1586 1487 redundet,
1605 1454 1655 1481 aut
1666 1449 1797 1488 deﬁciat,

977 1499 1004 1526 in
1021 1497 1111 1527 rebus
1126 1497 1233 1528 creatis
1249 1497 1376 1527 inveniri
1392 1505 1490 1537 posse.
1513 1495 1604 1536 Atqui
1620 1493 1692 1525 illud
1710 1495 1798 1524 tanta:

946 1560 965 1585 ο
979 1541 1191 1581 magnitudinis
1201 1541 1309 1572 animal
1324 1541 1409 1572 nobis
1425 1542 1503 1573 Deus
1514 1539 1658 1585 subdidit:
1674 1538 1798 1585 adeo__ut

979 1586 1004 1616 si
1020 1586 1332 1627 iloceatnr,iutelligat;
1346 1586 1370 1616 si
1387 1583 1729 1625 percutiatur,perferat.
1746 1582 1797 1614 Ni-

978 1631 1085 1660 mirum
1103 1630 1183 1661 tzlure
1199 1640 1253 1661 nos
1269 1629 1464 1670 edocelquod
1475 1629 1510 1660 ad
1529 1628 1676 1660 Creatoris
1687 1626 1796 1666 imagi-

978 1684 1045 1705 num
1063 1675 1175 1706 conditi
1190 1685 1302 1712 sumus,
1329 1675 1367 1706 ob
1399 1675 1427 1705 id
1453 1674 1539 1705 nobis
1555 1673 1647 1703 fuisse
1662 1673 1796 1712 subjecta

977 1720 1156 1752 omnia.Non
1168 1720 1263 1751 scium
1275 1726 1373 1750 autem
1385 1720 1415 1751 in
1428 1719 1542 1759 magnis
1552 1717 1795 1749 animalibusim-

976 1765 1229 1804 pervcstigabilem
1241 1765 1415 1804 sapientiam
1428 1765 1529 1795 videre
1539 1762 1651 1800 est,sed
1664 1762 1751 1793 etiam
1766 1762 1796 1792 in

975 1809 1107 1840 minimis
1123 1810 1214 1841 nihilo
1248 1811 1363 1840 minora
1385 1809 1529 1840 miracula
1554 1808 1695 1847 colligere
1710 1806 1792 1838 licet.

975 1854 1231 1890 Quemadmodum
1248 1856 1327 1886 enim
1345 1863 1449 1894 magna
1464 1853 1608 1885 montium
1625 1851 1791 1888 cacumina,

975 1907 1040 1938 quae
1049 1898 1085 1930 ob
1098 1899 1220 1930 nubium
1230 1899 1412 1930 vicinitatem
1424 1898 1640 1939 percontinuos
1651 1897 1738 1927 ﬂatus
1749 1896 1794 1926 hi-

974 1943 1098 1973 bernum
1114 1943 1205 1983 frigus
1216 1949 1466 1981 conservant,non
1480 1943 1572 1973 miror
1585 1942 1688 1982 magis,
1703 1950 1792 1981 quam

973 1988 1091 2018 vallium
1104 1997 1243 2026 concava,
1261 1998 1326 2028 quae
1345 1998 1405 2019 non
1418 1989 1514 2019 solum
1526 1992 1679 2019 ventorum
1695 1986 1792 2018 subli-

973 2032 1064 2063 mium
1078 2033 1216 2063 szevitiem
1229 2033 1442 2066 declinant,sed
1454 2036 1541 2064 etiam
1550 2033 1680 2074 tepidum
1690 2041 1791 2064 aerem

969 2086 1089 2117 semper
1100 2078 1238 2108 retinent:
1252 2078 1294 2108 sic
1310 2079 1398 2108 etiam
1411 2078 1440 2108 in
1457 2077 1629 2108 animalium
1645 2079 1787 2109 constitu-

104 2123 150 2152 τοῧ
165 2123 294 2162 μεγέθους
306 2124 324 2158 ἢ
340 2126 385 2152 τὸν
400 2129 462 2162 μῦν,
481 2124 524 2153 ὅτι
538 2124 648 2165 φοϐερός
677 2124 733 2153 ἐστι
749 2128 786 2162 τῷ
812 2123 926 2164 ἐλέφαν-

976 2122 1059 2162 ;ione,
1078 2132 1133 2152 non
1151 2122 1243 2162 magis
1258 2123 1391 2153 admiror
1414 2123 1603 2162 elephantem
1617 2121 1655 2152 ob
1673 2123 1788 2162 magni-

104 2179 129 2196 τι
149 2178 155 2184 ·
179 2168 198 2202 ἢ
213 2169 245 2196 τὸ
260 2167 423 2198 λεπτότατον
437 2175 484 2199 τοῦ
498 2170 624 2208 σκορπίου
653 2169 772 2210 κέντρον,
786 2169 844 2200 πῶς
859 2169 926 2198 ἐκοί-

976 2168 1203 2208 ,uilinein,quam
1216 2168 1396 2208 murem,qui
1410 2168 1585 2198 metuendus
1594 2168 1775 2207 estelephan
1784 2189 1791 2192 -

104 2211 182 2240 λανεν
197 2212 288 2252 ὥσπερ
303 2213 382 2242 αὐλὸν
412 2215 426 2242 ὁ
452 2215 590 2254 τεχνίτης,
620 2214 688 2242 ὥστε
712 2212 744 2242 δι’
773 2214 851 2243 αὐτοῦ
879 2215 925 2243 τὸν

976 2223 996 2242 ,ο
1013 2223 1019 2244 ;
1033 2214 1181 2254 vcl,quam
1195 2213 1404 2244 tenuiSsimum
1421 2212 1531 2252 snorpii
1547 2212 1699 2252 aculeum,
1711 2222 1790 2253 quo-

103 2257 143 2285 ἰὸν
169 2264 229 2290 τοῖς
266 2260 405 2297 τρωθεῖσιει
431 2258 556 2288 ἐνίεσθαι.
585 2259 635 2288 Καὶ
657 2257 750 2297 μηδεὶς
779 2258 925 2298 ἐγκαλείτω

976 2259 1054 2288 notio
1070 2268 1136 2288 eum
1154 2258 1256 2289 artifex
1267 2257 1331 2298 ipse
1347 2262 1487 2296 tanquam
1505 2257 1606 2287 tibiam
1618 2259 1743 2294 cavavit,
1759 2261 1790 2288 ut

103 2302 196 2330 τούτου
218 2302 307 2331 ἕνεκεν
328 2306 366 2340 τῷ
387 2307 504 2344 ποιητῇ,
529 2303 569 2332 ὅτι
589 2302 681 2332 ἱοςόλα
697 2306 752 2340 ζῶα
767 2303 811 2332 καὶ
839 2305 925 2343 φθαρ-

104 2347 163 2376 τικὰ
178 2347 222 2376 καὶ
244 2347 360 2386 πολέμια
375 2351 408 2387 τῇ
428 2349 484 2387 ζωῇ
505 2349 583 2386 ἡμῶν
605 2347 781 2387 ἐπεισήγαγεν
797 2355 805 2362 '
822 2347 840 2382 ἣ
855 2348 924 2377 οὕτω

142 2427 208 2467 (58)
229 2427 303 2466 Reg.
335 2427 448 2467 primus
468 2429 590 2462 ἐπετέθη,
621 2427 693 2467 Reg.
721 2432 822 2458 sextus
837 2439 922 2467 προσ-

103 2467 179 2500 ετέθη
185 2492 192 2498 ,

141 2507 200 2545 (59)
219 2507 302 2547 Regii
319 2507 442 2548 primus,
458 2508 583 2546 quintus
605 2512 634 2539 et
649 2512 768 2539 octavus
783 2507 924 2545 ἐξαρκοῦν-

105 2558 146 2579 τι.
175 2547 255 2578 Editi
280 2557 346 2579 cum
362 2547 513 2578 aliis'mss.
539 2558 598 2579 non
614 2548 716 2588 paucis
730 2548 920 2587 ὶξαρκούντων,

215 2588 278 2625 illa,
296 2587 337 2615 διὶι
350 2593 426 2617 τοῦτο
442 2587 630 2627 συμπεπηγοέ,
649 2593 719 2624 etc.,
743 2588 784 2618 ila
807 2587 924 2619 reddita

102 2633 194 2658 sunta
205 2632 294 2658 veteri
306 2627 604 2667 interprete,uttlicas
611 2629 799 2668 elephantem
810 2628 922 2659 idcirco

103 2671 295 2698 lutannorum
309 2669 402 2707 spatio
415 2669 605 2708 vivere,quoil
620 2669 711 2708 pedes
722 2668 828 2699 habeat
842 2678 921 2698 com-

103 2714 273 2747 pactos,nec
286 2709 418 2738 articulis
428 2708 495 2738 uilis
510 2707 738 2739 distinctos.Sed
755 2717 790 2739 ea
805 2718 864 2738 non
878 2713 922 2739 est

102 2750 262 2779 verborum
274 2748 377 2779 Basilii
389 2748 546 2779 sententia.
557 2749 620 2780 Hoc
636 2754 734 2779 autem
752 2748 835 2788 dicit,
853 2749 923 2779 inde

101 2793 236 2820 constare
259 2788 351 2829 pedes
365 2788 534 2829 elephantis
560 2788 722 2829 compingi,
742 2791 771 2819 et
790 2787 923 2819 articulis

101 2829 230 2863 destitui.
247 2828 327 2869 quod
345 2828 468 2868 elephas
483 2833 562 2860 tanto
579 2828 721 2869 temporis
729 2832 822 2868 spatio
834 2829 921 2860 vivat.

968 2312 1020 2343 per
1032 2303 1114 2333 illum
1129 2303 1209 2333 virus
1220 2302 1544 2333 sauciatisimmittatur
1558 2300 1619 2332 Nec
1630 2301 1789 2341 quisquam

966 2348 1082 2378 incuset
1093 2347 1376 2388 Conditorem,quod
1387 2346 1526 2377 animalia
1533 2350 1676 2378 venenata
1687 2346 1789 2378 exitio-

965 2427 1089 2459 Putabat
1105 2428 1184 2458 enim
1202 2427 1333 2458 futurum
1351 2427 1453 2463 fuisse,
1471 2431 1503 2457 ut
1515 2431 1602 2458 tantae
1618 2426 1704 2457 molis
1719 2427 1790 2458 ani-

966 2468 1022 2510 mal
1041 2478 1098 2510 non
1113 2468 1348 2510 potuissetstarc
1373 2472 1402 2498 et
1413 2468 1611 2510 _consistere,_
1624 2467 1682 2510 nisi
1697 2468 1790 2508 pedes

965 2509 1030 2548 ejus
1039 2507 1172 2539 articulis
1181 2508 1357 2539 caruissent:
1369 2508 1422 2538 sed
1431 2508 1529 2539 statim
1540 2507 1598 2539 suo
1605 2507 1788 2548 ipsias’pon-

965 2549 1037 2578 (iere
1052 2548 1209 2579 ruiturum.
1226 2550 1269 2580 Ita
1281 2548 1402 2590 quidem
1415 2549 1545 2590 sensisse
1553 2548 1696 2590 Basiliam
1707 2548 1788 2578 arbi-

966 2593 1037 2618 tror:
1053 2598 1147 2629 neque
1158 2594 1257 2619 tamen
1268 2587 1407 2619 continuo
1419 2589 1507 2619 velim
1528 2589 1604 2620 hanc
1615 2587 1787 2629 opinionem

965 2638 1016 2668 pm
1034 2638 1101 2658 vera
1113 2629 1329 2659 haberi.l’robe
1338 2629 1418 2659 enim
1428 2629 1488 2660 scio
1498 2629 1708 2668 gravissimum
1726 2629 1799 2665 Pa-,

966 2674 972 2697 ι
995 2678 1052 2707 eui,
1071 2669 1116 2698 cui
1134 2678 1182 2699 res
1198 2669 1342 2708 ejusmodi
1370 2669 1529 2708 diligenter
1544 2669 1714 2709 expendere
1728 2677 1786 2698 non

963 2709 1147 2749 v:icabat,eas
1159 2718 1225 2749 quae
1241 2719 1292 2739 sua
1304 2713 1387 2749 aetate
1400 2709 1537 2748 vigebant
1552 2708 1710 2749 opiniones
1727 2717 1788 2739 non

964 2757 1031 2779 raro
1050 2749 1078 2778 in
1095 2749 1140 2779 his
1157 2748 1240 2779 libris
1255 2748 1402 2779 incautius
1417 2752 1551 2780 secutum
1568 2758 1646 2780 esse.

1003 2790 1030 2827 ((
1043 2790 1072 2828 ι)
1084 2791 1155 2828 Reg.
1172 2792 1284 2829 primus
1295 2791 1365 2827 ἡμᾶς
1383 2791 1527 2826 ποιεῖσθαι.
1539 2788 1623 2821 Colb.
1636 2788 1787 2820 secundus

965 2828 1004 2856 8ιᾶ
1020 2830 1049 2856 τὸ
1066 2829 1125 2856 κατ’
1139 2828 1225 2857 εἰκόνα
1242 2829 1361 2868 γενέσθαι
1376 2835 1422 2859 τοῦ
1436 2830 1586 2862 κτίσαντος.
