2026 3143
101 131 158 168 200
697 136 860 167 HOMILIA
884 136 901 166 ῐξ

984 136 1131 167 ὶΑῐλΜΗΜ
1156 136 1180 166 Ι.
1726 133 1784 165 210

101 207 228 234 constat.
248 203 316 234 Mihi
328 204 447 244 quidem
461 203 584 234 dubium
598 212 655 233 non
674 206 730 242 est,
743 203 814 238 quin
831 201 1021 242 gravissimus
1033 201 1121 233 Pater
1135 205 1163 233 et
1178 201 1253 232 alios
1272 201 1400 241 psalmos
1424 201 1635 241 interpretatus
1651 201 1700 236 sit,
1718 210 1785 232 cum

102 249 146 279 vix
163 248 257 288 possit
273 249 373 279 afferri
390 249 475 281 ratio,
491 258 543 278 cur
559 248 613 278 hos
624 257 698 288 quos
710 247 858 278 habemus
875 247 1060 287 exposuisset
1076 256 1149 277 unos
1167 258 1173 277 :
1192 247 1242 277 sed
1257 251 1355 276 tamen
1369 247 1404 276 iis
1415 246 1554 277 assentiri
1566 256 1624 276 non
1642 245 1789 284 queo,qui

102 298 308 332 argumentum
326 293 524 324 certissimum
548 298 635 332 alque
660 291 917 322 evidentissimum
946 301 980 322 ex
1003 292 1249 332 interpretatione
1266 291 1369 331 psalmi
1390 291 1507 331 septimi
1523 295 1552 321 et
1569 290 1710 321 tricesimi
1728 290 1788 330 peti

103 347 187 377 posse
201 338 396 368 arbitrantur.
414 338 496 374 Quod
515 340 593 367 cnim
611 337 694 367 aiunt
705 337 785 376 1‘83),
800 337 883 367 citari
902 337 930 366 in
944 337 998 367 hac
1013 337 1257 376 interpretatione
1270 336 1507 376 explanationem
1521 335 1624 375 psalmi
1641 335 1791 373 sexti,uec

101 387 197 413 tamen
215 392 280 412 eam
298 392 419 422 usquam
433 391 621 422 comparere.
637 381 665 412 id
685 381 767 411 futile
794 386 839 411 est
855 381 976 411 omnino
992 386 1020 410 et
1036 381 1135 412 inane.
1154 381 1207 412 Illa
1225 385 1303 411 enim
1322 380 1425 420 psalmi
1443 381 1582 410 tricesuni
1601 379 1720 419 septimi
1740 379 1790 409 in-

104 428 284 466 terpretatio,
301 427 342 457 uti
359 427 564 464 ostendemus,
583 425 704 456 Eusebii
726 425 802 455 fetus
818 430 872 461 est,
891 435 949 455 non
965 426 1078 456 Basilii.
1096 426 1204 456 Praeter
1227 425 1279 455 hos
1295 434 1368 465 quos
1386 425 1529 455 habemus
1544 424 1685 464 psalmos,
1705 424 1791 454 citari

101 476 128 502 et
141 471 214 501 alios
231 481 246 502 a
263 472 462 511 Metaplirasta
478 471 553 502 haud
568 471 740 509 ignoramus
754 480 761 500 :
778 470 830 501 sed
845 470 1053 511 Metaphrastae
1071 471 1098 500 iu
1111 470 1218 501 litteris
1234 470 1392 501 auctoritas
1409 479 1441 500 ea
1459 479 1518 499 non
1534 474 1591 510 est,
1608 478 1695 510 quam
1711 478 1790 500 caeco

102 517 214 556 impetu
231 517 316 557 sequi
332 525 485 556 cogamur.

140 561 400 592 Circumferuntur
416 561 537 591 nomine
554 559 655 590 Basilii
671 559 774 590 decem
793 563 821 589 et
837 564 956 598 septem
983 559 1148 591 ()raliones
1174 562 1207 591 in
1234 560 1382 591 Psa/mos.
1412 559 1469 591 Sed
1482 560 1545 590 fere
1560 559 1700 590 convenit
1716 559 1793 589 inter

102 606 214 642 doctos,
232 606 355 636 alteram
372 606 401 636 in
414 605 586 635 vicesimum
602 609 736 635 octavum
753 604 898 644 psalmum
916 604 1067 634 liomiliaiu
1085 605 1120 635 ad
1138 615 1206 635 eum
1229 605 1352 635 minime
1380 604 1529 643 pertinere
1547 616 1553 634 :
1571 605 1622 635 sed
1640 614 1712 644 opus
1726 613 1793 634 esse

101 650 248 690 plagiarii,
265 651 310 681 vel
329 650 427 690 potius
442 649 567 680 studiosi
584 648 763 689 cujuspiam,
782 649 832 688 qui
854 657 886 678 se
909 657 1060 686 exercere,
1080 653 1109 680 et
1126 649 1267 680 Basilium
1282 649 1391 680 imitari
1404 649 1542 680 voluerit.
1558 648 1658 680 Oratio
1674 659 1792 687 quoque

101 698 129 724 in
146 698 311 734 septimum
330 700 359 725 et
375 694 560 725 tricesimum
577 694 722 733 psalmum
735 697 872 733 suspecta
887 693 1007 732 quidem
1024 694 1086 724 visa
1099 699 1143 724 est
1160 693 1338 725 Combefisio
1354 705 1360 723 :
1379 694 1430 724 sed
1444 693 1538 724 noluit
1555 694 1715 733 quidquam
1728 697 1791 724 sta—

102 744 197 776 tuere,
223 745 273 770 aut
301 740 504 779 pronuntiare.
523 739 670 769 Potuisset
688 743 797 772 tamen.
823 747 890 768 cum
908 737 1001 768 oratio
1016 737 1079 778 illa,
1097 743 1128 768 ut
1143 739 1324 776 monuimus,
1345 743 1495 768 auctorem
1518 738 1624 769 habeat
1635 748 1691 769 non
1707 738 1791 770 Basi-

106 784 191 820 lium,
207 785 259 814 sed
276 784 450 815 Eusebium.
471 783 511 813 De
523 783 569 813 his
582 783 675 813 fusius
692 783 720 812 iu
738 781 924 813 Pi'aifatione

142 828 278 866 Reliqua:
292 828 463 869 quindecim
476 828 625 858 orationes
643 837 695 867 pro
711 828 841 867 genuino
853 827 954 857 Basilii
969 827 1031 858 fetu
1048 828 1195 859 habentur
1209 828 1246 859 ab
1263 828 1464 859 omnibus.Me
1479 828 1598 868 quidem
1614 838 1792 868 magnopere

104 878 144 903 tot
160 874 346 904 eruditorum
359 874 489 903 virorum
509 879 677 903 commovet
702 871 866 902 auctoritas
883 881 889 903 :
909 871 960 902 sed
988 882 1024 903 ne
1048 873 1078 903 in
1110 882 1213 903 eorum
1241 873 1417 903 sententiam
1435 874 1609 913 Concedam,
1628 874 1791 911 prohibent

107 919 208 954 multa,
229 928 325 959 eaque
339 919 522 958 gravissima.
543 919 602 949 Res
617 922 713 948 autem
728 917 949 957 inquisitionem
964 918 1127 957 longiorem
1145 918 1428 958 diligentioremque
1443 927 1510 949 cum
1527 919 1697 958 postulel,id
1713 928 1792 949 com-

106 963 222 993 modius
241 964 332 993 multo
348 964 377 993 in
396 963 570 1002 praefatione
586 962 718 1001 generali
736 962 955 1002 praestabimus.
973 962 1074 994 Dicam
1092 963 1199 999 obiter,
1213 964 1373 998 orationes,
1391 972 1454 1002 quae
1469 972 1538 993 vere
1550 963 1654 994 Basilii
1670 963 1791 1003 snnt,ad

108 1008 247 1047 populum
267 1008 381 1039 habitas
395 1016 471 1048 esse,
491 1007 582 1047 inque
604 1011 748 1037 conventu
778 1006 896 1046 publico
913 1008 1130 1048 prouumiatas,
1158 1012 1187 1038 et
1201 1017 1387 1048 quaecunque
1409 1008 1483 1039 hanc
1501 1011 1597 1038 notam
1616 1017 1675 1048 prae
1691 1017 1722 1038 se
1736 1017 1794 1038 non

108 1052 173 1089 fert,
191 1063 256 1084 eam
271 1054 310 1084 ob
325 1053 353 1083 id
366 1053 460 1083 solum
478 1056 645 1092 suspectam
662 1052 756 1082 videri
769 1052 892 1082 debere.

152 1098 273 1137 Legenti
286 1098 395 1128 miliiid
408 1097 576 1137 opus.quod
590 1097 739 1127 edendum
757 1097 869 1127 curavit
881 1095 924 1127 vir
939 1097 1131 1128 doctissimus
1148 1097 1300 1128 Balthasar
1315 1098 1620 1133 Corderius,occurrit
1632 1097 1793 1129 difficultas

113 1142 189 1172 haud
205 1143 399 1181 exigua.Nam
413 1145 570 1172 maximam
583 1146 694 1181 partem
708 1150 810 1171 eorum
821 1151 886 1181 qua;
902 1142 931 1171 in
948 1142 1166 1174 Commentario
1181 1142 1330 1173 Theodori
1347 1142 1531 1174 lleracleotze
1543 1142 1687 1181 legebam,
1707 1152 1792 1172 com-
1803 1177 1811 1184 _

113 1187 173 1225 peri
191 1187 263 1217 nihil
279 1187 358 1217 aliud
372 1196 449 1223 esse,
465 1187 522 1216 nisi
537 1187 628 1225 ipsam
650 1186 752 1216 Basilii
766 1187 798 1216 in
816 1186 950 1217 Psalmos
968 1186 1313 1226 explanationem,idque
1330 1187 1367 1217 ad
1386 1186 1520 1218 verbum.
1538 1186 1670 1217 Verebar
1685 1196 1743 1218 una
1759 1196 1793 1217 ex

113 1231 465 1268 parte,Commentarium
482 1231 563 1262 illum
580 1230 737 1261 Theodoro
754 1231 899 1270 adimere,
915 1231 953 1262 ob
968 1236 1097 1262 veterum
1115 1231 1259 1262 librorum
1276 1235 1496 1268 auctoritatem,
1514 1231 1548 1261 ad
1565 1240 1690 1272 quorum
1704 1231 1792 1261 fidem

117 1275 173 1306 hoc
190 1275 217 1306 ei
236 1285 310 1316 opus
325 1276 465 1307 tributum
478 1280 521 1306 est
539 1286 544 1306 :
562 1285 595 1305 ex
608 1276 711 1314 altera,
724 1279 871 1305 oratorum
889 1275 1034 1314 optimum
1060 1275 1198 1306 Basilium
1217 1275 1286 1306 furti
1299 1276 1446 1307 dedecore
1461 1280 1548 1315 atque
1565 1276 1683 1305 infamia
1694 1284 1794 1315 asper-

111 1329 179 1358 gere
198 1330 257 1350 non
272 1325 418 1361 poteram.
438 1321 495 1351 Sed
518 1330 575 1350 non
601 1320 650 1349 diu
669 1329 832 1358 suspensus
859 1319 900 1350 fui
917 1324 945 1350 et
960 1321 1104 1351 incertus.
1121 1321 1195 1352 Nam
1218 1321 1318 1351 statim
1334 1321 1438 1360 agnovi
1456 1319 1709 1351 Commentarium
1725 1329 1792 1352 cum

112 1365 159 1404 qui
179 1365 299 1395 nomine
316 1365 468 1396 Theodori
484 1365 706 1404 circumfertur,
720 1364 871 1394 Theodori
885 1364 971 1395 unius
983 1374 1060 1404 opus
1079 1375 1137 1395 non
1153 1365 1287 1403 esse,sed
1306 1366 1477 1400 multorum,
1496 1364 1644 1404 Origenis,
1660 1365 1793 1402 Eusebii,

111 1409 211 1441 Basilii
224 1410 330 1449 ipsius,
346 1410 473 1450 Didymi,
486 1409 1101 1449 JoannisClirysoslomi,Theodoreti,etc.
1117 1411 1181 1441 Uno
1198 1410 1452 1450 verbo,constabit
1466 1419 1499 1440 ex
1514 1410 1793 1449 praefatione,Com—

113 1454 286 1485 mentarium
301 1455 442 1485 hactenus
458 1454 617 1484 Thuodoro
635 1453 817 1484 lleracleote
828 1454 999 1484 attributum
1017 1454 1046 1485 in
1064 1455 1243 1485 Catenarum
1262 1464 1386 1485 numero
1402 1454 1508 1494 reponi
1525 1455 1629 1485 merito
1647 1456 1792 1494 posseEx

114 1509 168 1538 quo
186 1499 228 1536 fit,
249 1504 280 1530 ut
295 1500 424 1530 Basilius
440 1504 541 1530 noster
557 1499 729 1538 longissime
746 1499 782 1528 ab
797 1499 877 1528 omni
891 1498 1078 1538 expilationis
1094 1499 1223 1539 furtique
1240 1499 1412 1538 suspicione
1426 1500 1533 1530 abesse
1545 1499 1661 1531 debeat.

148 1543 213 1574 Jam
233 1543 258 1574 si
274 1544 419 1584 quispiam
435 1548 558 1584 quierat,
573 1553 630 1584 quo
644 1547 789 1582 tempore,
807 1553 866 1581 quo
882 1542 946 1573 loco
964 1543 1071 1574 habitae
1086 1543 1144 1574 ›ἰιιι
1159 1544 1215 1574 illae
1232 1544 1332 1574 Basilii
1351 1545 1382 1574 in
1396 1543 1529 1574 Psalmos
1545 1546 1714 1584 orationes,
1727 1555 1794 1575 res-

115 1589 246 1626 pondere
261 1594 429 1628 promptum
446 1598 502 1618 non
520 1588 587 1619 erit.
605 1587 657 1619 Vix
682 1588 761 1618 enim
779 1597 812 1617 ea
829 1587 866 1617 de
883 1597 915 1617 re
938 1587 1012 1617 certi
1028 1587 1189 1628 quidquam
1206 1588 1292 1618 statui
1321 1597 1408 1628 posse
1435 1588 1626 1620 arbitramur.
1649 1588 1795 1620 Malumus

115 1637 211 1663 autem
227 1633 265 1664 de
280 1634 370 1664 rebus
385 1633 484 1671 silere,
499 1642 586 1673 quam
601 1633 706 1663 falsum
724 1632 835 1672 aliquid
852 1637 901 1662 aut
918 1632 1063 1662 incertum
1083 1634 1288 1671 pronuntiare.

151 1676 245 1708 Nemo
263 1679 348 1718 paulo
363 1678 523 1709 humanior
540 1677 852 1712 nescit,Ambrosiuin,
871 1686 937 1706 cum
956 1685 1025 1707 suos
1038 1677 1070 1707 ἱη
1086 1677 1299 1708 Hexaemeron
1319 1677 1409 1708 libros
1424 1677 1580 1714 scriberet,
1601 1678 1747 1716 permulta
1759 1679 1795 1708 ad

113 1722 234 1752 verbum
251 1732 266 1752 e
279 1723 384 1752 Basilio
401 1723 577 1762 sumpsisse.
593 1721 649 1753 Sed
668 1731 726 1751 non
742 1721 779 1751 ita
791 1726 893 1751 notum
911 1725 1039 1757 est,enm
1071 1722 1125 1752 hoc
1141 1722 1220 1752 idem
1238 1722 1427 1758 fecisse,cum
1447 1722 1577 1761 psalmos
1588 1722 1730 1761 quosdam
1748 1723 1795 1752 in-

116 1771 339 1807 terpretaretur.
367 1767 430 1798 Nec
448 1770 584 1807 cuiquam
618 1765 646 1796 id
669 1767 775 1795 mirum
794 1765 887 1795 videri
918 1765 1017 1805 debet,
1048 1775 1113 1796 cum
1140 1766 1314 1797 Ambrosius
1343 1766 1371 1796 iu
1390 1767 1582 1806 explauandis
1600 1767 1722 1797 l‘salmis
1739 1777 1796 1797 non

114 1812 203 1842 multa
217 1811 380 1842 admodum
394 1821 410 1842 a
423 1812 530 1842 Basilio
548 1815 699 1841 mutuatus
714 1810 763 1840 sit.
788 1810 931 1846 Quoniam
954 1816 1050 1841 tamen
1075 1821 1132 1841 non
1151 1811 1256 1842 desunt
1274 1811 1382 1852 quibus
1395 1812 1563 1850 jucundum
1586 1812 1622 1841 sit
1638 1817 1667 1841 et
1681 1816 1796 1851 gratum

114 1865 292 1895 cognoscere
304 1856 375 1896 quid
394 1856 469 1887 alius
483 1855 616 1896 scriptor
641 1855 676 1886 ab
694 1855 752 1885 alio
764 1856 939 1894 sumpserit,
955 1855 1004 1884 illa
1021 1855 1169 1886 Ambrosii
1197 1855 1272 1892 loca,
1291 1856 1551 1897 quantulacunque
1567 1860 1645 1893 sunt,
1666 1866 1719 1887 suo
1733 1857 1797 1888 loco

116 1902 257 1932 adnotare
272 1910 332 1931 non
350 1901 472 1940 pigebit.

151 1946 263 1978 Videre
279 1950 323 1975 est
339 1945 367 1975 in
380 1946 491 1976 Latinis
502 1945 686 1977 editionibus
701 1944 838 1983 quaedam
854 1945 883 1974 in
902 1943 1040 1975 Psalmos
1065 1945 1197 1986 Scholia,
1215 1955 1280 1986 qua
1308 1946 1414 1978 Basilio
1432 1945 1621 1981 tribuuntur;
1638 1946 1688 1976 sed
1706 1944 1743 1975 de
1763 1943 1799 1973 iis

114 1991 228 2030 longius
241 1990 391 2021 disserere
409 2000 531 2022 necesse
545 2000 603 2020 non
619 1990 743 2024 videtur,
764 1987 870 2019 Notum
887 1993 931 2018 est
943 1989 1022 2019 enim
1039 1999 1073 2019 ea
1092 1990 1248 2030 epilomen
1265 2000 1332 2021 esse
1352 2001 1367 2021 e
1393 1990 1591 2031 Chrysoslomi
1617 1997 1644 2021 et
1660 1988 1799 2020 Theodo-

114 2036 165 2065 reti
184 2034 268 2065 Iibris
287 2036 363 2065 male
380 2035 616 2066 consarcinatam
634 2035 705 2065 Cum
721 2043 789 2072 ergo
806 2042 840 2064 ea
850 2033 970 2064 Scholia
985 2034 1013 2063 in
1027 2034 1138 2072 spuriis
1153 2041 1243 2074 atque
1261 2035 1439 2066 adulterinis
1456 2035 1523 2074 poni
1535 2040 1672 2074 oportere
1684 2035 1797 2064 fatean-

115 2087 159 2110 tur
174 2088 291 2114 omnes,
311 2079 338 2109 id
357 2080 450 2110 semel
465 2084 583 2110 notasse
595 2079 666 2109 satis
681 2078 871 2117 habebimus,
890 2087 943 2108 nec
960 2087 1084 2118 usquam
1099 2079 1226 2119 amplius
1242 2080 1278 2109 de
1291 2081 1325 2110 iis
1339 2080 1516 2109 mentionem
1536 2079 1624 2109 ullam
1640 2079 1796 2109 faciemus.

115 2123 183 2155 Nam
198 2126 226 2154 in
244 2123 335 2155 rebus
348 2124 514 2164 perspicuis
530 2129 663 2164 tempore
680 2123 862 2154 abutendum
880 2126 909 2153 et
923 2123 1106 2161 argumentis
1123 2133 1180 2153 non
1199 2129 1335 2164 putamus
1354 2124 1424 2160 ι84).

256 2297 320 2322 ror
344 2298 383 2322 es
408 2296 518 2322 mon:
543 2296 671 2322 narro}:
695 2296 790 2321 anns
1167 2291 1301 2323 SANCTI
1324 2291 1457 2324 PATRIS
1479 2291 1612 2323 NOSTRI

376 2361 691 2414 ΒΑΣΙΛΕΙΟΥ,

1278 2361 1495 2416 BASlLII,

211 2431 442 2472 Ἀρχιεπισκόπω
460 2432 617 2471 Καισαρείας
635 2431 836 2467 Κιππαδοκίας,

1089 2439 1231 2471 Caesareas
1245 2439 1441 2480 Cappadociae
1455 2438 1684 2479 archiepiscopi,

159 2495 276 2521 OMIAIA
308 2496 361 2521 ΕιΣ
395 2496 460 2521 TON
491 2495 621 2521 nemon
651 2494 796 2520 ΨΑΛΜΟΝ
824 2490 900 2530 (85).
951 2501 959 2520 Α

951 2496 971 2520 Α
1063 2495 1235 2527 HOMILIA
1263 2495 1308 2528 IN
1325 2495 1524 2528 PSALMUM
1547 2496 1717 2528 PRIMUM.

158 2556 188 2588 1,
219 2560 295 2585 Πᾶσα
322 2557 413 2597 Γραφὴ
441 2557 613 2594 θεόπνευττος
644 2558 687 2585 καὶ
721 2555 868 2596 ὠφέλιμος,
899 2555 942 2584 διὰ

1022 2554 1070 2584 90
1086 2555 1117 2585 1.
1138 2554 1243 2585 Omnis
1271 2554 1422 2595 Scriptura
1436 2561 1481 2587 est
1497 2555 1636 2585 divinitus
1650 2555 1800 2594 inspirata,

119 2604 194 2630 τοῦτο
217 2608 400 2641 συγγριμῗσα
428 2602 499 2640 παρὰ
522 2603 568 2630 τοῦ
583 2601 746 2638 Hvedpuoq,
774 2600 825 2640 ἵν’,
851 2601 919 2628 (eam

1002 2603 1070 2638 tque
1087 2598 1168 2629 utilis
1179 2598 1290 2638 i9,ideo
1301 2609 1316 2629 a
1329 2599 1441 2639 Spiritu
1459 2604 1560 2629 sancto
1572 2599 1753 2638 conscripta,
1771 2603 1801 2628 ut

121 2646 146 2673 ὲν
163 2648 243 2683 κοινῴ
271 2648 324 2674 τῶν
352 2649 448 2687 ψυχῶν
480 2646 596 2685 ἰατρείῳἒ
620 2647 717 2678 πάντες
747 2645 879 2685 ἅνθρωποι
911 2657 921 2673 τ

1001 2644 1061 2674 elut
1078 2643 1106 2673 in
1119 2644 1269 2674 communi
1281 2644 1446 2674 ani‘narnm
1459 2643 1800 2679 curandarumofﬁcina,

121 2690 189 2727 i'xp:
205 2695 250 2719 τοῦ
274 2691 372 2720 οἰκείου
387 2691 485 2722 πάθους
503 2690 614 2724 gnato;
639 2690 822 2731 ἒκλεγώμεθα.
854 2689 921 2727 "11p

1005 2698 1037 2719 os
1048 2697 1155 2719 omnes
1178 2692 1322 2728 quotquot
1337 2698 1441 2719 sumus
1462 2688 1598 2720 homines
1620 2687 1656 2718 ad
1671 2693 1802 2718 nostrum

159 2751 187 2774 ³³
200 2755 222 2788 ΙΙ
239 2756 319 2788 Tim.
337 2765 379 2796 Ill,
394 2757 443 2787 16.

161 2814 222 2853 (83}
239 2814 349 2855 Tilem.
367 2825 432 2855 pag.
453 2817 522 2846 290.
819 2853 840 2855 _
900 2820 905 2823 κ

1023 2811 1087 2855 [85)
1105 2811 1152 2843 Sll'
1170 2821 1239 2842 mss.
1266 2813 1301 2844 Al.
1325 2813 1395 2844 editi
1412 2814 1447 2841 εἷς
1464 2814 1510 2846 τὴν
1536 2813 1622 2852 ἀρχὴν
1638 2816 1684 2840 τοῦ
1700 2814 1803 2852 πρώτω

164 2852 218 2891 iui
234 2854 278 2886 Cf.
295 2852 417 2894 capflit'
429 2855 499 2887 Vita
513 2855 546 2886 S.
563 2855 672 2887 Basilii
688 2858 759 2884 tom.
779 2855 789 2884 Ι
819 2853 900 2885 Eur.

300 2852 417 2894 capftt'
429 2855 499 2887 Vita
513 2855 546 2886 S.
563 2855 672 2887 Basilii
688 2858 759 2884 tom.
779 2855 789 2884 Ι
819 2853 900 2885 Eur.
984 2852 1100 2890 ψιλμοῠ.
