2026 3143
199 211 387 249 damentum,
399 217 428 243 et
438 212 474 244 ad
485 212 580 242 navim
591 212 700 250 carina,
716 213 789 244 etad
801 213 938 246 animalis
953 225 1022 247 cor-
1034 222 1054 246 Α

200 265 255 296 pus
268 265 330 295 cor,
343 256 448 287 eodem
465 258 498 287 ad
513 256 694 288 Psalmorum
707 259 848 296 generale
859 269 1022 300 argumen-

202 305 262 331 tum
276 311 308 331 se
321 301 409 332 habet
423 302 562 332 etiamm!
571 302 739 333 breveillud
753 304 940 343 prommium.
951 305 1021 336 Nam

200 355 265 376 cum
283 346 372 376 David
390 348 426 377 ad
451 347 552 384 multa,
572 356 665 387 eaque
689 348 792 379 ardua.
811 354 840 379 et
856 349 1024 382 innumeris

200 391 358 421 sudoribus
374 400 407 422 ac
427 391 579 422 laboribus
605 392 713 423 referta
737 393 766 423 in
783 395 861 424 serie
879 395 1023 427 orationis

201 440 282 466 esset
297 436 518 473 exhortaturus,
538 437 566 466 in
583 441 771 468 antecessum
788 439 876 470 ﬁnem
904 439 1022 471 beatum

201 480 316 519 pictatis
328 481 595 521 propugnatoribus
607 483 865 520 commonstravit;
881 489 909 514 nt
926 484 1022 514 bono-

200 534 266 555 rum
285 526 370 556 nobis
385 527 580 565 repositorum
597 536 650 566 spe
677 528 826 559 molestias
842 528 907 559 vitae
923 529 1023 559 animo

201 579 284 610 aequo
294 571 489 610 perferamus.
504 571 553 602 Sic
570 571 656 602 etiam
673 582 811 612 asperum
828 583 862 603 ac
878 573 1021 604 difﬁcilli-

200 622 278 643 mum
290 616 342 644 iter
350 616 516 644 ferientibus
528 617 562 644 ad
569 617 752 646 sustinendos
762 618 873 646 labores
882 618 940 646 leva
947 625 1024 647 men-

202 661 230 687 to
243 662 288 689 est
299 659 486 689 commodum
501 664 713 700 speratumque
723 660 1023 701 diversorium;atque

203 703 418 734 mercatoribus
431 704 466 734 ad
485 704 702 744 peragrandum
728 714 809 736 mare
824 706 939 736 animos
954 706 1023 737 facit

202 748 399 787 parandarum
408 750 552 780 mercium
565 749 838 789 desideriumzquin
849 751 1024 790 etagricolis

199 792 245 824 lab
252 802 333 824 arum
343 803 463 824 sensum
478 794 699 834 quodammodo
711 804 780 835 spes
794 795 899 825 messis
907 795 1022 826 adimit.

200 838 402 875 Quamobrem
420 843 449 869 et
465 839 630 870 communis
646 839 712 871 vitae
725 840 909 874 emendator.
922 841 1026 871 doctor

201 892 335 923 magnus,
349 883 472 923 spiritus
483 885 626 921 veritatis,
637 888 788 924 sapienter
798 895 831 915 ac
841 885 914 915 scite
925 885 1024 916 statim

199 927 236 958 ab
254 928 338 958 initio
352 929 520 959 mercedem
534 931 698 969 proposuit,
715 932 847 969 utsupru
860 935 1025 970 praesentes

199 972 317 1004 labores
329 973 537 1010 evecti,animo
547 974 582 1004 ad
595 979 774 1005 aeternorum
790 974 937 1005 bonorum
950 985 1026 1014 gau-

201 1017 248 1047 dia
260 1018 584 1058 properemua.Beatus
593 1019 708 1059 οῖ’-,φοί
720 1028 782 1050 non
793 1020 870 1050 abiit
882 1022 915 1050 in
925 1021 1025 1051 consi-

201 1063 242 1093 lio
253 1063 424 1102 impiorum.
439 1063 524 1099 Quod
540 1073 610 1104 ergo
621 1073 690 1094 vere
706 1063 816 1095 bonum
832 1065 958 1100 exsistit,
973 1065 1027 1094 im-

201 1107 305 1147 primis
314 1117 348 1138 ac
359 1109 509 1148 praecipue
520 1108 637 1139 beatum
655 1108 874 1148 praedicandum
893 1115 949 1142 est.
962 1109 1024 1140 Hoc

200 1157 298 1182 autem
316 1152 392 1183 Deus
408 1157 462 1184 est.
479 1153 564 1184 Unde
582 1159 610 1184 et
626 1153 735 1184 Paulus
751 1154 789 1185 de
805 1153 920 1185 Christo
937 1163 1023 1185 men-

199 1196 312 1227 tionem
328 1197 469 1234 i‘acturus,
487 1199 528 1228 ait
542 1209 548 1228 :
567 1198 742 1230 Secundum
754 1200 1024 1238 manifestalionem

201 1242 282 1273 beati
294 1242 393 1280 Dei,et
401 1243 574 1274 Saluatoris
590 1245 768 1275 nosmlesu
779 1244 893 1276 Christi
902 1245 1023 1276 3*.Bea—

199 1290 260 1317 tum
273 1288 352 1318 enim
365 1297 433 1318 vere
443 1292 498 1328 est,
512 1288 590 1327 quod
603 1298 654 1328 per
663 1298 695 1319 se
707 1289 819 1319 bonum
834 1290 931 1326 est,ad
945 1289 1023 1330 quod

200 1331 365 1371 respiciunt
377 1333 570 1372 omnia,quod
581 1334 722 1364 universa
734 1333 1027 1374 desiderant,natura

202 1377 515 1417 immutabilis,herilis
523 1377 944 1418 dignitas,vitaperturbationi
954 1378 1027 1409 nulli

199 1421 446 1458 obnoxia,hilaris
453 1422 568 1453 vivendi
575 1423 731 1463 ratio,quae
738 1423 857 1454 alterari
865 1428 913 1454 aut
920 1424 1032 1454 immu-

203 1466 256 1496 tari
265 1466 442 1506 nequitJ‘ons
449 1467 777 1498 scaturiensmberrima
783 1467 1030 1507 gratia,inexhau-

201 1516 264 1541 stus
280 1511 448 1542 thesaurus.
467 1512 556 1552 Atqui
583 1512 721 1543 homines
737 1513 846 1553 ignari,
863 1513 1028 1553 mundique

202 1557 402 1597 amantes,qui
409 1557 478 1587 boni
487 1557 581 1596 ipsius
588 1557 724 1596 ignorant
732 1562 866 1588 naturam
875 1567 932 1591 .res
941 1558 1027 1589 nihili

203 1601 311 1641 saepius
326 1590 486 1639 ais-timent,
497 1590 625 1638 divitias,
637 1603 871 1642 sanitatem,vitae
882 1603 1007 1643 splendo
1020 1621 1024 1626 -
1036 1590 1056 1614 Ο

1037 908 1056 932 Β

201 1655 275 1676 rem:
292 1655 415 1684 quarum
431 1656 529 1677 rerum
544 1647 617 1678 nihil
629 1652 674 1678 est
686 1656 740 1678 sua
752 1647 846 1687 ipsius
856 1652 961 1678 natura
977 1647 1029 1678 bo-

202 1700 285 1728 num;
296 1701 354 1722 non
367 1693 462 1722 solum
476 1692 554 1733 quod
567 1693 651 1723 facile
662 1693 691 1722 in
703 1693 852 1723 contraria
864 1697 1026 1731 mutentur,

202 1737 255 1767 sed
266 1738 345 1775 quod
359 1747 394 1767 ne
407 1738 501 1768 bonos
508 1738 628 1774 quidem
637 1738 751 1767 valeant
760 1746 947 1776 possessores
957 1747 1028 1769 suos

201 1781 340 1812 reddere.
352 1781 423 1817 Quis
434 1782 512 1812 enim
523 1782 561 1812 ob
571 1782 684 1812 divitias
693 1783 791 1821 justus
802 1785 815 1812 ?
827 1782 892 1819 quis
904 1786 1027 1821 propter

203 1826 358 1856 sanitatem
377 1828 572 1866 temperans?
590 1826 650 1858 lmo
669 1836 740 1857 sane
758 1826 820 1856 haec
835 1827 934 1857 omnia
951 1827 1026 1858 male

202 1869 356 1900 utentibus
370 1871 406 1900 ad
424 1871 607 1910 peccandum
625 1880 704 1910 sape
729 1871 900 1900 inserviunt.
920 1870 1026 1902 Beatus

202 1914 292 1954 igitur
319 1915 381 1955 ille,
400 1915 450 1955 qui
480 1925 515 1946 ea
543 1925 608 1955 qua)
636 1915 755 1956 plurimi
780 1919 849 1945 sunt
878 1915 1024 1954 habenda,

203 1959 345 1999 possidet,
363 1961 476 2001 quique
487 1970 673 2000 e0t‘um,quze
684 1965 836 2000 nequeunt
847 1960 1026 1996 aul‘erri,bo-

205 2014 310 2035 norum
327 2006 476 2046 particeps
491 2011 547 2036 est.
564 2006 622 2037 Sed
643 2016 701 2044 quo
719 2009 803 2045 pacto
820 2005 898 2036 hunc
914 2015 1026 2046 cogno-

204 2050 344 2081 scemus?
357 2050 418 2088 Qui
433 2059 492 2082 non
514 2051 592 2081 abiit
609 2054 640 2082 in
658 2050 781 2081 consilio
803 2051 978 2090 impiorum.
994 2050 1028 2082 Et

204 2095 376 2135 priusquam
390 2104 535 2135 exponam
548 2095 618 2136 quid
627 2095 730 2126 sitnou
742 2095 850 2126 abiisse
862 2095 891 2126 in
902 2095 1025 2126 consilio

206 2140 333 2180 impioru
339 2140 439 2173 m.loci
447 2141 535 2180 hujus
542 2141 734 2181 quzeslionem
743 2140 826 2170 vobis
832 2141 947 2171 solvere
955 2140 1026 2170 volo-

204 2185 265 2216 Cur
280 2186 438 2226 Propheta,
456 2186 568 2226 inquis,
584 2185 680 2217 solum
703 2185 855 2216 hominem
885 2185 977 2224 eligit,
992 2195 1026 2216 ac

205 2222 347 2270 praedicat
372 2222 517 2261 beatum'?
547 2222 616 2260 num
635 2229 775 2260 mulieres
804 2238 821 2260 a
845 2222 1027 2260 beatitudine

204 2274 354 2305 exclusit?
366 2275 451 2305 Absit
463 2278 468 2306 l
481 2275 639 2306 Enimvero
655 2274 709 2305 viri
726 2278 754 2305 et
771 2273 903 2304 mulieris
915 2283 971 2304 una
982 2278 1025 2304 est
1037 2275 1057 2300 ἶ)

204 2319 306 2350 virtus:
320 2320 560 2359 quandoquidem
569 2320 838 2360 utriusquecreatio
848 2319 962 2349 honore
975 2328 1026 2358 par

205 2369 297 2400 est,ac
306 2363 431 2403 proinde
443 2367 718 2405 utriusquequoque
726 2373 841 2395 merces
852 2368 897 2394 est
908 2363 1023 2393 eadem.

205 2408 285 2439 Audi
300 2408 461 2439 Genesim:
479 2409 564 2440 Fecit
580 2409 659 2441 Deus
673 2410 837 2446 hominem,
855 2407 971 2449 inquit;
987 2408 1026 2440 ad

241 2488 269 2513 δι
288 2487 345 2519 ‘l‘it.
361 2496 396 2529 n,
413 2488 462 2519 13.

247 2569 256 2605 ί
259 2568 308 2607 98)
327 2567 516 2599 Colberlinns
528 2576 605 2598 unus
618 2567 803 2608 ὑποφέρωμεν,

249 2608 310 2648 (99]
329 2610 385 2640 Pro
398 2608 557 2637 ὕποκλέπτει
574 2607 714 2638 scribitur
725 2608 901 2648 simpliciter
915 2608 945 2639 in
958 2609 1025 2640 duo-

206 2649 260 2680 bus
277 2658 347 2681 mss.
361 2650 481 2679 κλέπτει,

244 2691 290 2726 (1)
301 2689 396 2721 Codex
413 2699 489 2720 unus
503 2687 691 2727 προεϐάλλετο.

246 2729 291 2767 (⁸2)
306 2730 402 2761 Editio
420 2730 514 2760 Paris.
530 2733 582 2757 τῶν
597 2730 780 2766 ἀποκειμένων
797 2729 912 2767 ἀγαθῶν,
931 2729 967 2759 At
979 2738 1013 2759 va

204 2769 282 2800 riant
295 2770 361 2800 libri
374 2780 458 2801 mrnu
470 2769 594 2808 exarati,
606 2778 732 2810 quorum
743 2770 771 2810 in
783 2769 962 2808 aliislegitur
972 2781 1025 2810 rev

204 2811 387 2846 ἀποκειμένων
405 2811 514 2839 αἰωνίων
529 2809 634 2849 ἀγαθῶν
649 2819 655 2825 ·
684 2810 713 2840 in
742 2809 807 2840 aliis
822 2818 892 2840 vero
907 2809 1023 2849 simpli-

204 2850 267 2881 cius
279 2853 330 2878 τῶν
346 2852 456 2879 αἰωνίων
473 2851 591 2891 ἀγαθὼν·
611 2855 640 2881 et
654 2850 695 2891 ita
708 2849 866 2891 scripsisse
881 2849 1023 2891 Basilium

204 2894 355 2931 putamus,
370 2900 408 2922 ne
419 2889 505 2922 voces
515 2890 546 2923 in
554 2903 592 2921 ων
609 2889 782 2923 desinentes
795 2889 904 2922 frustra
918 2889 1023 2922 multi-

865 133 895 178 ε.
921 147 1059 178 BASILlI
1084 142 1213 178 MAGNI‘

1827 145 1889 178 216

1066 216 1093 244 ἐν
1115 215 1199 253 πλοίῳ
1226 216 1330 257 τρόπις,
1356 217 1400 245 καὶ
1428 216 1455 245 ὲν
1484 217 1588 254 σώματι
1610 215 1678 252 ζώου
1706 216 1810 257 καρδία,
1827 218 1892 246 ταύ-

1064 273 1114 295 την
1130 273 1175 299 μοι
1191 259 1266 289 δοκεῖ
1293 261 1343 295 τὴν
1371 261 1480 298 δύναμιν
1505 261 1579 300 ἔχειν
1593 262 1658 300 πρὸς
1673 262 1723 295 τὴν
1737 261 1804 295 ὅλην
1833 265 1890 290 τῶν

1065 306 1186 344 Ψαλμῶν
1214 306 1380 340 κατασκευὴν
1411 305 1480 346 [καὶ]
1512 307 1542 334 τὸ
1571 306 1658 346 βραχὺ
1687 309 1764 335 τοῦτο
1791 307 1889 346 προοί-

1065 361 1139 387 μιον.
1173 349 1283 384 Ἐπειδὴ
1307 351 1358 389 γὰρ
1387 350 1473 379 πολλὰ
1502 350 1546 378 καὶ
1580 350 1692 378 ἐπίπονα
1721 351 1764 379 καὶ
1788 351 1891 390 μυρίων

1064 395 1180 434 ἱδρώτων
1194 396 1240 423 καὶ
1255 395 1344 423 πίνων
1369 395 1486 434 γέμοντα
1501 401 1641 433 παραινεῖν
1659 393 1721 432 μέλ)
1728 406 1762 433 ει,
1779 396 1892 434 προϊόν-

1064 451 1108 470 τος
1140 443 1184 468 τοῦ
1209 439 1302 479 λόγου,
1328 446 1388 471 τοῖς
1411 440 1459 473 τῆς
1485 438 1618 471 εὐσεϐείας
1637 439 1802 478 ἀγωνισταῖς
1817 452 1891 480 προ-

1065 483 1153 512 λαϐὼν
1174 483 1291 517 ὒπέδειξε
1315 485 1346 512 τὸ
1371 485 1500 523 μακάριον
1522 483 1610 524 τέλος,
1625 483 1671 512 ’ίνα
1683 485 1717 521 τῇ
1732 484 1817 513 ἑλπίδι
1834 488 1890 514 τῶν

1064 528 1249 566 ἀποκειμένων
1284 528 1390 567 ἀγαθῶν
1421 527 1528 560 ἀλύπως
1566 532 1611 556 τοῦ
1639 529 1695 566 βίου
1719 530 1751 557 τά
1778 529 1891 569 ἀλγεινά

1064 572 1228 613 διαφέρωμεν
1243 573 1320 613 (98).
1336 573 1426 606 Οὕτως
1446 574 1490 601 καὶ
1512 572 1661 611 ὁδοιπόροις
1677 581 1809 614 τραχεῖαν
1825 574 1888 604 ὁδὸν

1064 618 1255 657 πορευομένοις
1284 619 1328 646 καὶ
1350 617 1477 646 δύσϐατον
1499 619 1615 658 κουφίζει
1636 619 1681 646 τὸν
1702 619 1806 659 μόχθον
1831 621 1892 648 ἑπι-

1064 661 1167 696 τήδειον
1190 663 1281 695 αὐτοῖς
1302 661 1482 702 προσδοκηθὲν
1509 663 1676 702 καταγώγιον
1692 672 1701 681 ·
1732 665 1777 692 καὶ
1797 663 1890 701 ἐμπό-

1065 718 1124 746 ρους
1142 713 1219 736 ποιεῖ
1234 708 1282 741 τῆς
1311 706 1448 740 θλλάσσης
1479 707 1648 745 κατατολμᾷν
1664 708 1681 742 ἡ
1698 708 1820 746 ἐπιθυμία
1836 712 1892 737 τῶν

1066 752 1211 791 ἀγωγίμων
1229 762 1235 768 ·
1263 751 1312 780 καί
1338 754 1464 791 γεωργῶν
1493 751 1653 780 ὕποκλέπτει
1765 754 1826 785 τοὺς
1842 754 1893 782 πό-

1066 807 1125 829 νους
1152 798 1169 832 ἡ
1192 798 1240 831 τῆς
1268 796 1427 835 ἐπικαρπίας
1455 796 1542 828 ἐλπίς,
1575 798 1621 825 Διὸ
1643 797 1685 825 καὶ
1711 798 1725 825 ὁ
1741 799 1829 830 κοινὲς
1845 802 1893 827 τοῦ

1067 841 1123 879 βίου
1149 840 1304 881 διορθωτὴς,
1332 842 1343 869 ἓν
1373 841 1457 879 μέγας
1484 840 1654 881 διδάσκαλος,
1669 842 1701 870 τὸ
1721 843 1826 880 πνεῦμα
1841 845 1893 876 τῆς

1067 885 1202 923 ἀληθείας,
1235 889 1323 926 σοφῶς
1349 886 1394 913 καὶ
1423 884 1556 926 ἐντέχνως
1572 886 1632 918 τοὺς
1648 886 1757 923 μισθοὺς
1779 886 1894 925 προεεᾶ-

1067 930 1128 958 λετο
1158 930 1214 970 (1),
1243 931 1302 967 ἵνα,
1328 930 1536 968 ὑπερκύπτοντες
1557 930 1618 962 τοὺς
1642 930 1669 958 ἐν
1689 932 1766 970 χερσὶ
1780 932 1891 969 πόνους,

1066 978 1100 1013 τῇ
1129 974 1230 1011 διανοίᾳ
1258 975 1322 1014 πρὸς
1353 974 1402 1008 τὴν
1430 974 1578 1002 ἀπόλαυσιν
1607 977 1660 1002 τῶν
1690 975 1803 1003 αἰωνίων
1819 975 1891 1014 ἀγα-

1065 1021 1118 1047 θῶν
1147 1020 1191 1058 (2)
1216 1018 1395 1058 ἐπειγώμεθα.
1424 1019 1557 1058 Μακάριος
1585 1018 1664 1058 ἀνὴρ,
1693 1018 1723 1050 ὃς
1745 1021 1792 1049 οὒκ
1821 1019 1890 1049 Erro-

1067 1064 1145 1103 ρεύίνη
1167 1064 1195 1092 ἐν
1216 1062 1301 1102 βουλῇ
1323 1062 1438 1093 ἀσεϐῶν.
1472 1062 1557 1091 ’Ἔστι
1586 1063 1636 1100 μὲν
1665 1063 1709 1092 οὖν
1736 1065 1766 1092 τὸ
1794 1065 1892 1104 κυρίως

1065 1110 1108 1137 καὶ
1124 1110 1236 1148 πρώτως
1263 1108 1437 1148 μακαριστὸν,
1463 1108 1493 1135 τὸ
1520 1107 1652 1141 ἀληθινῶς
1680 1108 1790 1147 ἀγαθόν.
1807 1112 1893 1138 Τοῦτο

1065 1152 1092 1181 δέ
1118 1153 1188 1182 ἐστιν
1217 1155 1230 1181 ὃ
1261 1154 1338 1184 Θεὸς,
1367 1151 1453 1181 ’Ὅθεν
1468 1153 1514 1180 καὶ
1535 1151 1651 1189 Παῦλος,
1678 1153 1890 1193 ὑπόμνησιν

1066 1198 1171 1236 μέλλων
1197 1200 1333 1226 ποιεῖσθαι
1374 1200 1499 1237 Χριστοῦ,
1530 1198 1603 1226 Κατά
1637 1198 1686 1231 τὴν
1722 1197 1891 1237 ἐπιφάνειαν,

1066 1245 1141 1282 φησὶ,
1163 1247 1209 1272 τοῦ
1240 1242 1368 1282 μακαρίου
1402 1245 1480 1281 Θεοῦ,
1506 1241 1549 1269 καὶ
1575 1244 1701 1280 Σωτῆρος
1730 1243 1807 1279 ἡμῶν
1838 1242 1894 1276 ἰη-

1067 1291 1114 1317 σοῦ
1141 1291 1263 1327 Χριστοῦ,
1289 1287 1423 1326 Μακάριον
1452 1286 1503 1326 γάρ
1534 1289 1571 1322 τῷ
1600 1285 1655 1314 ὅντι
1685 1287 1716 1314 τὸ
1730 1286 1891 1325 αὖτόκαλον,

1068 1334 1135 1372 πρὸς
1151 1334 1165 1361 ὂ
1180 1333 1266 1361 πάντα
1291 1331 1451 1369 ἀποϐλέπει,
1474 1332 1504 1359 οὒ
1531 1331 1619 1359 πάντα
1641 1331 1750 1372 ἐφίεται³
1774 1332 1792 1366 ἡ
1814 1331 1894 1371 ἄτρε-

1070 1389 1136 1410 πτος
1152 1378 1240 1418 φύσις,
1265 1377 1295 1405 τὸ
1317 1376 1472 1404 δεσποτικὸν
1499 1374 1615 1413 ἀξίωμα,
1632 1376 1649 1410 ἡ
1665 1375 1803 1416 ἀόχλητος
1819 1377 1891 1416 ζωὴ,

1072 1423 1088 1456 ἡ
1111 1422 1210 1454 ἄλυπος
1239 1421 1400 1460 διεξαγωγὴ,
1423 1421 1481 1459 περὶ
1503 1421 1535 1454 ἣν
1555 1421 1602 1448 οὐκ
1630 1419 1701 1448 ’ἐστιν
1731 1420 1891 1461 ἀλλοίωσις,

1070 1467 1102 1501 ἧς
1117 1468 1169 1507 οὺχ
1191 1467 1302 1495 ἅπτεται
1318 1464 1453 1498 μεταϐολή
1469 1473 1476 1480 ⁸
1501 1466 1518 1499 ἡ
1533 1465 1645 1503 βρύουσα
1664 1466 1753 1504 πηγὴ,
1769 1467 1787 1500 ἡ
1805 1465 1891 1506 ἄφθο-

1070 1523 1113 1544 νος
1143 1513 1234 1552 χάρις,
1272 1513 1285 1539 ὁ
1321 1509 1489 1543 ἀδαπάνητῡς
1520 1511 1663 1550 θησαυρός,
1705 1509 1834 1548 ’Λμαθετς
1863 1509 1894 1538 δὲ

1069 1556 1199 1596 ἄνθρωποι
1228 1557 1272 1585 καὶ
1296 1555 1466 1595 φιλόκοσμοι,
1493 1555 1648 1594 ἀγνοοῦντες
1671 1554 1749 1583 αὐτοῦ
1763 1559 1810 1584 τοῦ
1825 1555 1895 1594 ἀγά-

1070 1603 1115 1630 θοῦ
1139 1602 1188 1635 τὴν
1223 1602 1311 1640 φύσιν,
1343 1600 1516 1638 μακαρίζουσι
1552 1598 1683 1632 πολλάκις
1712 1600 1744 1628 τὰ
1775 1599 1893 1638 μηδενὶ-ις

1071 1646 1139 1684 ἀξία,
1172 1646 1296 1682 πλοῦτον,
1327 1645 1438 1684 ὑγίειαν,
1467 1644 1636 1684 περιφάνειαν
1654 1644 1733 1683 βίου·
1756 1645 1793 1673 ὤν
1818 1644 1894 1674 οὒδέν

1070 1691 1141 1719 ἐστιν
1156 1691 1254 1730 ἀγαθὸν
1283 1693 1316 1728 τῇ
1346 1690 1438 1718 ἑαυτοῦ
1465 1689 1539 1728 γύσει
1557 1697 1565 1705 '
1595 1691 1624 1718 οὗ
1640 1690 1721 1727 μόνον
1736 1691 1828 1718 καθότι
1840 1689 1892 1728 ῥᾳ-

1069 1735 1125 1764 δίαν
1147 1735 1206 1776 ἕχει
1234 1735 1283 1769 τὴν
1314 1735 1378 1774 πρὸς
1394 1735 1426 1762 τὰ
1451 1733 1555 1762 ἐναντία
1577 1734 1750 1774 περιτροπήν,
1773 1733 1834 1762 ἀλλ’
1850 1734 1892 1762 ὅτι

1070 1780 1137 1819 μηδὲ
1166 1781 1278 1819 ἀγαθοὺς
1303 1779 1408 1807 δύναται
1435 1779 1497 1810 τοὺς
1525 1779 1705 1816 κεκτημένους
1731 1778 1892 1809 ἀποτελεῖν.

1068 1827 1112 1858 Τίς
1137 1826 1187 1865 γὰρ
1216 1824 1315 1856 δίκαιος
1346 1823 1388 1852 διὰ
1426 1824 1580 1864 χρήματα,
1617 1823 1656 1855 τίς
1696 1824 1810 1863 σώφρων
1847 1823 1892 1852 διὰ

1068 1872 1189 1910 ὒγίιιαν;
1206 1870 1360 1899 Τοὺναντίον
1383 1869 1431 1907 μὲν
1456 1868 1513 1909 οὖν,
1539 1869 1583 1896 καὶ
1603 1869 1733 1908 ὑπηρεσία
1754 1868 1891 1902 πολλάκϊς

1068 1917 1134 1955 πρὸς
1162 1915 1291 1954 ἁμαρτίαν
1313 1920 1371 1944 τοῖς
1400 1916 1490 1945 κακῶς
1516 1912 1666 1953 χρωμένοις
1695 1913 1797 1941 τούτων
1828 1913 1893 1942 ἕκα-

1068 1971 1129 1988 στον
1144 1961 1256 1999 γίνεται.
1273 1962 1407 1998 Μακαριος
1423 1958 1467 1986 οὖν
1482 1959 1496 1986 ὁ
1527 1958 1559 1985 τὰ
1580 1957 1704 1986 πλείστου
1718 1957 1778 1991 ἄξια
1791 1969 1891 1992 κεκτη-

1068 2004 1157 2043 μένος,
1184 2006 1197 2033 ὸ
1225 2004 1279 2033 τῶν
1308 2003 1488 2043 ἀναφαιρέτων
1511 2003 1616 2042 ἀγαθῶν
1642 2002 1775 2043 μέτοχος.
1791 2003 1893 2032 Τοῦτον

1068 2049 1095 2077 δὲ
1111 2053 1168 2082 πῶς
1184 2049 1385 2089 ἐπιγνωσὸμεθα
1401 2058 1411 2084 ;
1428 2047 1485 2079 ’Ὣς
1515 2048 1561 2076 οὒκ
1588 2047 1717 2087 ἐπορεύθη
1746 2047 1775 2075 ἐν
1806 2047 1893 2086 βουλῇ

1068 2093 1182 2125 ἀσεϐῶν.
1212 2095 1260 2123 Καὶ
1288 2094 1348 2132 πρίν
1375 2103 1405 2132 γε
1436 2093 1534 2132 εἰπεῖν,
1564 2093 1588 2120 τί
1616 2093 1646 2120 τὸ
1671 2092 1710 2128 μὴ
1725 2093 1890 2131 πορευθῆναι

1066 2140 1094 2166 ἓν
1109 2138 1193 2177 βουλῇ
1217 2137 1331 2175 ἀσεϐῶν,
1354 2137 1484 2176 βούλομαι
1513 2137 1578 2174 ὑμῖν
1596 2137 1626 2165 τὸ
1651 2137 1678 2165 ὲν
1700 2140 1738 2174 τῷ
1752 2137 1830 2174 τὸπῳ
1844 2141 1893 2173 ζη-

1068 2184 1193 2221 τούμενον
1219 2182 1350 2214 διαλῦσαι,
1381 2182 1429 2210 Διά
1450 2182 1487 2219 τί,
1521 2182 1613 2222 φησὶν,
1643 2183 1657 2210 ὁ
1685 2183 1827 2222 προφήτης
1845 2183 1892 2210 τὸν

1068 2227 1147 2267 ἄνδρα
1177 2228 1257 2265 μόνον
1284 2226 1457 2264 ἐκλεξάμενος
1486 2227 1650 2266 μακαρίζει;
1687 2227 1738 2266 ἄρα
1773 2227 1813 2265 μὴ
1843 2231 1891 2255 τοῦ

1067 2275 1236 2312 μακαρισμσῖι
1262 2273 1308 2304 τὰς
1339 2278 1467 2311 γυναῖκας
1495 2270 1661 2310 ἀπέκλεισε;
1690 2275 1734 2305 Mn
1760 2271 1888 2310 γένοιτοί

1067 2317 1119 2345 Μία
1141 2318 1190 2356 γὰρ
1220 2317 1301 2357 ἀρετὴ
1331 2316 1423 2354 ἀνδρὸς
1452 2316 1496 2344 καὶ
1522 2317 1658 2356 γυναικὸς,
1687 2314 1780 2350 ἐπειδὴ
1808 2316 1853 2344 καὶ
1871 2317 1890 2351 ἡ

1066 2362 1149 2394 κτίσις
1165 2361 1324 2402 ἀμφοτέροις
1353 2361 1493 2400 ὁμότιμος,
1517 2359 1586 2388 ὥστε
1610 2362 1654 2389 καὶ
1668 2362 1682 2389 δ
1704 2361 1798 2398 μισθὸς
1813 2362 1828 2388 ὁ
1845 2363 1892 2391 αὖ·

1066 2407 1112 2438 τὸς
1141 2406 1312 2447 ἀμφοτέροις.
1342 2405 1448 2435 "Aunus
1476 2407 1525 2440 τῆς
1550 2406 1682 2439 Γενὲσεως
1699 2413 1707 2421 ·
1742 2404 1889 2444 Ἐποίησε,

1069 2568 1261 2608 plicarentur.

1108 2608 1153 2648 (3)
1170 2606 1331 2648 Ῑῃγάυοδυδ
1347 2615 1419 2648 mss.
1449 2614 1502 2648 pro
1529 2606 1680 2642 ὑπόμννιισιν
1696 2603 1804 2642 legitur
1827 2605 1890 2648 ἐπί-

1068 2644 1178 2686 μντλσὶν.
1191 2647 1246 2679 llic
1262 2647 1343 2676 locus
1359 2645 1388 2676 id
1404 2644 1480 2686 quod
1499 2653 1710 2686 nonnunquam
1725 2653 1780 2674 usu
1796 2644 1888 2681 venit,

1067 2685 1211 2719 Conﬂatns
1226 2691 1270 2718 est
1295 2695 1331 2717 ex
1347 2685 1473 2717 duobus.
1501 2685 1600 2716 Prima
1626 2693 1694 2724 pars
1720 2689 1839 2724 sumpta
1855 2694 1889 2714 ex

1067 2729 1160 2769 Epist.
1180 2726 1387 2758 lad'TimOth.
1404 2735 1424 2762 ι,
1443 2727 1475 2757 11
1498 2735 1506 2769 :_
1525 2726 1596 2754 Κατά
1610 2727 1640 2752 τὸ
1658 2724 1819 2769 Ean-Exte»
1841 2725 1889 2769 τῆς

1067 2763 1144 2802 δόξης
1162 2775 1206 2797 τοο
1222 2768 1355 2806 μακαρίου
1371 2771 1438 2795 Θεοῦ
1456 2774 1462 2781 ·
1481 2765 1574 2796 altera
1595 2772 1666 2794 vero
1692 2772 1725 2794 cx
1737 2763 1836 2806 Epist:
1852 2764 1889 2794 ad

1067 2809 1165 2841 Titum
1182 2816 1214 2845 lt,
1233 2807 1268 2840 13
1285 2804 1359 2836 εἾΚαὶ
1375 2806 1567 2846 ἐπιφάνειαν...
1585 2807 1710 2842 Σωτῆρος
1732 2805 1812 2842 ἡμῶν
1828 2804 1886 2838 ἰη-

1066 2851 1112 2879 σοῦ
1128 2853 1249 2887 Χριστοῦ.
