2026 3143
234 126 295 161 283

237 206 375 239 sperares
383 195 477 227 Deum
487 195 633 239 placatum
647 192 704 225 iri:
723 192 848 234 Alferte,
866 195 971 236 inquit,
993 198 1054 228 Do-
1063 200 1084 225 Α

237 238 336 279 mino,
349 242 409 281 ﬁlii
427 238 594 279 DeiNeque
611 239 689 269 enim
715 247 789 279 opus
800 239 862 279 jam
880 241 951 277 ﬁlio,
974 247 1006 273 ut
1019 242 1056 273 ﬁ-

238 288 309 319 lium
325 287 423 327 ipsum
434 285 552 316 offeras.
571 283 628 314 Sed
641 284 665 314 si
677 283 756 314 ﬁlius
767 289 811 315 est
823 285 973 325 quidpiam
992 297 1058 318 ma-

237 342 341 374 gnum,
357 331 444 362 etiam
460 329 488 360 id
499 328 578 369 quod
592 328 725 374 oﬂ'ertur,
741 329 892 370 quidpiam
906 340 1056 372 magnum,

239 383 268 410 et
279 377 331 408 ﬁlii
343 375 486 407 charitale
500 383 534 404 ac
551 378 673 414 paterna
689 373 832 413 dignitate
855 375 976 415 dignum
993 386 1059 407 esse

237 431 336 464 opera:
352 420 478 461 pretium
503 423 560 464 est.
585 419 697 458 Aﬂ‘erte
722 419 831 464 igitur,
854 420 960 461 inquit,
975 421 1059 461 ﬁlios

236 463 378 503 arietum,
401 469 435 495 ut
459 464 479 494 ii
502 463 590 494 etiam
617 466 667 503 qui
682 472 699 494 ε
713 463 796 494 vobis
826 465 1003 502 otl‘eruntur,
1024 475 1059 497 ex

238 513 305 544 ﬁliis
320 511 448 542 arietum
460 509 490 539 in
507 508 583 539 ﬁlios
595 508 647 539 Dei
660 510 907 540 transmutentur.

276 556 396 588 9.Aries
402 552 511 585 animal
519 556 564 584 est
571 552 767 593 principatum
782 555 981 595 tenens,quod
991 557 1008 586 ι
1016 555 1058 586 15

236 610 308 632 oves
319 598 470 631 antecedit
493 597 528 628 ad
546 605 654 637 pascua
675 597 795 637 pabula,
819 602 848 629 et
863 599 899 629 ad
912 608 1057 639 aquarum

233 647 379 684 levamen,
393 650 556 682 rursusque
568 641 604 672 ad
617 641 764 672 stabulum
783 646 812 673 et
823 643 859 674 ad
872 644 984 676 caulas.
997 645 1056 676 Ta-

235 691 280 722 les
295 689 384 721 etiam
396 691 465 718 sunt
476 686 597 727 quidam
608 686 706 726 gregis
721 686 831 718 Christi
848 689 990 729 przefecti,
1008 690 1057 731 qui

235 736 317 767 illum
330 734 367 765 ad
380 732 487 764 ﬂorida
510 735 541 763 et
562 730 710 762 odorifera
733 732 878 763 doctrinae
897 730 1059 774 spiritualis

234 779 345 821 pabula
359 778 521 814 deducunt,
537 785 570 807 ac
579 775 693 817 Spiritu
706 781 809 808 sancto
823 777 1058 820 largiente,aqua

232 825 299 856 viva
313 824 446 862 irrigant,
459 825 488 852 et
498 821 627 860 erigunt,
645 826 673 851 et
689 821 724 851 ad
739 821 865 853 fructum
884 823 1057 863 producen—

234 871 304 901 dum
316 856 711 904 enu‘lriunt,conducuntque
727 867 763 896 ad
776 856 922 907 requiem,
939 878 973 900 ac
989 878 1056 900 eum
1069 856 1088 882 Β

234 916 270 946 ab
282 911 504 944 insidiatoribus
522 910 654 941 efﬁciunt
677 919 828 943 securum.
845 911 956 943 Horum
970 914 1058 952 igitur

236 959 315 990 ﬁlios
329 967 346 989 ι
360 956 414 988 Dei
429 955 497 986 filiis
509 954 545 985 ad
563 954 719 985 Dominum
732 955 841 986 adduci
855 957 1016 994 vult.Quod
1033 957 1057 988 si

236 1003 346 1034 arietes
357 1002 448 1031 duces
463 1003 531 1030 sunt
541 998 679 1036 aliorum,
695 999 800 1030 horum
814 1001 916 1041 utique
928 1001 979 1033 ﬁlii
991 1002 1057 1034 fue—

237 1048 310 1085 rint,
328 1046 380 1087 qui
396 1054 447 1086 per
463 1044 609 1075 bonorum
626 1053 750 1084 operum
766 1045 896 1077 studium
919 1056 953 1077 ex
980 1057 1056 1088 prae-

235 1092 380 1124 fectorum
390 1089 524 1120 doctrina
533 1087 568 1118 ad
580 1087 667 1118 vitam
677 1088 784 1120 virtute
794 1093 926 1121 ornatam
939 1091 1056 1123 formati

235 1141 316 1168 sunt.
332 1135 442 1176 ΑιΪω-ιε
452 1134 540 1173 igitur
552 1132 755 1174 Dominoﬁlii
769 1133 943 1175 Dei,a/ferte
950 1136 1057 1168 Domi-

235 1191 274 1214 no
286 1181 365 1222 ﬁlios
377 1178 660 1211 arietumﬁidicisti
673 1179 709 1209 ad
721 1187 810 1217 quem
827 1189 927 1211 sermo
943 1181 1056 1213 habea-

238 1229 300 1258 tur?
315 1224 445 1257 didicisti
469 1223 507 1254 de
523 1222 646 1263 quibus?
668 1223 784 1262 Afferte
796 1223 933 1266 Domino,
947 1225 1056 1267 inquit,

236 1272 367 1312 gloriam
376 1273 402 1301 et
409 1270 566 1300 honorem.
583 1268 738 1304 Quomodo
748 1269 840 1308 igitur
848 1271 967 1311 nos,qui
981 1276 1060 1303 terra

238 1325 342 1348 sumus
357 1314 470 1347 etcinis
483 1312 526 1351 ιθ,
539 1312 665 1344 Domino
691 1321 796 1352 magno
805 1315 941 1353 gloriam
956 1316 1058 1347 aﬂ‘eri-

237 1370 305 1392 mus
315 1358 487 1400 ‘Iquomodo
496 1361 523 1389 et
532 1358 676 1388 honorem
690 1357 701 1388 ?
716 1357 845 1389 Gloriam
858 1359 992 1401 quidem,
1007 1370 1060 1402 per

238 1407 316 1437 bona
331 1413 432 1445 opera,
449 1412 517 1434 cum
531 1401 662 1432 luxerint
676 1411 766 1442 opera
777 1408 878 1435 nostra
886 1413 986 1436 coram
1002 1401 1058 1436 ho-

237 1448 461 1489 minibus,adeo
469 1451 501 1478 ut
509 1447 645 1478 homines
656 1447 797 1487 operibus
809 1449 920 1480 nostris
929 1459 1057 1491 conspe—

237 1496 293 1527 ctis
302 1494 418 1526 Patrem
434 1498 568 1524 nostrum
593 1491 644 1532 qui
655 1491 684 1522 in
699 1491 782 1523 caelis
794 1497 839 1524 est
853 1494 982 1525 alliciant
993 1496 1059 1535 glo-

237 1541 283 1572 ria
293 1540 410 1570 mitem
418 1547 472 1578 per
483 1536 709 1577 temperantiam
719 1546 753 1568 ac
768 1546 821 1578 per
833 1539 1058 1572 sanctimoniam
1069 1535 1089 1561 ο

238 1584 276 1617 iis
287 1585 337 1626 qui
363 1583 502 1624 pietatem
518 1583 696 1622 proﬁtentur
720 1586 951 1626 convenientem
964 1589 1061 1626 potest

239 1625 306 1671 quis
321 1629 381 1660 Deo
393 1626 515 1668 gloriam
528 1626 612 1663 dare,
618 1626 704 1666 juxta
718 1625 800 1658 Pauli
812 1627 1058 1668 admonitionem,

239 1673 366 1705 dicentis
383 1683 390 1705 :
407 1671 580 1711 Gloriﬁcate
594 1671 685 1702 Dcvm
695 1680 727 1702 ιη
741 1673 881 1703 membris
896 1675 1002 1705 vestris
1017 1674 1058 1707 48.

239 1719 322 1750 Hanc
332 1718 419 1749 etiam
432 1716 556 1756 gloriam
568 1715 713 1746 Dominus
723 1716 893 1757 requiritab
908 1717 955 1756 iis,
969 1719 1061 1758 quiin

238 1764 335 1803 ipsum
351 1761 521 1797 credunt,et
531 1760 699 1800 adoptionis
712 1769 837 1792 munere
852 1761 965 1801 dignati
980 1768 1059 1796 sunt.

239 1809 338 1839 Filius
351 1807 444 1846 enim,
457 1804 716 1845 inquit,gloriﬁcat
727 1809 843 1845 patrem
853 1806 885 1831 ‘9
897 1816 905 1845 ;
919 1809 1000 1846 οι,δὸ
1008 1817 1061 1849 pa-

239 1857 285 1884 ter
296 1861 351 1893 ego
362 1860 440 1890 sum,
450 1849 502 1881 ubi
518 1853 561 1880 est
572 1849 670 1889 gloria
686 1858 752 1881 mea
766 1850 808 1882 50.
821 1850 973 1884 Honorem
989 1862 1058 1884 vero

239 1895 434 1932 aﬂ'ertDeois,
449 1894 500 1935 qui
516 1893 680 1924 secundum
688 1893 880 1926 Proverliium
890 1896 913 1917 ⁵¹
924 1905 959 1927 ex
973 1898 1062 1937 justis

240 1943 301 1973 suis
315 1940 467 1972 laboribus
474 1939 567 1970 Deum
579 1938 715 1977 honorat,
732 1949 766 1970 ac
789 1941 816 1971 ei
826 1940 990 1981 dejustitiae
1000 1952 1062 1974 suae

238 1986 383 2018 fructibus
398 1985 447 2016 dat
459 1982 654 2025 primitias.Et
662 1985 795 2025 quisquis
806 1985 844 2016 de
855 1985 945 2016 rebus
954 1986 1061 2019 divinis

239 2031 377 2063 ordinate
392 2029 524 2069 sciteque
538 2028 669 2067 disserit,
697 2029 771 2060 adeo
799 2034 830 2060 ut
844 2039 965 2071 semper
978 2037 1060 2064 recte

239 2077 347 2109 sentiat
362 2075 399 2106 de
415 2075 515 2112 Patre,
544 2074 580 2104 de
606 2074 757 2114 Unigeniti
783 2074 947 2113 divinitate,
963 2076 1060 2118 deque

239 2123 367 2163 Spiritus
380 2119 475 2152 sancti
489 2118 593 2158 gloria,
605 2118 732 2150 Domino
761 2120 876 2151 deferte
891 2120 1016 2157 gloriam
1033 2128 1062 2155 et

237 2165 528 2200 honorem.Gloriam
540 2170 639 2195 autem
655 2168 755 2205 auget,
772 2165 821 2205 qui
838 2166 983 2197 rationem
994 2169 1060 2199 red-

276 2257 392 2291 “Gen.
412 2263 495 2295 xvm,
512 2255 562 2287 27.
605 2253 632 2276 ⁸⁷
646 2254 747 2286 Matth.
760 2263 789 2292 v,
806 2254 854 2287 16.
896 2253 951 2287 ⁸³1
971 2255 1039 2291 Cor.
1058 2268 1100 2300 v1,

279 2339 308 2379 (7
314 2338 346 2379 4)
361 2336 456 2379 Editio
579 2336 627 2365 ἵνα
639 2336 695 2379 isle
706 2335 785 2379 αὐτὸν
796 2335 942 2379 προσφέρῃ.
959 2335 1058 2379 Egitio

240 2376 310 2410 vero
326 2376 417 2409 Basil.
436 2381 465 2408 et
479 2377 538 2408 duo
554 2385 626 2407 mss.
651 2376 698 2405 ’ίνα
726 2377 780 2404 υἱὸν
807 2387 874 2415 προσ
896 2376 954 2414 ἑρῃ.
984 2377 1058 2418 Reg.

241 2418 391 2446 secundus
407 2417 581 2446 emendatus
595 2417 641 2444 ’ίνα
656 2418 729 2446 κριὸν
750 2417 832 2446 αὐτῶ.
849 2388 894 2446 Ad
909 2415 1058 2446 Abraham

241 2418 391 2450 secundus
407 2417 581 2448 emendatus
595 2417 641 2444 ’ίνα
656 2418 729 2451 κριὸν
750 2417 832 2451 αὐτῷ.
849 2415 894 2446 Ad
909 2415 1059 2449 Abraham

241 2460 358 2490 videtur
367 2457 495 2489 Basilius
506 2455 736 2497 respicere.lioc
744 2455 834 2497 igitur
843 2456 945 2497 dicere
957 2462 1062 2497 putan-

240 2499 296 2542 dus
306 2496 590 2542 est,non_jumopus
604 2502 719 2542 esse_,_ut
735 2496 801 2535 quis
816 2496 1061 2542 erenmplo’gibra-

240 2539 286 2571 hie
302 2538 394 2570 ﬁlium
410 2536 514 2569 oll‘erat
527 2536 543 2568 ί
567 2536 620 2567 sed
635 2536 707 2567 satis
722 2544 799 2573 esse,
824 2536 848 2566 si
864 2536 917 2567 ﬁlii
931 2537 1059 2570 arietum

239 2580 413 2611 oﬁ'erantur.

279 2620 339 2659 (75)
350 2619 405 2651 Hic
419 2617 536 2659 variant
546 2621 660 2659 veteres
675 2615 865 2659 tum_calamo
881 2617 985 2659 notati,
996 2621 1058 2649 tum

290 2661 313 2691 is
329 2658 471 2699 descripti
496 2658 575 2699 libri.
606 2656 702 2699 Editio
731 2657 822 2688 Paris.
840 2656 1056 2699 μεταϐαλλωσιν,

284 2701 335 2731 itio
351 2696 441 2731 Basili
460 2708 526 2729 cum
543 2698 659 2729 duobus
675 2706 749 2728 mss.
766 2696 964 2738 μεταϐάλωσιν.
981 2698 1056 2738 Reg.

238 2746 361 2780 quartus
376 2739 589 2778 μεταϐληθῶσιν.
614 2737 698 2780 Ilegii
725 2737 875 2780 secundus
901 2741 937 2780 et
955 2737 1058 2780 sextus

239 2777 307 2812 cum
325 2777 409 2813 Colb.
426 2784 530 2820 quarto
558 2778 772 2817 μεταϐάλωνται,
798 2782 828 2809 et
848 2777 888 2808 ita
902 2777 1054 2810 edendum

237 2821 415 2852 curavimus.

277 2861 345 2901 (76)
359 2859 409 2892 Sic
420 2865 487 2891 octo
503 2869 574 2891 mss.
591 2857 672 2890 Editi
687 2866 757 2890 vero
772 2867 840 2890 cum
855 2857 941 2890 Colb.
957 2859 1054 2899 septi-

238 2910 287 2933 mo
302 2901 509 2941 καθηγούμενος,

914 127 944 160 S.
969 126 1108 161 BASILII
1130 130 1158 160 Μ
1160 126 1252 162 AGNI

1863 130 1923 167 284

1098 197 1244 237 προσδοκᾷν
1269 198 1399 228 ἱλεοῦσθαι
1426 199 1471 227 τὸν
1494 201 1571 236 Θεὸν,
1595 199 1748 240 Ἐνέγκατε,
1776 203 1852 241 φησὶ,
1879 205 1920 239 τῷ

1101 244 1197 283 Κυρίῳ,
1213 244 1262 272 υἱοὶ
1292 248 1369 274 Θεοό.
1399 246 1435 274 Οὐ
1461 245 1511 284 γὰρ
1540 246 1595 273 υἱοῦ
1623 247 1713 285 χρεία,
1731 246 1778 274 ’ίνα
1792 247 1847 274 υἱὸν
1869 249 1918 277 αὖ⁵

1099 288 1144 316 τὸν
1171 289 1305 328 προσφέρῃ
1321 288 1396 330 (74),
1413 289 1473 318 ἀλλ’
1489 290 1511 318 εἰ
1539 289 1608 329 μέγα
1635 302 1659 318 τι
1685 291 1698 318 ὸ
1715 291 1785 329 υίὸς,
1812 291 1879 330 μέγα
1892 303 1918 320 τι

1099 333 1144 361 καὶ
1159 332 1269 366 ἐπάξιον
1291 335 1339 367 τῆς
1355 345 1383 362 τε
1412 335 1467 362 υἱοῦ
1495 333 1635 366 διαθέσεως
1650 336 1694 363 καὶ
1709 338 1759 369 τῆς
1789 336 1918 373 πατρικῆς

1100 377 1171 410 ἀξίας
1194 378 1225 406 τὸ
1252 379 1464 418 προσφερόμενον
1490 379 1561 408 εἶναι
1588 380 1734 418 προσῆκεν.
1758 381 1834 412 “ob:
1861 381 1918 419 οὖν,

1100 423 1191 463 φησὶν,
1219 423 1343 462 ἐνέγκατε
1372 425 1451 463 κριῶν
1466 433 1473 439 ·
1509 423 1556 452 ’ἕνα
1584 424 1626 452 καὶ
1655 425 1726 452 αὐτοὶ
1756 427 1779 453 οἱ
1801 436 1917 465 προσφε-

1101 467 1208 505 ρόμενοι
1230 468 1292 506 παρ’
1313 469 1387 504 ὑμῶν
1414 468 1467 496 ἀπὸ
1495 472 1542 496 τοῦ
1566 475 1636 497 εἶναι
1667 469 1691 497 οι
1721 473 1802 509 κριῶν
1827 471 1861 502 εἰς
1888 471 1920 499 τὸ

1101 512 1218 551 γενέσθαι
1233 513 1281 540 υἱοὶ
1301 516 1366 541 Θεοῦ
1376 511 1576 550 μεταϐὰλωνται
1589 512 1666 551 (75),

1139 555 1169 587 2.
1201 556 1230 585 Ὀ
1258 568 1330 597 κριος
1356 558 1441 585 τοίνυν
1469 558 1627 596 ἡγεμονικόν
1657 558 1713 585 ἑστι
1743 560 1823 598 ζῶον,
1851 560 1919 587 καθ-

1099 601 1248 639 ηγούμενον
1265 602 1325 641 (76)
1341 605 1393 630 τῶν
1409 601 1548 640 προϐάτων
1563 602 1606 631 ἆπί
1627 613 1657 630 τε
1673 603 1754 639 νομὰς
1774 603 1919 643 τροφίμους

1098 646 1142 673 καὶ
1171 646 1331 679 ἀναπαύσεις
1359 647 1469 683 ὑδάτων,
1498 647 1542 674 καὶ
1578 646 1658 675 πάλιν
1681 647 1724 675 ἐπὶ
1749 647 1847 681 σηκοὺς
1873 648 1917 676 καὶ

1098 690 1234 722 επαύλεις,
1258 696 1375 720 Τοιούτοι
1403 690 1430 718 δέ
1454 702 1523 724 τινες
1553 692 1595 719 καὶ
1623 692 1647 719 οἱ
1662 694 1711 725 τῆς
1732 698 1847 730 ποίμνης
1872 693 1919 720 τοῦ

1102 738 1214 773 Χριστοῦ
1239 739 1406 773 παρεστῶτες
1421 744 1427 750 ·
1455 736 1616 775 προάγοντες
1640 736 1689 773 μὲν
1713 736 1755 764 ἐπί
1769 737 1817 769 τὰς
1839 738 1918 766 εὐαν-

1100 781 1151 811 bsic
1177 781 1220 808 καὶ
1242 779 1347 813 εζιώδεις
1377 780 1424 814 τῆς
1453 783 1634 818 πνευματικῆς
1660 779 1831 813 διδασκαλίας
1855 792 1919 821 τρο-

1101 825 1160 864 (fac,
1191 825 1235 853 καὶ
1262 824 1335 853 ὕδατι
1351 828 1429 860 ζῶντι
1454 827 1488 863 τῇ
1512 825 1675 865 ἐπιχορηγίᾳ
1695 830 1741 854 τοῦ
1767 826 1920 863 Πνεύματος

1100 868 1221 908 ἔρδοντες
1237 870 1281 898 καὶ
1309 870 1435 907 ὑψοῦντες
1463 870 1507 898 καὶ
1531 871 1596 909 πρὸς
1621 871 1800 910 καρποφορίαν
1828 871 1921 910 ἐκτρέ-

1099 925 1192 954 φοντες
1212 926 1217 931 ·
1246 914 1403 954 ὁδηγοῦντες
1417 913 1443 942 δὲ
1460 915 1524 953 πρὸς
1540 915 1697 953 ἀνάπαυσιν,
1722 916 1767 942 καὶ
1789 915 1840 948 τὴν
1869 915 1921 943 ἀπὸ

1097 963 1150 987 τῶν
1186 959 1408 988 ἐπιϐουλευόντων
1448 960 1604 999 ἀσφάλειαν.
1651 960 1755 988 Τούτων
1786 960 1832 988 οὖν
1859 961 1919 991 τοὺς

1099 1005 1168 1036 υἱοὺς
1191 1005 1262 1040 παρὰ
1277 1008 1329 1033 τῶν
1344 1006 1406 1034 υἱῶν
1434 1005 1481 1033 τοῦ
1509 1008 1574 1033 Θεοῦ
1601 1005 1781 1043 προσάγεσθαι
1796 1004 1920 1043 βούλεται

1099 1053 1136 1086 τῷ
1168 1050 1252 1088 Κυρίῷ
1277 1049 1396 1089 ὁλόγος.
1415 1050 1444 1078 El.
1460 1048 1487 1077 δὲ
1503 1050 1570 1089 κριοὶ
1596 1051 1619 1078 οἱ
1644 1051 1841 1089 προηγούμενοι
1867 1057 1920 1083 τῶν

1099 1092 1200 1122 λοιπῶν
1230 1093 1303 1134 (77),
1342 1095 1391 1123 υἱοὶ
1422 1093 1453 1123 ἂν
1481 1095 1580 1122 τούτων
1603 1094 1659 1122 εἷεν
1680 1095 1704 1122 οἱ
1722 1095 1788 1133 πρὸς
1800 1095 1846 1122 τὸν
1861 1092 1920 1122 κατ’

1100 1138 1196 1177 ἀρετὴν
1210 1139 1265 1176 βίον
1280 1139 1321 1167 διὰ
1349 1139 1397 1173 τῆς
1423 1142 1475 1167 τῶν
1502 1139 1607 1179 ἀγαθῶν
1633 1139 1717 1178 ἔργων
1744 1139 1861 1173 σπουδῆς
1891 1139 1922 1166 ἐκ

1099 1186 1149 1217 τῆς
1188 1182 1357 1216 διδασκαλίας
1397 1187 1450 1212 τῶν
1492 1183 1667 1224 προεστώτων
1700 1183 1920 1224 μεμορφωμένοι,

1099 1228 1241 1268 Ἐνέγκατε
1272 1230 1316 1258 οὖν
1342 1232 1381 1265 τῷ
1410 1229 1505 1269 Κυρίῳ,
1541 1229 1590 1257 υἱοὶ
1627 1232 1716 1269 Θεοῦρ
1734 1229 1859 1268 ἐνέγκατε
1883 1229 1922 1266 τῷ

1102 1267 1188 1308 Κυρίῳ
1211 1269 1278 1301 υἱοὺς
1293 1269 1384 1308 κριῶν.
1416 1267 1541 1307 ’Ἕμαθες
1567 1269 1616 1297 τίέι
1645 1267 1822 1308 Suis-15ml;
1851 1269 1922 1307 ἔμα-

1099 1315 1142 1346 θες
1178 1315 1237 1353 περὶ
1259 1314 1336 1342 τίνων
1366 1313 1454 1354 (78);
1482 1312 1622 1353 Ἐνέγκατε
1648 1317 1686 1351 τῷ
1715 1314 1812 1353 Κυρίῳ,
1844 1314 1922 1354 φησὶ,

1101 1357 1177 1391 δοξαν
1192 1359 1235 1386 καὶ
1250 1359 1343 1397 τιμήν,
1375 1361 1434 1390 Πῶς
1463 1358 1507 1386 οὖν
1539 1359 1633 1397 ἡμεῖς,
1651 1359 1668 1392 ἡ
1685 1361 1721 1397 γῆ
1737 1359 1782 1387 καὶ
1810 1358 1922 1399 σποδὸς,

1101 1404 1139 1440 τῷ
1155 1402 1264 1442 μεγάλῳ
1292 1403 1377 1443 Κυρίῳ
1403 1402 1480 1436 δόξαν
1504 1403 1687 1443 προσφέρομεν
1699 1403 1786 1444 (79);
1806 1404 1865 1435 πῶς
1895 1402 1924 1432 δὲ

1102 1449 1145 1476 καὶ
1173 1449 1282 1486 τιμήν;
1307 1448 1389 1480 Δόξαν
1405 1448 1454 1485 μὲν
1480 1447 1522 1476 διὰ
1536 1451 1589 1476 τῶν
1617 1448 1722 1486 ἀγαθῶν
1737 1447 1834 1487 ἔργων,
1862 1448 1926 1476 ὅταν

1102 1492 1197 1530 λάμπῃ
1224 1493 1258 1521 τὰ
1293 1492 1355 1532 ἔργα
1395 1495 1472 1530 ἡμῶν
1507 1492 1653 1532 ’ἔμπροσθεν
1683 1496 1735 1522 τῶν
1764 1493 1925 1532 ἀνθρώπων,

1101 1537 1170 1566 ὥστε
1187 1536 1288 1568 ἰδόντας
1313 1538 1375 1569 τοὺς
1396 1537 1547 1577 ἀνθρώπους
1574 1538 1606 1566 τὰ
1631 1537 1694 1576 ἔργα
1722 1538 1800 1575 ἡμῶν
1815 1537 1926 1570 δοξάσαι

1100 1582 1146 1610 τὸν
1164 1581 1266 1622 Πατέρα
1281 1583 1359 1620 ἡμῶν
1385 1583 1430 1610 τὸν
1460 1582 1487 1610 ὲν
1502 1589 1562 1614 τοῖς
1578 1583 1711 1621 οὐρανοῖς.
1729 1583 1777 1612 Καὶ
1792 1581 1835 1610 διὰ
1865 1594 1925 1610 σω-

1101 1627 1232 1667 φροσύνης
1254 1628 1298 1655 καὶ
1328 1631 1373 1655 τοῦ
1398 1625 1587 1658 ἐπιϐάλλοντος
1617 1633 1675 1659 τοῖς
1711 1627 1758 1661 τὴυ
1785 1626 1925 1656 εὐσέϐειαν

1101 1671 1345 1712 ἱπαγγελλομένοις
1376 1672 1509 1711 ἁγιασμοῦ
1532 1671 1638 1705 δοξάσαι
1662 1671 1771 1700 δυνατόν
1791 1673 1848 1700 ἐστι
1876 1673 1926 1701 τὸν

1103 1718 1167 1745 Θεὸν
1196 1717 1265 1745 κατὰ
1294 1717 1343 1751 τὴν
1372 1720 1420 1744 τοῦ
1443 1716 1548 1744 Παύλου
1577 1717 1740 1757 παραίνεσιν,
1771 1717 1898 1757 λέγοντος
1920 1727 1925 1733 ·

1104 1761 1238 1794 Δοξάσατε
1259 1761 1291 1796 δὴ
1320 1762 1366 1789 τὸν
1393 1762 1457 1790 Θεὸν
1483 1761 1509 1790 ἐν
1533 1768 1591 1793 τοῖς
1618 1762 1725 1800 μέλεσιν
1751 1763 1826 1800 ὑμῶν

1103 1806 1207 1840 Ταύτην
1224 1807 1268 1834 ναὶ
1283 1807 1391 1834 ἀπαιτεῖ
1416 1806 1487 1846 παρὰ
1516 1809 1570 1835 τῶν
1598 1807 1634 1839 εἰς
1652 1807 1728 1835 αὐτὸν
1743 1807 1930 1836 πιστευόντων

1102 1852 1146 1879 καὶ
1174 1853 1212 1888 τῷ
1240 1851 1386 1892 χαρίσματι
1411 1851 1460 1885 τῆς
1500 1851 1626 1882 υἱοθεσίας
1655 1851 1842 1889 τετιμημένων
1872 1853 1924 1886 τὴν

1103 1895 1179 1929 δόξαν
1206 1897 1218 1924 δ
1248 1896 1354 1935 Κύριος.
1384 1897 1443 1928 Υἱὸς
1468 1896 1528 1935 γὰρ,
1546 1897 1636 1936 φησὶν,
1660 1895 1762 1932 δοξάζει
1792 1897 1900 1936 πατέρα
1921 1906 1928 1912 ·

1101 1943 1157 1979 καὶ,
1186 1943 1215 1970 Εἱ
1239 1942 1327 1980 πατήρ
1352 1942 1406 1980 εῐμι
1435 1941 1500 1981 ἐγὼ,
1537 1944 1589 1969 ποῦ
1609 1940 1681 1969 ἔστιν
1708 1942 1726 1975 ἡ
1757 1940 1818 1974 δόξα
1848 1952 1929 1982 μους

1102 1987 1188 2025 Τιμὴν
1204 1985 1231 2014 δὲ
1255 1986 1327 2026 φέρει
1351 1991 1390 2024 τῷ
1406 1989 1463 2023 Θεῷ
1478 1987 1491 2013 ὁ
1506 1986 1574 2014 κατὰ
1590 1986 1639 2019 τὴν
1670 1986 1817 2025 ΙΙαροιμίαν
1837 1990 1928 2024 τιμῶν

1101 2035 1148 2068 τᾷν
1165 2032 1230 2060 Θεὸν
1255 2031 1308 2060 ἀπὸ
1329 2034 1383 2060 τῶν
1412 2030 1519 2059 δικαίων
1534 2030 1628 2059 ἑαυτοῦ
1648 2031 1747 2070 πόνων²
1762 2032 1808 2059 καὶ
1835 2032 1928 2071 ἀπαρ-

1103 2077 1219 2117 χόμενος
1247 2079 1318 2114 αὐτῷ
1346 2076 1399 2105 ἀπὸ
1428 2076 1536 2115 καρπῶν
1565 2075 1646 2103 αὺτοῦ
1666 2074 1848 2109 δικαιοσύνης,
1877 2077 1930 2106 Καὶ

1101 2126 1152 2155 «ira;
1167 2121 1195 2150 δὲ
1209 2123 1223 2150 ὃ
1238 2122 1452 2161 ἑπιτεταγμένως
1467 2119 1535 2160 (81)
1560 2119 1705 2160 θεολογῶν,
1729 2121 1765 2153 ὡς
1782 2121 1822 2159 μὴ
1849 2121 1925 2150 ἄπο-

1101 2171 1208 2200 πίπτειν
1239 2170 1288 2201 τῆς
1326 2167 1404 2206 ὀρθῆς
1434 2166 1491 2205 πιρῖ
1522 2166 1625 2204 Πατρὸς
1654 2165 1768 2203 ἐννοίαις⁷
1806 2167 1852 2195 καὶ
1877 2177 1930 2207 περ

1114 2261 1165 2293 20.
1207 2255 1372 2289 “Malach.
1388 2263 1420 2293 ιι,
1437 2255 1467 2287 6.
1510 2254 1542 2281 ω
1571 2255 1645 2288 ibid.
1687 2254 1713 2277 ⁵⁸
1729 2256 1816 2288 Prov.
1831 2264 1875 2296 ιιι,
1893 2255 1925 2288 9.

1141 2336 1361 2382 (77)7Nonnulli
1379 2335 1542 2382 messium
1551 2336 1740 2382 "prolatum.
1761 2335 1826 2382 Mox
1848 2336 1924 2382 flag.

1102 2375 1254 2414 geéun'dus
1271 2377 1532 2417 μεταμορφούμενοι.
1550 2375 1688 2408 Subinde
1710 2385 1765 2407 vox
1779 2377 1823 2405 οὖν
1839 2375 1928 2408 deest

1101 2422 1134 2454 in
1149 2422 1303 2462 plerisque
1319 2427 1391 2449 mss.
1562 2457 1567 2462 _

1142 2458 1202 2502 ('78)
1219 2458 1318 2502 Editio
1332 2462 1461 2502 utraque
1476 2466 1544 2502 cum
1560 2458 1754 2502 interroganti
1769 2460 1851 2497 nota,
1867 2458 1926 2497 περὶ

1101 2496 1201 2539 τίνὶυνξ
1219 2501 1272 2534 sed
1289 2496 1437 2539 ejusmodi
1447 2502 1515 2528 nota
1529 2497 1562 2528 in
1577 2496 1686 2529 multis
1694 2505 1829 2529 mss.non
1841 2496 1926 2538 repe-

1102 2543 1190 2574 ritur.

1142 2582 1212 2622 (79)
1229 2579 1356 2614 Codices
1371 2583 1437 2609 octo
1454 2577 1580 2622 φέρομεν.
1603 2577 1682 2622 Editi
1696 2586 1766 2622 vero
1782 2586 1856 2622 cum
1866 2586 1924 2608 uno

1100 2617 1155 2654 aut
1165 2617 1260 2653 altero
1278 2629 1349 2652 mss.
1380 2617 1575 2659 προσφέρομεν.
1601 2619 1666 2649 Mox
1692 2617 1858 2650 Colbertiui
1873 2627 1924 2649 se—

1100 2662 1218 2694 cundus
1234 2667 1263 2693 et
1278 2663 1400 2700 quartus
1411 2658 1480 2700 ὥστε
1495 2658 1609 2700 εἰδότας.

1139 2703 1205 2743 (80)
1219 2698 1329 2733 Textus
1343 2708 1415 2731 sane
1432 2698 1563 2732 AoEa’ca-ts
1575 2698 1606 2733 δὴ
1622 2700 1668 2728 τὸν
1683 2699 1747 2727 Θεὸν
1767 2707 1796 2727 εν
1810 2702 1849 2736 τῷ
1866 2699 1923 2727 σώ-

1122 2754 1164 2772 ατι
1179 2754 1253 2772 υμων
1259 2764 1266 2772 ο

1100 2755 1164 2782 ματι
1179 2755 1266 2780 υμων.

1140 2783 1198 2821 (81)
1214 2783 1259 2812 Ita
1273 2780 1345 2821 Reg.
1364 2783 1487 2821 quartus
1500 2783 1527 2810 et
1543 2778 1626 2811 Colb.
1644 2782 1745 2810 sextus
1755 2787 1824 2821 cum
1841 2779 1926 2811 Cate-

1099 2819 1302 2854 na‘Corderii.
1320 2819 1358 2852 Άι
1373 2819 1446 2852 editi
1476 2829 1543 2851 cum
1560 2823 1678 2850 caeteris
1694 2827 1767 2852 mss.
1783 2820 1923 2849 ἐπιτετευ-

1098 2863 1166 2902 γμέν
1170 2874 1207 2895 ως
1212 2887 1220 2894 .
