2026 3143
117 169 179 202 293

658 169 820 200 HOMILIA
841 169 882 200 IN
905 166 1087 199 PSALMUM
1111 168 1249 200 XXVIII.

1746 169 1807 203 294

118 237 237 277 πράξεων
274 237 419 276 ὶνεργείας,
461 238 476 265 ὁ
502 240 620 269 τοιοῦτος
656 236 745 265 ἀκούει
775 236 943 276 μεγαλοπρε-

989 237 1136 269 affectibus
1148 236 1236 268 fuerit
1247 235 1566 277 libera,acceperitque
1572 234 1805 275 magnitudinem

118 283 183 317 πής.
199 280 290 310 ’Ὅταν
306 283 349 310 οὖν
365 282 442 322 ψυχὴ
458 281 606 313 ἀδούλωτος
620 283 638 320 ᾖ
663 283 701 318 τῷ
723 282 871 321 φρονήματι
893 285 942 315 τῆς

117 327 226 365 σαρκὸς,
258 326 369 365 μέγεθός
400 326 427 354 δὲ
460 328 503 355 καὶ
537 325 578 366 (2)
610 325 706 359 ἁξίωνα
733 326 833 364 πρέπον
863 327 943 364 ἑαυτῇ

118 371 148 398 ἐκ
175 373 224 404 τῆς
247 371 444 406 συναισθήσεως
472 382 525 399 των
546 371 700 410 προσόντων
721 370 788 408 αὖτῇ
811 371 864 399 ἀπὸ
879 376 943 400 Θεοῦ

118 414 249 453 ἀναλάϐῃ,
277 415 303 443 ἰν
329 416 411 454 ταύτῃ
434 416 532 454 γίνεται
560 417 577 450 ἡ
603 416 678 455 φωνὴ
706 414 753 444 τοῦ
784 416 887 455 Κυρίου,
913 417 942 444 Οἱ

117 461 163 488 οὖν
179 459 358 500 μεγαλοφυεῖς
390 460 438 498 μὲν
467 460 578 500 ἔχοντες
607 460 654 491 τὰς
679 460 738 499 περὶ
753 463 819 489 Θεοῦ
832 460 944 498 ἐννοίας,

116 504 228 543 ὕψηλῶς
259 504 285 533 δὲ
313 506 508 544 τεθεωρηκότες
531 505 592 537 τοὺς
623 505 681 543 περὶ
708 505 819 536 κτίσεως
837 505 945 545 λόγους,

116 551 161 578 καὶ
187 549 339 583 δυνηθέντες
362 550 404 578 ἐπὶ
423 551 507 578 ποσὸν
537 553 599 589 γοῦν
629 548 769 578 ἐπιϐαλεῖν
794 552 833 587 τῷ
854 549 951 587 ἀγαθῷ·

114 596 163 633 τῇς
180 598 225 622 τοῦ
247 598 313 623 Θεοῦ
335 595 471 634 προνοίας,
491 595 535 622 καὶ
562 594 669 633 προσέτι
694 594 720 622 ἐν
736 600 797 627 ταῖς
811 593 939 623 δαπάναις

116 638 249 679 ἀφειδεῖς,
285 641 326 668 καὶ
356 639 538 679 μεγαλόδωροι
569 638 595 667 ἐν
620 642 658 676 τῷ
680 639 727 670 τὰς
753 641 806 667 τῶν
823 637 941 678 ἀδελφῶν

117 685 211 724 χρείας
235 684 450 723 ἐπανορθοῦσθαι,
469 685 540 711 οὗτοι
569 684 635 711 εἰσιν
660 684 684 712 οἱ
709 683 938 723 μεγαλοπρεπεῖς,

115 729 142 757 ἐν
174 728 219 760 οἷς
248 729 264 762 ἡ
294 735 369 767 φωνὴ
399 732 445 756 τοῦ
475 729 567 768 Κυρίου
597 727 808 766 ἐμπολιτεύεται.
826 728 869 759 Τῶ
886 727 940 756 ὄντι

114 774 164 811 γὰρ
185 774 200 801 ὁ
226 772 435 812 μεγαλοπρεπὴς
465 773 580 812 ὑπερορᾷ
610 773 697 801 πάντα
727 773 760 800 τὰ
788 773 940 810 σωματικὰ,

116 817 221 850 οὐδενὸς
251 818 324 845 εῖναι
344 817 403 850 ἄξια
432 818 526 857 κρίνων
555 817 636 856 λόγου
666 820 699 855 τῇ
719 817 861 857 παραθέσει
889 821 942 845 τῶν

115 863 247 902 ἀοράτων.
280 863 330 891 Τὸν
361 861 555 902 μεγαλοπρεπῆ
584 861 691 899 οὒδεμία
719 861 832 897 λυπήσει
862 862 941 900 περί‹

984 290 1019 312 ac
1034 281 1219 321 dignitatem,
1237 290 1302 322 qua;
1316 281 1383 312 M9
1394 290 1447 322 pro
1458 281 1631 312 facultatum
1645 290 1662 312 ο
1676 279 1740 311 Deo
1752 291 1806 314 ac-

985 331 1138 364 ceptarum
1154 326 1323 366 cognitione
1334 326 1391 358 sibi
1407 325 1575 363 conveniat,
1589 330 1652 357 tum
1668 327 1698 359 in
1715 325 1764 358 illa
1775 327 1808 358 ﬁt

984 380 1037 401 vox
1047 371 1176 402 Domini.
1190 371 1389 407 Quamobrem
1400 371 1451 412 qui
1461 371 1615 411 magniﬁce
1624 373 1755 412 cogitant
1770 372 1808 403 de

987 416 1059 450 Deo.
1077 420 1107 446 et
1131 415 1292 447 creationis
1315 417 1445 447 rationes
1473 416 1532 447 alte
1555 416 1702 453 speculati
1726 420 1806 454 sunt,

986 465 1014 491 et
1029 460 1215 498 aliquantum
1229 461 1336 491 saltem
1353 461 1515 492 bonitatem
1539 460 1734 500 providentiae
1753 460 1808 492 Dei

985 508 1103 546 assequi
1122 506 1443 546 potuere,insuperque
1462 505 1545 545 parci
1561 514 1620 536 non
1635 510 1706 537 sunt
1720 506 1750 537 in
1761 504 1807 537 fa-

985 550 1100 579 ciendis
1116 549 1294 589 sumptibus,
1310 555 1337 580 et
1349 551 1380 581 in
1394 549 1585 581 sublevandis
1610 550 1733 581 fratrum
1750 559 1807 580 ne-

983 594 1170 624 cessitatibus
1183 594 1323 626 liberales
1342 599 1428 630 sunt;
1447 594 1489 632 hi,
1507 597 1639 634 inquam,
1656 599 1726 625 sunt
1740 603 1806 625 ma-

983 638 1094 678 gniﬁci,
1109 640 1136 669 in
1161 639 1271 679 quibus
1286 648 1340 670 vox
1368 639 1487 670 Domini
1511 638 1668 669 inhabitat.
1687 639 1805 670 Etenim

983 683 1034 723 qui
1046 692 1115 715 vere
1127 683 1301 723 magnificus
1317 689 1371 722 est,
1392 693 1440 714 res
1462 692 1567 714 omnes
1581 692 1741 723 corporeae
1753 692 1807 714 as-

986 732 1136 766 pernatur.
1149 737 1183 759 ac
1199 737 1261 768 prae
1272 728 1471 759 tnvisibilibus
1486 737 1537 759 eas
1547 727 1617 759 facit
1629 727 1725 758 nihili.
1741 727 1807 758 Ad-

984 773 1107 803 versitas
1127 773 1208 804 nulla
1223 774 1412 813 magniﬁcum
1441 773 1550 804 afﬁciet
1575 772 1704 809 tristitia,
1727 772 1808 803 nulla

986 826 1107 856 prorsus
1119 817 1195 848 mala
1210 822 1279 848 sunt
1290 818 1375 849 illum
1389 817 1598 858 perturbatnra
1615 825 1623 847 :
1641 826 1738 857 neque
1749 816 1801 847 im«

986 861 1148 901 proborum
1161 866 1189 892 et
1199 862 1460 902 despiciendorum
1473 860 1723 892 homunculorum
1743 870 1808 901 pec-

116 918 209 938 στασις
228 917 235 925 ³
259 905 318 936 οὐδὲ
348 905 418 939 ὅλως
450 907 534 938 πάθος
563 917 588 934 τι
617 907 695 936 αὒτδν
720 906 866 946 ἐκταράξει,
885 905 942 935 οὐδὲ

989 910 1048 936 cata
1066 915 1132 936 eum
1161 906 1404 943 commovebunt,
1431 915 1527 946 neque
1542 905 1642 945 ipsum
1658 905 1808 945 deprimet

116 952 304 991 ἆνθρωπαρίων
349 951 455 991 φαύλων
501 962 545 979 και
588 951 823 992 εὒκαταφρονήτων
853 952 941 990 ἁμαρ-

117 997 225 1034 τήματα
255 996 357 1030 κινήσει
375 1004 381 1011 ·
407 995 465 1024 οὐδὲ
489 996 635 1036 ἀκαθαρσία
664 998 713 1030 τῆς
741 996 836 1034 σαργὸς
864 997 941 1024 utﬁt-3v

117 1041 288 1072 ταπεινώσει,
321 1041 499 1080 Δυσπρόσιτος
527 1041 577 1080 γάρ
607 1041 662 1069 ἔστι
691 1047 750 1074 τι.ϊς
778 1051 940 1068 ταπεινωτι-

116 1093 177 1117 κοῖς
207 1086 326 1122 πάθεσιν,
371 1085 428 1115 οὐδὲ
465 1084 643 1125 προσϐλέπειν
677 1085 747 1122 αὐτῷ
788 1085 940 1123 δυναμένοις

117 1130 160 1159 διὰ
190 1132 221 1158 τὸ
244 1130 310 1168 ὕψος
322 1133 370 1164 τῆς
386 1130 510 1169 γνώμης.
527 1130 637 1169 Λέγεται
654 1129 682 1158 δέ
695 1141 735 1162 τις
751 1131 794 1158 καὶ
816 1134 882 1158 Θεοῦ
897 1141 942 1158 ua-

117 1174 298 1214 γαλοπρέπεια
317 1185 323 1191 ·
365 1176 401 1206 ὡς
443 1176 486 1215 τὸ,
519 1174 641 1213 Ἐπήρθη
670 1176 687 1208 ἡ
726 1174 943 1214 μεγαλοπρέπειά

115 1231 161 1248 σου
180 1221 302 1256 ὑπεράνω
321 1223 374 1247 τῶν
402 1219 530 1259 οὓρανῶν,
561 1221 591 1248 Οἱ
621 1220 664 1248 οὖν
686 1219 719 1246 τὰ
749 1218 853 1258 μεγάλα
882 1220 940 1258 περὶ

117 1268 185 1293 Θεοῦ
211 1263 374 1301 δοξάζοντες,
397 1269 469 1294 οὗτοι
498 1264 680 1303 ὑπεραίρουσιν
714 1264 792 1303 αὐτοῦ
816 1263 865 1297 τὴν
888 1274 938 1301 με-

117 1308 326 1348 γαλοπρέπειαν,

158 1355 188 1385 5.
212 1354 294 1387 Φωνὴ
325 1353 417 1393 Κυρίου
443 1351 625 1392 συντρίϐοντος
660 1353 777 1392 κέδρους.
820 1352 853 1382 Ἠ
892 1353 938 1381 κέ-

119 1398 177 1439 δρος
193 1398 259 1427 ποτὲ
286 1398 335 1436 μὲν
349 1399 386 1430 ὼς
401 1397 528 1436 μόνιμον,
558 1399 602 1426 καὶ
625 1399 734 1436 σήψεως
753 1397 870 1436 βέλτιον,
898 1399 941 1426 καὶ

120 1443 226 1479 εὐῶδες,
257 1444 301 1471 καὶ
329 1448 430 1476 σκέπην
469 1443 558 1471 ἱκανὸν
601 1442 764 1482 παρέχεσθαι
793 1443 864 1482 παρὰ
893 1443 941 1476 τῆς

123 1488 229 1528 Γραφῇς
245 1488 395 1516 ἐπαινεῖται
413 1497 421 1505 ·
446 1487 511 1516 ποτὲ
526 1485 553 1515 δὲ
569 1487 605 1518 ὡς
621 1486 740 1526 ἄκαρπον
764 1488 808 1516 καὶ
824 1486 942 1524 δυσκαμ-

123 1534 169 1566 πὲς
191 1532 378 1570 διαϐάλλεται,
401 1534 438 1562 ὣς
465 1533 508 1560 καὶ
523 1532 611 1560 εἰκόνα
626 1531 744 1571 πληροῦν
759 1537 807 1562 τοῦ
820 1531 941 1563 (imago-3;.

984 951 1083 981 carnis
1109 951 1276 990 impuritas.
1304 951 1485 982 Aﬁ‘ectiones
1516 950 1594 981 enim
1611 958 1678 990 quas
1695 949 1807 980 demit-

984 999 1062 1031 tunt,
1078 994 1340 1036 abjiciuntque,vix
1356 995 1467 1026 aditum
1484 995 1520 1026 ad
1537 993 1621 1025 illum
1637 994 1804 1034 inveniunt,

983 1049 1051 1070 cum
1069 1049 1106 1070 ne
1119 1039 1255 1080 aspicere
1269 1040 1390 1080 quidem
1412 1040 1510 1079 ipsum
1526 1038 1564 1070 ob
1581 1039 1690 1069 mentis
1705 1038 1807 1070 altitu-

985 1085 1085 1115 dinem
1101 1089 1224 1125 queant.
1240 1084 1354 1115 Dicitur
1368 1089 1468 1115 autem
1485 1088 1515 1115 et
1530 1083 1666 1124 quaedam
1677 1082 1731 1114 Dei
1749 1092 1807 1114 ma-

984 1129 1165 1169 gniﬁcentia,
1184 1133 1215 1159 ut
1230 1130 1261 1159 in
1275 1129 1331 1160 hoc
1348 1129 1413 1160 loco
1430 1138 1436 1160 :
1462 1129 1595 1160 Elevata
1610 1131 1651 1158 est
1666 1128 1808 1168 magniﬁ-

985 1173 1085 1204 cenlia
1110 1178 1163 1204 tua
1187 1182 1276 1213 super
1304 1173 1391 1204 mlas
1415 1173 1452 1203 ⁷³.
1470 1173 1526 1209 Qui
1542 1171 1632 1212 igitur
1646 1181 1754 1211 magna
1769 1172 1807 1204 de

985 1219 1045 1250 Deo
1061 1219 1205 1258 sentiunt,
1222 1218 1253 1249 hi
1268 1218 1361 1259 ipsius
1381 1218 1525 1249 extollunt
1541 1216 1804 1256 magniﬁcentiam.

1020 1354 1048 1383 δ,
1061 1352 1186 1384 Vans.5.
1202 1351 1268 1382 νοω
1277 1352 1396 1383 Domini
1402 1352 1620 1391 confringentc‘s
1626 1351 1805 1384 cedros.Ce-

984 1397 1057 1428 drus
1068 1398 1155 1428 modo
1179 1401 1273 1428 utres
1300 1396 1425 1436 stabilis,
1448 1401 1478 1428 et
1503 1397 1671 1436 putredinis
1682 1405 1808 1437 expers,

986 1442 1210 1482 odorataque,et
1221 1441 1258 1472 ad
1275 1441 1468 1481 priebendum
1483 1444 1601 1481 tegmen
1617 1446 1683 1483 apta
1692 1452 1710 1473 a
1720 1440 1807 1472 Scri-

987 1490 1070 1526 ptura
1087 1486 1243 1525 laudatur;
1259 1486 1347 1516 modo
1362 1489 1393 1516 ut
1408 1485 1591 1517 infructuosa
1612 1493 1640 1518 et
1659 1495 1738 1526 aegre
1752 1486 1808 1517 fle-

985 1531 1087 1563 xibilis
1099 1531 1296 1570 vituperatur,
1308 1530 1381 1560 adeo
1399 1530 1522 1570 utimpii
1539 1531 1627 1562 etiam
1644 1531 1807 1570 imaginem

125 1577 203 1606 Εἷδον
238 1578 289 1616 γὰρ
319 1567 375 1606 τὸν,
400 1576 484 1611 ἀσεϐῆ
515 1567 730 1615 ὑπερυψούμενον
759 1578 803 1605 καὶ
834 1577 944 1616 ἐπαιρό-

990 1576 1074 1612 terat,
1092 1567 1295 1615 ἱιηρΙὲιιιᾳυεί
1308 1574 1374 1605 Vidi
1394 1567 1615 1614 enim-impium
1626 1567 1808 1614 exaltotum,

123 1633 201 1660 μενον
223 1624 260 1655 ὡς
281 1623 328 1654 τὰς
357 1622 462 1662 κέδρους
492 1627 539 1651 τοῦ
563 1620 689 1652 Λιϐάνου.
719 1622 781 1651 Καθ’
811 1622 825 1649 ὃ
848 1622 892 1660 (3)
916 1622 946 1649 τὸ

123 1667 320 1705 σημαινόμενον
354 1668 398 1694 καὶ
438 1670 481 1695 νῦν
521 1665 691 1706 παρελήφθη.
728 1665 758 1694 Ἠ
794 1667 844 1705 γὰρ
871 1666 946 1705 φωνὴ

123 1715 167 1740 τοῦ
192 1711 286 1751 Κυρίου
321 1710 450 1750 συντρίϐει
485 1710 604 1750 κέδρους,
632 1711 743 1748 ’Ὥσπερ
769 1711 819 1751 γὰρ
854 1710 881 1738 ἐν
914 1713 948 1748 τῇ

123 1755 325 1796 μεγαλοπρεπεῖ
367 1758 445 1795 ψυχῇ
482 1756 594 1796 γίνεται,
620 1755 689 1784 οὕτω
721 1756 783 1788 τοὺς
806 1756 865 1789 εἰκῆ
894 1766 944 1794 φυ-

124 1801 291 1838 σιουμένους,
330 1801 392 1833 τοὺς
428 1801 582 1840 ἐπαίροντας
612 1801 719 1833 ἑαυτοὺς
756 1800 783 1828 ἓν
812 1806 871 1832 τοῖς
900 1811 947 1828 νο-

125 1846 276 1884 μιζομένοις
303 1846 429 1884 ὑψώμασι
467 1850 514 1876 τοῦ
548 1845 650 1884 κόσμου
679 1846 786 1883 τούτου,
817 1844 944 1884 πλούτου,

125 1890 246 1928 ἢδὸξης,
277 1891 295 1925 ἢ
323 1890 487 1928 δυναττείας,
517 1890 534 1924 ἢ
564 1890 677 1924 κάλλους
704 1890 843 1928 σώματος,
860 1889 878 1924 ἢ
899 1889 947 1917 δυ-

126 1936 242 1974 νάμεως,
272 1936 290 1970 ἢ
329 1935 438 1976 ἰσχύος,
477 1934 621 1975 συντρίϐειν
659 1935 777 1975 λέγεται.
807 1935 856 1964 Καὶ
883 1945 946 1962 συν-

126 1982 211 2021 τρίψει
242 1981 336 2020 Κύριος
378 1981 426 2012 τὰς
456 1980 561 2019 κέδρους
589 1983 635 2009 τοῦ
674 1979 799 2010 Λιϐάνου.
831 1980 861 2008 Οἱ
889 1985 948 2012 τοῖς

127 2025 277 2066 ἀλλοτρίοις
297 2026 450 2065 πράγμασιν
476 2024 668 2063 ἐπιϐαινοντες,
691 2025 736 2054 καὶ
764 2024 811 2053 ἀπ’
840 2023 948 2053 ἐκείνων

127 2071 234 2102 ἑαυτοῖς
262 2071 310 2104 τὴν
337 2069 489 2106 ἀλαζονείαν
523 2070 692 2109 σκνάγοντες,
709 2070 781 2099 οὗτοι
797 2070 846 2098 εἱσι
861 2067 947 2108 κέδροι

127 2119 170 2143 τοῦ
185 2114 313 2145 Λιϐάνου.
336 2113 446 2154 ’Ὥσπερ
466 2115 517 2154 γὰρ
543 2116 569 2143 αἱ
591 2114 689 2154 κέδροι,
715 2114 774 2142 καθ’
791 2114 885 2146 ἑαυτὰς
901 2113 947 2140 οὖ-

127 2171 169 2187 σαι
183 2158 297 2197 ὑψηλαὶ,
324 2159 364 2197 τῷ
392 2159 434 2188 ἐπ’
450 2158 525 2199 ὅρους
550 2159 654 2197 ὑψηλου
668 2159 824 2199 πεφυκέναι,
840 2157 870 2186 ὲκ
898 2158 947 2191 τῆς

988 1624 1014 1651 et
1025 1622 1174 1650 eleuatum
1185 1620 1263 1651 sicut
1273 1620 1377 1651 cedros
1383 1618 1497 1650 Libani
1507 1617 1611 1656 7‘.Qua
1622 1619 1652 1650 in
1661 1619 1809 1658 signiﬁca-

990 1665 1069 1695 tione
1081 1665 1168 1695 etiam
1185 1674 1264 1695 nunc
1289 1668 1411 1704 accepta
1436 1667 1490 1695 est.
1516 1662 1579 1694 Vox
1597 1663 1676 1694 enim
1694 1662 1810 1695 Domini

989 1709 1149 1749 confringit
1166 1709 1283 1740 cedros.
1301 1707 1338 1739 Ut
1351 1709 1432 1739 enim
1449 1708 1511 1739 haec
1530 1708 1561 1739 in
1577 1708 1732 1748 magniﬁca
1747 1707 1810 1738 ani-

990 1764 1037 1784 ma
1052 1755 1084 1785 fit
1102 1765 1108 1786 :
1127 1754 1168 1785 ita
1182 1753 1320 1784 homines
1337 1757 1451 1784 temere
1476 1753 1606 1790 inﬂatos,
1631 1753 1681 1793 qui
1695 1753 1811 1793 seipsos

990 1798 1169 1833 efferunt,ob
1182 1808 1218 1829 ea
1228 1807 1294 1838 quas
1304 1799 1335 1828 in
1351 1799 1407 1828 hoc
1424 1798 1536 1829 mundo
1552 1798 1612 1829 alta
1622 1807 1658 1828 ac
1671 1796 1811 1828 sublimia

990 1848 1139 1884 putantur,
1170 1852 1279 1883 nempe
1305 1843 1343 1874 ob
1372 1842 1501 1880 divitias,
1525 1847 1577 1873 aut
1601 1843 1735 1881 gloriam,
1762 1846 1812 1872 aut

990 1888 1161 1928 imperium,
1178 1893 1228 1918 aut
1244 1887 1379 1928 corporis
1407 1887 1670 1929 pulchritudinem,
1687 1891 1739 1918 aut
1756 1895 1811 1927 po-

991 1937 1137 1970 testatem,
1175 1937 1224 1964 aut
1262 1932 1350 1968 vires,
1391 1932 1501 1963 dicitur
1535 1931 1739 1972 confringere.
1770 1931 1810 1962 Et

990 1978 1160 2018 confringet
1173 1978 1320 2008 Dominus
1335 1977 1440 2009 cedros
1449 1976 1574 2008 Liboni.
1591 1976 1706 2007 Alienis
1720 1975 1812 2007 rebus

990 2023 1042 2063 qui
1060 2022 1204 2059 insident,
1236 2026 1266 2052 et
1292 2031 1327 2052 ex
1353 2025 1397 2051 eis
1419 2021 1542 2060 gloriam
1564 2021 1731 2061 fastumque
1756 2020 1812 2051 sibi

990 2066 1155 2104 conflant,ii
1167 2070 1237 2096 sunt
1251 2065 1334 2097 cedri
1343 2065 1715 2102 Libani-Quemadmodum
1732 2064 1812 2094 enim

988 2111 1071 2143 cedri
1102 2119 1154 2151 per
1177 2120 1210 2141 se
1231 2111 1299 2141 ultae
1323 2119 1390 2140 cum
1420 2110 1488 2144 sint,
1517 2113 1628 2147 tamen,
1655 2113 1813 2149 propterea

990 2157 1067 2197 quod
1090 2155 1120 2186 in
1141 2157 1199 2187 alto
1217 2159 1317 2185 monte
1342 2159 1515 2192 nascuntur,
1543 2154 1619 2185 fiunt
1643 2162 1678 2184 ex
1704 2154 1813 2184 montis

127 2204 281 2244 προσθήκης
309 2204 356 2232 τοῦ
369 2203 447 2244 ὅρουο
464 2197 685 2244 περιφανέστεραι
709 2197 825 2243 γίνονται
844 2212 851 2219 ·
878 2202 944 2231 οὕτω

989 2201 1160 2232 accessione
1178 2199 1271 2238 magis
1286 2199 1473 2239 conspicuae:
1487 2198 1530 2229 sic
1539 2207 1658 2238 quoque
1668 2198 1718 2238 qui
1727 2197 1815 2244 ﬂuxis

127 2250 168 2277 καὶ
191 2249 215 2276 οἱ
243 2255 304 2281 τοῖς
333 2251 459 2290 φθαρτοῖς
480 2253 527 2278 τοῦ
555 2249 658 2287 κόσμου
672 2249 825 2288 πράγμασιν
839 2248 944 2287 ἐπερει-

128 2291 233 2330 δόμενοι
249 2292 334 2333 κέδροι
351 2293 400 2332 μέν
423 2294 472 2322 εἰσι
495 2293 539 2321 διὰ
559 2294 608 2327 τὴν
623 2293 778 2328 ἀλαζονείαν
795 2292 838 2322 καὶ
851 2293 882 2320 τὸ
897 2291 946 2325 τῆς

129 2335 242 2369 διανοίας
270 2337 387 2377 ἔπαρμα,
414 2336 527 2368 Λιϐάνου
556 2336 584 2366 δὲ
621 2337 706 2377 κέδροι
733 2336 947 2376 προσαγορεύον-

130 2393 184 2420 ται,
199 2381 243 2411 διὰ
256 2383 287 2410 ’τὸ
302 2385 342 2419 τῷ
365 2381 496 2421 ἀλλοτρίῳ
522 2382 647 2420 ὑψώματι
667 2380 876 2422 ἒπαγάλλεσθαι,
906 2382 949 2409 καὶ

131 2427 179 2455 ὑπὸ
202 2430 255 2466 γῆς
266 2428 310 2456 καὶ
338 2431 391 2456 τῶν
418 2427 518 2467 γηίνων
547 2427 724 2467 πραγμάτων,
756 2427 814 2455 οἷον
836 2426 887 2453 ὑπὸ
901 2428 951 2459 τῆς

131 2475 245 2512 κορυφῆς
273 2476 320 2500 τοῦ
350 2471 473 2510 Λιϐάνου,
508 2473 573 2512 πρὸς
602 2471 756 2507 ἀλαζονείαν
785 2470 948 2509 ἐπαίρεσθαι.

133 2519 168 2546 Οὒ
191 2517 280 2550 πάσας
307 2516 335 2545 δὲ
362 2518 410 2549 τὰς
439 2515 546 2557 κέδρους
562 2515 690 2556 συντρίϐει
715 2517 729 2544 ὁ
759 2515 865 2555 κύριος’
882 2515 951 2543 ἀλλὰ

134 2561 178 2593 τὰς
200 2566 247 2590 τοῦ
275 2561 398 2593 Λιϐάνου,
422 2561 535 2597 Ἐπειδὴ
550 2562 599 2602 γὰρ
625 2559 840 2600 εἰδωλολατριίας
869 2559 951 2594 τόπος

134 2607 147 2633 ὁ
174 2605 299 2645 Λίϐανος,
315 2606 375 2635 ὗσαι
390 2608 477 2647 ψυχαὶ
492 2607 642 2647 ἐπαίρονται
666 2607 734 2635 κατὰ
754 2608 804 2640 τῆς
827 2605 952 2645 γνώσεως

171 2687 202 2713 75
215 2687 296 2720 Psal.
310 2695 376 2725 vm,
391 2687 421 2719 2.
464 2687 497 2712 74
511 2686 590 2718 Psal.
606 2694 702 2724 xxxvr,
722 2686 772 2718 35.

172 2756 211 2796 (2)
224 2755 321 2788 Verba
341 2756 403 2795 illa,
422 2756 532 2795 μέγεθος
546 2755 573 2783 δὲ
588 2756 644 2796 καις
661 2759 733 2796 etc.,
746 2755 785 2787 ita
800 2756 953 2795 interpres

136 2795 215 2827 vetus
224 2796 326 2828 Latine
335 2795 478 2834 reddidit,
493 2795 616 2832 utillud,
631 2797 684 2824 ἀπὸ
695 2795 811 2834 Θεοῦ,Ἄά
828 2797 952 2827 verbum

137 2836 250 2875 suis“
275 2836 423 2873 retulerit,
451 2846 519 2868 cum
535 2836 643 2867 referri
667 2840 766 2868 tamen
787 2837 824 2868 ad
850 2843 953 2866 vocem

139 2878 284 2916 προσόντων
308 2876 437 2908 debeat:
465 2886 523 2917 qua
544 2885 632 2917 parva
653 2877 831 2917 negligentia
848 2879 953 2907 mirum

990 2245 1092 2276 mundi
1117 2245 1206 2276 rebus
1237 2243 1409 2280 fulciuntur,
1427 2242 1510 2274 cedri
1538 2242 1658 2283 quidem
1674 2247 1745 2273 sunt
1775 2241 1813 2273 ob

988 2290 1188 2330 arrogantiam
1204 2298 1238 2320 ac
1265 2289 1372 2319 mentis
1401 2288 1574 2325 elationem,
1591 2288 1644 2318 sed
1671 2291 1815 2318 vocantur

992 2335 1093 2366 Libani
1109 2333 1203 2374 cedri,
1223 2333 1301 2374 quod
1312 2333 1409 2363 aliena
1423 2331 1598 2372 superbiant
1609 2331 1766 2363 altitudine
1781 2335 1812 2363 et

991 2385 1099 2411 eterra
1124 2379 1277 2417 rebusque
1302 2377 1495 2408 terrestribus
1511 2381 1652 2416 tanquam
1668 2385 1684 2408 e
1711 2376 1817 2408 Libani

992 2425 1102 2455 vertice
1116 2425 1153 2454 ad
1169 2423 1278 2455 fastum
1301 2426 1331 2453 et
1347 2421 1519 2463 superbiam
1535 2422 1727 2454 extollantur.
1751 2421 1818 2453 Non

992 2474 1091 2501 autem
1107 2468 1216 2500 cedros
1227 2467 1399 2503 omnes.sed
1411 2465 1516 2498 Libani
1531 2467 1640 2498 cedros
1656 2465 1819 2507 confringit

993 2514 1149 2547 Dominus.
1163 2511 1237 2544 Nam
1250 2521 1319 2544 cum
1329 2511 1461 2543 Libanus
1476 2511 1652 2543 idololatrias
1667 2511 1705 2542 sit
1721 2511 1817 2552 locus,

993 2567 1179 2600 quaecunque
1199 2557 1308 2590 animae
1342 2566 1376 2588 se
1405 2561 1511 2588 contra
1535 2556 1592 2589 Dei
1616 2555 1818 2595 cognitionem

994 2603 1135 2640 efferunt,
1148 2601 1195 2634 ha;
1208 2601 1291 2634 cedri
1305 2600 1410 2633 Libani
1425 2603 1680 2642 auncupantur,et
1690 2606 1817 2631 censen-

995 2756 1136 2794 quantum
1149 2760 1165 2782 ει
1181 2758 1273 2792 ευορο
1285 2750 1444 2794 aberrarit.

1035 2793 1076 2830 (3)
1094 2791 1144 2824 Sic
1157 2789 1393 2830 mssfnonnulli,
1411 2791 1498 2822 bene.
1517 2789 1613 2821 Editio
1631 2790 1819 2823 Paris.unico

998 2832 1139 2864 vocabulo
1156 2833 1230 2864 καθά,
