2026 3143
223 153 281 187 381

229 221 309 254 velut
324 221 382 251 sibi
398 219 578 252 assidentem
592 223 622 251 et
635 223 706 251 ante
720 219 836 259 regium
847 218 954 259 judicii
965 218 1048 249 thro-
1059 223 1077 245 Α

229 275 300 298 num
312 269 438 296 stantem
455 264 662 304 constituit,ita
675 264 810 303 singulos
824 263 944 295 adducit
959 263 1046 301 inju-

231 310 352 343 dicium.
371 309 407 340 Si
422 309 597 348 iniquitates
607 308 826 349 observaveris,
846 306 1049 346 Domine,Do-

231 357 397 394 mine,quts
409 353 568 385 sustinebit
581 352 632 376 ⁸³9
647 355 751 393 Neque
766 352 969 384 misericordia
984 351 1050 382 sine

229 400 356 441 judicio,
369 407 466 438 neque
477 398 625 438 judicium
654 401 719 429 sine
734 398 953 428 misericordia.
974 397 1051 441 Aule

230 440 377 485 judicium
393 443 483 482 igitur
497 443 592 482 diligit
605 442 854 478 misericordiam,
873 446 902 473 et
917 445 982 481 post
998 440 1052 470 mi-

234 487 443 525 sericordiam,
461 488 539 519 venit
553 487 590 518 ad
599 487 758 527 judicium.
776 487 844 518 Hc
860 491 958 518 autem
976 486 1054 515 inter

235 543 267 565 se
281 533 443 573 conjuncta
458 536 526 563 sunt
542 540 549 563 :
569 531 772 563 misericordia
782 540 849 562 cum
863 531 976 571 judicio
996 541 1002 558 :
1017 538 1055 560 ne

235 583 285 610 aut
297 576 502 609 misericordia
516 576 578 607 sola
595 577 747 608 mollitiem
773 575 880 616 pariat,
907 580 957 606 aut
969 574 1054 615 judi-

235 623 314 655 cium
332 622 427 654 solum
445 622 552 652 atl‘erat
565 620 890 661 desperationem.Vult
906 622 945 650 tui
962 620 1055 650 mise-

235 667 296 699 reri
307 667 502 706 judex,teque
513 666 738 696 miserationum
749 674 869 695 suarum
880 664 978 695 facere
988 673 1054 703 par-

238 711 356 751 ticipem
371 722 377 741 :
395 710 420 741 si
436 710 522 741 modo
541 715 605 750 post
621 714 774 750 peccatum
793 709 904 749 reperit
918 713 945 740 te
959 708 1058 738 humi-

239 756 486 797 lem,contritum,
503 764 590 794 prava
598 764 688 795 opera
698 754 822 785 multum
839 753 1057 794 deplorantem,

239 811 274 833 ac
289 811 324 833 ea
339 810 405 841 quae
415 800 490 831 clam
507 800 584 831 facta
598 804 667 830 sunt
678 799 863 839 evulgantem
877 799 953 829 citra
967 798 1060 837 pudo-

240 855 317 886 rem,
332 849 483 885 rogantem
501 845 607 875 fratres
633 844 684 875 tibi
708 849 740 875 ut
763 844 821 874 sint
834 844 1006 882 adiumento
1021 842 1057 872 ad

239 876 445 930 accipienvdam
463 889 619 920 medelam.
640 888 704 921 Uno
720 889 809 919 verbo
825 888 850 918 si
866 876 1059 918 commisera-
1072 876 1088 900 Β

241 935 321 966 tione
339 934 406 964 155
419 933 540 972 dignum
566 934 683 971 viderit,
706 933 825 964 abunde
838 931 890 963 tibi
906 942 987 962 suam
1001 932 1058 961 im-

241 979 388 1020 pertietur
417 978 673 1014 misericordiam;
700 977 724 1007 si
752 985 820 1008 vero
850 986 901 1007 cor
917 977 1061 1016 paenitere

242 1023 389 1063 nescium,
405 1027 534 1054 mentem
548 1022 718 1063 superbam,
737 1022 870 1052 animum
892 1021 988 1051 futuro
1004 1030 1061 1051 saa-

243 1067 310 1099 culo
327 1076 385 1097 non
401 1066 588 1103 credentem,
610 1076 643 1097 ac
668 1066 782 1096 nullum
802 1065 907 1105 judirii
924 1067 1061 1095 timorem

243 1111 442 1151 conspexerit,
461 1115 530 1141 tunc
546 1111 576 1141 in
589 1117 618 1141 te
631 1110 778 1151 judicium
803 1109 897 1146 diligit
928 1111 971 1140 Ita
983 1111 1063 1140 enim

244 1157 341 1188 bonus
354 1165 388 1187 ac
405 1156 553 1186 humanus
571 1155 703 1186 medicus
719 1154 857 1186 fomentis
872 1155 953 1194 prius
963 1163 998 1184 ac
1015 1163 1064 1184 re-

244 1201 353 1233 mediis
364 1200 504 1232 mollibus
522 1204 667 1231 tumorem
695 1200 801 1230 sedare
817 1203 942 1230 conatur
960 1209 967 1229 :
984 1203 1063 1238 post-

246 1255 334 1286 quam
349 1255 416 1276 vero
428 1245 535 1276 viderit
546 1245 653 1275 molem
672 1244 744 1275 nihil
757 1244 1012 1284 remittere,atque
1024 1244 1066 1274 in—

246 1291 379 1322 duratam
393 1289 481 1320 reniti
494 1300 502 1326 ;
515 1294 575 1320 tum
587 1289 707 1320 demum
725 1288 845 1328 rejectis
859 1290 926 1319 oleo
941 1297 976 1319 ac
991 1288 1064 1319 mol-

247 1334 322 1366 liore
339 1335 462 1365 curandi
477 1334 605 1374 ratione,
622 1333 693 1364 ferri
712 1342 797 1365 usum
811 1333 943 1365 adhibet.
963 1333 1068 1373 Diligit

247 1380 336 1419 igitur
352 1379 587 1410 misericordiam
601 1379 629 1409 in
642 1378 873 1419 paenitentibus:
890 1377 984 1415 diligit
998 1388 1067 1408 vero

248 1424 279 1454 in
291 1424 447 1454 obstinatis
458 1421 692 1463 judicium.Tale
707 1422 779 1463 quid
796 1422 886 1454 Isaias
897 1422 984 1453 etiam
997 1422 1069 1453 dicit

251 1470 312 1500 Deo
327 1476 333 1498 :
351 1468 566 1498 Misericordia
582 1472 635 1498 tua
648 1470 682 1498 in
701 1468 818 1507 pondus
828 1466 866 1496 α.
883 1468 956 1498 Nam
973 1472 1002 1498 et
1018 1467 1068 1498 ille

250 1512 485 1544 misericordiam
501 1512 692 1552 cumjudicio
703 1511 824 1543 exhibet
834 1512 963 1551 ejus,qui
980 1511 1067 1552 libra,
1079 1520 1098 1545 (ἒ

250 1561 281 1588 et
295 1564 419 1587 numero
435 1564 469 1586 ac
484 1556 615 1596 pondere
640 1565 693 1596 pro
713 1557 858 1596 cujusque
869 1556 975 1586 merito
993 1556 1070 1586 vices

249 1601 398 1642 rependit.

292 1690 537 1722 4.!lisert'cordia
545 1690 667 1721 Domini
672 1689 763 1730 plena
774 1693 816 1721 est
827 1693 923 1721 terra.
941 1689 994 1720 Hic
1005 1689 1070 1720 dis-

251 1735 354 1775 juncta
377 1740 423 1765 est
461 1744 478 1765 a
501 1735 619 1773 judicio
650 1734 865 1766 misericordia.
895 1735 966 1765 Sola
991 1735 1069 1765 enim

255 1778 460 1810 misericordia
474 1779 593 1810 Domini
613 1779 700 1819 plena
715 1783 760 1809 est
782 1783 870 1814 terra.
898 1779 1014 1819 judicio
1041 1781 1070 1810 in

254 1822 445 1855 constitutum
462 1827 579 1863 tempus
588 1827 747 1854 reservato.
777 1823 833 1854 Hic
854 1823 956 1863 itaque
979 1824 1070 1854 mise-

255 1867 383 1899 ricordia
398 1872 443 1898 est
457 1868 521 1898 sine
547 1868 663 1908 judicio
679 1878 685 1898 :
715 1877 773 1898 non
789 1869 868 1899 enim
886 1869 964 1898 venit
979 1869 1069 1908 utju-

257 1912 336 1943 dicet
349 1912 561 1947 mundum,sed
571 1916 602 1942 ut
610 1913 701 1943 salvet
711 1913 854 1943 mundum
865 1912 908 1942 65.
927 1913 988 1944 lllic
1002 1922 1070 1944 vero

257 1966 316 1988 non
332 1962 377 1988 est
402 1956 606 1988 misericordia
626 1957 786 1997 judicium,
814 1963 970 1997 propterea
991 1959 1070 1998 quod

255 2003 345 2034 homo
360 2001 528 2033 asordibus
545 2011 635 2042 purus
662 2003 788 2042 reperiri
813 2007 950 2043 nequeat,
976 2005 1000 2033 si
1026 2003 1071 2033 vel

908 152 938 182 S.
963 148 1099 182 BASILII
1120 150 1242 182 MAGNI

1852 145 1917 178 332

1090 217 1273 257 ἐλεημοσύνην
1315 219 1359 247 καὶ
1398 218 1494 257 κρίσιν.
1539 217 1623 245 Olovsi
1663 214 1791 255 πάρεδρον
1826 214 1919 250 ἑαυτῷ

1169 264 1218 297 τὴν
1234 263 1416 300 ἐλεημοσύνην
1431 261 1625 298 ποιησάμενος,
1649 260 1693 288 καὶ
1710 258 1918 297 προϐληθεῖσαν

1090 311 1128 343 τῷ
1149 307 1278 345 βασιλικῷ
1288 309 1337 342 τῆς
1353 307 1463 346 κρίσεως
1475 306 1571 344 θρόνῳ,
1587 305 1657 334 οὕτω
1672 304 1786 343 παράγει
1802 305 1839 335 εἷς
1855 303 1918 341 κρίο

1091 363 1132 380 σιν
1161 352 1282 382 ἕκαστον,
1316 351 1380 380 Ἐὰν
1424 351 1534 388 ἀνομίας
1578 348 1782 388 παρατηρήσῃς,
1822 349 1918 387 Κύριε,

1095 398 1182 436 Κύριε,
1211 397 1250 429 τίς
1272 397 1475 433 δποστήσεταις
1502 394 1568 425 Οὔτε
1597 396 1613 429 ἡ
1643 393 1812 431 ἐλεημοσύνη
1836 393 1918 432 ἄκρι-

1092 455 1151 479 τος,
1176 442 1234 471 οὔτε
1261 443 1278 476 ἠ
1301 442 1384 480 κρίσις
1400 441 1567 478 ἆνελεήμων,
1586 441 1639 479 [Ιρὸ
1654 441 1703 473 τῆς
1728 439 1840 477 κρίσεως
1870 439 1919 466 οὖν

1095 488 1186 526 ἀγαπᾷ
1224 486 1420 524 ἐλεημοσύνην,
1459 486 1502 513 καὶ
1544 486 1611 522 μετὰ
1652 485 1703 517 τὴν
1732 483 1920 520 ἐλεημοσύνην

1096 532 1203 572 ἔρχεται
1238 531 1280 560 ἐπὶ
1314 532 1362 560 τὸν
1400 532 1495 570 κρίσιν.
1529 535 1616 560 Ταῦτα
1639 529 1667 557 δὲ
1697 528 1828 564 ἀλλήλοις
1851 539 1920 555 συν-

1096 577 1225 613 έζευκται,
1243 577 1257 605 ὁ
1274 575 1346 605 ἕλεος
1363 576 1432 613 μετὰ
1446 578 1496 609 τῆς
1511 576 1634 614 κρίσεως’
1649 575 1696 602 ’ίνα
1718 574 1787 611 μήτε
1802 575 1816 601 ὁ
1841 572 1920 603 ἕλεος

1097 622 1177 659 μόνος
1213 622 1367 654 καυνότητα
1393 620 1541 658 ἐμποιήσῃ,
1573 620 1643 656 μήτε
1684 619 1755 656 μόνη
1781 618 1800 652 ἦ
1833 617 1921 655 κρίσις

1097 666 1248 704 ἀπόγνωσιν
1276 665 1461 704 ὶνεργάσηται,
1502 663 1629 693 Βσύλεταί
1661 675 1690 692 σε
1724 663 1847 701 ὶλεῆσαι,
1875 660 1922 689 καὶ

1099 713 1152 738 τῶν
1169 710 1262 739 ἑαυτοῦ
1274 711 1417 750 οἰκτιρμῶν
1445 708 1602 746 μεταδοῦναι
1625 710 1639 737 ὁ
1662 709 1753 747 κριτής
1770 716 1778 723 ·
1796 707 1856 735 ἀλλ’
1873 707 1922 734 iis

1101 756 1162 794 εὕρῃ
1190 766 1220 783 σε
1248 755 1316 792 μετὰ
1351 755 1401 788 τὴν
1429 755 1559 793 ἁμαρτίαν
1595 754 1731 789 ταπεινὸν,
1759 762 1920 789 συντετριμ-

1100 800 1190 837 μένον,
1208 799 1295 828 πολλὰ
1306 799 1525 837 μετακλαύσαντα
1548 799 1592 827 ἐπὶ
1603 805 1660 829 τοῖς
1671 804 1803 836 πονηροῖς
1815 797 1921 836 ἔργοις,

1100 845 1133 873 τὰ
1161 844 1292 883 γενόμενα
1322 845 1408 883 κρυφῆ
1437 844 1654 884 ἆνεπαισχύντως
1691 842 1922 880 δημοσιεύσαντα,

1101 888 1225 922 δεηθέντα
1247 888 1366 929 ἀδελφῶν
1389 889 1432 928 (1)
1447 895 1596 927 συγκαμεῖν
1610 900 1652 917 σοι
1669 889 1732 927 πρὸς
1760 888 1811 920 τὴν
1832 887 1921 922 ἴασιν,

1102 933 1171 966 ὅλως
1185 933 1298 962 ἐλεεινόν
1315 944 1344 963 σε
1365 934 1508 972 γενόμενον
1523 933 1568 961 ἐὰν
1581 932 1638 971 ἴδῃ,
1665 932 1776 972 ἄφθονόν
1805 943 1847 960 σοι
1873 931 1924 963 τὴν

1102 978 1194 1008 ἑαυτοῦ
1231 978 1414 1015 ἐλεημοσύνην
1452 977 1616 1017 ἐπιχορηγετ
1633 986 1640 993 ⁸
1685 977 1729 1005 ἐὰν
1757 977 1786 1004 δὲ
1815 974 1923 1014 καρδίαν

1103 1023 1297 1060 ἀμετανόητον,
1340 1023 1463 1062 φρόνημα
1500 1023 1679 1062 ὑπερήφανον,
1718 1022 1843 1050 ἀπιστίαν
1877 1024 1926 1048 τοῦ

1106 1068 1200 1100 αἰῶνος
1222 1071 1268 1095 τοῦ
1296 1067 1454 1106 μέλλοντος,
1486 1066 1597 1107 ἀφοϐίαν
1626 1068 1675 1100 τῆς
1711 1068 1836 1105 κρίσεως,
1865 1065 1925 1093 τότε

1107 1112 1198 1151 ἀγαπᾷ
1227 1111 1271 1140 ἐπὶ
1293 1112 1335 1140 σοὶ
1361 1112 1410 1145 τὴν
1439 1112 1534 1151 κρίσιν,
1561 1111 1611 1144 Ὠς
1636 1112 1685 1151 γὰρ
1699 1112 1791 1150 ἰατρὸς
1807 1109 1928 1147 ἐμμελὴς

1109 1157 1151 1184 καὶ
1191 1155 1375 1196 φιλάνθρωπος
1404 1155 1608 1193 καταντλήμασι
1653 1158 1779 1195 πρότερον
1807 1156 1852 1183 καὶ
1874 1165 1926 1182 πε-

1109 1201 1288 1240 ριπλάσμασιν
1309 1201 1426 1232 ἁπαλοῖς
1453 1204 1578 1239 πειρᾶται
1603 1200 1777 1229 καταστεῖλαι
1800 1201 1831 1228 τὸ
1846 1199 1927 1232 οἴδη-

1108 1256 1145 1283 μα
1162 1253 1169 1261 “
1199 1245 1265 1275 ἐπὰν
1286 1245 1313 1273 δὲ
1330 1245 1375 1285 (2)
1392 1245 1437 1284 ἴδῃ
1463 1245 1609 1278 ἀνενδότως
1625 1246 1667 1274 καὶ
1682 1245 1806 1284 σκληρῶς
1822 1245 1929 1273 ἀντιτυ-

1108 1293 1207 1319 ποῦντα
1222 1291 1266 1319 τὸν
1283 1290 1374 1329 ὄγκον,
1401 1290 1478 1328 ῥίψας
1495 1291 1525 1318 τὸ
1548 1289 1637 1318 ἔλαιον
1660 1290 1704 1317 καὶ
1722 1290 1772 1323 τὴν
1801 1289 1929 1327 μαλακὴν

1108 1335 1229 1374 ἀγωγην,
1266 1337 1380 1374 αἱρεῖται
1408 1335 1503 1363 λοιπὸν
1533 1337 1582 1368 τὴν
1611 1338 1658 1363 τοῦ
1680 1334 1787 1374 σιδήρου
1817 1335 1927 1374 χρῆσιν.

1110 1380 1215 1418 Ἀγαπᾷ
1242 1379 1287 1408 οὗν
1326 1379 1510 1416 ἐλεημοσύνην
1551 1379 1593 1408 ἐπὶ
1622 1383 1675 1408 τῶν
1701 1380 1901 1417 μετανοούντων
1919 1387 1927 1393 ⁸

1109 1425 1200 1464 ἀγαπᾷ
1213 1423 1240 1452 δὲ
1255 1425 1297 1453 καὶ
1312 1425 1396 1464 κρίσιν
1422 1425 1464 1453 ἐπὶ
1486 1425 1539 1453 τῶν
1565 1424 1722 1454 ὰνενδότων.
1751 1425 1875 1453 Τοιοῦτόν
1904 1434 1929 1451 τι

1109 1470 1153 1497 καὶ
1180 1471 1194 1497 ὁ
1222 1468 1337 1502 Ἡσαΐας
1366 1468 1438 1507 λέγει
1468 1471 1506 1506 τῷ
1536 1471 1605 1508 Θεῷ,
1629 1469 1669 1498 ὃτι
1695 1469 1727 1498 Ἦ
1759 1469 1930 1506 ἒλεημοτύνη

1111 1525 1157 1543 σου
1179 1515 1215 1546 εἰς
1244 1514 1361 1551 σταθμόν
1393 1513 1451 1553 (3).
1483 1515 1532 1543 Καὶ
1560 1515 1609 1554 γὰρ
1636 1515 1760 1546 κάκεῖνος
1791 1515 1840 1547 τὴν
1863 1513 1932 1551 μετὰ

1111 1559 1220 1597 κρίσεως
1246 1557 1429 1596 ἐλεημοσύνην
1465 1560 1619 1598 παρίστησι,
1658 1560 1729 1598 ζειγῷ
1758 1559 1802 1587 καὶ
1830 1559 1932 1598 ἀριθμῷ

1111 1604 1154 1632 καὶ
1182 1604 1291 1641 σταθμῶ
1318 1603 1386 1632 κατὰ
1415 1604 1464 1638 τὴν
1501 1603 1613 1634 ἑκάστου
1643 1604 1715 1636 ἀξίαν
1743 1604 1933 1643 ἆντιμετροῦν-

1111 1659 1168 1679 τος.

1151 1693 1182 1725 4,
1209 1696 1261 1722 Τοῦ
1287 1691 1378 1724 ἐλέους
1422 1693 1515 1732 Κυρίου
1543 1692 1651 1731 πλήρης
1684 1694 1700 1727 ἦ
1726 1697 1774 1732 γῇ.
1808 1692 1935 1721 Ἐνταῦθα

1112 1737 1256 1773 διέζευκται
1279 1737 1331 1765 ἀπὸ
1347 1740 1395 1770 τῆς
1419 1738 1529 1774 κρίσεως
1551 1739 1564 1766 ὁ
1594 1737 1681 1770 ἕλεος.
1705 1738 1792 1766 Μόνου
1821 1738 1870 1776 γὰρ
1889 1741 1936 1766 τοῦ

1113 1783 1201 1814 ἐλέους
1232 1782 1323 1816 Κυρίου
1346 1781 1452 1821 πλήρης
1479 1783 1497 1816 ἡ
1528 1782 1575 1819 γῆ,
1607 1782 1655 1816 τῆς
1685 1783 1797 1821 κρίσεως
1829 1784 1867 1814 είς
1889 1783 1937 1810 τὸν

1113 1826 1258 1866 ὡρισμένον
1286 1827 1376 1866 καιρὸν
1420 1827 1625 1864 ταμιευθείσης.
1654 1826 1782 1856 Ἐνταῦθα
1810 1827 1860 1864 μὲν
1890 1830 1935 1855 οὖν

1113 1871 1186 1901 ἔλεός
1209 1872 1265 1899 ἐστι
1297 1872 1380 1911 χωρὶς
1408 1872 1518 1911 κρίσεως
1534 1879 1541 1887 ‘
1573 1872 1603 1900 οὐ
1631 1872 1682 1911 γὰρ
1703 1871 1782 1904 ἦλθεν
1797 1872 1844 1900 ’ἵνα
1859 1872 1934 1910 κρίνῃ

1113 1918 1158 1945 τὸν
1178 1917 1291 1953 κόσμον,
1317 1915 1377 1944 ξύλ’
1407 1916 1454 1944 ’ἕνα
1475 1917 1550 1955 σώσῃ
1581 1917 1627 1944 τὸν
1656 1916 1769 1954 κόσμοθ.
1798 1916 1874 1945 Ἐκεῖ
1909 1916 1936 1943 δὲ

1113 1961 1160 1990 οὒκ
1180 1961 1250 1989 ’ἐστιν
1278 1961 1296 1994 ἡ
1312 1960 1394 1999 κρίσις
1424 1961 1507 2000 χωρὶς
1533 1960 1633 1996 ἐλέους,
1667 1960 1707 1989 Sta
1736 1962 1768 1989 τὸ
1797 1961 1836 1998 μὴ
1861 1960 1938 1988 δύνα-

1113 2008 1171 2035 σθαι
1200 2005 1335 2044 ἄνθρωπον
1360 2006 1473 2045 καθαρὸν
1501 2007 1635 2045 εὑρεθῆναι
1664 2006 1717 2034 ἀπὸ
1745 2006 1839 2044 ῥύπου,
1877 2018 1936 2043 μη-

256 2056 346 2078 unam
362 2046 440 2077 diem
456 2047 712 2084 vixerit66.Quare
720 2048 745 2078 si
761 2048 829 2086 quis
846 2048 986 2079 malitiam
1003 2058 1066 2088 quo.

1114 2050 1141 2079 δὲ
1163 2050 1208 2080 ἐὰν
1232 2050 1278 2086 μία
1300 2049 1418 2088 ἡμέραῇ
1441 2052 1489 2083 τῆς
1514 2050 1641 2089 γενέσεως
1670 2051 1749 2079 αὑτοῦ
1776 2050 1937 2089 (4).”Ωστ.ε

258 2091 330 2122 tidie
341 2096 538 2132 grassantem,
553 2097 581 2123 et
595 2092 697 2132 fragile
713 2093 865 2123 hominum
887 2102 992 2133 genus,
1020 2093 1066 2123 ha-

1116 2096 1162 2124 ὲάν
1183 2105 1222 2126 τις
1238 2094 1284 2132 ἴδῃ
1307 2095 1357 2128 τὴν
1381 2096 1474 2123 κακίαν
1498 2095 1629 2132 ὁσημέραι
1650 2095 1813 2133 νεμομένην,
1840 2096 1884 2124 καὶ
1910 2096 1940 2123 τὸ

260 2137 319 2167 bita
347 2140 535 2176 peccatorum
564 2137 691 2174 ratione,
730 2137 896 2168 innumeris
931 2137 1066 2168 mortibu:

1119 2141 1244 2179 ἐπίκηρον
1266 2139 1341 2179 γένος
1369 2142 1421 2168 τῶν
1450 2140 1595 2179 ἀνθρώπων
1625 2139 1695 2172 ἄξιον
1728 2151 1828 2179 μυρίων
1858 2140 1942 2168 θανά-

260 2180 384 2220 dignum
399 2181 509 2221 videat,
521 2181 717 2213 admirabitur
727 2182 844 2213 divitias
856 2182 995 2213 bonitatis
1010 2182 1062 2214 Dei

1119 2196 1183 2221 των,
1201 2184 1262 2213 ὅσον
1288 2184 1331 2212 ἐπὶ
1356 2191 1415 2217 τοῖς
1443 2184 1617 2222 ἁμαρτήμασι
1639 2186 1785 2225 τυγχάνον,
1813 2185 1942 2223 θαυμάσει

260 2226 466 2266 patientiaque
479 2226 582 2267 ipsius,
600 2231 630 2257 et.
654 2227 782 2258 lenitatis
809 2227 851 2255 67.
869 2228 948 2258 Sane
965 2228 1034 2258 dum
1049 2228 1066 2258 it

1119 2231 1164 2259 τὸν
1175 2229 1289 2259 πλοῦτον
1303 2232 1352 2263 τῆς
1366 2229 1552 2270 χρηστότητος
1568 2233 1614 2257 τοῦ
1629 2233 1706 2265 Θεου,
1722 2230 1763 2257 καὶ
1779 2233 1829 2262 τῆς
1841 2229 1945 2269 ἀνοχῆς

261 2275 341 2301 terra
355 2271 684 2307 sumus,misericordia
697 2281 772 2312 opus
788 2271 872 2302 nobis
886 2271 1017 2302 cst.Num
1028 2281 1066 2312 qu

1122 2275 1200 2304 αὒτοῦ
1214 2275 1258 2303 καὶ
1281 2277 1331 2308 τῆς
1357 2274 1550 2313 μακροθυμίας.
1572 2274 1617 2302 Ἐν
1639 2277 1673 2312 τῇ
1697 2275 1734 2312 γῇ
1759 2274 1851 2311 μέντοι
1874 2273 1947 2306 ὄντες

261 2314 292 2344 in
308 2314 391 2345 celis
406 2316 663 2356 versantur,digui
677 2317 813 2354 sunt,qui
830 2317 906 2347 beati
919 2316 1066 2356 prtedicen

1123 2330 1169 2347 του
1182 2318 1270 2350 ἐλέους
1292 2319 1439 2359 χρῇζομεν,
1466 2319 1496 2347 Οἱ
1524 2319 1574 2358 γὰρ
1602 2320 1630 2346 'sv
1645 2322 1683 2355 τῷ
1698 2319 1801 2358 οὔρεινῷ
1816 2323 1864 2347 τοῦ
1891 2330 1947 2355 μα-

264 2362 324 2394 tur,
335 2367 394 2389 non
414 2368 541 2399 quorum
568 2360 777 2392 misereamur.
793 2361 849 2392 Aut
867 2361 997 2392 fortassis
1012 2370 1063 2400 pro

1125 2363 1272 2403 καρίζεσθαί
1301 2364 1377 2399 εἰσιν,
1406 2362 1466 2391 ἀλλ’
1493 2364 1554 2403 οὒχῖ
1576 2367 1622 2391 τοῦ
1650 2363 1782 2391 ἐλεεῖσθαι
1809 2363 1889 2395 ἄξιοι.
1906 2362 1947 2391 ’Ἠ

264 2406 333 2442 pter
340 2403 620 2436 condemnationem
627 2405 658 2436 in
667 2415 721 2436 nos
732 2406 770 2437 ob
777 2411 930 2446 peccatum
940 2405 1066 2445 prolatar

1125 2407 1198 2448 τάχα
1219 2406 1262 2436 διὰ
1282 2408 1331 2442 τὴν
1349 2408 1380 2436 ἑκ
1393 2411 1443 2441 τῆς
1458 2407 1588 2447 ἁμαρτίας
1606 2408 1672 2445 ἡμῖν
1687 2407 1882 2447 ἐπενεχθεῖσαν
1897 2418 1949 2436 κα-

304 2470 336 2496 ϐδ
350 2471 430 2502 Psel.
447 2479 546 2510 enix,
563 2472 593 2504 3.
636 2471 668 2498 64
683 2474 739 2505 Isa.
755 2482 858 2515 xxvnt,
873 2475 921 2507 l7.
940 2474 973 2500 8⁵
981 2475 1066 2506 Joan.

1114 2499 1122 2513 ,
1141 2475 1188 2507 l7.
1210 2473 1323 2506 3610b.
1341 2482 1399 2514 xxv,
1415 2473 1445 2514 4,
1464 2474 1493 2511 5,
1509 2475 1604 2512 iuxta
1615 2473 1708 2504 LXX.
1727 2472 1855 2505 ϐηἱοω.
1870 2482 1902 2512 ιι,
1920 2474 1947 2506 4.

306 2538 368 2580 (99)
385 2537 524 2570 Nonnulli
539 2548 613 2571 mss.
630 2541 733 2573 ἑαυτοῦ.
750 2541 809 2572 ΑΙὶὶ
837 2544 932 2580 ἑαυτῷ.
960 2543 1023 2574 Nec
1048 2542 1088 2573 ita

268 2579 566 2622 multopostseptem
582 2589 654 2612 mss.
671 2583 860 2622 παρατηρήσῃ.
877 2579 938 2622 ne;
966 2589 1088 2622 quartus

267 2624 296 2650 et
311 2619 396 2651 Colb.
413 2619 559 2659 septimus
575 2629 643 2650 cum
669 2620 758 2652 editis
779 2619 809 2652 et
823 2619 890 2653 cum
909 2619 987 2653 téxtu
1003 2632 1088 2653 sacro

267 2659 472 2702 παρατηρήσῃς.
486 2659 566 2702 Infra
578 2659 650 2700 Reg.
664 2662 815 2693 secundus
831 2663 984 2702 ἐργάζηται.

301 2699 353 2744 _(l)
470 2699 591 2744 quintus
605 2699 671 2744 cum
684 2702 772 2734 Colb.
789 2699 887 2744 primo
898 2703 1090 2744 ἀδελφόνΝθο

270 2739 360 2783 aliter
373 2739 489 2770 videtur
503 2739 612 2783 legisse
627 2739 842 2783 interpres,qui
853 2747 947 2773 vertat
960 2739 1015 2774 {Si
1028 2743 1093 2783 fru-

271 2782 348 2810 trem
363 2779 611 2811 oraverisEditio
629 2779 914 2814 Paris.cum'multis
929 2779 1093 2819 mss.,&6:)t-

271 2819 513 2863 vaAliquanto
530 2825 598 2863 post
614 2819 829 2863 Crolbrprimus
845 2823 888 2852 ἐπὶ
903 2827 949 2852 σοῦ
963 2824 1024 2857 τήν,

312 2859 355 2899 (2)
373 2859 447 2898 Reg.
465 2861 615 2891 secundus
631 2859 759 2891 ὶπιιδ*“ὁὶν
784 2863 823 2895 δέ.
850 2863 916 2895 Mox
932 2863 1004 2894 editi
1024 2870 1092 2893 cum

1129 2541 1307 2582 quibusdam
1321 2543 1440 2582 mssgbv
1455 2541 1542 2571 ἔλεον.
1560 2540 1778 2582 Αινϐοιὺοτιὶοἱ
1793 2541 1951 2582 ρι’ἰέηυεει

1130 2580 1255 2621 quartus
1270 2591 1338 2613 cum
1351 2581 1532 2621 Reg‘quarto
1544 2582 1573 2610 τὸ
1589 2580 1822 2621 ἔλαιονωριὶηιο.
1833 2580 1948 2612 Etenim

1130 2631 1196 2654 cum
1213 2622 1263 2653 hic
1277 2631 1376 2652 sermo
1391 2623 1430 2652 sit
1454 2623 1493 2653 de
1518 2621 1655 2652 molliore
1680 2621 1804 2651 curandi
1823 2621 1949 2655 ratione,

1130 2664 1229 2694 oleum
1245 2662 1477 2703 praetermissum
1495 2671 1552 2703 non
1566 2661 1790 2703 oportuit,quod
1803 2660 1836 2691 in
1848 2661 1952 2701 primis

1131 2703 1167 2734 ad
1185 2701 1273 2734 talem
1291 2702 1436 2733 tractandi
1454 2702 1574 2732 modum
1599 2701 1750 2740 pertinere
1775 2706 1880 2732 notum
1897 2705 1952 2731 est.

1173 2743 1218 2783 (3)
1235 2742 1319 2774 (iolb.
1336 2747 1457 2783 quartus
1472 2743 1508 2774 εις
1526 2743 1663 2783 σταθμιον.

1173 2781 1218 2823 (4)
1237 2783 1310 2821 Reg.
1328 2781 1480 2813 secundus
1505 2786 1533 2812 et
1558 2781 1648 2823 Colb.,
1661 2781 1774 2823 primus
1789 2784 1840 2814 τῆς
1857 2782 1956 2820 γεννή-

1134 2821 1213 2868 came;
1228 2823 1293 2854 Mox
1310 2823 1395 2853 Colb.
1424 2826 1546 2862 quartus
1561 2822 1604 2850 ui
1627 2822 1658 2849 τὸ
1673 2821 1823 2861 ἐπίκαιρον,
1840 2825 1956 2861 (empo—

1136 2871 1256 2894 ramum
1261 2884 1268 2892 .
