2026 3143
89 154 148 189 357

643 155 803 188 HOMILIA
824 156 867 189 IN
888 155 1074 187 PSALMUM
1095 156 1234 188 XXXIII.

1717 136 1777 192 s53

87 237 136 257 νει,
154 223 255 258 Μηδεὶς
271 222 445 264 ταραχώδης,
462 222 531 262 μηδὲ
556 222 775 263 τεθορυϐημένος,
799 223 868 262 μηδὲ
883 223 913 252 ἐκ

957 215 1186 268 assumit.Nemo
1203 222 1402 263 turbulentus,
1414 232 1502 254 nemo
1514 224 1775 268 perturbatus,nec

87 274 138 299 τῶν
154 271 247 298 παθῶν
262 272 311 303 τῆς
327 271 424 304 σαργὸς
451 269 499 303 τὴν
528 271 621 309 ψυχὴν
651 271 817 308 παροιστρῶν
848 268 910 309 (70)

86 315 299 354 ὶγκαταμιγήτω
315 325 360 352 μοι
374 322 382 329 ·
400 313 461 341 ἀλλ’
484 314 560 352 ὑμεῖς
575 315 599 341 οἱ
614 320 722 353 πραεῖς,
746 315 770 341 οἱ
785 314 814 342 τὸ
825 313 910 352 βεϐη-

87 361 131 391 κὸς
157 360 203 388 καὶ
233 359 356 388 εὐσταθὲς
383 361 432 392 τῆς
456 360 549 398 ψυχῆς
580 359 795 397 κατωρθωκότες,
825 359 856 387 τὸ
884 357 911 386 δὲ

87 405 185 444 νωθρὸν
213 404 258 432 καὶ
285 402 402 435 ὑπνωδες
424 404 490 441 πρὸς
506 403 552 435 τὰς
567 405 620 431 τῶν
644 404 815 436 καθηκόντων
837 403 910 442 ἐνερ-

86 450 158 489 γείας
191 447 392 486 ἀποσειόμενοι,
429 448 508 485 ὑμεῖς
544 447 710 487 μεγαλύνατε
745 448 790 476 τὸν
818 449 911 487 Κύριον

87 495 132 523 σὺν
154 494 228 531 ἐμοί.
255 493 403 532 Μεγαλύνει
425 491 452 520 δὲ
473 493 519 521 τὸν
544 493 637 532 Κύριον
654 494 667 521 ὁ
690 493 796 532 μεγάλῃ
811 491 912 529 διανοίᾳ

87 540 130 567 καί
159 539 251 578 γαύρῳ
279 541 320 575 τῷ
346 537 495 578 φρονήματι
522 538 566 565 καὶ
592 537 734 576 ἐπηρμένῳ
762 538 822 571 τοὺς
847 537 912 576 ὑπὲρ

87 586 136 618 τῆς
165 582 297 616 εὕσεϐείας
333 583 495 620 πειρασμιὺς
535 582 685 620 ὑπομένων.
722 581 846 611 ’Ἔπειτα
884 581 911 610 δὲ

87 630 130 657 καὶ
153 629 166 656 ὁ
190 627 297 666 μεγάλῃ
318 630 353 666 τῇ
382 626 483 663 διανοίᾳ
507 627 551 655 καὶ
581 628 734 666 θεωρήμασι
757 628 911 666 βαθυτάτοις

87 674 119 702 τὰ
135 672 236 712 μεγέθη
251 673 300 707 τῆς
322 672 433 704 κτίσεως
458 671 589 711 καθορῶν,
617 670 655 699 ἵν’
671 671 701 700 ἐκ
724 676 770 700 τοῦ
785 672 910 711 μεγέθους

88 719 130 746 καὶ
155 720 207 751 τῆς
233 716 368 750 καλλονῆς
398 719 451 744 τῶν
487 717 642 754 κτισμάτων
677 717 721 744 τὸν
757 727 911 756 γενεσιουρ-

87 764 135 802 γὸν
165 761 226 802 (71)
256 763 341 791 αὐτῶν
370 761 503 800 θεωρήσῃ.
532 759 615 798 ’⁷οσῳ
639 761 689 800 γάρ
703 772 743 792 τις
760 761 802 790 ἐπὶ
816 761 912 790 πλεῖον

87 806 226 845 ἔμϐοθύνει
255 813 315 839 τοῖς
344 805 436 845 λόγοις
465 805 523 834 καθ’
547 805 591 837 οὓς
621 805 764 845 γεγένηται
786 807 819 834 τὰ
835 805 912 847 ὄντα,

91 853 131 881 ιαὶ
161 850 220 880 καθ’
251 852 294 881 οὓς
325 851 517 889 οἰκονομεῖται,
547 851 665 888 τοσούτῳ
690 849 792 887 μᾶλλον
817 853 913 890 θεωρεῖ

953 269 1109 308 quisquam
1125 267 1176 307 qui
1186 277 1360 299 carnearum
1376 268 1566 300 affectionum
1577 274 1667 302 (nstro
1677 272 1773 303 exsti-

954 312 1044 342 mulet
1060 312 1280 353 animam,mihi
1295 313 1486 354 adjungatur:
1497 314 1550 344 sed
1561 323 1611 346 vos
1627 317 1774 348 mansueti

952 356 1003 397 qui
1011 356 1200 388 stabilitatem
1218 357 1545 397 ﬁrmitatemqueanimi
1560 361 1712 392 consecuti
1723 370 1773 392 es-

953 400 1001 441 tis,
1018 401 1184 432 socordiam
1202 405 1300 433 autem
1315 411 1350 433 ac
1373 411 1511 443 soporem
1527 404 1563 434 ad
1580 404 1675 436 ofﬁcia
1686 415 1774 438 exse-

953 445 1071 486 quenda
1086 446 1268 484 excussistis,
1281 456 1333 478 vos
1344 447 1525 487 magniﬁcate
1536 449 1695 480 Dominum
1710 460 1775 482 me-

953 499 1022 521 cum
1052 491 1223 530 Magniﬁcat
1251 495 1347 522 autem
1373 491 1531 523 Dominum
1555 493 1591 532 is,
1607 494 1654 534 qui
1671 504 1776 535 magna

955 538 1066 573 mente,
1089 539 1118 566 et
1133 536 1210 567 elato
1237 545 1271 567 ac
1287 539 1387 567 erecto
1403 537 1509 577 spiritu
1527 539 1705 571 tentationes
1720 549 1774 580 pro

954 580 1063 620 pietate
1075 580 1329 612 sustinet.Deinde
1342 581 1498 620 etiam,qui
1515 592 1620 623 magno
1631 585 1730 616 animo
1746 589 1775 616 et

954 625 1195 665 profundissimis
1218 625 1524 666 contemplationibus
1554 629 1774 668 magnitudines

953 670 1113 700 creationis
1129 670 1312 707 considerat,
1327 675 1359 702 ut
1373 680 1407 702 ex
1434 672 1639 711 magnitudine
1653 678 1773 706 creatu-

952 723 1052 745 rarum
1063 719 1094 745 et
1105 715 1329 755 pulchritudine
1336 720 1418 747 ortus
1426 725 1528 748 earum
1540 722 1690 750 auctorem
1703 729 1774 751 con-

954 760 1127 800 templetur.
1145 759 1261 796 Quanto
1286 761 1366 791 enim
1388 761 1455 801 quis
1469 761 1557 793 altius
1574 768 1710 803 penetrat
1724 773 1774 795 ra-

955 804 1063 844 tiones,
1078 804 1187 845 quibus
1199 804 1318 835 condita
1332 809 1400 836 sunt
1420 814 1452 836 ac
1467 811 1611 845 reguntur
1626 808 1773 846 universa,

954 852 1035 880 tanto
1051 850 1143 889 magis
1159 849 1277 880 Domini
1292 849 1541 888 magniﬁcentiam
1557 852 1739 891 speculatur,
1747 856 1777 884 et

88 897 137 930 τὴν
165 895 399 935 μεγαλοπρέπειαν
420 899 466 924 τοῦ
495 894 599 934 Κυρίου,
636 895 681 922 καὶ
713 893 744 922 τὸ
773 893 835 923 ὅσον
870 895 911 935 ἐφ’

957 897 1098 932 quantum
1110 894 1140 924 in
1156 902 1188 925 se
1205 895 1425 932 est,Domiuum
1437 895 1616 935 magniﬁcat.
1630 896 1775 933 Quoniam

89 942 184 978 ἑαυτῷ,
217 939 360 980 μεγαλύνει
391 939 436 967 τὸν
471 939 576 976 Κύριον.
605 938 680 968 Ἐπεὶ
709 940 753 968 οὖν
782 940 825 971 εἷς
852 944 911 973 νοῦς

957 938 1044 978 igitur
1058 948 1115 969 una
1131 943 1261 976 mens,et
1275 939 1366 970 unius
1377 939 1429 970 viri
1444 939 1597 971 meditatio
1608 951 1646 972 ne
1658 942 1694 972 ad
1712 941 1776 974 bre-

88 987 131 1015 καὶ
160 987 217 1019 ἑνὸς
244 985 335 1024 ἂνδρὺς
367 983 480 1022 μελέτη,
501 983 560 1012 οὐδὲ
585 985 650 1023 πρὸς
676 985 764 1025 βραχὺ
786 985 912 1024 αὔταρκεῖ

957 992 988 1013 ve
1002 983 1124 1022 quidem
1141 987 1260 1024 tempus
1275 983 1386 1015 sufﬁcit
1399 984 1435 1015 ad
1453 986 1606 1025 magniﬁca
1623 995 1713 1027 opera
1723 986 1778 1018 Dei

89 1032 154 1070 πρὸς
170 1031 220 1065 τὴν
235 1030 288 1059 τῶν
305 1028 454 1069 μεγαλείων
483 1029 530 1057 τοῦ
545 1032 611 1057 Θεοῦ
625 1028 793 1067 κατάληψιν,
810 1030 911 1062 πάντας

957 1027 1236 1068 comprehendenda
1249 1037 1255 1059 :
1270 1037 1374 1060 omnes
1384 1028 1472 1060 simul
1486 1035 1657 1062 mansuetos
1671 1031 1708 1063 ad
1720 1032 1773 1062 hu-

90 1078 157 1114 ὁμοῦ
169 1076 230 1107 τοὺς
244 1081 339 1116 πραεῖς
368 1075 404 1106 είς
431 1074 479 1107 τὴν
494 1073 633 1102 κοινωνίαν
649 1074 747 1108 ταύτης
769 1076 818 1108 τῆς
837 1074 911 1113 ἐνερ-

957 1072 999 1112 ius
1016 1073 1142 1104 actionis
1158 1073 1330 1104 societatem
1344 1073 1480 1104 assumit.
1497 1073 1622 1115 Oportet
1634 1076 1714 1106 enim
1739 1076 1778 1108 ab

90 1122 163 1160 γείας
190 1118 405 1159 παραλαμϐάνει.
439 1124 487 1147 Δεῖ
516 1119 566 1158 γὰρ
593 1121 680 1147 πᾶσαν
707 1119 812 1158 σχολὴν
837 1119 912 1159 ἄγειν

88 1166 140 1194 ἀπὸ
168 1164 285 1205 θορύϐων
299 1168 352 1193 τῶν
373 1163 478 1200 ἔξωθεν,
504 1164 551 1192 καὶ
571 1166 659 1191 πᾶσαν
683 1164 798 1204 ἡσυχίαν
823 1163 850 1192 ἐν
875 1167 913 1201 τῷ

88 1214 196 1251 κρυπτῷ
225 1210 275 1244 τῆς
297 1208 403 1248 καρδίας
435 1207 616 1247 βουλευτηρίῳ
640 1209 802 1245 ποιήσαντα,
830 1207 910 1241 οὕτως

89 1255 244 1284 ἐπιϐάλλειν
265 1257 299 1293 τῇ
330 1254 426 1293 θεωρίᾳ
460 1256 510 1286 τῆς
547 1252 685 1286 ἀληθείας.
712 1252 832 1285 Ἀκούεις
866 1257 912 1283 τοῦ

89 1299 333 1339 ἐξομολογουμένου
368 1299 418 1332 τὴν
456 1297 597 1335 ἁμαρτίαν,
628 1297 653 1325 τί
681 1308 787 1337 φησιν,
828 1298 910 1328 Ἐτα-

90 1345 177 1385 ράχθη
210 1344 264 1373 ἀπὸ
291 1346 374 1381 θυμοῦ
401 1343 415 1370 ὁ
447 1341 582 1382 ὀφθαλμός
619 1353 681 1380 μου,
713 1344 748 1371 οὐ
777 1343 857 1380 μόνον
884 1342 910 1370 δὲ

89 1391 183 1429 θδμὸς,
214 1388 283 1417 ἀλλὰ
311 1388 354 1416 καὶ
378 1387 515 1424 ἐπιθυμία,
545 1388 589 1415 καὶ
625 1385 720 1423 δειλία,
748 1388 791 1415 καὶ
817 1389 912 1427 φθόνος

90 1434 227 1474 ὀφθαλμὸν
245 1433 337 1473 ψυχῆς
360 1432 536 1471 ἓκταράσσει⁶
567 1432 611 1460 καὶ
634 1431 797 1464 ἁπαξαπλῶς
827 1433 914 1460 πάντα

88 1479 119 1508 τὰ
140 1479 214 1512 πάθη
245 1477 394 1517 συγχυτικὰ
415 1477 459 1505 καὶ
484 1476 662 1516 ἐκταρακτικὰ
687 1475 734 1504 τοῦ
763 1475 914 1516 διορατικοῡ

89 1527 135 1558 τῆς
165 1525 261 1562 ψυχῆς
289 1522 357 1552 ἐστι.
395 1522 444 1550 Καὶ
484 1522 520 1552 ὡς
550 1521 580 1549 οὔ
606 1519 715 1549 δυνατὸν
739 1521 914 1559 τεθολωμένῳ

92 1569 220 1608 ὸφθαλμῷ
235 1565 332 1607 ἀκριϐῆ
352 1564 445 1594 λαϐεῖν
470 1569 520 1593 τῶν
543 1566 644 1602 ὁρατῶν
668 1566 717 1599 τὴν
745 1565 911 1604 κατάληψιν,

91 1613 170 1646 οὕτως
193 1611 253 1642 οὐδὲ
278 1610 448 1649 τεθολωμένῃ
485 1609 578 1650 καρδίᾳ
605 1610 640 1650 τῇ
666 1611 828 1646 κατανοήσει
866 1614 913 1645 τῆς

90 1658 214 1692 ἀληθείας
241 1655 391 1685 ἐπιϐαλεῖν.
418 1654 610 1696 ’Λναχωρῆσαι
640 1656 684 1684 οὖν
713 1655 756 1684 δεῖ
790 1657 843 1685 τῶν
868 1660 914 1685 τοῦ

90 1703 189 1741 κόσμου
215 1700 390 1741 πραγμάτων,
423 1701 467 1728 καὶ
496 1700 566 1738 μὴτε
593 1698 627 1727 δι’
658 1700 815 1740 ὀφθαλμῶν,
844 1702 914 1740 μήτε

91 1747 121 1776 δι’
151 1746 243 1783 ὤτων,
275 1746 344 1782 μήτε
364 1744 397 1773 δι’
419 1744 504 1778 ἄλλης
519 1744 591 1776 τινὸς
602 1744 749 1778 αἰσθήσεως
761 1745 913 1785 ἐπεισάγειν

91 1792 244 1832 ἀλλοτρίως
260 1790 404 1830 λογισμοὺς
432 1793 466 1829 τῇ
493 1792 581 1830 ψυχῇ.
611 1788 732 1830 Θορύϐων
747 1791 797 1831 γὰρ
814 1791 914 1830 ἀσιγή-

92 1849 141 1866 των
171 1837 217 1865 καὶ
242 1835 361 1864 στάσεων
392 1834 576 1864 ἂδιαλλάκτων
606 1834 800 1873 ἀναπιμπλῶσι
822 1836 854 1864 τὰ
875 1835 916 1864 ἕν-

90 1881 133 1911 δον
160 1883 184 1910 οἱ
208 1886 256 1910 τοῦ
271 1881 442 1921 φρονήματος
457 1882 506 1914 τῆς
521 1880 620 1919 σαρκὸς
640 1879 845 1918 ἐπανιστάμενοι
860 1882 914 1909 πό-

91 1926 179 1965 λεμοι,
208 1925 375 1962 Ἐξεζήτησα
403 1925 448 1953 τὸν
479 1925 582 1964 Κύριον,
613 1925 656 1952 καὶ
685 1924 817 1960 ἐπήκουσέ
848 1936 912 1963 μου.

91 1975 190 2009 ταῦτα,
220 1972 311 2011 φησὶν,
340 1969 529 1998 ἀκουσάτωσαν
549 1969 572 1997 οἱ
601 1976 709 2009 πραεῖς,
740 1968 781 1998 ὅτι
806 1969 861 2008 ἐγὼ
886 1970 915 1998 ὲν

90 2017 127 2048 τῶ
140 2019 227 2056 καιρῷ
243 2015 334 2051 ἐκείνῳ
347 2017 385 2051 τῷ
400 2013 525 2054 χαλεπῷ,
543 2013 587 2042 ὅτε
612 2017 664 2047 πᾶς
687 2013 737 2052 μὲν
757 2015 840 2052 θυμὸς
861 2018 913 2043 τῶν

91 2060 327 2100 μνησικακούντων
356 2059 473 2087 ἐκινεῖτο
498 2057 561 2098 (72)
593 2057 656 2087 κατ’
683 2058 760 2099 ἐμοῦ,
790 2062 864 2088 πᾶσα
886 2058 913 2087 δὲ

91 2107 151 2147 χεὶρ
172 2105 217 2134 ἱπ⁹
242 2104 289 2143 ἐμὲ
318 2103 461 2139 ὡπλίζετο,
490 2103 589 2142 γυμνὸς
617 2102 645 2131 δὲ
666 2102 721 2142 ἐγὼ
746 2104 790 2132 καὶ
814 2103 914 2135 ἄοπλος

92 2151 200 2189 ἕτοιμος
230 2150 267 2182 εἰς
290 2151 377 2177 πᾶσαν
399 2148 485 2176 αἰκίαν
511 2146 652 2186 ὶξεκείμην
676 2154 737 2178 τοῖς
761 2147 913 2186 πολεμίοις,

93 2207 152 2225 τοτε
168 2195 199 2224 οὗ
228 2192 376 2234 συνεχύθην
399 2194 457 2225 τούς
486 2191 673 2232 διαλογισμοὺς
701 2196 739 2230 τῷ
761 2192 845 2233 φόϐῳ,
869 2194 916 2222 οὐκ

955 1117 1087 1148 externis
1098 1117 1275 1148 tumultibus
1286 1117 1409 1148 omnino
1427 1118 1495 1149 146
1516 1128 1630 1158 vacare,
1647 1124 1676 1150 et
1695 1121 1777 1151 omni

954 1162 1053 1202 quiete
1065 1162 1095 1193 in
1107 1162 1284 1194 abscondito
1296 1162 1395 1193 cordis
1403 1172 1524 1194 recessu
1539 1166 1776 1202 constituta,tum

954 1206 1073 1237 demum
1091 1206 1220 1237 veritatis
1232 1207 1477 1247 contemplationi
1488 1207 1621 1239 animum
1632 1209 1777 1249 adjicere.

952 1250 1046 1282 Audis
1061 1253 1254 1282 conﬁtentem
1274 1252 1515 1292 peccatum,quid
1526 1252 1612 1284 dicit?
1629 1253 1779 1286 Turbatus

953 1300 995 1327 est
1010 1295 1047 1327 ab
1063 1299 1110 1327 ira
1125 1296 1229 1328 oculus
1257 1304 1342 1327 meus
1355 1295 1393 1326 ³9.
1411 1297 1476 1328 Non
1492 1301 1591 1329 autem
1607 1298 1653 1329 ira
1668 1299 1776 1337 solum,

953 1340 1006 1371 sed
1031 1341 1273 1381 concupiscentia
1298 1341 1387 1372 etiam
1413 1346 1442 1373 et
1457 1342 1611 1381 timiditas,
1625 1347 1653 1374 et
1667 1343 1780 1375 invidia

953 1385 1072 1416 oculum
1088 1386 1196 1417 animae
1209 1386 1386 1427 conturbat;
1405 1390 1433 1417 et
1448 1387 1478 1417 in
1493 1387 1676 1429 universum,
1693 1398 1779 1420 com-

956 1430 1103 1462 motiones
1119 1440 1225 1462 omnes
1237 1430 1332 1462 aciem
1349 1431 1441 1462 animi
1456 1435 1543 1472 atque
1567 1433 1780 1474 perspicacita-

956 1479 1015 1505 tem
1028 1475 1214 1506 confundunt
1228 1484 1263 1507 ac
1280 1475 1468 1516 perturbant.
1480 1475 1517 1507 Et
1527 1477 1779 1517 quemadmodum

955 1519 1022 1551 ﬁeri
1039 1528 1097 1551 non
1110 1523 1209 1560 potest
1225 1523 1256 1550 ut
1266 1524 1415 1559 accurate,
1432 1521 1519 1552 oculo
1538 1521 1657 1553 turbato
1673 1522 1781 1562 depre-

956 1564 1125 1595 hendantur
1140 1564 1287 1595 visibilis:
1317 1564 1360 1595 sic
1375 1566 1465 1596 etiam
1483 1565 1599 1597 turbato
1619 1566 1721 1605 corde,
1743 1567 1781 1597 ad

955 1609 1090 1640 veritatis
1106 1609 1387 1650 contemplationem
1402 1609 1578 1642 incumbere
1594 1620 1652 1642 non
1669 1620 1774 1652 possu-

956 1662 1033 1684 mus.
1059 1653 1209 1685 Secedere
1225 1653 1313 1694 igitur
1339 1658 1458 1694 Oportet
1480 1664 1498 1686 a
1513 1655 1616 1687 mundi
1630 1656 1732 1696 rebus,
1749 1660 1779 1687 et

955 1707 1054 1737 neque
1065 1707 1119 1739 per
1127 1698 1343 1739 oculos,neque
1353 1708 1613 1740 peraures,neque
1624 1710 1679 1742 per
1687 1701 1777 1732 alium

955 1744 1050 1775 ullum
1066 1753 1189 1776 sensum
1204 1745 1398 1784 cogitationes
1409 1745 1520 1776 alienas
1539 1746 1569 1777 in
1585 1746 1715 1777 animam
1729 1746 1777 1776 in-

956 1787 1200 1825 troducere.Qua3
1210 1788 1291 1819 enim
1305 1798 1339 1819 ex
1351 1790 1451 1821 carnis
1462 1790 1592 1821 elatione
1603 1791 1780 1822 exoriuntur

956 1832 1230 1871 bella,tumultibus
1242 1834 1391 1866 continuis
1406 1838 1435 1866 et
1450 1834 1690 1875 implacabilibus
1702 1835 1779 1867 sedi—

955 1877 1086 1909 tionibus
1102 1878 1244 1910 interiora
1260 1879 1422 1919 complent.
1441 1881 1544 1917 (Vnus.
1556 1881 1600 1921 5.)
1615 1881 1781 1922 Είεᾳωζςίυί

957 1923 1132 1960 Dominum,
1150 1927 1180 1954 et
1190 1924 1351 1955 exaudivit
1361 1934 1418 1956 me.
1434 1926 1518 1966 Haec,
1535 1925 1640 1966 inquit,
1656 1926 1782 1959 audiant

957 1967 1196 2008 mansueti,quod
1207 1977 1261 2007 ego
1274 1968 1385 2000 difﬁcili
1397 1969 1447 2000 illo
1460 1973 1595 2010 temqore
1604 1979 1672 2002 cum
1682 1972 1782 2003 omnis

955 2011 1146 2043 inimicorum
1173 2013 1217 2043 ira
1243 2017 1412 2044 moveretur
1427 2018 1530 2046 contra
1551 2024 1611 2053 me,
1625 2016 1782 2057 omnisque

957 2065 1060 2088 manus
1073 2057 1214 2088 adversus
1231 2066 1279 2088 me
1291 2063 1466 2096 armaretur,
1485 2068 1539 2099 ego
1556 2068 1624 2090 vero
1639 2060 1738 2091 nudus
1754 2065 1783 2092 et

956 2101 1081 2132 inermis
1092 2101 1129 2132 ad
1141 2110 1230 2133 omne
1240 2101 1417 2142 supplicium
1441 2103 1650 2144 perferendum
1664 2105 1782 2144 exposi—

958 2151 1004 2177 tus
1019 2145 1155 2179 hostibus
1170 2155 1282 2188 essem,
1299 2156 1357 2177 non
1371 2150 1471 2178 tamen
1483 2151 1551 2179 tunc
1564 2148 1705 2180 confusus
1715 2158 1780 2180 sum

957 2194 1057 2223 animo
1073 2200 1134 2231 prae
1145 2191 1328 2231 timore,non
1346 2200 1411 2223 sum
1428 2201 1445 2222 a
1457 2192 1510 2224 Dei
1525 2193 1707 2233 cogitatione
1716 2202 1783 2225 avo-

92 2239 265 2281 ἰξεκρούαθτιν
292 2237 323 2266 ἐκ
351 2237 400 2271 τῆς
421 2241 468 2266 τοῦ
497 2237 562 2266 Θεοῦ
588 2238 702 2275 ἑννοίας,
733 2240 780 2268 οὐκ
794 2237 913 2278 ἂπέγνων

958 2239 1117 2273 catus,non
1130 2236 1254 2267 salutem
1273 2245 1369 2267 meam
1386 2237 1611 2278 desperavi,sed
1627 2238 1783 2278 exquisivi

93 2288 141 2320 τῆς
151 2276 273 2323 by.me
300 2282 446 2322 σωτηρίας,
475 2281 536 2310 ἀλλ’
561 2281 708 2318 ὲξεζήτησα
729 2284 775 2312 τὸν
808 2276 913 2323 Κύριον.

962 2280 1211 2314 Dominum.Non
1226 2281 1347 2321 quesivi
1363 2281 1460 2312 solum
1472 2276 1602 2322 simplici
1613 2276 1741 2322 quadam
1755 2287 1784 2314 et

96 2331 163 2371 οὐχὶ
191 2329 309 2365 ἒζήτησα
331 2328 410 2366 μόνον
440 2327 529 2360 ἁπλῆν
558 2338 617 2356 τινα
639 2328 684 2356 καὶ
707 2328 837 2368 χρονικὴν
853 2329 917 2368 πρὸς

93 2377 136 2405 τὸν
154 2375 249 2414 Κύριον
261 2371 366 2410 ἐλπίδα,
382 2371 441 2400 ἀλλ’
460 2371 618 2408 ὲξεζήτησα.
636 2371 735 2401 Πλεῖον
751 2373 800 2413 γάρ
815 2384 839 2401 τι
855 2372 916 2413 (73)

94 2420 173 2456 δηλοῖ
194 2418 268 2458 παρᾶ
296 2417 327 2446 τὸ
353 2419 469 2453 ζητῆσαι
491 2417 508 2451 ἡ
540 2416 654 2457 ἔμφασις
684 2421 730 2445 τοῦ
759 2417 916 2458 ἐκζητῑμαι,

95 2467 129 2499 ὡς
151 2465 196 2493 καὶ
223 2463 296 2502 παρὰ
321 2462 370 2496 τὴν
397 2461 502 2501 ἔρευναν
538 2462 555 2496 ἡ
578 2461 754 2501 ὲξερεύνησις,
779 2461 915 2495 Ἐξέλιπον

183 2508 369 2548 ἰξερευνῶντες
411 2505 600 2546 ἑξερευνῆσεις,
636 2505 743 2541 Πολλὴν
783 2508 828 2535 οὖν
856 2518 916 2536 τινα

94 2549 199 2595 σχολὴν
226 2552 272 2581 καὶ
300 2549 440 2590 ἀταραξίαν
467 2551 482 2579 ὁ
503 2549 583 2589 λόγος
617 2552 760 2591 παρίστησι
789 2550 832 2580 διὰ
867 2551 916 2586 τῆς

97 2599 279 2636 inm-vdeam.

136 2679 167 2705 υ
182 2678 262 2710 Psal.
279 2684 321 2712 Vl,
338 2678 368 2707 8.
412 2676 444 2701 ω
458 2676 537 2709 Psal.
553 2683 638 2714 Lxm,
655 2676 686 2708 7.

138 2759 200 2800 ('70)
216 2757 266 2800 Sic
278 2755 365 2800 multi
373 2765 452 2800 mag.
468 2756 507 2800 A_t
521 2756 594 2788 editi
609 2757 823 2800 ἑμπαροιστρῶν.

141 2760 189 2800 [70
216 2759 266 2789 Sic
278 2759 362 2787 multi
379 2765 452 2789 mss.
468 2759 507 2789 At
521 2759 594 2788 editi
609 2759 823 2796 ἑμπαροιστρῶν.

141 2759 318 2841 (“abiectu
329 2795 420 2827 editio
426 2796 684 2841 Paris.ope_rarum
695 2797 853 2841 oscitantia
861 2808 920 2841 χεν-

100 2837 253 2880 νισιουργόν
268 2845 323 2878 pro
337 2839 532 2880 γενισιουργόν,
544 2837 588 2869 itii
650 2845 722 2869 [1188.
739 2837 923 2877 legitur.Sta-

101 2881 154 2912 tim
167 2876 240 2919 ask.
258 2876 410 2909 secundus
421 2881 544 2908 τοσοῦτον
562 2877 676 2916 μᾶλλον,

960 2326 1141 2367 temporaria
1152 2325 1183 2356 in
1198 2325 1356 2357 Dominum
1372 2335 1436 2366 spe,
1454 2326 1506 2357 sed
1524 2327 1680 2367 exquisivi.
1708 2328 1782 2359 Ete-

960 2371 1020 2402 nim
1045 2370 1196 2411 emphasis
1211 2370 1295 2402 verbi
1310 2373 1471 2411 exquirere
1500 2371 1627 2412 amplius
1641 2371 1782 2413 quiddam

959 2415 1116 2455 signiﬁcat,
1133 2423 1220 2456 quam
1236 2415 1360 2447 verbum
1373 2417 1782 2458 quarenquemadmodum

959 2460 1046 2491 etiam
1065 2461 1261 2500 perscrutatio
1280 2459 1348 2500 plus
1360 2460 1433 2493 dicit
1448 2470 1538 2502 quam
1552 2463 1705 2494 scrutatio.
1720 2463 1782 2494 De-

954 2507 1094 2544 leecrunt
1118 2506 1199 2537 enim
1225 2509 1450 2545 perscimantes
1472 2507 1728 2547 perscmtatiane:
1741 2506 1779 2536 3°.

958 2549 1082 2582 Multum
1098 2549 1187 2590 igitur
1216 2549 1270 2581 otii
1297 2559 1332 2582 ac
1362 2551 1587 2591 tranquillitatis
1600 2551 1719 2583 exhibet
1733 2551 1782 2582 hic

957 2603 1058 2627 sermo
1075 2602 1128 2635 per
1137 2594 1217 2626 illam
1234 2595 1476 2635 exquisitionem.

1003 2756 1069 2798 ('72)
1082 2756 1154 2798 Reg.
1172 2757 1278 2798 tertius
1291 2755 1438 2798 ἐκεκίνητο.
1460 2758 1525 2788 Mox
1541 2757 1615 2798 Reg.
1629 2756 1739 2789 tertius
1752 2760 1782 2789 in

962 2796 1100 2838 contextu
1115 2796 1275 2838 λογισμούς,
1293 2797 1324 2828 in
1346 2798 1480 2838 margine
1495 2806 1565 2838 vero
1579 2797 1782 2838 διαλογισμούς,

1000 2837 1064 2878 (73)
1081 2837 1124 2869 Ita
1145 2835 1229 2867 multi
1248 2845 1319 2878 mss.
1337 2835 1438 2869 Editio
1452 2846 1523 2870 vero
1538 2837 1632 2870 Paris.
1656 2835 1708 2878 γάρ
1727 2850 1783 2871 τοι.

965 2877 1071 2910 Statim
1085 2878 1159 2917 Reg.
1177 2877 1328 2910 secundus
1342 2878 1489 2911 εξέλειπον.
