2026 3143
193 116 245 148 371
864 119 895 150 S.
922 118 1062 150 BASILII
1083 119 1208 150 MAGNI
1819 121 1875 154 3'12

194 184 381 216 intolerabile
396 184 505 216 Christi
518 183 875 226 tribunal,quaeso,cogita
889 195 896 217 :
909 185 940 217 in
957 196 1000 227 (ιω

1043 184 1146 216 η”Οτᾶν
1169 186 1270 225 μέλλῃς
1284 186 1327 216 ἐπί
1347 197 1406 216 τινα
1423 188 1508 227 ὁρμᾷν
1532 188 1672 228 ἁμαρτίαν,
1689 188 1816 222 ἐννόησόν
1830 200 1875 227 μοι

193 230 331 270 prmidet
346 230 465 271 quidem
479 229 570 269 judex
583 229 613 260 in
627 229 685 260 alto
701 230 829 270 quodam
847 235 876 261 et
892 230 1000 261 sublim

1055 231 1142 260 ἐκεῖνο
1157 233 1188 260 τὸ
1208 232 1315 272 φρικτὸν
1344 232 1387 260 καὶ
1411 232 1569 260 ἂνύποιστον
1595 238 1642 263 τοῦ
1667 236 1780 272 Χριστοῦ
1801 233 1877 263 δικα-

193 274 413 316 throno,omnis
426 283 495 305 vero
507 280 642 305 creatura
651 274 688 306 ob
696 275 858 315 gloriosum
870 277 935 315 ejus
944 285 999 306 con

1054 278 1177 316 στήριον,
1209 278 1235 305 ἐν
1261 281 1283 314 ᾦ
1314 278 1501 317 προκαθέζεται
1534 279 1581 309 μὲν
1610 277 1654 307 ἒπὶ
1682 278 1776 317 θρόνου
1805 281 1875 313 τινὸς

190 324 325 360 spectum
338 319 572 351 contremiscens
584 323 668 358 astat;
683 321 818 351 imovero
831 320 960 351 futurum
969 330 1000 352 es

1054 322 1158 360 θψηλοῦ
1187 323 1229 350 καὶ
1257 322 1408 362 ἓπηρμένου
1437 323 1451 351 ὁ
1472 323 1576 362 κριτὴς,
1593 323 1745 363 παρέστηκε
1760 323 1788 351 δὲ
1803 327 1876 353 πᾶσα

191 370 223 396 ut
237 364 345 404 singuli
359 364 663 401 adducamur,eorum
675 375 742 406 qua».
753 365 783 396 in
794 366 853 397 vita
864 365 1000 406 egerimu‘

1055 368 1072 401 ἡ
1098 368 1183 399 κτίσις
1198 368 1382 406 ὑποτρέμουσα
1396 368 1445 401 τὴν
1469 368 1624 408 ἐπιφανειαν
1652 368 1731 397 αὑτοῦ
1757 369 1807 403 τὴν
1833 369 1876 398 ’έν-

191 419 314 440 examen
330 408 587 440 subituri.Deinde
605 409 699 450 ei,qui
712 411 804 441 multa
815 411 892 442 mala
902 419 955 451 per
965 410 1000 441 vi‘

1055 411 1128 445 δοξον
1148 422 1155 430 ·
1185 412 1347 450 παράγεσθαι
1373 411 1401 440 δὲ
1426 412 1561 451 μέλλομεν
1585 412 1646 442 καθ’
1675 413 1722 442 ἕνα
1735 414 1772 445 εἷς
1789 413 1875 446 ἐξέτα-

190 458 248 485 tam
265 453 655 494 perpetraverit,horribiles
668 455 790 493 quidam
801 465 835 486 ac
845 455 1000 487 morosian

1056 468 1096 485 σιν
1123 461 1176 485 τῶν
1200 456 1370 496 βεϐιωμένων
1399 458 1479 495 ἡμῖν,
1511 458 1581 486 Εἶτα
1609 458 1647 488 τῶ
1672 458 1760 487 πολὶὰ
1773 460 1877 498 πονηρᾶ

189 499 247 540 geli
263 498 406 535 assident,
424 498 521 538 ignem
539 508 574 529 ex
593 499 686 530 oculis
716 500 896 540 emittentes,
914 501 1000 541 ignen

1054 502 1215 536 πεποιηκότι
1245 502 1314 531 κατὰ
1328 503 1373 530 τὸν
1391 502 1445 540 βίον
1461 502 1567 543 φοϐεροί
1588 514 1658 535 τινες
1688 502 1731 531 καὶ
1747 509 1876 542 κατηγεϊς

189 544 350 585 spirantes,
368 548 489 584 propter
505 543 597 574 animi
613 544 821 582 acerbitatem,
840 546 920 577 nocti
934 546 1000 576 vultt

1054 548 1225 586 παρίστανται
1253 546 1374 587 ἄγγελοι,
1406 550 1455 587 πῦρ
1471 547 1626 586 βλέποντες,
1654 553 1705 588 πῦρ
1726 548 1875 577 ἆναπνέον-

187 588 311 626 similes,
332 588 370 619 ob
386 588 471 619 faciei
488 589 676 620 tetricitatem
693 594 723 620 et
731 590 886 621 hominum
896 590 997 622 odium

1053 602 1109 629 τες,
1139 591 1181 620 διὰ
1209 593 1258 626 τὴν
1284 593 1391 632 πικρίαν
1419 595 1468 626 τῆς
1491 593 1681 632 προαιρέσεως,
1698 594 1770 622 νυκτὶ
1785 593 1876 622 ἐοικό-

188 633 294 665 Postea
305 634 405 665 animo
422 634 474 664 tibi
487 633 580 673 ﬁngas
590 633 761 666 barathrum
776 635 998 676 profundum,te

1053 648 1097 669 τες
1111 638 1144 665 τὰ
1165 637 1306 676 πρόσωπα,
1335 637 1377 665 διὰ
1402 638 1433 666 τὸ
1459 639 1578 677 κατηφὲς
1603 639 1646 666 καὶ
1672 638 1872 678 μισάνθρωπον.

189 678 297 710 nebras
304 679 341 709 im
348 678 662 719 penetrabiles,ignem
672 680 839 720 splendoris
847 684 998 721 expertem

1055 684 1122 711 Εἶτα
1149 683 1277 723 βάραθρον
1306 683 1382 721 βαθὺ,
1419 683 1463 711 καὶ
1494 683 1590 713 σκότος
1622 682 1810 722 ἂδιεξόδευτον,
1832 683 1876 711 καὶ

186 724 244 754 vim
262 723 381 764 quidem
399 723 505 754 urendi
516 723 547 753 in
559 724 694 755 tenebris
707 724 933 765 habentem,sed
946 725 1000 757 luet

1053 732 1104 767 πῦρ
1119 727 1241 765 ἀλαμπὲς
1257 736 1266 743 ·
1290 727 1317 755 ἐν
1339 729 1377 764 τῷ
1391 727 1480 756 σκότει
1495 727 1545 761 τὴν
1561 728 1609 764 μὲν
1631 728 1777 761 καυστικὴν
1794 727 1876 756 δύνα-

187 768 372 799 destitutum:
386 768 514 799 subinde
528 768 672 800 vermium
688 768 836 809 quoddam
850 779 945 809 genus
960 780 1000 802 ve-

1053 783 1098 809 μιν
1114 771 1191 812 ἕχον,
1207 772 1238 800 τὸ
1252 771 1280 800 δὲ
1295 771 1394 812 φέγγος
1424 772 1609 811 ἀφῃρημένον,
1639 772 1709 800 Εἶτα
1724 771 1875 807 σκωλήκων

186 817 326 844 uenatum
341 822 375 844 ac
392 812 592 850 carnivorum,
605 813 698 844 edens
713 814 934 853 insatiabiliter,
952 825 1000 847 net

1053 816 1131 855 γένος
1154 815 1257 845 ἰοϐόλον
1283 817 1326 845 καὶ
1356 818 1534 856 σαρκοφάγον,
1557 816 1702 851 ἀπλήστως
1719 816 1815 853 ἐσθίον,
1831 817 1875 844 καὶ

186 867 316 898 unquam
329 857 724 895 exsatiatum,intolerebiles
736 859 856 891 dolores
863 860 1000 891 morsibu:

1054 861 1188 899 μηδέποτε
1222 862 1420 900 κορεννυμένον,
1443 860 1589 901 ἀφορήτους
1625 860 1718 892 ὀδύνας
1747 861 1874 899 ἐμποιοῦν

187 902 333 933 inducens
349 912 356 934 :
375 908 526 943 postremo
538 903 719 943 supplicium
730 904 863 934 omnium
876 905 999 943 gravissi

1053 909 1087 944 τῇ
1114 905 1291 944 καταϐρώσει.
1313 910 1380 935 Εἶτα
1395 909 1445 939 τὴν
1468 909 1559 934 πασῶν
1575 904 1775 945 χαλεπωτάτην
1788 905 1873 934 κόλα-

187 947 426 987 mum,probrum
440 947 513 978 illud
531 952 560 978 et
572 948 702 979 dedecus
713 949 1000 988 sempiternumllaai

1052 961 1106 988 etv,
1121 952 1167 979 τὸν
1183 950 1332 988 ὀνειδισμὸν
1347 951 1450 979 ἐκεῖνον
1465 951 1510 978 καὶ
1525 951 1573 984 τὴν
1590 950 1720 990 αἰσχύνην
1742 951 1791 984 τὴν
1807 950 1873 978 αἰώ-

187 991 304 1027 time,et
321 992 377 1022 hoc
389 993 496 1023 timore
509 993 745 1033 eruditus,quasi
755 993 840 1024 freno
851 993 980 1034 quodam
994 1004 1010 1025 a

187 1036 284 1077 pravis
302 1037 554 1077 concupiscentiis
564 1041 643 1069 tuam
656 1038 765 1069 cohibe
779 1038 1009 1071 animam.Hunc

185 1080 304 1112 Domini
319 1082 455 1113 timorem
475 1081 542 1112 052
558 1083 714 1113 ducturum
741 1091 772 1113 se
789 1092 845 1114 nos
862 1087 945 1123 pater
959 1083 1009 1114 ille

186 1126 321 1165 promisit
335 1137 343 1164 ;
359 1137 418 1157 non
434 1127 694 1159 indiscriminatim
707 1127 828 1166 quidem
838 1127 1006 1166 docturum,

183 1170 235 1201 sed
251 1179 313 1209 eos,
331 1172 382 1211 qui
409 1172 436 1202 ei
451 1173 621 1203 auscultare
645 1172 756 1205 volunt.
775 1182 834 1203 non
850 1173 902 1203 diu
916 1172 1007 1204 colla-

180 1223 259 1255 psos,
279 1216 331 1247 sed
349 1225 413 1258 eos,
431 1217 481 1257 qui
499 1222 621 1258 propter
635 1217 739 1248 salutis
753 1217 936 1248 desiderium
951 1227 1004 1249 ac-

181 1264 314 1291 currunt:
328 1270 387 1292 non
397 1266 558 1294 extraneos
571 1272 590 1294 a
610 1263 808 1294 Testamentis
818 1262 861 1302 δι,
874 1263 926 1293 sed
940 1272 1002 1300 eos,

179 1304 229 1344 qui
242 1314 277 1336 ex
294 1305 474 1346 baptismate
499 1307 590 1338 verbo
613 1307 782 1347 adoptionis
797 1308 825 1338 ei
850 1307 1005 1347 conjuncti

178 1354 256 1381 sunt.
274 1351 446 1390 Propterea,
462 1351 572 1392 inquit,
589 1351 700 1389 venite;
717 1352 774 1383 hoc
788 1356 842 1389 est,
859 1361 912 1392 per
928 1351 1006 1382 bona

180 1403 271 1434 opera
286 1395 521 1436 appropinquate
545 1395 582 1426 ad
605 1396 733 1435 me,ﬁlii,
749 1395 831 1436 digni
847 1396 938 1427 habiti
954 1396 1004 1436 qui

179 1448 233 1479 per
248 1440 505 1477 regenerationem
523 1441 576 1471 lilii
601 1440 676 1471 lucis
691 1441 798 1471 essetis
811 1441 854 1471 65.
877 1440 1001 1478 Audite,

1052 1007 1118 1027 νιον,
1150 998 1237 1024 Ταῦτα
1260 994 1343 1034 φοϐοῦ
1359 1004 1366 1010 ·
1398 996 1442 1023 καὶ
1466 995 1551 1031 τούτῳ
1572 998 1609 1032 τῷ
1631 993 1706 1034 φόϐῳ
1718 993 1874 1032 παιδευόμε-

1051 1051 1106 1078 νος,
1135 1040 1213 1068 οἱονεὶ
1229 1039 1334 1079 χαλινῷ
1355 1051 1406 1068 τινι
1421 1039 1554 1068 ἆνάκοπτε
1569 1040 1618 1073 τὴν
1642 1040 1736 1080 ψυχὴν
1758 1039 1812 1068 ἀπὸ
1825 1041 1872 1074 τῆς

1050 1085 1115 1124 πρὸς
1131 1084 1163 1112 τὰ
1193 1083 1279 1123 φαῦλα
1309 1084 1462 1122 ἐπιθυμίας.
1487 1085 1585 1113 Τοῦτον
1599 1085 1644 1113 τὸν
1660 1084 1742 1124 φόϐον
1757 1088 1803 1113 τοῦ
1819 1089 1873 1114 Κυ-

1050 1130 1104 1168 ρίου
1118 1128 1249 1159 διδάσκειν
1272 1129 1346 1167 ἡμᾶς
1361 1130 1374 1157 ὸ
1389 1129 1477 1168 πατὴρ
1490 1129 1669 1168 ἐπηγγείλατο
1682 1137 1689 1144 '
1715 1130 1766 1169 οὐχ
1781 1129 1872 1161 ἁπλῶς

1050 1173 1191 1210 διδάσκειν,
1223 1173 1292 1202 ἀλλὰ
1314 1174 1377 1206 τοὺς
1401 1174 1506 1203 ἀκούειν
1536 1175 1614 1203 αὐτοῦ
1638 1174 1868 1213 προαιρουμένους,

1046 1221 1076 1248 οὒ
1086 1215 1150 1250 ibi);
1164 1219 1268 1258 μακρὰν
1296 1218 1481 1251 ἀποπεσόντας
1503 1218 1558 1258 (6),
1574 1218 1643 1247 ἀλλὰ
1669 1219 1729 1251 τοὺς
1752 1218 1787 1247 δι’
1810 1219 1872 1247 ἑπι-

1044 1264 1138 1301 θυμίαν
1169 1265 1215 1292 τοῦ
1239 1265 1356 1297 σωθῆναι
1382 1264 1618 1304 προστρέχοντας·
1642 1266 1672 1293 οὗ
1693 1264 1756 1295 τοὺς
1786 1263 1873 1296 ξένους

1046 1312 1098 1338 τῶν
1129 1310 1279 1345 Διαθηκῶν,
1307 1307 1375 1337 ana
1398 1309 1458 1340 τοὺς
1480 1308 1510 1336 ἐκ
1545 1313 1591 1338 τοῦ
1616 1309 1801 1347 βαπτίσματος
1823 1311 1872 1343 τῆς

1045 1354 1173 1385 υἱοθεσίας
1197 1353 1392 1390 οἰκειουμένους
1420 1357 1460 1390 τῷ
1487 1352 1572 1392 λόγῳ.
1606 1353 1655 1381 Διὰ
1682 1356 1772 1391 τοῦτο,
1795 1354 1872 1394 φησὶ,

1045 1397 1117 1428 δεῦτε
1135 1407 1141 1414 ·
1165 1398 1297 1434 τουτέστι,
1314 1397 1356 1426 διὰ
1370 1401 1424 1426 τῶν
1442 1398 1547 1438 ἀγαθῶν
1565 1398 1649 1437 ἔργων
1664 1397 1789 1437 ἐγγίσατὲ
1811 1410 1871 1436 μοι,

1045 1444 1134 1480 τέκνα,
1157 1444 1207 1472 υἱοὶ
1235 1444 1322 1482 φωτὸς
1359 1443 1479 1482 γενέσθαι
1507 1442 1550 1471 διὰ
1587 1443 1636 1477 τῆς
1666 1442 1871 1482 παλιγγενεσίας

178 1492 228 1514 vos
242 1483 293 1524 qui
309 1493 397 1515 aures
411 1484 510 1515 cordis
526 1485 643 1516 habetis
650 1489 780 1526 apertas;
793 1487 930 1517 timorem
941 1485 1000 1531 Do-

1043 1486 1260 1520 καταξιωθέντες,
1293 1486 1449 1525 Ἀκούσατε,
1488 1489 1512 1516 οἱ
1539 1487 1650 1528 ἔχοντες
1683 1488 1717 1517 τὰ
1750 1488 1808 1516 ὦτα
1835 1489 1872 1525 (7)

176 1529 255 1560 mini
267 1529 374 1560 docebo
389 1538 462 1567 vos;
489 1539 557 1560 eum
587 1529 727 1561 videlicet
743 1540 831 1571 quem
849 1530 932 1562 vobis
945 1529 1002 1561 ali-

177 1577 289 1613 quanto
303 1578 373 1605 ante
390 1574 614 1614 descripsimus

216 1663 358 1695 9.Vsns.t
367 1663 395 1696 3.
402 1663 477 1701 Quis
486 1667 529 1695 est
539 1664 626 1695 homo
636 1664 758 1705 quivult
765 1663 1003 1704 vitam,diligens

176 1706 241 1738 dies
249 1708 352 1739 uidere
361 1708 451 1740 bonas
461 1711 475 1740 ?
487 1708 517 1740 Si
529 1709 608 1749 quis,
621 1709 729 1750 inquit,
748 1709 809 1740 vult
825 1710 924 1746 vitam,
941 1719 1000 1741 non

177 1761 368 1784 communem
381 1753 468 1790 hanc,
489 1762 576 1793 quam
591 1758 620 1784 et
646 1753 732 1792 bruta
746 1753 856 1795 vivunt,
872 1755 924 1786 sed
935 1764 1000 1786 eam

176 1806 244 1836 qua:
260 1806 330 1827 vere
354 1797 413 1827 vita
426 1801 482 1837 est,
498 1801 527 1827 et
549 1801 645 1828 morte
660 1807 720 1828 non
736 1797 899 1831 dirimitur.
916 1799 1000 1830 Nunc

176 1841 586 1881 enim,inquit,morimini,Et
593 1844 656 1874 vita
665 1846 770 1874 nostra
778 1843 1001 1875 estabscondita

174 1895 241 1918 cum
249 1886 368 1917 Christo
376 1887 409 1917 in
418 1885 476 1917 Deo
490 1897 497 1915 :
509 1895 577 1918 cum
588 1895 657 1918 vero
664 1886 802 1918 Christus
807 1890 999 1929 apparuerit,

175 1932 239 1962 vita
248 1934 438 1966 nostra,tunc
448 1934 475 1961 et
489 1939 541 1962 vos
547 1931 731 1971 apparebitis
738 1941 808 1964 cum
818 1934 884 1973 ipso
892 1936 925 1964 in
937 1934 1003 1974 glo-

174 1977 223 2007 ria
233 1975 277 2008 θο.
293 1975 385 2015 Igitur
399 1984 469 2006 vere
499 1975 558 2006 vita
584 1979 630 2007 est
643 1976 787 2013 Christus,
807 1982 835 2009 et
850 1983 950 2010 nostra
969 1981 1000 2010 in

174 2023 239 2060 ipso
254 2020 440 2052 conversatio
464 2019 524 2051 vita
539 2029 608 2051 vera
623 2025 680 2052 est.
695 2020 840 2053 Similiter
854 2027 953 2054 autem
971 2027 1000 2054 et

174 2065 238 2096 dies
253 2065 302 2096 alii
319 2069 386 2096 sunt
409 2064 572 2106 boni,quos
587 2066 618 2096 in
646 2065 843 2106 promissione
860 2069 1000 2109 proponit

174 2109 410 2150 ProphetaQuis
417 2113 459 2141 est
466 2110 555 2141 homo
563 2111 616 2150 qui
622 2110 685 2142 vult
692 2111 928 2152 vitamdiligens
934 2113 999 2145 dies

173 2155 275 2186 videre
288 2155 392 2186 bonos?
407 2155 476 2186 Dies
491 2155 572 2186 enim
586 2155 676 2195 hujus
689 2156 803 2193 saeculi,
818 2157 886 2188 mali
902 2162 971 2189 sunt
989 2168 996 2188 :

173 2199 321 2240 siquidem
331 2200 426 2231 ethoc
437 2200 736 2240 szeculuin,mensura
743 2210 811 2232 cum
825 2201 864 2232 sit
881 2202 994 2240 mundi,

173 2242 210 2274 de
221 2253 280 2282 quo
293 2244 404 2276 dictum
421 2249 468 2276 est
485 2255 493 2276 :
506 2244 640 2276 Mundus
661 2248 740 2277 totus
748 2246 781 2276 in
792 2247 929 2286 maligno
938 2256 996 2287 po-

173 2291 250 2319 situs
265 2293 310 2320 est
323 2289 364 2327 87,
384 2294 494 2320 naturae
510 2289 624 2330 mundi,
637 2299 725 2330 quem
742 2290 907 2330 dimetitur,
919 2292 996 2322 assi-

175 2332 304 2365 milatur.
321 2333 358 2364 Hi
367 2338 466 2365 autem
478 2333 541 2365 dies
549 2338 647 2374 partes
657 2339 726 2366 sunt
736 2335 827 2374 hujus
839 2336 994 2376 temporis.

173 2376 359 2418 Quapropter
370 2378 441 2409 dicit
462 2379 622 2419 Apostolus
637 2389 644 2410 :
661 2379 855 2411 Redimenles
865 2383 994 2422 tempus,

172 2423 321 2462 quoniam
335 2423 401 2454 dies
415 2423 492 2454 mali
505 2427 577 2455 sunt
586 2424 770 2464 “.ltemque
784 2424 887 2456 Jacob:
908 2425 993 2464 Dies,

171 2466 431 2508 inquit,annorum
437 2476 572 2499 meorum
576 2470 668 2509 pauci
675 2473 705 2500 et
713 2470 791 2501 mali
799 2474 869 2502 sunt
879 2470 922 2503 ϐο.
933 2471 994 2503 Ita-

210 2547 243 2573 ϐι
252 2547 363 2589 Ephes.
379 2547 471 2589 11,12.
512 2547 545 2574 65
559 2548 571 2578 Ι
586 2547 694 2580 Thess.
717 2557 744 2589 v,
760 2549 790 2581 ὃ.
834 2549 867 2575 66
881 2551 996 2584 Coloss.

171 2587 204 2614 69
219 2587 294 2622 Gen.
311 2587 451 2628 xav11,'9.

212 2670 256 2710 (6)
269 2671 345 2713 Iob:
360 2668 695 2713 paxpavémmadvuc,
726 2675 809 2703 verte
827 2681 834 2703 ;
863 2680 912 2703 eos
940 2673 994 2713 qui

168 2711 366 2751 procuitapsi
380 2713 464 2741 sunt.
483 2710 601 2751 Mansit.

212 2751 252 2820 $71
267 2749 476 2790 Ita’mss.,non
489 2749 583 2790 pauci.
592 2749 673 2781 Editi
683 2749 793 2790 ἔχοντες
806 2751 992 2784 (cumidem

225 2790 255 2821 b.
273 2790 388 2821 erimus
399 2791 568 2821 ἡνεωτμένα.

169 2790 255 2822 Colb.
269 2790 388 2862 grimus
399 2791 568 2829 ἠνεῳγμένα.

211 2830 254 2872 (8)
289 2830 317 2862 ic
329 2834 437 2862 mss.et
446 2830 539 2862 editio
555 2830 717 2863 Basil.cum
730 2831 849 2872 vulgato
862 2833 994 2874 Scriptu~

1043 1532 1092 1566 τῆς
1134 1531 1241 1571 καρδίας
1281 1532 1434 1571 ἐνεῳγμὲνα
1450 1541 1458 1549 ⁶
1505 1531 1592 1561 Φόϐον
1639 1533 1731 1572 Κυρίου
1775 1531 1872 1566 διδάξω

1043 1578 1110 1614 ὑμᾶς
1129 1587 1135 1593 ⁸
1166 1580 1269 1614 τοῦτον,
1295 1577 1325 1605 ’ὃν
1345 1580 1433 1617 μικρῷ
1451 1577 1562 1617 πρόσθεν
1585 1579 1599 1605 ὁ
1621 1577 1701 1617 λόγος
1731 1578 1797 1616 ὑμῖν
1819 1578 1873 1606 ὅπα

1044 1622 1159 1661 έγραψεν
1165 1645 1172 1652 .
1854 1659 1858 1662 ι

1083 1666 1114 1698 9,
1145 1667 1188 1699 Τίς
1228 1667 1300 1695 ἐστιν
1334 1666 1469 1705 ἄνθρωπος
1509 1669 1522 1695 ὁ
1569 1666 1653 1696 θέλων
1692 1667 1765 1702 ζωὴν
1801 1667 1871 1706 ἀγα-

1042 1714 1100 1739 πῶν
1126 1709 1228 1750 ἡμέρας
1265 1710 1331 1739 ἱδεϊν
1359 1711 1486 1751 ὰγαθάς;
1526 1711 1561 1741 Εἴ
1597 1723 1637 1745 τις
1670 1711 1753 1752 θέλει,
1792 1713 1871 1752 φησὶ,

1041 1756 1124 1792 ζωὴν,
1156 1758 1186 1785 οὐ
1213 1756 1262 1790 τὴν
1283 1756 1379 1790 κοινὴν
1407 1757 1508 1790 ταύτην
1533 1757 1567 1791 ἣν
1593 1758 1636 1786 καὶ
1658 1757 1691 1785 τὰ
1718 1756 1804 1796 ἄλογα
1825 1759 1870 1795 ζῇ,

1042 1799 1110 1828 ἀλλὰ
1125 1800 1175 1834 τὴν
1191 1799 1274 1832 ὅντως
1289 1801 1361 1836 ζωὴν
1377 1801 1426 1834 τὴν
1446 1801 1550 1839 θανάτῷ
1577 1802 1617 1839 μὴ
1641 1801 1869 1835 διαωιττομένην,

1043 1847 1093 1873 Νῦν
1116 1845 1177 1883 γὰρ,
1209 1845 1301 1884 φησὶν,
1318 1845 1512 1884 ἀποθνήσκετε,
1540 1847 1589 1876 Καὶ
1608 1847 1626 1880 ἡ
1648 1846 1705 1882 ζωὴ
1725 1847 1802 1885 ἡμῶν
1825 1845 1870 1886 (8)

1041 1888 1184 1927 κέκρυπται
1213 1889 1259 1918 σὺν
1288 1892 1326 1926 τῷ
1352 1893 1458 1929 Χριστῷ
1486 1890 1513 1919 ἐν
1538 1891 1576 1928 τῷ
1602 1894 1660 1928 Θεῷ
1675 1899 1682 1907 ⁸
1712 1889 1776 1919 ὅταν
1801 1890 1828 1919 δὲ
1856 1893 1870 1920 ὃ

1042 1938 1153 1972 Χριστος
1201 1937 1339 1974 φανερωθῇ
1355 1959 1363 1973 ,
1408 1936 1425 1970 ἦ
1467 1936 1523 1970 ζωὴ
1572 1936 1649 1974 ἡμῶν
1667 1959 1676 1971 ,
1720 1936 1782 1964 τότε
1824 1932 1869 1965 καὶ

1041 1979 1119 2016 ὑμεῖς
1151 1980 1198 2007 σὺν
1227 1981 1298 2016 «ore.
1338 1981 1554 2020 φανερωθήσεσθε
1591 1980 1619 2008 ἐν
1657 1979 1732 2019 δόξῃ.
1764 1981 1865 2011 Ούκοῦν

1041 2024 1084 2052 καὶ
1098 2025 1116 2058 ἡ
1131 2023 1214 2056 ὅντως
1230 2025 1285 2059 ζωὴ
1312 2025 1326 2053 δ
1354 2026 1478 2064 Χριστὸς,
1508 2026 1552 2054 καὶ
1575 2026 1593 2059 ἡ
1618 2025 1736 2064 ἡμετέρα
1750 2025 1777 2053 ἐν
1794 2027 1865 2064 αὖτῷ

1040 2067 1161 2107 διαγωγή
1183 2069 1238 2104 ζωή
1255 2069 1325 2097 ἐστιν
1341 2069 1466 2103 ἀληθινὴ.
1496 2068 1611 2107 Ὁμοίως
1632 2069 1659 2098 δὲ
1686 2069 1730 2098 καὶ
1745 2071 1770 2098 αἱ
1790 2070 1864 2108 ἡμέ-

1039 2124 1082 2153 ραι
1098 2113 1175 2142 ἄλλαι
1207 2114 1270 2142 εἰσὶν
1298 2114 1404 2154 ἀγαθαὶ,
1431 2114 1461 2146 ἃς
1491 2114 1517 2144 ἐν
1533 2114 1680 2154 ἐπαγγελίᾳ
1709 2115 1868 2154 προτίθησιν

1010 2150 1053 2186 οδ
1089 2159 1243 2198 Προφήτης.
1273 2150 1329 2191 Τίς.
1352 2150 1424 2187 ἐστιν
1456 2150 1640 2199 ἅνθρωποςηὸ
1670 2150 1759 2188 θέλων
1781 2160 1866 2198 ζωὴν,

1039 2202 1150 2242 ἀγαπῶν
1183 2203 1285 2242 ἡμέρας
1314 2202 1380 2232 ίδετν
1411 2203 1533 2242 ἅγαθάς;
1564 2205 1594 2232 Αἱ
1629 2204 1680 2244 γὰρ
1701 2208 1748 2233 τοῦ
1769 2205 1866 2238 αἰῶνος

1038 2248 1130 2278 τούτου
1153 2248 1251 2287 ἡμέραι
1286 2251 1412 2287 πονηραὶ,
1437 2247 1529 2282 ἐπειδὴ
1563 2248 1609 2277 καί
1634 2251 1648 2277 ὁ
1683 2249 1748 2277 αἰὼν
1773 2250 1864 2290 οὗτος,

1038 2302 1083 2321 του
1110 2293 1212 2330 κόσμου
1239 2292 1336 2332 μέτρον
1364 2293 1504 2333 ὑπάρχων,
1537 2295 1596 2332 περὶ
1617 2293 1647 2322 οὗ
1675 2293 1796 2333 εἴρηται,
1823 2294 1865 2323 ὅτι

1038 2337 1068 2366 ’0
1094 2338 1194 2376 κόσμος
1216 2337 1277 2371 ὅλος
1292 2337 1319 2367 ἐν
1332 2341 1370 2375 τῷ
1394 2340 1505 2378 πονηρῷ
1532 2344 1634 2375 κεῖται,
1664 2343 1864 2379 συναφομοιοῦ-

1036 2393 1080 2410 ται
1108 2385 1142 2421 τῇ
1164 2383 1239 2422 φύσει
1261 2386 1307 2411 τοῦ
1326 2383 1428 2420 κόσμου
1457 2383 1486 2410 ὃν
1511 2383 1649 2423 ἓκμετρεῖ.
1668 2383 1742 2423 Μέρη
1758 2382 1786 2411 δὲ
1817 2387 1864 2413 τοῦ

1036 2427 1135 2467 χρόνου
1164 2428 1256 2456 τούτου
1284 2428 1310 2456 αἱ
1343 2427 1437 2467 ἡμέραι
1459 2427 1547 2459 αὗται,
1579 2429 1628 2457 Διὰ
1650 2431 1728 2457 τοῦτο
1750 2439 1832 2468 φησιν
1847 2430 1861 2458 ὁ

1036 2471 1203 2503 Ἀπόστολος
1222 2481 1229 2488 ⁸
1273 2471 1515 2512 Ἐξαγοραζόμενοι
1557 2474 1602 2501 τὸν
1638 2473 1740 2512 καιρὸν,
1768 2472 1810 2502 ὅτι
1837 2475 1864 2502 αἱ

1011 2560 1056 2590 ιιι,
1073 2553 1103 2590 3,
1131 2552 1161 2584 4.
1203 2551 1265 2583 θτι
1291 2552 1377 2584 Joan.
1407 2561 1435 2590 ν,
1454 2552 1502 2584 19.
1545 2552 1578 2579 88
1609 2552 1720 2593 Ephes.
1749 2561 1777 2592 v,
1811 2553 1860 2586 16.

1035 2677 1184 2715 recteritu.
1198 2672 1295 2704 Editto
1311 2672 1418 2715 Paris._
1432 2673 1488 2715 ζωὴ
1503 2674 1589 2711 ὑμῶν.
1613 2672 1668 2715 Illa
1689 2682 1756 2713 qua:
1770 2675 1860 2715 paulo

1036 2713 1114 2745 infra
1126 2714 1276 2755 leguntur,
1303 2713 1364 2741 τότε
1379 2713 1578 2755 καὶ-ξμεῖςλσὺν
1601 2713 1672 2752 αὒτῷ
1701 2713 1860 2755 φανερωθή-

1033 2737 1114 2783 Eii:
1124 2737 1365 2794 ἐζθδῖιὲτῖξὶίθεῌρἱ
1379 2737 1682 2794 iungamus;
1697 2737 1859 2793 ὦὲὲῖῗῗέἇ

1033 2792 1273 2835 τορθτίυοῑυιίίο
1287 2792 1355 2824 aliis
1367 2792 1494 2834 perinde
1508 2792 1598 2835 atque
1613 2794 1642 2825 in
1654 2793 1754 2827 editis.
