2023 3140
243 129 302 162 415

445 284 512 316 I70
528 283 564 315 IN
580 283 758 315 PSALMUM
774 281 864 314 XLV:

245 350 279 381 In
294 351 384 390 ﬁnem
400 360 453 389 pro
467 350 542 388 ﬁliis
557 349 634 379 Core
652 357 658 379 :
684 357 739 389 pro
770 348 894 379 arcanis
916 346 1064 386 psalmus.

1074 287 1094 312 Δ

283 419 311 449 1.
330 417 519 457 Prophetiam
536 416 573 447 de
589 416 680 447 rebus
706 424 772 456 qum
790 415 818 446 in
843 416 899 445 ﬁne
917 420 1065 446 eventura:

241 463 478 498 sunt.continere
488 461 559 492 mihi
571 461 686 492 videtur
698 460 745 491 hic
759 460 903 499 psalmus.
919 461 1011 496 Quem
1029 460 1064 490 ﬁ-

243 516 310 538 nem
322 506 445 537 intuitus
457 506 543 537 etiam
558 504 767 544 Paulus,dicit:
782 504 898 535 Deinde
911 505 1065 544 ﬁnis,cum

242 552 403 583 tradiderit
419 559 548 589 regnum
565 550 623 580 Deo
639 553 669 580 et
679 548 768 579 Patri
780 549 822 580 88.
844 549 901 579 Aut
923 551 1063 588 quoniam

242 597 374 628 actiones
386 600 494 626 nostra;
505 595 655 625 deducunt
674 603 727 623 nos
752 593 787 624 ad
805 594 907 629 ﬁnem,
922 602 1064 633 unaquae-

243 651 300 681 que
311 641 347 671 ad
360 640 511 680 proprium
520 638 577 669 sil-i
588 639 644 677 ipsi
657 647 665 673 ;
676 637 788 668 idcirco
799 638 876 668 bona
891 637 1012 678 quidem
1029 638 1064 668 ad

241 685 626 724 beatitudinem,malavero
634 682 669 713 ad
678 686 819 712 aeternam
829 682 1062 713 damnationem:

243 730 420 770 etquoniam
444 729 567 759 consilia
593 737 607 758 a
626 726 737 767 Spiritu
754 727 782 756 in
800 727 857 757 hoc
875 727 986 766 psalmo
1003 732 1064 756 tra—

243 774 558 813 dila,obtemperantes
565 773 600 802 ad
613 772 723 801 bonum
735 771 823 802 ﬁnem
836 772 999 805 deducunt;
1012 772 1065 801 hac

244 820 281 850 de
293 828 381 850 causa
396 817 560 856 inscriptus
573 821 628 855 est,
645 816 679 846 In
692 815 877 855 ﬁnem,quod
896 815 961 854 ejus
972 816 1065 846 docu-

245 869 342 895 menta
355 863 390 894 ad
408 864 526 893 beatum
539 862 675 891 humana:
687 860 756 890 vitae
777 860 865 890 ﬁnem
883 860 1063 891 referantur.

244 908 388 948 Proﬁliis
400 908 482 939 Cvrc.
500 906 590 936 Filius
599 908 697 936 autem
710 904 785 935 Core
800 905 899 935 dictus
916 909 960 935 est
972 910 1000 935 et
1017 905 1065 935 hic

244 953 386 994 psalmus,
404 959 478 991 quos
507 950 637 989 Spiritus
652 953 776 979 sanctus
791 949 858 979 ideo
873 958 931 979 non
947 949 1063 989 dividit,
1078 967 1096 992 Β

243 996 321 1037 quod
335 996 478 1027 velutuna
490 994 590 1025 anima
604 998 634 1024 et
651 1002 710 1023 una
722 1002 792 1023 voce
806 1003 873 1023 cum
890 994 972 1024 omni
988 994 1066 1024 inter

243 1051 276 1072 se
285 1039 446 1072 concordia
461 1047 616 1069 sermones
633 1037 824 1077 propheticos
837 1038 1065 1076 emiserunt,ni-

244 1086 284 1116 hil
292 1085 452 1125 quidquam
460 1083 518 1114 alio
527 1087 632 1123 praeter
642 1082 717 1112 alios
727 1082 916 1122 vaticinante,
934 1083 986 1114 sed
1000 1093 1066 1123 pro-

245 1130 362 1171 phetico
374 1130 452 1160 dono
465 1127 619 1167 :equaliter
633 1127 677 1157 eis
694 1136 850 1164 concesso,
866 1129 903 1157 ob
920 1129 1064 1166 mqualem

243 1170 375 1215 ipsorum
389 1173 468 1203 inter
481 1181 513 1202 se
529 1171 560 1201 in
576 1170 655 1201 bona
678 1172 831 1202 allectum.
846 1171 990 1202 Ceterum
1008 1173 1065 1203 Pro

244 1220 366 1250 arcanis
377 1218 475 1249 dictus
490 1220 535 1247 est
549 1216 701 1256 psalmus:
730 1215 760 1246 id
787 1220 844 1256 est,
861 1225 913 1256 pro
929 1217 1065 1256 occultis,

245 1271 273 1298 et
287 1264 451 1297 reconditis
465 1264 494 1293 in
507 1262 657 1303 mysterio.
671 1264 829 1302 Postquam
846 1268 943 1293 autem
962 1264 1067 1302 singu-

244 1312 289 1342 las
305 1310 393 1349 hujus
409 1308 513 1348 psalmi
541 1307 705 1337 sententias
732 1307 876 1346 attigeris,
908 1308 1066 1338 verborum

245 1364 353 1387 arcana
366 1352 515 1384 docebere
529 1363 537 1387 ;
554 1361 588 1382 ac
600 1351 699 1382 disces
719 1360 776 1381 non
786 1351 917 1391 cujusvis
926 1361 991 1382 esse
1003 1361 1068 1391 my-

246 1400 338 1431 steria
353 1398 449 1429 divina
459 1396 666 1435 contemplari,
684 1396 736 1426 sed
753 1397 817 1433 ejus
827 1396 932 1436 solius,
949 1397 997 1436 qui
1014 1396 1069 1426 im-

247 1445 346 1485 plendi
364 1442 500 1483 promiSsi
513 1450 655 1479 organum
671 1440 852 1470 concinnum
876 1441 940 1471 fieri
962 1441 1067 1481 possit,

249 1490 290 1520 sic
302 1493 332 1519 ut
344 1486 475 1528 psalterii
493 1486 556 1516 loco
571 1485 670 1515 anima
685 1485 766 1516 illius
781 1489 932 1515 moveatur
946 1486 982 1515 ab
998 1495 1068 1525 ope-

248 1531 562 1572 ranteinipsaSpiritu
575 1536 689 1561 sancto.
713 1529 805 1561 Vens.
824 1531 851 1559 2.
871 1530 950 1561 Deus
966 1535 1071 1561 noster

246 1579 401 1619 refugium
409 1575 727 1628 etvirtusﬂdj‘utorin
736 1574 1069 1628 tribulationibusquz:
1080 1604 1101 1628 υ

246 1625 427 1655 invenerunt
435 1630 487 1652 nos
494 1619 716 1651 nimis.Auxilio
724 1619 815 1650 multo
822 1629 897 1659 opus
905 1624 950 1650 est
957 1620 1070 1651 homini

246 1668 339 1708 omni,
356 1668 393 1698 ob
410 1666 527 1697 insitam
553 1665 580 1695 ei
607 1668 712 1695 natura
727 1664 930 1695 inﬁrmitatem
949 1674 955 1694 :
974 1664 1069 1705 siqui-

247 1714 314 1744 dem
324 1713 425 1743 multae
435 1711 462 1741 ei
475 1709 618 1740 molestiae
626 1718 830 1749 zerumnaeque
840 1709 1070 1740 accidunt.Dum

247 1759 336 1797 igitur
351 1757 389 1787 de
402 1755 543 1786 omnibus
553 1753 772 1785 calamitatibus
787 1754 935 1793 refugium
951 1754 1066 1794 quierit,

248 1802 332 1843 quasi
347 1801 383 1831 ad
409 1804 502 1830 tutum
530 1799 626 1829 locum
644 1798 810 1838 aufugiens,
836 1799 882 1829 vel
897 1798 932 1828 ad
950 1804 1069 1829 acutum

247 1846 405 1887 quemdam
416 1844 556 1874 verticem
568 1843 637 1873 forti
649 1852 733 1873 muro
752 1843 985 1882 circumseptum
1003 1852 1070 1874 sese

249 1890 409 1930 recnpiens,
422 1892 543 1928 propter
564 1888 696 1918 hostium
712 1887 879 1924 incursum,
895 1888 933 1918 ita
947 1887 1068 1919 demum

248 1936 283 1967 ad
301 1935 394 1966 Deum
408 1932 550 1972 confugit,
567 1936 650 1962 ratus
661 1932 737 1962 hanc
753 1931 845 1962 solam
859 1932 915 1962 sibi
934 1933 1068 1973 requiem

249 1989 326 2016 esse,
340 1979 365 2009 si
380 1979 410 2008 in
425 1978 489 2018 ipso
506 1983 692 2017 permaneat.
719 1977 878 2016 Ret'ugium
907 1977 1007 2017 itaque
1032 1977 1069 2008 ad

249 2025 342 2056 Deum
358 2027 471 2064 patere,
489 2022 519 2052 in
535 2021 672 2052 confesso
690 2025 736 2052 est
763 2021 839 2062 apud
857 2031 962 2053 omnes
979 2032 986 2052 :
1002 2022 1068 2061 sed,

249 2069 328 2110 quod
340 2068 376 2099 ad
397 2066 536 2098 salvantis
549 2066 726 2097 electionem
751 2066 867 2104 attinet,
890 2077 949 2097 non
966 2076 1068 2106 parum

248 2113 361 2146 erroris
371 2111 615 2151 confusionisque
631 2111 745 2142 invexit
776 2111 925 2142 inimicus.
951 2112 1069 2142 Etenim

249 2160 320 2190 dum
335 2158 490 2189 insidiatur
500 2155 579 2187 velut
588 2156 692 2196 hostis,
708 2165 812 2186 rursus
821 2156 929 2196 quibus
945 2156 1071 2187 insidia-

250 2208 297 2235 tus
309 2208 365 2241 est,
380 2211 432 2234 eos
451 2202 596 2241 deceptos
619 2201 745 2237 inducit,
761 2205 792 2232 ut
802 2201 839 2231 ad
855 2210 886 2231 se
901 2209 955 2231 ceu
971 2205 1073 2232 custo-

250 2249 319 2280 dem
331 2246 614 2287 confugiant.Quare
624 2245 733 2285 duplex
745 2245 789 2276 eis
801 2245 910 2276 malum
923 2246 1071 2277 imminet:
1084 2263 1107 2288 ι)

249 2293 359 2334 quippe
371 2296 421 2323 aut
431 2301 484 2333 per
499 2292 555 2322 vim
572 2291 742 2331 capiuntur,
758 2294 807 2321 aut
820 2299 856 2321 ex
874 2290 977 2321 fraude
1001 2300 1072 2331 per-

252 2337 411 2369 eunt.Eam
419 2336 456 2367 ob
463 2345 525 2366 rem
533 2335 569 2365 ad
576 2335 729 2365 daemones
736 2334 1071 2374 perfugiuntincreduli,

251 2387 280 2413 et
289 2381 326 2412 ad
342 2381 501 2419 idola,veri
516 2380 569 2412 Dei
584 2379 754 2419 cognitione
769 2388 805 2410 ex
817 2379 900 2410 illata
915 2379 973 2410 sibi
985 2389 1001 2410 a
1013 2379 1075 2411 dia-

248 2426 316 2458 bolo
333 2426 509 2458 confusione
533 2424 663 2464 spoliati.
678 2423 735 2455 Sed
758 2427 788 2454 et
808 2424 858 2464 qui
869 2424 962 2455 Deum
978 2433 1071 2464 agno-

250 2475 347 2508 scunt,
361 2472 391 2501 in
404 2469 527 2501 ferendo
543 2471 582 2500 de
593 2469 685 2500 rebus
696 2468 812 2508 judicio
825 2468 1013 2506 errant,dum
1030 2473 1074 2501 in-

289 2532 322 2557 88
338 2530 427 2563 ICor.
445 2538 494 2567 xv,
509 2530 558 2560 24.

294 2598 354 2640 (19)
364 2598 406 2640 It_a
420 2595 582 2640 Golbertini
596 2594 843 2640 pr_i_mus,_quintus
855 2599 884 2626 et
896 2599 1070 2640 ξενίας-ωηο

252 2635 368 2671 duobus
383 2637 511 2677 RegiisL
527 2645 582 2677 nec
606 2636 691 2666 aliter
716 2635 822 2675 legitur
837 2636 914 2675 apud
934 2636 1072 2677 Paulum,

251 2679 331 2712 ICor
359 2687 407 2718 xv,
426 2675 476 2708 “24.
492 2675 567 2707 Editi
584 2685 652 2718 vero
663 2685 730 2706 cum
745 2677 818 2714 Reg.
837 2676 969 2718 secundo
985 2675 1072 2718 παρειὲ

251 2716 415 2787 διδψ.διιες.
433 2721 532 2753 sextus
553 2716 648 2757 prima
665 2726 753 2746 manu
779 2716 925 2755 παραδιδῷ,
944 2717 1074 2747 secunda

251 2771 321 2787 παρα
338 2772 371 2787 (ﬂ.

251 2771 371 2796 παραοῳ.

290 2772 423 2839 Ῠέῧΐδὶε
437 2807 508 2828 mss.
522 2801 649 2836 septem.
668 2795 745 2839 Editi
762 2795 990 2839 vadata/iungi.

297 2835 361 2879 (21)
377 2839 461 2869 Colb.
477 2835 748 2879 primusnpoajsvro.
762 2835 822 2867 Nec
839 2836 878 2866 ita
895 2838 987 2879 multo
1004 2841 1074 2877 post

255 2875 307 2913 Beli
325 2875 396 2909 mss.
415 2879 450 2909 εἰς
466 2875 511 2907 τά.
528 2875 603 2906 Editi
620 2879 649 2905 et
658 2875 742 2907 Colb.
761 2880 862 2907 sextus
875 2878 934 2917 περὶ
948 2878 992 2909 τά,

915 133 944 164 S.
968 131 1108 165 BASILII
1134 135 1259 166 MAGNI

1870 135 1931 169 416

1314 291 1366 317 BIE
1390 291 1455 317 TON
1479 286 1537 315 ME’
1562 290 1718 319 ΨΑΛΜΟΝ.

1109 330 1153 362 Εἰς
1181 332 1211 358 τὸ
1254 331 1329 364 τέλος
1367 333 1429 371 ὑπὲρ
1460 335 1519 374 ,τῶν
1556 332 1619 374 toin
1663 335 1750 373 Κορι·
1782 334 1850 374 ὑπὲρ
1874 338 1930 363 τῶν

1388 372 1501 412 κρυφίων
1516 371 1634 410 ψαλμιῖς.

1150 417 1177 444 1.
1211 417 1374 456 Προφητείαν
1395 427 1441 455 μοι
1471 416 1547 445 δοκεῖ
1562 416 1698 457 περιέχειν
1715 419 1728 446 ὁ
1744 419 1854 457 ψαλμὸς
1869 420 1931 457 περὶ

1106 462 1158 488 τῶν
1173 461 1241 488 κατὰ
1253 462 1284 489 τὸ
1299 460 1387 493 τέλος,
1404 461 1495 501 ’Ὅπερ
1510 461 1587 494 τέλος
1609 461 1683 493 εἰδὼς
1705 464 1749 491 καὶ
1770 465 1785 491 ξι
1812 464 1931 501 Παῦλος,

1106 505 1204 544 φησίν·
1239 507 1306 534 Εἶτα
1347 507 1378 534 τὺ
1412 506 1500 543 τέλος¹
1544 506 1609 534 ὅταν
1650 507 1759 545 παραδῷ
1789 508 1851 548 (19)
1881 509 1933 542 τὴν

1106 549 1241 587 βατιλείαν
1264 551 1303 587 τῷ
1329 551 1387 588 Θεῷ
1408 552 1452 579 καὶ
1471 551 1563 590 Πατρί.
1596 550 1638 579 ’Ἦ
1666 552 1758 586 ἒπειδὴ
1782 555 1809 581 αἱ
1824 553 1934 592 πράξεις

1107 594 1184 631 ἡμῶν
1213 594 1360 633 ἀπάγουσιν
1391 597 1462 632 ἡμᾶς
1489 597 1553 630 πρὸς
1588 597 1617 623 τὸ
1643 596 1719 628 τέλος
1767 598 1869 630 ἑκάστη
1900 599 1933 626 τὸ

1107 639 1207 667 οἰκεῖον
1236 639 1328 677 ἑαυτῇ,
1358 641 1374 673 ἡ
1403 640 1452 677 μὲν
1477 640 1563 679 ἀγαθὴ
1581 641 1644 679 πρὸς
1660 641 1709 674 τὴν
1726 643 1932 682 μακαριότητα,

1106 684 1123 716 ἡ
1152 682 1180 710 δὲ
1209 683 1295 723 φαύλη
1327 685 1393 723 πρὸς
1431 685 1478 718 τὴν
1513 685 1620 712 αἰωνίαν
1651 686 1808 724 κατάκρισιν
1826 695 1834 701 '
1861 688 1886 715 αἱ
1904 686 1933 714 δὲ

1107 729 1178 767 παρὰ
1199 732 1247 757 τοῦ
1275 730 1427 766 Πνεύματος
1455 729 1482 757 ἐν
1511 733 1548 766 τῷ
1575 729 1676 768 ψαλμῷ
1702 732 1786 767 τούτῳ
1815 731 1932 771 παραδι-

1107 771 1215 810 δόμεναι
1239 773 1464 812 (201συμὸουλαὶ
1486 775 1551 812 πρὸς
1580 776 1610 803 τὸ
1643 775 1739 813 ἀγαθὸν
1769 776 1847 808 τέλος
1874 777 1928 804 ἀπ-

1108 817 1200 856 άγουσι
1230 820 1290 850 τοὺς
1320 819 1493 856 πειθομένους
1511 828 1519 836 '
1546 820 1638 847 τούτου
1662 819 1749 848 ἕνεκεν
1781 821 1931 860 ἐπιγέγρα-

1107 873 1171 890 πται
1200 863 1236 894 εἷς
1254 864 1284 891 τὸ
1314 863 1390 895 τέλος
1410 871 1417 878 ’
1441 865 1477 894 ὡς
1500 866 1548 897 τῆς
1571 864 1702 903 ἀναφορᾶς
1724 868 1778 892 τῶν
1800 864 1933 904 ὂιόαγμέ-

1107 918 1160 935 των
1189 907 1231 935 ἐπὶ
1259 909 1289 936 τὸ
1320 908 1452 947 μακάριον
1482 907 1557 940 τέλος
1593 908 1641 942 τῆς
1663 909 1829 947 ἀνθρωπίνης
1857 913 1931 945 ζωῆς

1107 952 1291 991 ὑπαρχούσης.
1315 952 1395 990 ’Υπὲρ
1429 955 1482 981 τῶν
1511 953 1574 982 υἱῶν
1603 953 1680 992 Κορέ,
1711 959 1775 986 Τοῖς
1802 953 1830 982 δὲ
1858 955 1931 987 υἱοῖς

1108 997 1174 1033 Κορὲ
1202 998 1244 1025 καὶ
1269 998 1344 1028 οὗτος
1375 997 1481 1036 εἴρηται
1497 998 1511 1025 ὁ
1538 996 1656 1035 ψαλμὸς,
1678 1009 1722 1030 ους
1738 1000 1768 1028 οὗ
1784 998 1883 1038 διαιρεῖ
1900 1001 1931 1027 τὸ

1109 1041 1213 1078 Πνεῦμα
1242 1042 1272 1069 τὸ
1297 1041 1384 1081 ἅγιον,
1415 1041 1482 1070 διότι
1510 1041 1600 1081 ὥσπερ
1629 1046 1677 1079 μιᾷ
1705 1045 1782 1083 ψυχῇ
1811 1044 1854 1072 καὶ
1880 1047 1932 1081 μιᾷ

1107 1088 1182 1124 φωνῇ
1208 1087 1276 1123 μετὰ
1307 1087 1396 1119 πάσης
1426 1089 1475 1120 τῆς
1505 1088 1569 1126 πρὸς
1611 1086 1744 1122 ἀλλήλους
1772 1089 1930 1128 συμφωνίας

1107 1130 1168 1161 τοὺς
1193 1131 1374 1170 προφητικοὺς
1402 1130 1498 1170 λόγους
1526 1133 1653 1170 προΐεντο
1680 1131 1756 1172 (21)“
1777 1131 1863 1169 μηδὲν
1886 1138 1934 1161 τοῦ

1108 1175 1196 1213 ἑτέρου
1224 1175 1310 1203 αὒτῶν
1338 1176 1407 1214 παρᾶ
1436 1176 1495 1206 τοὺς
1533 1176 1641 1207 λοιποὺς
1681 1178 1930 1216 προφητεύηντος,

1108 1218 1166 1246 ἀλλ’
1196 1219 1256 1247 ἴσου
1285 1220 1376 1252 αὺτοῖς
1400 1223 1446 1248 τοῦ
1473 1224 1637 1260 προφητικοῦ
1662 1222 1829 1260 χαρίσματος
1847 1221 1936 1261 ῗωρη-

1107 1264 1197 1296 θέντος
1224 1263 1266 1293 διὰ
1294 1265 1324 1292 τὸ
1355 1264 1416 1293 ’ίσον
1447 1264 1531 1293 αώτῶν
1560 1267 1609 1298 τῆς
1638 1267 1703 1304 πρὸς
1732 1266 1866 1301 ἀλλήλους
1896 1268 1935 1299 εἰς

1108 1310 1141 1336 τὰ
1171 1308 1239 1337 καλὰ
1268 1308 1420 1341 διαθέσεως.
1451 1309 1532 1348 ’Υπὲρ
1561 1309 1587 1338 δὲ
1616 1312 1668 1337 τῶν
1697 1311 1813 1350 κρυφίων
1848 1311 1934 1349 εἴρη-

1108 1365 1151 1381 ται
1178 1355 1192 1381 ὃ
1230 1353 1337 1391 ψαλμός
1356 1364 1363 1372 ⁸
1408 1354 1555 1394 τουτέστιν,
1592 1355 1657 1393 ὑπὲρ
1689 1355 1857 1394 ἀπορρήτων,
1889 1357 1935 1384 καὶ

1109 1402 1162 1426 τῶν
1185 1399 1212 1425 ἐν
1234 1400 1372 1437 μυστηρίῳ
1388 1398 1588 1437 κεκρυμμένων.
1616 1400 1761 1437 Γενόμενος
1778 1399 1805 1427 δὲ
1830 1400 1856 1428 ἐν
1872 1408 1935 1432 τοίς

1110 1443 1177 1471 κατὰ
1193 1442 1272 1482 μέρος
1302 1442 1394 1481 ῥητοῖς
1424 1447 1471 1472 τοῦ
1495 1443 1614 1483 ψαλμοῦ,
1645 1443 1752 1482 μαθήσῃ
1767 1445 1798 1472 τὸ
1814 1455 1936 1484 κεκρυμ-

1111 1487 1189 1524 μένον
1213 1489 1266 1514 τῶν
1282 1486 1369 1525 λόγων
1388 1497 1393 1503 ·
1413 1488 1456 1515 καὶ
1472 1487 1512 1515 ὅτι
1526 1487 1556 1515 οὗ
1571 1489 1617 1515 τοῦ
1642 1488 1772 1527 τυχόντος
1794 1490 1865 1517 ἔστὶν
1889 1489 1938 1517 ἑν-

1112 1531 1177 1559 ιδετν
1190 1538 1250 1563 τοῖς
1279 1531 1355 1563 θείοις
1387 1532 1554 1570 μυστηρίοις,
1571 1532 1589 1566 ἢ
1606 1533 1688 1569 μόνου
1703 1532 1764 1573 122)
1781 1537 1828 1561 τοῦ
1852 1533 1936 1563 δυνα-

1113 1575 1192 1613 μένου
1221 1575 1340 1614 γενέσθαι
1362 1578 1411 1609 τῆς
1438 1575 1596 1615 ἐπαγγελίας
1623 1577 1778 1616 ἐναρμόνιον
1805 1577 1933 1618 ὄργανον,

1112 1619 1180 1648 ὥστε
1210 1620 1266 1648 ἀντὶ
1303 1619 1450 1659 ψαλτηρίου
1486 1623 1617 1649 κινεῖσθαι
1658 1622 1736 1650 αὑτοῦ
1760 1623 1810 1656 τὴν
1839 1624 1938 1663 ψυχὴν

1111 1666 1162 1693 ὑπὸ
1187 1669 1233 1693 τοῦ
1272 1665 1439 1704 ἐνεργοῦντος
1481 1666 1548 1704 αἵγτῇ
1587 1667 1661 1704 ἁγίου
1694 1667 1861 1704 Πνεύματος.
1906 1668 1938 1698 '0

1113 1711 1177 1742 Θεὸς
1214 1711 1292 1746 ἡμῶν
1329 1711 1470 1750 κατατυγή
1513 1711 1557 1739 καὶ
1602 1710 1722 1748 δύναμις,
1768 1712 1867 1750 βοηθὸς
1910 1713 1940 1740 ἐν

1111 1754 1214 1792 θλίψεσι
1262 1761 1324 1786 ταῖς
1374 1754 1508 1795 ιῦρούσαις
1557 1756 1629 1793 ἡμᾶς
1663 1755 1774 1796 σφόδρα.
1826 1756 1939 1791 Πολλῆς

1111 1801 1235 1839 βοηθειας
1264 1799 1351 1828 δέεται
1381 1804 1433 1831 πᾶς
1461 1800 1609 1840 ἄνθρωπος,
1625 1800 1667 1829 διὰ
1695 1803 1745 1835 τὴν
1772 1802 1804 1830 ἑκ
1832 1803 1940 1842 φύσεως

1112 1848 1260 1884 προσοῦσαν
1285 1846 1355 1882 αὒτῷ
1385 1845 1531 1882 ἀσθένειαν,
1569 1845 1677 1873 πολλῶν
1717 1847 1790 1883 αὒτῷ
1815 1858 1937 1885 προσπι-

1112 1890 1231 1918 πτόντων
1260 1889 1374 1928 ἀνιαρῶν
1403 1891 1447 1918 καὶ
1476 1890 1619 1921 ἐπιπόνων.
1651 1891 1706 1924 Τὴν
1736 1892 1781 1920 οὖν
1810 1891 1870 1928 (23)
1906 1892 1936 1920 ἐκ

1111 1935 1217 1962 πάντων
1259 1937 1313 1962 τῶν
1353 1937 1546 1974 περιστατικών
1589 1936 1743 1975 καταφυγὴν
1787 1937 1937 1975 ἐπιζητῶν,

1110 1978 1200 2018 ὥσπερ
1226 1979 1269 2007 ἐπὶ
1296 1978 1392 2007 ἄσυλον
1417 1979 1520 2019 φεύγων
1541 1978 1598 2018 (24)
1622 1980 1732 2020 χωρίον,
1764 1980 1783 2014 ἢ
1804 1981 1849 2009 ἒπί
1878 1992 1939 2009 τινα

1111 2023 1229 2063 κορυφὴν
1249 2023 1338 2056 ὀξεῖαν
1365 2027 1485 2063 καρτερῷ
1510 2024 1596 2064 τείχει
1624 2024 1858 2063 περιειλημμένην
1884 2038 1939 2054 κα-

1111 2068 1261 2108 ταφεύγων,
1277 2068 1320 2096 διὰ
1334 2069 1383 2101 τὴν
1400 2069 1453 2096 τῶν
1482 2068 1618 2107 πολεμίων
1648 2069 1797 2109 ἐπιδρομήν
1812 2080 1820 2088 ·
1852 2071 1939 2103 οὕτως

1112 2113 1155 2142 ἐπὶ
1185 2114 1230 2141 τὸν
1261 2114 1325 2142 Θεὸν
1354 2114 1526 2153 καταφεύγει,
1572 2114 1657 2150 μόνην
1685 2115 1758 2143 εἶναι
1788 2116 1940 2154 ἡγούμενος

1114 2159 1259 2187 ἀνάπαυσιν
1284 2160 1333 2192 την
1348 2158 1376 2186 ἐν
1390 2158 1462 2195 αύτῷ
1477 2157 1606 2196 διαμονήν
1619 2167 1627 2175 ⁵
1653 2158 1720 2188 ’Ὅτι
1749 2160 1800 2197 μὲν
1822 2160 1869 2189 οὖν
1898 2161 1941 2189 ἐπὶ

1114 2204 1160 2231 τὸν
1195 2204 1260 2231 Θεὸν
1299 2204 1316 2237 ἡ
1351 2203 1492 2242 καταφυγὴ
1531 2204 1603 2242 παρὰ
1631 2207 1711 2232 πᾶσιν
1746 2204 1937 2244 ὡμολόγηται,

1115 2247 1218 2281 πολλὴν
1245 2246 1272 2275 δὲ
1300 2247 1406 2282 πλάνην
1430 2248 1474 2276 καὶ
1489 2248 1619 2287 σύγχυσιν
1641 2250 1655 2277 ὂ
1679 2249 1776 2289 ἰχθρὸς
1797 2250 1941 2284 ἐνεποίησε

1115 2293 1173 2330 περὶ
1197 2292 1246 2326 τὴν
1275 2297 1321 2322 τοῦ
1352 2292 1480 2328 σώζοντος
1510 2292 1636 2332 ἐκλογήν.
1672 2291 1867 2323 Ἐπιϐουλιύων
1891 2296 1941 2334 γὰρ

1115 2339 1152 2369 ὡς
1183 2336 1325 2374 πολέμιος,
1349 2336 1429 2365 πάλιν
1455 2337 1516 2369 τοὺς
1546 2336 1778 2370 ἐπιϐουλευθέντας
1804 2338 1938 2378 ἒξαπατᾷ,

1114 2382 1186 2419 αὒτῷ
1212 2382 1386 2421 προσφεύγειν
1407 2383 1443 2414 ὡς
1478 2381 1587 2421 φύλακι,
1614 2382 1681 2411 ὥστε
1706 2381 1816 2411 διπλοῦν
1846 2386 1942 2416 αὺτοῖς

1113 2427 1296 2466 περιίστασθαι
1324 2427 1355 2454 τὸ
1382 2427 1464 2454 κακὸν
1482 2436 1490 2444 ·
1517 2426 1535 2460 ἢ
1561 2427 1653 2465 βιαίως
1685 2427 1840 2468 ληφθεῖσιν,
1864 2429 1883 2462 ἢ
1911 2428 1940 2461 ιε

1114 2472 1219 2505 ἀπάτης
1246 2470 1432 2508 ἂπολομένοις.
1469 2471 1518 2499 Διὰ
1540 2474 1618 2500 τοῦτο
1645 2472 1710 2512 πρὸς
1730 2469 1866 2510 δαίμονας
1895 2475 1941 2501 καὶ

1156 2595 1218 2641 (22‘;
1233 2592 1330 2644 Eilitio
1345 2592 1435 2623 Basil.
1450 2596 1479 2623 et
1491 2592 1625 2633 quinque
1637 2593 1730 2627 mssﬁ‘i
1743 2593 1940 2631 μόνουΕᾶῆἱί.

1115 2638 1210 2668 Paris.
1229 2638 1320 2672 μόνον.

1154 2674 1377 2716 (23)_Vo_culam
1397 2678 1439 2716 99v
1459 2673 1628 2704 addidimus
1646 2682 1680 2703 ex
1697 2675 1810 2705 Catena
1825 2675 1938 2707 Corde-

1115 2714 1214 2747 riana.‘
1228 2714 1341 2745 ibidem
1359 2714 1442 2745 Colb.
1461 2716 1605 2753 septimus
1621 2718 1830 2746 πεοιστατικῶν,

1157 2754 1321 2796 (24},Editi
1348 2755 1533 2796 καταφιύγ-ων.
1563 2753 1601 2784 At
1629 2762 1700 2796 mss.
1726 2761 1845 2796 septem
1874 2758 1942 2796 φεύ-

1115 2790 1360 2846 γωνηᾹιίίιοειοιο
1385 2790 1451 2834 post
1474 2790 1549 2832 Reg.
1578 2793 1680 2824 tertius
1706 2790 1846 2834 πολξμίων
1872 2790 1942 2826 in:

1114 2846 1226 2874 ορομην.
