2023 3140
101 171 159 204 433

638 171 800 203 HOMILIA
822 171 863 201 IN
887 167 1068 202 PSALMUM
1090 173 1227 204 XLVIII.

1724 172 1784 205 434

97 252 148 275 σης
164 240 395 282 ὑπσρανάστηκεν,
421 240 489 269 ὥστε
505 239 531 273 ἑξ
553 239 672 270 ἀπόπτου
701 239 786 269 πάντῃ
807 238 873 268 ἰδεῖν
889 238 922 266 τὰ

969 237 1035 270 ideo
1046 240 1156 272 vocalis
1167 249 1273 281 praeco,
1294 244 1326 272 ut
1337 240 1477 272 inclamet
1492 239 1570 280 quod
1581 249 1598 270 a
1609 243 1650 270 tot
1661 239 1786 271 auribus

97 287 172 322 ἔθνη,
203 287 248 315 καὶ
272 289 359 315 πᾶσαν
389 286 440 320 τὴν
478 286 635 324 οἰκουμένην
660 285 787 325 δφθαλμῷ
808 283 920 324 περιλα-

96 331 169 370 ϐεϊνς
185 333 229 364 Τίς
252 331 321 361 οὕτω
347 331 605 372 μύγαλοφωνότατος
636 329 727 370 κῆρυξ,
744 330 813 358 ὥστε
829 329 922 357 τοσαύ-

95 389 156 410 ταις
186 378 254 415 ὁμοῦ
276 377 372 408 ἀκοαῖς
403 375 559 409 ἐξάκουστον
584 374 725 415 ἐμϐοῆσας
749 374 792 406 τίς
809 375 822 402 ὁ
837 373 921 413 δέχο-

96 424 159 450 σθαι
183 421 328 459 δυνάμενος
356 424 445 462 χῶρος
470 421 530 453 τοὺς
552 421 785 459 ἱκκλησιάζοντας
803 418 919 452 Πηλίκος

95 466 125 495 δὲ
146 468 160 495 ὀ
187 465 343 499 διδάσκαλος
367 466 411 494 καὶ
425 466 545 497 ποτᾶπος
571 466 621 499 τὴν
649 465 754 505 σοφίαν,
777 464 846 493 ὥστε
861 462 920 496 ἄξια

96 511 146 546 τῆς
162 511 328 545 τηλικαύτης
343 510 503 545 Ἐκκλησίας
528 510 595 550 (63)
612 510 727 549 ἐξευρεῖν
741 510 774 538 τὰ
789 508 919 548 διδάγμα-

96 566 144 595 τσ.;
160 557 260 595 Mmva
280 555 434 593 ἀνάμεινον,
450 556 493 584 καὶ
510 556 629 595 μαθήσῃ,
652 554 694 583 ὅτι
721 553 768 587 ἄξα
793 553 839 582 τοῦ
867 553 918 581 ἑπ-

96 600 269 640 αγγέλματός
284 600 340 628 ἐστι
364 601 398 629 τὰ
419 599 525 640 ἐφεξῆς.
552 599 581 629 ’0
609 599 658 637 μὶν
674 600 723 639 γὰρ
739 597 921 634 ἐκκλησίάζων

96 647 141 675 καὶ
169 646 257 674 πάντα
296 644 436 685 συγκαλῶν
465 649 504 682 τῷ
530 645 680 684 κηρύγματι
709 645 723 672 ὸ
745 642 920 682 Παράκλητός

96 701 169 731 εστι,
187 691 219 719 τὸ
233 693 340 728 Πνεῦμα
352 692 402 724 τῆς
416 689 552 728 ἀληθείας,
570 689 611 717 διὰ
626 692 769 729 προφητῶν
784 689 828 717 καὶ
849 688 920 716 ἀπο-

98 735 201 764 στόλων
225 736 344 774 συνάγων
374 734 436 775 (64)
467 735 528 765 τοὺς
559 733 738 772 σωζομένους”
767 735 803 761 ὧν
829 731 921 766 ἐπειδὴ

98 781 142 811 Εἰς
177 780 283 809 ἅπασαν
325 779 374 814 τῆν
411 782 463 819 γῆν
490 779 597 813 ἐξῆλθεν
631 780 645 807 δ
673 778 787 819 φθόγγος
824 776 920 812 αὐτῶν,

96 825 140 853 καὶ
155 826 193 858 εἷς
219 824 252 853 τὰ
279 824 380 863 πέρατα
415 826 465 857 τῆς
495 822 652 860 οἰκουμένης
680 823 714 851 τὰ
739 821 845 862 ῥήματα
873 823 921 851 αὒ-

963 283 1050 315 simul
1060 285 1212 317 audiatur?
1228 284 1298 321 Quis
1315 285 1397 316 locus
1413 288 1449 316 ad
1466 285 1640 316 concionem
1659 285 1783 316 venien-

962 331 1006 358 tes
1017 334 1104 369 queat
1114 329 1267 370 excipere?
1277 330 1410 366 Quantus
1421 333 1519 361 autem
1531 329 1645 370 doctor,
1660 333 1690 360 et
1705 330 1785 370 quali

961 373 1107 412 sapientia
1115 374 1302 415 praeditus,ut
1312 375 1490 405 documenta
1501 374 1631 405 inveniat
1641 383 1783 405 consessu

961 422 1041 448 tanto
1052 419 1154 459 digna?
1165 421 1311 460 Exspecta
1322 423 1526 461 parumper,et
1536 429 1570 451 ea
1581 428 1646 460 qua;
1656 428 1784 459 sequun-

962 466 1019 501 tur,
1027 464 1318 505 promissisjndigna
1330 474 1387 495 non
1404 474 1469 496 esse
1482 465 1612 500 edisces;
1628 464 1784 505 Siquidem

962 508 1168 545 concionator.
1193 514 1222 540 et
1238 510 1288 549 qui
1301 519 1405 540 omnes
1420 509 1569 550 praeconio
1585 509 1676 548 cogit,
1694 510 1786 540 Para-

962 551 1055 584 cletus
1071 557 1126 591 est,
1144 554 1193 584 ille
1205 553 1332 594 Spiritus
1344 554 1486 590 veritatis,
1505 562 1558 593 per
1570 554 1730 594 prophetas
1758 557 1788 583 et

960 598 1111 637 apostolos
1124 608 1175 629 eos
1189 608 1372 638 congregans
1387 599 1437 639 qui
1456 598 1582 630 salutem
1598 598 1786 629 consecuturi

961 647 1054 674 erant:
1069 652 1195 683 quorum
1204 644 1274 684 quia
1285 643 1321 674 In
1329 653 1448 675 omnem
1461 648 1577 674 terram
1588 643 1683 674 exivit
1693 644 1786 674 so‘nus

961 691 1106 727 eorum,et
1119 691 1149 719 in
1163 689 1237 727 ﬁnes
1247 689 1329 720 orbis
1341 693 1431 720 terra;
1443 687 1535 719 verba
1548 687 1787 726 eorum37;idcir-

964 741 999 762 co
1009 732 1321 770 dicit:Audite,omnes
1332 736 1478 773 gentes,et
1487 741 1589 764 omnes
1601 733 1654 773 qui
1665 732 1790 763 habita-

964 777 1003 807 tis
1013 776 1123 808 orbem.
1137 777 1322 818 Quapropter
1337 782 1365 808 et
1377 776 1509 808 Ecclesia
1526 787 1561 808 ex
1574 776 1711 808 omnibus
1721 776 1785 807 col-

965 822 1040 854 lecta
1055 827 1100 854 est
1115 823 1384 863 conditionibus,ut
1396 833 1482 855 nemo
1500 824 1548 864 qui
1566 832 1667 854 exsors
1678 822 1786 853 situti-

97 873 164 899 τῶν
193 869 236 898 διὰ
264 869 341 897 τοῦτό
370 876 462 909 φησιν’
493 867 651 908 Ἀκούσατε,
678 867 763 895 πάντα
792 867 826 894 τὰ
847 865 920 900 ἔθνη,

969 868 1054 898 litatis
1064 868 1384 908 relinquatur.Etenim
1397 868 1642 908 congregationes
1652 872 1711 898 tres
1720 870 1788 898 sunt

98 915 142 943 καὶ
179 924 278 946 παντες
313 915 337 941 οἱ
365 917 549 944 κατοικοῦντες
583 913 634 946 τὴν
672 911 842 949 οἰκουμένην.
875 911 921 939 Διὸ

99 960 141 988 καὶ
169 960 187 993 ἡ
203 957 349 992 Ἐκκλησία
379 958 410 986 ἐκ
430 956 607 987 παντοδαπῶν
632 955 847 993 ἐπιτηδευμάτων
863 966 923 984 συν·

99 1004 228 1043 είλικται,
259 1002 305 1032 ἴνα
326 1002 420 1040 μηδεὶς
445 1002 497 1035 ἔξω
521 1005 571 1036 τῆς
599 1000 729 1041 ὠφελείας
760 1000 920 1041 ἀπολειφθῇ.

100 1055 179 1089 Τρεῖς
203 1049 254 1088 γὰρ
293 1048 343 1076 εἶσι
372 1047 490 1085 συζυγίαι
518 1050 571 1075 τῶν
597 1045 790 1085 κεκλημένων,
821 1046 848 1074 ἐν
875 1046 921 1077 αῖς

98 1094 171 1122 ἁπαν
191 1094 222 1121 τὺ
240 1093 294 1121 τὼν
320 1092 464 1132 ἀνθρώπων
496 1091 651 1132 περιέχεται
681 1090 758 1130 γένος
787 1091 848 1124 ἔθνη
871 1091 921 1130 γὰρ

99 1139 122 1167 οἱ
147 1141 334 1170 κατοικοῦντες
354 1138 404 1171 τὴν
433 1136 600 1174 οἱκουμένην·
624 1142 752 1176 γηγενεῖς
776 1137 820 1164 καὶ
834 1136 858 1164 οί
871 1135 921 1164 υἱοὶ

98 1186 151 1212 τῶν
180 1182 335 1222 ἀνθρώπων·
365 1181 490 1210 πλούσιοι
519 1182 563 1210 καὶ
593 1181 718 1215 πένητες.
749 1181 812 1210 Τίνα
835 1180 921 1209 τοίνυν

98 1229 147 1262 ἔξω
173 1227 350 1256 καταλέλοιπε
367 1228 418 1260 τῆς
448 1225 623 1266 ἀκρᾶάσεως;
651 1227 681 1255 Οἱ
707 1225 842 1266 ἀλλότριοι
870 1228 921 1259 τῆς

98 1274 215 1304 πίστεως
239 1271 281 1300 διὰ
299 1271 361 1312 (65)
390 1272 443 1300 τῶν
474 1271 553 1300 ἐθνῶν
582 1270 744 1306 ἐκλήθησαν,
776 1271 808 1299 Οἳ
837 1281 864 1298 εν
886 1273 921 1308 τῇ

98 1317 247 1354 Ἐκκλησία
276 1317 351 1354 εἰσὶν,
385 1317 408 1345 οἱ
444 1315 630 1347 κατοικοῦντες
668 1316 718 1349 τὴν
751 1315 920 1353 οἱκυυμένην,

98 1365 228 1401 Γηγενετς
245 1362 268 1390 οὶ
284 1362 317 1390 τὰ
333 1362 412 1400 γήινα
441 1363 607 1401 φρονοῦντες,
625 1361 668 1389 καὶ
689 1363 741 1388 τῶν
763 1359 921 1397 θελημάτων

98 1410 148 1440 τῆς
173 1407 271 1446 σαρκὸς
299 1406 489 1446 ἀντεχόμενοί,
512 1406 569 1434 Υίοὶ
583 1405 636 1433 τῶν
663 1405 808 1445 ἀνθρώπων
824 1406 846 1433 οἱ
863 1404 924 1432 ἐπι-

100 1451 209 1490 μέλειάν
235 1462 294 1480 τινα
325 1451 369 1479 καὶ
398 1450 512 1484 ἄσκησιν
549 1454 596 1479 τοῦ
633 1449 713 1489 λόγου
757 1450 922 1488 ποιούμενοι·

102 1496 172 1525 ἴδιον
197 1496 248 1535 γὰρ
277 1499 323 1525 τοῦ
338 1495 475 1535 ἀνθρώπου
487 1495 517 1523 τὸ
532 1494 651 1534 λογικόν.
679 1493 800 1523 Πλούσιοι
816 1495 859 1523 καὶ
874 1493 926 1522 πέ-

963 912 1255 953 vocatorum,qnibus
1268 922 1358 944 omne
1374 913 1526 943 hominum
1538 921 1631 952 genus
1646 921 1786 952 compre—

963 956 1115 996 henditur;
1130 962 1233 996 gentes
1245 963 1273 988 et
1282 957 1452 989 habitantes
1467 957 1584 995 orbem;
1596 957 1752 995 terrigenae
1760 961 1789 987 et

964 1002 1015 1032 ﬁlii
1027 1002 1304 1042 hominum,divites
1313 1008 1341 1034 et
1354 1011 1510 1042 pauperes.
1523 1003 1617 1040 Quem
1632 1002 1720 1041 igitur
1731 1011 1788 1033 ex-

965 1051 1007 1079 lra
1022 1046 1191 1078 auditorum
1208 1047 1446 1086 reliquit?A|ieni
1456 1057 1471 1078 a
1483 1047 1608 1088 tide,per
1624 1051 1730 1086 gentes
1739 1056 1789 1078 vo-

963 1092 1018 1123 cati
1033 1093 1185 1124 l78snnt.
1205 1093 1260 1129 Qui
1279 1098 1398 1124 manent
1411 1093 1441 1123 in
1457 1092 1625 1131 Ecclesia,ii
1641 1097 1721 1128 sunt,
1734 1094 1784 1132 qui

964 1136 1094 1168 habitant
1109 1137 1227 1168 orbem.
1246 1137 1417 1177 Terrigenae
1432 1141 1501 1168 sunt
1527 1137 1577 1177 qui
1596 1142 1715 1168 terrena
1736 1146 1787 1167 sa—

965 1180 1048 1221 piunt
1060 1187 1089 1213 et
1100 1182 1198 1212 carnis
1216 1182 1320 1222 placita
1334 1181 1617 1221 assequuntur.Filii
1633 1182 1787 1212 homiuum

963 1226 1235 1267 sunt,quiquodam
1251 1228 1338 1258 modo
1353 1227 1499 1258 rationem
1515 1232 1620 1257 curant
1636 1230 1789 1256 exercent-

964 1280 1103 1311 que;nam
1116 1273 1190 1302 ratio
1203 1271 1321 1312 propria
1333 1271 1462 1302 hominis
1474 1271 1661 1302 est.Divitum
1671 1280 1706 1301 ac
1719 1279 1788 1310 pau-

965 1324 1066 1355 perum
1086 1316 1253 1356 proprietas
1269 1325 1323 1356 per
1338 1325 1371 1347 se
1385 1316 1588 1356 cognoscitur:
1607 1315 1648 1346 illi
1666 1314 1785 1355 quidem

963 1360 1206 1400 superabundant
1227 1370 1328 1392 rerum
1339 1361 1572 1392 necessariarum
1585 1360 1787 1401 possessione,

966 1405 997 1436 hi
1013 1414 1081 1436 vero
1094 1406 1124 1436 in
1141 1406 1315 1437 earumdem
1336 1406 1435 1446 inopia
1459 1406 1580 1446 degunt.
1600 1406 1672 1437 Cum
1688 1408 1787 1435 autem

968 1450 1102 1482 medicus
1118 1450 1287 1482 animarum
1310 1460 1368 1481 non
1383 1454 1508 1491 venerit,
1525 1456 1554 1481 nt
1574 1452 1670 1489 justos
1696 1454 1790 1485 vocet,

967 1495 1018 1525 sed
1038 1499 1209 1535 peccatores
1221 1495 1257 1527 ad
1275 1494 1601 1536 pmnitentiaquuod
1619 1494 1648 1525 in
1660 1492 1791 1535 qualibet

103 1551 184 1575 νητες
214 1540 320 1569 αὒθόθεν
341 1539 433 1579 ἔχουσι
459 1540 657 1579 γνωριζομένην
678 1540 726 1573 τὴν
754 1538 884 1572 ἰδιότητα·
903 1539 926 1566 οἱ

969 1540 1177 1579 coniugatione
1193 1540 1421 1580 reprehensioni
1438 1540 1599 1571 obnoxium
1617 1543 1680 1570 erat
1704 1542 1792 1578 atque

104 1585 152 1623 μὲν
167 1584 368 1624 ὑπερϐαίνοντες
389 1585 438 1617 τὴν
468 1585 562 1617 κτῆσιν
592 1587 645 1612 τῶν
674 1584 835 1623 ἀναγκαίων,
852 1585 874 1611 οἱ
898 1582 926 1611 δὲ

104 1630 130 1658 ἐν
146 1629 232 1665 ἓνδείᾳ
259 1629 358 1658 τούτων
387 1628 596 1662 καθεστηκότες.
625 1627 733 1662 Ἐπειδὴ
761 1627 788 1656 δὲ
806 1630 819 1656 ὁ
837 1629 925 1667 ἰατρὸς

103 1675 156 1704 τῶν
181 1677 279 1714 ψυχῶν
295 1675 342 1702 οὐκ
355 1673 419 1712 ἦλθε
443 1673 554 1701 καλέσαι
570 1672 696 1712 δικαίους,
714 1672 782 1701 ἀλλὰ
800 1673 925 1712 ἀμαρτω-

103 1720 165 1752 λοὺς
183 1720 221 1751 είς
237 1719 391 1759 μετάνοιαν,
422 1721 527 1758 πρῶτον
556 1717 645 1751 ἔταξεν
673 1718 700 1746 ἐν
728 1721 762 1756 τῇ
790 1717 884 1752 κλήσει
900 1719 928 1746 ἓν

103 1765 205 1803 ἑκάστῃ
235 1764 344 1803 συζυγίᾳ
371 1764 401 1791 τὸ
424 1763 655 1802 κατεγνωσμένον.
688 1763 798 1801 Χείρονα
825 1763 875 1802 γὰρ
896 1764 928 1791 τὰ

103 1809 165 1843 ἔθνη
196 1812 250 1837 τῶν
279 1808 474 1837 κατοικούντων
501 1808 550 1842 τὴν
577 1807 744 1846 οἰκουμένην
773 1807 832 1836 ἀλλ’
855 1807 928 1845 ὅμως

105 1854 299 1893 προτετίμηται
318 1852 378 1892 (66)
395 1854 432 1885 εἱς
448 1853 497 1886 τὴν
512 1852 619 1892 κλῆσιν,
636 1852 682 1881 ’ἕνα
701 1854 724 1881 οἱ
746 1856 834 1886 κακῶς
848 1852 930 1892 ἕχον-

104 1909 148 1931 ut,
177 1897 304 1937 πρότερον
328 1896 497 1935 μεταλάϐωσι
527 1900 576 1931 τῆς
604 1899 634 1926 εκ
669 1902 715 1927 τοῦ
734 1898 823 1936 ἰατροῦ
858 1898 933 1937 ὠφε-

106 1943 191 1974 λείας.
218 1941 302 1970 Πάλιν
328 1943 352 1970 οἱ
379 1948 504 1981 γηγενεῖς
525 1943 576 1981 πρὸ
603 1945 656 1970 τῶν
677 1943 739 1970 ῦὶῶν
761 1945 813 1970 τῶν
829 1941 931 1980 ἀνθρώ-

107 2000 165 2016 πων
190 1987 355 2027 ἐτάχθησαν·
379 1988 424 2015 καὶ
452 1986 572 2015 πλούσιοι
599 1987 649 2026 πρό
664 1987 716 2015 τῶν
739 1987 870 2022 πενήτων.
897 1987 933 2015 Τὸ

107 2032 316 2071 ἆπεγνωσμένο)
344 2031 445 2070 τάγμα,
476 2032 520 2059 καὶ
545 2031 673 2060 δύσκολον
689 2031 754 2071 ἕχον
775 2031 824 2065 τὴν
840 2042 931 2064 σωτη-

109 2078 178 2117 ρὶαν,
209 2077 337 2116 πρότερον
367 2075 495 2110 κέκληται
524 2079 576 2104 τῶν
607 2080 735 2116 πτωχῶν.
754 2077 868 2109 Τοιαύτη
884 2075 934 2114 γὰρ

111 2123 128 2156 ἡ
143 2126 190 2151 τοῦ
204 2122 294 2160 ἰατροῦ
319 2121 500 2161 φιλανθρωπία
529 2128 586 2154 τοκ
603 2121 809 2160 ἀσθενεστέροις,
833 2120 933 2159 προτὲι

968 1584 1162 1620 damnationi,
1179 1585 1207 1616 id
1222 1588 1351 1625 primum
1367 1585 1396 1615 in
1412 1585 1563 1616 vocatione
1593 1584 1701 1624 posuit.
1729 1584 1794 1615 De—

970 1629 1094 1659 tcriorcs
1110 1630 1189 1660 enim
1211 1635 1281 1660 sunt
1296 1634 1400 1669 gentes
1423 1639 1509 1669 quam
1526 1629 1576 1670 qui
1594 1628 1727 1659 habitant
1742 1637 1792 1658 or-

969 1673 1104 1704 bemzsed
1134 1679 1232 1704 tamen
1250 1674 1416 1714 praeposita:
1430 1679 1499 1704 sunt
1526 1674 1555 1704 in
1571 1673 1742 1710 vocatione,
1762 1677 1795 1704 ut

969 1718 1018 1758 qui
1031 1718 1105 1749 male
1121 1719 1231 1750 habent
1246 1719 1361 1759 priores
1376 1728 1392 1749 a
1409 1719 1524 1759 medico
1555 1717 1721 1758 percipiant
1737 1717 1793 1747 liti-

970 1764 1215 1794 htatemﬂursus
1231 1765 1388 1804 lerrigenw
1402 1767 1472 1794 ante
1487 1763 1564 1794 ﬁlios
1577 1762 1729 1793 hominum
1748 1771 1794 1792 re-

970 1808 1075 1839 censiti
1092 1812 1173 1846 sunt;
1188 1813 1217 1839 et
1231 1808 1339 1840 divites
1354 1813 1423 1839 ante
1439 1817 1597 1849 pauperes.
1616 1807 1797 1846 Desperatus

971 1852 1057 1888 ordo,
1075 1858 1103 1883 et
1122 1853 1173 1892 qui
1186 1853 1345 1884 difﬁculter
1360 1853 1485 1884 salutem
1498 1852 1701 1892 consequitur,
1725 1856 1796 1881 ante

974 1901 1093 1927 vocatus
1107 1901 1150 1928 est
1167 1907 1255 1938 quam
1274 1907 1427 1938 pauperes.
1445 1896 1624 1937 Hujusmodi
1655 1896 1733 1926 enim
1751 1898 1798 1926 est

975 1941 1142 1981 benignitas
1156 1943 1361 1982 medici2prius
1371 1952 1458 1983 opem
1470 1943 1525 1973 fert
1534 1940 1797 1973 imbecillioribus.

975 1987 1172 2018 Simulautem
1192 1988 1271 2027 pacis
1284 1987 1373 2018 etiam
1398 1987 1583 2018 conciliatrix
1601 1990 1645 2017 est
1659 1995 1798 2016 commu-

975 2031 1051 2061 nitas
1063 2031 1239 2067 vocationis,
1252 2032 1325 2062 adeo
1344 2037 1373 2062 ut
1392 2032 1442 2070 qui
1460 2032 1605 2062 hactenus
1634 2032 1708 2060 inter
1721 2039 1753 2060 se
1770 2029 1799 2059 in

976 2075 1110 2106 moribus
1126 2075 1339 2111 dissenserant;
1354 2076 1390 2106 ob
1409 2077 1485 2106 hunc
1502 2080 1679 2106 conventum
1693 2077 1801 2104 mutuae

976 2124 1147 2150 assuescant
1162 2120 1309 2151 charitati.
1332 2124 1478 2160 Agnoscat
1492 2120 1571 2150 enim
1587 2120 1672 2149 dives
1684 2127 1716 2148 se
1732 2127 1800 2148 cum

111 2178 166 2206 ροις
181 2165 242 2203 (67)
259 2165 414 2203 μεταδίδωσι
437 2166 485 2200 τῆς
517 2165 656 2205 ὡφελείας,
689 2165 772 2201 Ὀμοῦ
795 2164 822 2193 δὲ
838 2166 881 2193 καὶ
898 2165 926 2192 εἱ-

977 2173 1105 2205 paupere
1122 2165 1270 2204 praeconio
1285 2165 1347 2204 pari
1365 2172 1502 2195 vocatum
1515 2163 1698 2195 csse.Simul
1713 2163 1745 2194 in
1761 2172 1800 2193 u-

110 2212 195 2251 ρήνης
223 2209 278 2238 ἐστὶ
294 2211 447 2249 συναγωγὸν
469 2211 486 2244 ἡ
508 2210 632 2239 κοινωνία
647 2210 696 2244 τῆς
710 2209 844 2249 κλήσεως,
862 2209 931 2237 ὥστε

109 2256 170 2288 τοὺς
193 2254 308 2295 ἔχοντας
329 2254 395 2287 τέως
420 2254 451 2282 ἐκ
465 2257 518 2282 τῶν
543 2253 759 2292 ἑπινηδευμάτων
773 2254 838 2293 πρὸς
850 2253 901 2282 ἀλλ
907 2254 933 2288 ή-

109 2299 169 2331 λους
183 2300 357 2340 ὑπεναντίως,
373 2299 479 2330 totitoti:
509 2298 551 2327 διὰ
572 2301 620 2333 τῆς
652 2298 813 2332 Ἐκκλησίας
849 2309 933 2336 προσ-

110 2345 245 2377 ὠισθήναι
267 2343 395 2379 ἀλλήλοις
421 2344 458 2374 είς
487 2343 536 2377 τὴν
562 2344 682 2382 ἀγάπην,
714 2343 871 2371 Γινωσκέτω
886 2343 936 2381 γὰρ

111 2390 124 2417 δ
145 2388 286 2428 πλούσιος,
313 2387 354 2417 ὅτι
383 2388 504 2425 ὁμοτίμῳ
533 2388 683 2427 κηρύγματι
710 2387 840 2421 κέκληται
864 2388 930 2427 πρὸς

111 2434 157 2461 τὸν
178 2434 294 2466 πένητα.
321 2431 382 2462 Ἐπὶ
407 2433 438 2461 τὸ
462 2433 525 2460 αὖτὸ
551 2432 612 2472 γὰρ,
636 2433 712 2472 φησὶ,
735 2432 862 2463 πλούσιος
889 2433 932 2460 καὶ

112 2477 207 2512 πένης.
236 2477 314 2510 ’Ἒξω
342 2477 497 2507 καταλιπὼν
523 2479 572 2511 την
602 2479 667 2516 πρὸς
682 2478 742 2510 τοὺς
758 2476 933 2505 καταδεεστέ-

113 2533 172 2561 ρως
186 2523 336 2563 ὑπεροχὴν,
362 2522 450 2550 καὶτὸ
471 2522 502 2550 ἐκ
526 2526 572 2550 τοῦ
599 2522 714 2551 πλούτου
736 2522 869 2562 φρύαγμα,
887 2521 933 2549 0’3-

153 2602 185 2627 37
200 2601 280 2634 Psal.
296 2609 377 2643 xvui,
393 2602 424 2634 5.
465 2602 498 2627 38
512 2601 618 2634 Matth.
637 2609 678 2640 ix,
695 2601 744 2634 13.

156 2682 220 2722 (63)
237 2681 333 2713 Editio
357 2682 445 2713 Basil.
462 2681 626 2716 τηλικαύτης
643 2681 746 2722 σοφίας.
771 2681 869 2722 Editio
884 2683 940 2713 Pa-

115 2722 170 2760 ris,
186 2721 255 2754 cum
273 2730 345 2754 mss.
362 2722 526 2756 τηλικαύτης
543 2721 716 2760 Ἐκκλησίάς,
735 2721 941 2753 bene.lbidem

116 2763 187 2793 editi
205 2763 336 2800 ἀνάμενον
358 2764 401 2791 καὶ
417 2763 543 2801 μαθήσει.
565 2763 601 2793 At
625 2771 698 2794 mss.
726 2771 776 2792 sex
800 2762 941 2800 ἀνάμεινον

117 2805 162 2832 καὶ
174 2804 300 2840 μαθήσει.

159 2843 219 2882 (64)
233 2842 276 2874 Ita
291 2852 342 2873 sex
360 2851 431 2873 mss.
452 2842 489 2873 At
506 2842 576 2873 editi
592 2843 713 2880 σύνὰγον.

160 2881 220 2923 (65)
236 2882 333 2914 Editio
348 2882 440 2914 Paris.
457 2884 500 2911 κιὶ
514 2882 575 2913 διά.
591 2881 684 2913 Abest
698 2882 744 2910 καί
762 2885 790 2912 et
805 2890 822 2913 a
834 2890 907 2912 mss.
918 2886 947 2913 et

975 2218 1047 2239 num.
1057 2209 1346 2248 enim,inquit,rlivcs
1354 2210 1716 2248 ctpauprrPosteaquam
1728 2207 1802 2238 toris

975 2253 1131 2293 reliqueris
1141 2262 1207 2283 eam
1224 2263 1280 2293 qua
1293 2253 1449 2284 inferiores
1457 2262 1577 2293 superas
1587 2252 1799 2292 prmstantiam,

977 2302 1005 2328 et
1020 2306 1084 2328 eam
1100 2307 1165 2337 qum
1174 2306 1210 2328 ex
1222 2297 1332 2328 divitiis
1342 2298 1436 2328 oritur
1451 2296 1667 2332 clationemjta
1680 2295 1800 2327 demum

977 2342 1135 2382 ingredere
1164 2343 1192 2372 in
1220 2342 1381 2373 Ecclesiam
1398 2341 1460 2373 Dei.
1479 2343 1581 2382 Neque
1607 2341 1694 2380 igitur
1722 2341 1804 2372 dives

974 2396 1134 2427 pauperem
1155 2387 1417 2427 despiciat;neque
1431 2397 1541 2427 pauper
1560 2387 1699 2418 formidet
1723 2386 1805 2416 locu-

975 2433 1084 2472 pletum
1100 2431 1274 2470 potentiam:
1288 2441 1384 2472 neque
1397 2432 1446 2463 lilii
1460 2432 1618 2462 hominum
1634 2431 1804 2470 terrigenas

977 2475 1201 2517 parvipendant,
1225 2485 1279 2507 nec
1299 2485 1401 2507 rursus
1417 2476 1452 2507 ab
1466 2477 1524 2508 illis
1539 2485 1606 2507 sese
1631 2475 1806 2506 abalienent

976 2521 1212 2560 terrigenzeJmo
1224 2525 1327 2561 gentes
1343 2531 1409 2552 cum
1426 2521 1462 2552 iis
1474 2521 1526 2561 qui
1540 2521 1674 2552 habitant
1686 2520 1802 2559 orbem,

982 2681 1019 2713 ab
1033 2682 1164 2713 editione
1179 2682 1269 2713 Basil.

1027 2723 1090 2770 [ϐίη
1102 2722 1151 2753 Sic
1166 2723 1297 2762 quinque
1311 2732 1381 2752 mss.
1399 2723 1434 2753 At
1450 2721 1520 2753 editi
1532 2730 1598 2752 cum
1630 2719 1703 2760 Reg.
1725 2723 1808 2750 sexto

984 2774 1186 2802 προτετεμη-ιπιν,

1026 2803 1083 2841 (67)
1099 2804 1139 2833 lta
1164 2806 1230 2833 octo
1256 2811 1326 2833 mss.
1355 2806 1383 2832 et
1408 2802 1497 2832 editio
1518 2800 1607 2832 Basil.
1625 2799 1720 2830 Editio
1738 2808 1810 2830 vero

987 2843 1084 2873 Paris.
1105 2851 1173 2873 cum
1193 2843 1300 2874 Catena
1317 2841 1439 2873 Corder.
1464 2841 1601 2881 πρότερον.
