2023 3140
246 129 305 161 463

921 132 951 163 S.
974 131 1113 163 BASILII
1135 131 1217 164 MAG
1222 130 1262 163 NI

1870 134 1925 167 454

246 206 281 228 ne
296 206 402 228 omnes
410 197 500 236 hujus
510 197 618 237 psalmi
631 197 743 229 utilitas
755 199 918 238 perveniat.
927 199 981 236 Qui
993 198 1071 229 enim

1116 198 1192 231 τέλος
1204 198 1232 227 δὲ
1247 198 1320 238 λέγει
1334 201 1365 228 τὸ
1381 199 1422 228 ἐπὶ
1447 199 1581 236 συντελείᾳ
1609 203 1662 228 τῶν
1690 201 1794 229 αἰώνων
1824 200 1926 236 ἐκϐήσε-

247 242 452 278 immutantur,
473 246 500 272 et
513 242 563 282 qui
576 243 822 276 immutabuntur.
838 243 858 274 ii
872 243 1000 284 suntqui
1012 253 1066 274 ne-

245 296 303 327 que
319 287 456 317 eumdem
472 287 605 325 corporis
623 287 755 318 habitum
777 293 908 325 servant,
923 297 1020 328 neque
1035 288 1065 319 in

247 332 349 362 eadem
362 331 650 372 semperpersistunt
661 332 822 364 sententia:
835 333 887 364 sed
899 333 950 372 qui
963 338 1065 364 utcor-

247 385 318 417 pore
329 376 379 407 alii
392 376 651 416 efficiunturjuxta
662 382 780 408 malum
792 377 1065 415 vicissitudines,ita

247 426 345 452 mente
356 429 408 460 pro
419 429 540 451 casuum
557 421 746 453 varietatibus
763 426 978 462 permutantur.
1005 422 1064 454 Alii

246 474 375 504 namque
390 474 492 496 sumus
508 466 664 506 pueri,alii
685 466 825 507 puberes,
856 466 906 497 alii
921 467 976 498 viri
1002 468 1063 508 jam

246 510 326 550 facti,
343 519 379 540 ac
393 516 642 542 consenescentes
657 512 764 542 iterum
782 512 905 542 omnino
922 512 1062 542 immuta-

247 554 420 586 mur.Etalii
433 554 553 595 quidem
562 565 666 587 sumus
679 556 708 586 in
720 555 833 587 laetiore
842 565 943 587 rerum
963 560 1040 587 statu
1056 566 1062 587 :

246 600 296 632 alii
313 609 380 630 vero
393 609 427 630 ex
441 599 507 630 aliis
536 599 695 638 efﬁcimur,
722 601 876 641 asperiore
899 605 1066 640 temporum

246 654 315 676 casu
330 644 376 675 usi
394 653 401 675 ε
419 644 468 674 alii
484 644 555 675 dum
571 650 763 685 aegrotamus,
776 645 826 676 alii
842 647 912 676 dum
925 645 1064 676 valemus:

246 690 295 721 alii
307 690 336 720 in
357 689 479 729 nuptiis,
501 689 551 720 alii
566 689 597 720 in
613 689 704 721 luctu.
721 691 780 721 Aut
795 691 936 728 quoniam
953 690 1066 720 dictum

247 744 306 765 non
320 738 375 774 est,
386 733 425 764 [is
436 734 485 774 qui
497 733 701 772 immutantur,
716 735 782 772 sed,
799 735 841 766 Iis
851 736 904 774 qui
925 735 1068 766 immuta-

247 779 370 815 buntur,
388 787 500 818 voxque
513 779 645 818 Speciem
674 779 838 820 prophetia;
855 789 916 819 pra;
945 789 976 810 se
1004 779 1068 810 fert.

245 823 324 862 quod
343 822 431 854 futuri
448 823 483 852 sit
500 824 653 863 temporis;
671 824 900 855 convenientius
922 823 1020 861 fuerit,
1037 827 1069 853 ut

245 867 445 899 immutandos
459 867 663 907 intelligamus
691 878 754 906 eos,
773 869 838 908 qui,
863 869 966 900 relicta
997 877 1098 911 vana”

245 918 360 954 patrum
375 921 496 943 suorum
508 913 734 950 consuetudine,
749 923 783 944 ex
800 913 950 953 Evangelii
974 913 1066 943 disci-

246 958 326 999 plina
337 958 425 988 vitam
434 966 517 987 suam
530 961 616 988 erant
627 957 907 998 instituturi.Itaque
918 967 978 989 non
995 958 1074 988 illius

246 1002 339 1034 etatis
347 1000 459 1033 Judaei:
474 1001 522 1032 hic
540 1001 674 1041 psalmus
689 1002 819 1042 scriptus
835 1007 889 1039 est,
908 1003 960 1032 sed
987 1001 1073 1032 nobis

247 1045 504 1086 immutandis,qui
516 1046 640 1077 deorum
655 1046 914 1078 multitudinemin
920 1046 1069 1086 pietatem,

247 1101 282 1123 ac
293 1091 439 1122 idolorum
451 1099 584 1121 errorem
597 1091 626 1122 iu
636 1091 804 1123 Conditoris
815 1091 907 1122 nostri
922 1091 1070 1131 cognitiu-

247 1145 315 1167 nem
325 1135 570 1175 mutavimuszqui
579 1144 631 1175 pro
644 1141 830 1176 repugnante
839 1136 896 1175 legi
907 1135 1070 1176 voluptate,

249 1180 483 1211 consentientem
500 1179 558 1218 legi
573 1181 802 1220 temperantiam
830 1180 978 1220 elegimus
996 1189 1002 1211 :
1021 1181 1070 1220 qui

249 1235 301 1267 pro
313 1224 394 1256 tibiis
405 1229 434 1255 et
442 1224 541 1255 choris
551 1233 585 1256 ac
597 1224 742 1256 ebrietate
754 1225 1074 1265 palmumjejunium-

248 1279 307 1311 que
322 1274 350 1301 et
365 1267 566 1310 precationem
583 1269 669 1300 nobis
685 1270 914 1300 vindicavimus.
945 1269 1075 1301 Proinde

249 1315 300 1356 qui
315 1314 392 1345 hunc
406 1314 551 1353 psalmum
567 1313 675 1344 dixerit
692 1313 837 1354 scriptum
853 1314 939 1344 nobis
963 1324 1040 1354 esse,
1057 1324 1074 1345 a

246 1359 377 1392 veritatis
387 1368 477 1399 scopo
489 1358 567 1390 haud
579 1358 745 1390 aberrabit.
758 1359 828 1391 Ideo
852 1363 880 1390 et
890 1364 990 1390 nostra
1006 1364 1074 1390 sunt

246 1403 367 1436 oracula
382 1403 492 1441 divina,
510 1408 540 1434 et
554 1402 591 1433 ab
609 1403 745 1434 Ecclesia
758 1404 823 1444 Dei,
840 1407 979 1444 tanquam
997 1405 1074 1435 dona

246 1449 385 1480 divinitus
398 1447 500 1487 missa,
518 1447 548 1477 in
565 1447 690 1486 singulis
702 1448 903 1479 conventibus
920 1448 1071 1490 leguntur,

246 1495 325 1528 velut
338 1493 511 1523 alimentum
527 1492 675 1532 quoddam
690 1493 870 1533 animarum,
886 1493 964 1534 quod
977 1494 1074 1533 aSpi-

1109 244 1169 271 σθαι
1188 242 1297 281 μέλλον,
1318 245 1364 272 Διὸ
1375 244 1419 272 καὶ
1430 251 1490 276 τοῖς
1505 243 1764 282 ἀλλοιωθησομένοις
1790 245 1924 285 γεγράξθαι

1106 289 1169 328 φησῖ
1197 289 1241 316 τὸν
1273 287 1393 326 ψαλμόν,
1411 287 1496 317 ’Ἐστι
1527 287 1553 316 δὲ
1582 289 1745 322 ἁπαξαπλῶς
1763 290 1824 328 περὶ
1838 292 1926 322 παντὸς

1105 336 1151 370 τοῦ
1165 332 1257 371 γίνους
1279 337 1332 361 τῶν
1348 333 1493 372 ἀνθρώπων
1509 335 1616 373 νοῆσαι,
1633 335 1671 367 ὡς
1700 335 1736 366 εἰς
1760 335 1865 367 πάντας
1886 337 1927 367 τῆς

1107 378 1163 411 ἀπὸ
1177 380 1224 406 τοῦ
1251 377 1364 415 ψαλμοῦ
1379 377 1564 411 διαϐαινούσης
1593 378 1733 416 ὠφελείας.
1766 378 1927 417 ’Δλλοιούμε-

1107 433 1148 451 νοι
1165 422 1215 461 γὰρ
1229 423 1278 450 παὶ
1289 421 1537 459 ἀλλοιωθησόμενοι
1552 423 1577 450 οὶ
1597 423 1665 460 μήτε
1691 423 1738 456 τὴν
1767 427 1815 452 τοῦ
1843 424 1927 462 σώμα-

1106 476 1152 497 τος
1168 465 1220 498 ἕξιν
1236 466 1286 500 τῆν
1302 467 1386 500 αὒτῆν
1409 465 1601 506 διασώζοντες,
1633 468 1701 503 μήτε
1717 467 1760 495 ἐπὶ
1790 470 1838 501 τῆς
1865 468 1928 506 γνώ-

1106 522 1161 548 μης
1175 510 1215 538 ἀεὶ
1229 512 1279 544 τῆς
1291 511 1374 545 αὐτῆς
1390 510 1549 550 βεϐηκότες,
1576 511 1645 539 ἀλλὰ
1673 513 1704 540 τὸ
1719 512 1770 548 μὲν
1794 515 1871 549 σῶμα
1884 524 1927 540 κα-

1107 555 1140 584 τὰ
1155 555 1202 585 τὰς
1220 558 1273 583 τῶν
1291 555 1403 589 ἡλικιῶν
1431 554 1581 592 μεταϐολὰς
1602 555 1805 594 ἆλλοιούμενοι,
1834 557 1881 589 τὴν
1905 556 1928 584 δὲ

1108 595 1225 627 διάνοιαν
1246 600 1313 637 πρὸς
1335 599 1383 631 τὰς
1407 599 1543 630 ποικιλίας
1576 601 1630 627 τῶν
1655 601 1861 638 συμπτωμάτων
1883 611 1927 638 με-

1108 643 1286 680 τατιθέμενοι,
1304 643 1407 672 ’Ἄλλοι
1424 643 1472 680 μὲν
1488 644 1538 683 γὰρ
1555 644 1634 682 ἐσμεν
1648 644 1756 682 παῖδες,
1791 646 1837 674 καὶ
1862 645 1928 673 ἄλλοι

1109 683 1216 728 ἔφηϐοι,
1230 689 1273 716 καὶ
1284 688 1458 728 ἀνδρωθέντες
1470 689 1520 727 γάρ
1534 688 1630 728 ἕτεροι,
1647 690 1691 718 καὶ
1719 689 1929 728 ἄπογηράσαντες

1111 731 1193 760 πάλιν
1211 732 1353 766 παντελῶς
1369 732 1548 770 ἀλλοιούμεθα
1561 732 1633 772 (45).
1657 735 1705 763 Καὶ
1732 733 1810 762 ἄλλοι
1837 735 1882 772 μὲν
1907 734 1929 762 ἐν

1110 783 1171 808 ταῖς
1189 776 1373 817 φαιδροτέραις
1406 777 1485 815 ἐσμὲν
1523 778 1700 806 καταστάσεσι
1733 779 1787 806 τῶν
1815 779 1930 817 πραγμά-

1110 831 1174 852 των.
1192 821 1271 850 ἄλλοι
1288 821 1316 850 δὲ
1334 821 1359 854 ἐξ
1390 821 1480 850 ἄλλων
1508 822 1636 861 γινόμεθα
1664 827 1817 862 τραχυτέρᾳ
1847 834 1930 852 συντυ-

1109 876 1159 904 χιᾳ
1186 866 1285 905 καιρῶν
1315 866 1495 906 κεχρημένον
1536 866 1613 895 ἄλλοι
1636 870 1788 907 νοσοῦντες,
1820 867 1861 895 καὶ
1887 866 1929 894 ἄλο

1115 909 1157 937 λοι
1187 910 1376 943 εὐπαθοῦντες·
1404 910 1481 939 ἄλλοι
1505 910 1531 939 ἂν
1575 912 1686 949 γάμοις,
1725 912 1771 940 καὶ
1813 911 1885 939 ἄλλοι
1908 911 1930 939 ὶν

1114 955 1245 986 πένθεσιν,
1273 954 1315 983 ’Ἦ
1342 955 1385 983 διά
1413 956 1443 984 τὸ
1474 955 1513 993 μὴ
1550 956 1668 994 εἰρῆσθαι
1696 960 1762 987 Τοῖς
1783 955 1930 994 ἀλλοιουμέ-

1114 1009 1180 1038 νοις,
1206 999 1286 1033 ἀλλὰ,
1302 1000 1367 1032 Τοῖς
1401 999 1676 1037 ἄλλοιωθησομὲνοις,
1704 1001 1750 1029 καὶ
1778 1001 1827 1034 τὴν
1853 1001 1929 1040 φωνὴν

1114 1042 1219 1076 ἔνδειξιν
1241 1044 1315 1084 ἔχειν
1333 1045 1510 1084 προφητείας,
1526 1047 1566 1082 τῷ
1577 1046 1614 1077 εἱς
1624 1046 1656 1073 τὸ
1682 1045 1783 1083 μέλλον
1888 1046 1930 1073 ἒκη

1112 1087 1246 1117 κεκλίσθαι
1260 1090 1305 1117 τὸν
1322 1090 1430 1129 χρόνον,
1448 1088 1654 1129 ἆκολουθότερον
1682 1090 1786 1118 ἐννοεῖν
1810 1091 1868 1121 τοὺς
1892 1089 1931 1117 ἀλ.

1111 1131 1344 1171 λοιωθησομέννυς
1359 1134 1421 1166 τοὺς
1434 1133 1598 1174 μέλλοντας,
1622 1136 1673 1167 τὴν
1696 1135 1764 1173 πρὸς
1780 1135 1813 1162 τὰ
1842 1134 1930 1172 μάταια

1111 1179 1164 1206 τῶν
1194 1178 1313 1218 πατέρων
1342 1179 1482 1214 συνήθειαν
1506 1178 1570 1218 (47)
1607 1179 1734 1219 ἀφέντας,
1761 1182 1796 1217 τῇ
1822 1180 1884 1207 κατα
1905 1179 1930 1206 τὸ

1117 1222 1279 1261 Εὖαγγελιον
1310 1223 1431 1263 ἂκρικειᾳ
1473 1223 1619 1259 κανονίζειν
1654 1224 1703 1258 τὴν
1730 1223 1873 1253 πολιτείαν.
1900 1225 1930 1252 03

1115 1266 1202 1295 τοίνυν
1218 1273 1278 1300 τοῖς
1294 1267 1354 1295 τότε
1370 1267 1507 1299 Ἰουδαίοις
1525 1269 1539 1296 ὸ
1554 1267 1663 1305 ψαλμὸς
1692 1268 1850 1307 γέγραπται,
1878 1266 1929 1295 ἀλλ’

1115 1312 1183 1348 ἡμῖν
1196 1318 1258 1342 τοῖς
1288 1311 1560 1350 ἐλλοιωθησομένοις,
1580 1319 1639 1344 τοῖς
1654 1313 1704 1346 τὴν
1731 1312 1876 1341 πολυθεῖαν
1899 1313 1929 1343 είς

1115 1355 1249 1385 εὐσέϐειαν
1294 1356 1470 1395 διαμείϐουσι,
1502 1357 1553 1391 τὴν
1584 1357 1644 1396 πέρὶ
1668 1358 1701 1386 τὰ
1742 1356 1844 1386 εἴδωλα
1873 1357 1932 1385 πλά-

1115 1411 1163 1433 νην
1189 1400 1254 1439 (48)
1279 1402 1314 1434 εὶς
1338 1403 1390 1430 τῶν
1419 1405 1466 1430 τοῦ
1493 1403 1655 1437 ποιήσαντος
1677 1402 1754 1440 ἡμᾶς
1791 1403 1930 1441 ἐπίγνωσιν.

1116 1451 1174 1476 τοῖς
1189 1445 1246 1474 ἀντὶ
1262 1445 1360 1480 ἡδονῆς
1389 1446 1540 1484 παρανόμου
1566 1445 1738 1487 σωφροσύνην
1757 1447 1862 1484 ἔννομον
1893 1447 1929 1473 αἱ·

1115 1489 1266 1528 ρυυμένοις⁵
1284 1490 1340 1519 ἀντὶ
1362 1490 1462 1530 αὐλῶν,
1478 1491 1521 1519 καὶ
1537 1494 1637 1530 χορῶν,
1667 1492 1712 1520 καὶ
1742 1493 1838 1529 μέθης,
1867 1489 1929 1528 ψαλ-

245 1538 303 1568 ritu
314 1537 572 1569 subministratur.
593 1536 650 1568 Sed
673 1537 722 1568 hic
733 1536 866 1578 psalmus
878 1537 1009 1578 scriptus
1029 1542 1071 1568 est

1115 1535 1178 1571 μὸν,
1210 1535 1253 1563 καὶ
1283 1535 1420 1572 νηστείαν,
1447 1536 1490 1563 καὶ
1521 1536 1672 1575 προσευχὴν
1701 1535 1930 1574 μεταλμεάνουσιν.

245 1586 276 1613 ut
293 1583 322 1613 in
337 1583 476 1613 columna
489 1582 683 1622 inscribatnr;
700 1583 758 1613 hoc
775 1587 832 1622 est,
850 1591 910 1613 non
922 1582 1073 1622 negligen-

247 1631 292 1658 ter
305 1631 335 1657 et
351 1626 550 1667 perfunctiore
565 1627 712 1664 audiatur;
733 1635 846 1667 neque,
872 1627 1069 1667 quemadmo-

247 1671 316 1702 dum
332 1671 390 1702 cito
406 1671 545 1702 delentur
559 1681 625 1713 quae
640 1672 670 1702 in
687 1671 812 1702 materia
838 1680 870 1702 se
891 1672 952 1702 191
986 1671 1072 1702 facile

247 1720 455 1755 corrumpente
478 1715 651 1747 scribuntur
668 1724 674 1747 :
695 1716 739 1748 sic
755 1716 785 1746 in
799 1720 848 1746 tuo
859 1716 957 1746 animo
970 1716 1072 1747 isthzec

248 1760 284 1790 ad
302 1759 389 1790 breve
405 1765 521 1800 tempus
538 1761 690 1791 memoria:
706 1760 867 1799 insculpas,
885 1760 993 1791 deinde
1008 1760 1072 1800 ipsa

249 1804 389 1838 contundi
405 1813 439 1835 ac
451 1804 615 1836 oblitterari
628 1805 720 1843 sinas;
731 1805 783 1835 sed
802 1806 832 1835 in
846 1808 896 1835 tua
907 1805 1007 1835 anima
1018 1815 1072 1836 ceu

249 1848 280 1879 in
296 1848 435 1880 columna
450 1849 543 1880 incisa
558 1849 632 1886 sint;
653 1849 683 1880 id
699 1853 754 1886 est,
787 1849 1012 1880 immulahiliter
1039 1859 1073 1880 ac

250 1893 437 1933 ﬁrmiterper
451 1903 540 1925 omne
555 1898 671 1934 tempus
682 1893 712 1924 in
739 1893 883 1924 memoria
908 1893 1071 1924 insideant.

251 1938 338 1974 Quod
354 1938 379 1968 si
390 1947 444 1969 nos
457 1938 740 1978 repuleritludaaus,
750 1938 856 1969 veluta
871 1938 992 1978 scriptis
1006 1938 1075 1968 alie-

223 1992 227 1996 ’
253 1991 317 2019 nos;
336 1992 388 2023 per
399 1984 461 2014 haec
477 1991 541 2023 quae
555 1983 665 2023 scripta
679 1987 760 2019 sunt,
787 1982 884 2023 ipsum
911 1983 1076 2014 afficiamus

254 2028 368 2068 pudore
386 2036 392 2057 :
410 2027 453 2058 sic
467 2033 501 2058 ut
523 2027 714 2058 ostendamus
739 2030 860 2058 mixtam
891 2028 1074 2059 vocationem

251 2081 318 2103 esse
333 2081 400 2113 quae
409 2072 712 2112 distantiacolligit,et
721 2081 756 2103 ea
773 2080 840 2112 qua;
852 2074 953 2113 procul
968 2073 1077 2103 absunt

253 2121 405 2154 convocat,
418 2126 453 2148 ac
468 2125 522 2157 per
538 2117 626 2148 fidem
643 2117 673 2148 in
690 2116 839 2148 Christum
861 2117 952 2148 efficit
970 2117 1077 2148 multos

254 2172 357 2194 unum.
371 2161 463 2194 Vsus.
477 2161 598 2194 [Meus
609 2165 663 2199 est,
677 2162 784 2203 inquit,
807 2162 935 2200 Gaiaad,
948 2166 979 2193 et
998 2171 1078 2192 meus

252 2205 648 2246 cstManustesEtEphraim
658 2206 720 2237 dixi
729 2210 783 2246 t,et
792 2205 898 2237 Judam
906 2206 1077 2246 assumpsit,

253 2250 680 2286 etannumeravitMoab.Quin
695 2251 760 2281 etin
771 2250 929 2281 Idumaeam
937 2259 1077 2282 ascensu-

254 2304 320 2326 rum
331 2305 364 2326 se
375 2296 552 2330 minatur.ac
562 2295 695 2325 omnium
704 2295 792 2326 simul
803 2294 1018 2334 subjectionem
1029 2303 1079 2326 an-

254 2339 369 2370 nuntiat
387 2350 394 2370 :
411 2340 504 2370 Vens.
521 2340 569 2370 iO.
590 2339 669 2370 Mihi
681 2340 860 2380 alienigenam
871 2339 1077 2370 subditisunt.

1113 1581 1198 1616 ’Βμῐν
1220 1579 1265 1608 οὖν
1281 1580 1428 1619 γεγράφθαι
1451 1580 1497 1607 τὸν
1514 1579 1622 1617 ψαλμὸν
1649 1580 1732 1608 εἰπών
1757 1592 1809 1620 τις,
1834 1582 1878 1609 οὔκ
1906 1579 1931 1606 ἆν

1113 1623 1226 1662 ἁμάρτοι
1242 1627 1292 1658 τῆς
1308 1623 1446 1657 ἀληθείας,
1465 1625 1512 1652 Διὸ
1527 1623 1591 1664 (49)
1607 1625 1651 1653 καὶ
1666 1625 1802 1664 ἦμτέτερά
1830 1625 1881 1653 ἐστι
1905 1625 1931 1650 τὰ

1112 1669 1172 1696 θεῖα
1200 1670 1290 1708 Αὺγια,
1320 1669 1366 1697 καὶ
1393 1671 1427 1707 τῇ
1456 1669 1502 1696 τοῦ
1534 1670 1601 1697 Θεοῦ
1629 1668 1791 1709 Ἐκκλησία,
1817 1671 1851 1700 ὡς
1877 1669 1929 1697 θιόο

1116 1724 1224 1751 πεμπτα
1265 1712 1346 1752 δῶρα.
1384 1712 1443 1742 καθ’
1472 1713 1584 1742 ἕκαστον
1611 1712 1743 1752 σύλλογον
1773 1713 1929 1753 ὑπαναγινώ-

1113 1769 1217 1796 σιεται,
1244 1758 1303 1786 οἷόν
1318 1769 1357 1789 τις
1372 1759 1458 1798 τροφὴ
1488 1758 1585 1798 ψυχῶν
1619 1759 1812 1798 χορηγουμένη
1835 1758 1873 1786 διὰ
1891 1762 1929 1786 τοῦ

1114 1803 1278 1840 Ηνεύματος,
1309 1802 1393 1831 Ἀλλὰ
1423 1804 1467 1831 καὶ
1496 1804 1534 1834 εἷς
1567 1802 1768 1842 στηλογραφίαν
1797 1803 1928 1842 γέγραπται

1114 1849 1128 1876 ὁ
1156 1847 1275 1885 ψαλμὸς·
1307 1847 1440 1884 τουτέστι,
1468 1848 1506 1884 μὴ
1538 1847 1669 1887 πάρὶργος
1702 1846 1774 1876 ἔστω
1810 1850 1883 1877 αὺτοῦ
1915 1847 1929 1878 ἡ

1115 1892 1243 1930 ἀκρόασις
1279 1891 1360 1929 μηδὲ,
1385 1892 1475 1931 ὥσπερ
1490 1893 1524 1920 τὰ
1541 1891 1569 1919 ἐν
1595 1893 1628 1931 τῇ
1646 1893 1785 1932 εὖφθάρτῳ
1805 1892 1853 1930 ὕλῃ
1879 1902 1931 1930 γρμ·

1116 1937 1218 1976 φόμενα
1244 1937 1330 1976 ταχὺν
1355 1937 1421 1976 (5ο)
1446 1935 1576 1973 λαμϐάνει
1591 1937 1637 1964 τὸν
1673 1937 1838 1976 ἀφανισμὸν,
1856 1936 1927 1966 οὕτως

1117 1986 1144 2014 ἐν
1159 1984 1193 2019 τῇ
1209 1985 1320 2009 σεαυτοῦ
1334 1979 1434 2017 διανοίᾳ
1447 1982 1513 2020 πρὸς
1529 1980 1619 2020 ὀλίγον
1643 1980 1798 2021 ἐγχαράξας
1821 1984 1853 2019 τῇ
1868 1981 1931 2018 μνή-

1118 2037 1169 2064 μῃ,
1197 2026 1259 2053 εἶτα
1288 2027 1472 2065 συγχωρήσης
1503 2025 1568 2054 αὐτὰ
1598 2027 1765 2066 συγχυθῆναι
1811 2026 1867 2065 (511
1895 2025 1931 2052 καὶ

1117 2071 1302 2111 ἀφανισθῆναι·
1315 2069 1377 2099 »λλ’
1401 2070 1450 2110 ἔχε
1465 2069 1703 2107 ἓνεστηλιτευμὲνα
1728 2081 1777 2100 σου
1791 2073 1825 2107 τῇ

1117 2115 1252 2143 τουτέστιν
1273 2114 1385 2148 ἀκίνητα
1415 2115 1462 2143 καὶ
1495 2115 1579 2153 πάγια
1604 2115 1641 2146 εἰς
1666 2114 1755 2142 πάντα
1777 2115 1822 2143 τὸν
1846 2113 1930 2154 χρόνον

1090 2159 1284 2208 ι)ξνιδρυμὲνα.
1306 2160 1470 2208 τῆλμνήμςῃ.
1500 2159 1562 2188 Ἐαν
1594 2158 1622 2186 δὲ
1650 2161 1808 2208 παρωθῆται
1831 2160 1895 2208 ημᾶς
1919 2158 1931 2185 ὁ

1120 2203 1247 2235 Ἰουδαῖος
1271 2205 1308 2236 ὡς
1333 2203 1489 2243 ἄλλοτρίους
1523 2207 1576 2232 τῶν
1603 2204 1810 2244 γεγραμμένων,
1834 2203 1863 2232 ix
1887 2205 1943 2230 τῶν·

1120 2249 1311 2289 γεγραμμένων
1357 2248 1435 2277 αὒτόν
1477 2247 1688 2286 δυσωπήσωμεν·
1725 2248 1864 2282 δηλοῦντες
1905 2247 1930 2274 τὸ

1120 2294 1268 2332 σύμμικτον
1283 2295 1332 2327 τῆς
1348 2293 1483 2328 κλήσεως·
1503 2293 1576 2326 ὅπως
1604 2293 1636 2321 τὰ
1670 2292 1800 2322 διεστῶτα
1824 2292 1929 2330 συνάγει,

1120 2340 1154 2367 τὰ
1168 2338 1271 2377 μακρὰν
1281 2337 1425 2378 συγκαλεῖ,
1439 2337 1486 2366 ἕνα
1510 2344 1586 2366 ποιεῖ
1600 2337 1661 2370 sui);
1686 2337 1803 2370 πολλοὺς
1826 2337 1866 2365 δια
1888 2338 1930 2369 τῆς

254 2385 291 2415 εἰς
321 2385 431 2423 Χριστὸν
461 2385 575 2417 πίστεως
607 2383 683 2423 (52).
716 2385 797 2422 Ἐμός
831 2384 899 2421 ἐστι,
932 2385 1008 2424 φησὶ,
1038 2382 1145 2412 Γαλαάδ
1164 2391 1172 2399 ⁸
1204 2382 1254 2411 καῖ
1296 2382 1360 2421 ἐμός
1393 2382 1449 2411 ἔστι
1481 2384 1642 2416 Μανασσῆς.
1672 2383 1721 2412 Καὶ
1748 2383 1796 2410 τὸν
1822 2381 1930 2421 Ἐφραὶμ

295 2467 361 2507 (45)
376 2467 448 2507 Reg.
463 2467 570 2499 tertius
579 2468 777 2506 ἇλλοιούμενοι,

297 2508 358 2548 (46)
369 2507 469 2539 Nostri
483 2507 622 2548 undecim
632 2517 711 2548 imss.
728 2508 838 2539 habent
855 2509 890 2540 εἷς
920 2510 950 2536 τὸ
966 2508 1074 2546 μέλλον.

255 2547 331 2579 Editi
351 2548 387 2580 εἱς
398 2549 444 2576 τὸν
460 2547 606 2586 μέλλοντα,
631 2547 746 2579 Ibidem
773 2552 833 2578 tres
860 2557 931 2579 mss.
961 2549 1080 2588 ἒιίκεκλί-

255 2591 323 2618 οθαι.
341 2588 445 2619 Statim
462 2588 592 2628 quinque
606 2596 676 2628 mss.
696 2588 899 2628 ᾂχολουθότερον
914 2594 997 2619 νοεῖν,

299 2629 360 2669 (47ὶ
382 2629 424 2659 Ita
439 2627 515 2660 Oliv.
533 2627 563 2659 et
577 2627 710 2659 Combef.
729 2637 796 2658 cum
812 2627 876 2658 aliis
889 2637 938 2659 sex
953 2637 1021 2659 mss.
1036 2628 1075 2659 At

256 2668 328 2700 editi
341 2673 370 2699 et
383 2669 458 2700 Rea.
474 2673 573 2699 sextus
588 2672 641 2696 τῶν
656 2668 783 2700 ἂθρώπων
796 2668 943 2700 συνήθειαν.

296 2677 328 2700 ιιι
341 2677 370 2699 et
384 2677 458 2707 neg.
474 2677 573 2699 sextus
588 2679 641 2696 των
656 2677 783 2708 αυρωπων
796 2677 943 2701 συνηυειαν,

295 2709 359 2748 (48)
369 2708 532 2740 Colbertini
543 2707 655 2748 primus
665 2713 694 2739 et
706 2713 806 2739 sextus
816 2718 880 2739 cam
894 2709 1077 2748 Regquarto

257 2749 304 2782 τήν
319 2750 376 2787 περῖ
392 2751 424 2777 τὰ
437 2749 535 2778 εἴδωλα
549 2749 654 2788 πτοίαν,
668 2749 787 2779 inanem
798 2748 944 2780 idolorum
953 2752 1076 2780 metum.

258 2788 344 2828 Multi
352 2788 408 2828 alii
424 2798 494 2820 mss.
508 2798 575 2820 cum
588 2788 675 2819 editis
689 2789 737 2823 τήν
760 2790 818 2828 περὶ
833 2789 866 2818 τὰ
887 2788 986 2817 εἴδωλα
1005 2788 1077 2817 πλάσ

257 2839 318 2862 νην.
335 2826 396 2859 Nec
413 2829 451 2859 ita
467 2830 558 2860 multo
575 2832 640 2870 post
654 2833 754 2860 nostra
769 2826 857 2859 editio
875 2828 966 2860 Paris.
999 2831 1079 2869 αἱρη-

1119 2467 1222 2506 μένοις,
1240 2466 1377 2498 Secunda
1407 2466 1499 2498 editio
1510 2466 1606 2498 Paris.
1635 2466 1791 2506 ἡρημένοις.
1811 2465 1847 2496 At
1867 2472 1928 2495 mss.

1120 2507 1299 2549 αῖρφξιιξένθκ-
1679 2546 1697 2549 _

1149 2544 1225 2587 ’(49)
1240 2547 1283 2577 Ita
1293 2555 1344 2577 sex
1358 2555 1426 2578 mss.
1448 2556 1516 2578 cum
1530 2547 1663 2578 editione
1679 2546 1768 2578 Basii.
1785 2546 1826 2577 At
1850 2544 1930 2575 editio

1122 2585 1216 2618 Paris.
1235 2585 1312 2618 διότι,

1145 2596 1216 2618 aris.
1235 2596 1312 2618 οιοτι,

1158 2626 1216 2666 (50,
1234 2626 1359 2668 codices
1375 2627 1487 2667 aliquot
1501 2628 1584 2668 ταχύ,
1597 2627 1751 2658 celeriter.

1157 2669 1220 2706 (Η)
1251 2667 1330 2698 Εάὶῐί
1345 2666 1506 2706 συγχεθῇναι
1523 2666 1561 2698 Αἱ
1583 2675 1656 2697 mas.
1673 2671 1786 2706 septem
1803 2666 1929 2706 συγγυβῆ·

1121 2704 1166 2736 ναί
1193 2704 1255 2738 Hoc
1271 2707 1335 2748 ipso
1351 2704 1461 2739 inloco
1477 2707 1569 2748 editio
1585 2706 1677 2737 Paris.
1694 2704 1929 2748 ἔνεξτηλιτευμένα.

1121 2748 1159 2779 At
1191 2745 1297 2787 quater
1325 2757 1399 2780 mss.
1439 2747 1674 2785 ἐνεστηλιτιυμένι
1692 2770 1699 2776 .
1726 2745 1810 2777 Colb.
1843 2747 1932 2775 sextus

1121 2786 1341 2824 ἰστηλίιτευμὲνα.

1161 2827 1221 2867 (52)
1237 2827 1400 2858 Colbertini
1419 2827 1544 2869 primus,
1557 2830 1690 2868 quartus,
1706 2825 1929 2868 quiutus,sextul
