2023 3140
92 93 147 126 573

631 93 830 126 ADVERSUS
852 94 1056 126 EUNOMIUM
1078 96 1152 126 LIB.
1177 95 1215 126 II.

1711 96 1768 128 574

269 312 506 377 ΠΡΟΣ
558 311 1024 378 ΕΥΝΟΜΙΟΝ
1073 301 1140 343 (9⁸)
1188 313 1481 380 ΛΟΓΟΣ
1532 316 1602 378 Β.

839 461 913 486 ΠΕΡΙ

936 461 1021 488 ΥῙΟΥ.

307 655 632 704 ADVERSUS
661 655 989 704 EUNOMIUM
1020 657 1205 704 LIBER
1227 657 1547 708 SECUNDUS

837 763 885 795 DE
907 763 1019 797 FILIO.

123 852 152 883 1.
183 853 227 881 Ἐν
264 854 351 881 τοίνυν
378 860 437 885 τοῖς
461 855 520 892 περὶ
548 858 613 882 Θεοῦ
642 857 694 881 τῶν
722 853 791 881 ὅλων
817 853 906 892 λόγοις

86 898 335 930 brium-taumatia:
366 898 428 927 ὅσον
454 897 559 926 ἐδύνατο
589 898 647 934 ,τὰς
670 899 706 930 εἷς
727 899 773 925 τὸν
790 899 849 925 Υίὸν
863 902 909 926 τοῦ

87 946 148 970 Θεοῦ
178 941 363 982 ϐλασφημίας)
387 943 459 979 αὑτῷ
479 943 573 971 λοιπὸν
603 943 723 982 ἐπαφῆκε
737 944 774 979 τῷ
787 946 907 980 Μονογε-

87 993 126 1014 νεῖ
142 991 200 1022 Θεῷ
221 988 271 1021 τὴν
287 987 420 1026 γλῶσσαν.
440 988 470 1016 Τί
485 987 534 1026 γάρ
548 997 625 1026 φησις

127 1080 203 1107 ΕΥΝ.
232 1077 280 1105 Καὶ
306 1076 349 1108 εἷς
366 1075 436 1108 Υἱός,
462 1076 613 1114 Μονογενὴς
628 1076 689 1114 γὰρ,
706 1076 764 1113 περὶ
789 1086 817 1103 ου
845 1075 908 1109 ἐνῆν

87 1120 133 1158 μὲν
154 1122 202 1152 τὰς
232 1124 284 1148 τῶν
311 1121 392 1159 ἆγίων
419 1121 506 1160 φωνὰς
531 1120 724 1159 παραθέμενοντ
742 1119 826 1148 δι’ὧν
848 1122 907 1148 Υἱὸν

86 1166 128 1193 καὶ
153 1166 275 1203 γέννημα
305 1167 348 1194 καῖ
384 1167 488 1202 ποίημα
518 1164 736 1204 Ααταγγέλλουαι,
773 1171 832 1197 ταῖς
854 1167 905 1192 τῶν

88 1211 224 1246 ὀνομάτων
252 1209 395 1250 διαφοραῖς
425 1211 468 1238 καὶ
503 1211 552 1242 τὴν
577 1213 626 1242 τῆς
656 1210 743 1242 οὖσίας
765 1209 905 1247 παραλλα-

87 1254 135 1293 γὴν
166 1255 374 1293 ἓμφινίσαντας,
410 1253 584 1293 ἀπηλλάχθαι
612 1253 754 1292 φροντίδων
777 1254 820 1281 καὶ
842 1265 908 1292 πρα-

86 1299 203 1337 γμάτων·
228 1297 270 1326 διὰ
298 1298 326 1326 δὲ
350 1299 409 1330 τοὺς
438 1298 596 1335 σωματικὴν
624 1298 671 1331 τὴν
698 1298 821 1337 γέννησιν
835 1299 904 1326 ὐπο-

86 1342 289 1380 λαμὸανοντας,
327 1345 371 1371 καὶ
416 1349 477 1374 ταῖς
520 1343 684 1379 ὀμωπιυαίαις
727 1343 905 1380 προσπταίον-

85 1399 142 1427 rate,
167 1388 315 1426 ἀναγκαῖον
348 1387 415 1420 ἴσως
443 1387 486 1415 καὶ
516 1387 575 1415 πεηὶ
599 1387 700 1414 τούτων
716 1386 758 1415 διὰ
779 1387 904 1426 βραχέων

85 1433 167 1460 εἰπεῖν
173 1455 178 1461 .

123 1481 198 1506 ΒΑΣ.
217 1481 303 1506 Ταῦτα
318 1487 366 1513 μεν
383 1475 444 1516 (99)
460 1477 473 1504 ὁ
509 1478 648 1513 Εὐνομιος,
673 1476 745 1514 Ἐγὼ
766 1475 806 1516 δὲ,
819 1477 841 1504 εἰ
856 1477 903 1514 μὲν

85 1521 151 1550 οὕτω
179 1522 234 1561 χρὴ
262 1520 422 1549 διανοεῖσθαι
447 1521 507 1559 περὶ
536 1524 582 1549 τοῦ
612 1520 693 1560 λόγου
729 1522 838 1558 παντὸς,
867 1523 903 1553 ὡς

84 1566 239 1603 πλάσματος
256 1566 303 1594 οἶα
324 1565 351 1594 ἐν
373 1573 431 1597 τοῖς
448 1565 638 1598 διδασκαλείοις
654 1568 703 1598 τῆς
725 1566 903 1603 ματαιότητος

85 1612 119 1642 εἱς
149 1611 265 1648 μελέτην
295 1615 341 1639 τοῦ
368 1610 394 1638 ἐν
423 1613 461 1646 τῷ
481 1611 612 1647 ψεύσματι
641 1612 749 1639 πιθανοῦ
772 1616 831 1642 τοῖς
847 1621 904 1647 μει-

85 1666 185 1695 ρακιοις
215 1654 392 1694 προϐάλλεται
411 1654 514 1694 (ἒπειδη
541 1656 584 1682 mi.
611 1653 803 1692 παραπλησίως
826 1654 902 1683 ἐκεί-

84 1711 136 1732 νοις
152 1700 239 1728 πάντα
267 1700 418 1739 σκιαμαχίᾳ
446 1700 584 1738 προσέοικε
603 1707 608 1713 ·
641 1701 706 1738 πρὸς
738 1700 902 1738 κατηγόρους

85 1756 111 1773 τε
127 1745 207 1785 μάχη
220 1745 259 1782 μὴ
273 1745 437 1785 ὑφεστῶτας·
456 1745 499 1772 καὶ
513 1744 642 1782 απολογία
663 1745 727 1782 πρὸς
742 1745 902 1783 κατηγορίαν

85 1790 112 1818 οὗ
134 1789 347 1829 προῤῥηθεΐσαν·
378 1790 422 1817 καὶ
446 1788 525 1827 λόγος
555 1788 599 1828 (1)
616 1790 679 1828 πρὸς
703 1790 826 1821 δικαπὰς
841 1789 902 1821 τοῦς

83 1833 197 1871 οὐδαμοῦ
236 1834 423 1873 φαινομένους)
439 1842 446 1849 ³
492 1834 514 1861 εἰ
555 1833 623 1862 οὕτω
664 1834 719 1874 χρὴ
761 1835 805 1862 καὶ
845 1835 904 1862 τού-

83 1890 135 1907 των
165 1879 294 1914 ἀκούειν,
325 1878 402 1909 αὐτός
427 1888 457 1906 τε
485 1878 582 1917 ἀφίημι
612 1880 661 1911 τὴν
686 1878 803 1911 ἐξέτασιν
819 1903 828 1915 ,
859 1882 902 1910 καὶ

83 1924 160 1951 παντὶ
175 1926 296 1961 παραινῶ
320 1922 404 1959 μηδὲν
428 1925 482 1950 τῶν
511 1923 657 1960 εἰρημένων
672 1924 899 1962 πεφῖεργάζεσθαι·

82 1968 146 1996 εἰδὲ
175 1967 270 2005 μεῖζόν
299 1968 353 1996 ἐστι
380 1968 411 1995 τὸ
438 1966 606 2006 ἐπάγγελμα,
636 1969 679 1996 χαὶ
696 1967 808 1999 παλλοτς
825 1967 902 2007 γέγο-

83 2023 124 2040 νεν
148 2013 259 2040 ὑπόνοια
286 2011 342 2052 (2),
367 2012 438 2040 εἷναί
453 2023 510 2039 τινα
536 2012 599 2050 παρ’
621 2013 691 2049 αὐτῷ
713 2015 762 2046 τῆς
779 2012 902 2045 ἀληθείας

82 2056 218 2096 φροντίδα,
233 2057 336 2096 ἀνάγκη
358 2060 433 2084 πᾶσα
455 2059 507 2084 τῶν
529 2057 675 2095 εἰρημένων
704 2056 814 2085 ἕκαστον
830 2056 902 2084 διευ-

83 2102 166 2130 Θύνειν
183 2102 220 2132 είς
247 2099 367 2138 δύναμιν.
399 2101 443 2132 Τίς
465 2100 494 2128 ἂν
520 2100 563 2128 οὖν
589 2102 685 2140 τρόπος
701 2104 749 2134 τῆς
764 2101 906 2133 ἐξετάσεως

81 2145 243 2184 δικαιότερος
271 2145 385 2184 γένοιτεό⁷
415 2146 432 2179 ἢ
460 2151 519 2177 τοῖς
539 2143 681 2183 διδάγμασι
769 2152 828 2177 τοῖς
853 2156 903 2173 πα-

82 2191 114 2229 ρὰ
129 2191 178 2220 τοῦ
194 2190 346 2228 Πνεύματος
361 2191 428 2227 ἡμῖν
443 2187 591 2226 δεδομένοις
607 2190 651 2217 τὸν
662 2189 742 2228 λόγον
754 2190 903 2229 συγκρίνον-

81 2246 142 2273 τας,
159 2234 175 2263 ὅ
201 2235 250 2272 μὲν
276 2234 307 2262 ἂν
331 2235 442 2266 ἐκείνοις
467 2235 623 2273 συμφωνοῦν
651 2234 766 2273 εὕρωμεν
795 2233 899 2263 καταδέ-

82 2282 192 2320 χεσθαι,
222 2281 260 2317 τῷ
290 2278 317 2307 δὲ
349 2278 470 2311 ἐναντίως
508 2277 599 2318 ἔχοντι
641 2278 765 2307 ἀπιστεῖν
795 2280 838 2307 καὶ
866 2281 902 2312 ὡς

81 2324 180 2364 ἔχορὸν
201 2324 372 2364 ἆποφεύγειη

122 2415 153 2447 ‘2.
173 2418 279 2455 Πρῶτον
293 2425 380 2444 τοινυν
395 2420 483 2442 έκεῖνο
499 2413 633 2451 ὃείκνύτω,
652 2415 718 2446 τίνες
740 2418 792 2443 τῶν
821 2415 902 2454 ἁγίων

124 2508 189 2548 (98)
207 2509 290 2546 Regii
306 2507 421 2548 primus
437 2513 466 2539 et
481 2513 585 2540 sextus
600 2511 652 2538 Τοῦ
667 2510 744 2537 αὺτοῦ
759 2507 839 2547 λόγος
863 2508 903 2546 β’,

79 2549 219 2588 ἀνατροπὴ
235 2553 281 2577 τοῦ
297 2549 372 2577 ἀθέου
398 2548 530 2588 δόγμῑτος
558 2552 604 2578 τοῦ
639 2549 778 2584 Εὗνομίου.
810 2548 905 2587 Ejus-

79 2589 151 2620 dem
165 2589 242 2620 tiber
255 2590 416 2629 secundus,
432 2590 557 2620 Evcrsz'o
572 2590 661 2622 impii
674 2589 831 2629 dogmatis,
842 2588 905 2618 Eu—

79 2630 191 2660 nomii.
210 2630 284 2668 Reg.
301 2630 450 2660 secundus
477 2633 528 2658 Τοῦ
555 2630 633 2658 αὑτοῦ
657 2631 716 2666 περὶ
739 2630 796 2658 Υἰοῡ
827 2628 904 2666 λόγος

79 2668 214 2709 δεύτερος,
234 2669 380 2707 ἀνατροπὴ,
398 2674 468 2709 etc,
503 2673 534 2700 ul
562 2678 661 2709 supra.
683 2668 781 2699 Editio
809 2668 903 2700 Paris'

79 2710 147 2738 Κατ’
167 2710 296 2747 Εὖνομίου
312 2713 357 2738 τοῦ
368 2708 506 2742 δυσσεϐοῦς
532 2708 610 2749 λόγος
626 2709 662 2748 β’.
691 2709 792 2741 Codex
820 2709 904 2741 Colb.

78 2754 108 2779 et
122 2751 198 2789 Reg.
216 2749 320 2780 tertius
337 2748 413 2779 utin
428 2748 577 2781 contextu;

122 2792 189 2832 (99)
203 2789 282 2821 Εαὶιί
298 2793 384 2818 Ταῦτά
399 2790 448 2828 μὲν
466 2789 520 2821 οὖν.
538 2789 601 2821 Vox
617 2791 661 2818 οὖν
672 2789 703 2820 in
717 2797 789 2821 mss.
804 2789 900 2821 deest.

919 863 937 881 Α
990 855 1018 883 1.
1035 853 1136 895 Itaque
1153 859 1343 895 posteaquam
1359 855 1388 886 in
1405 856 1441 886 iis
1458 865 1531 896 quos
1548 856 1586 886 de
1615 855 1674 886 Deo
1701 855 1771 885 uni-

953 907 1104 929 versorum
1131 900 1234 930 habuit
1258 900 1448 931 sermonibus
1464 900 1640 941 praestruit,
1676 899 1770 940 quoad

951 943 1054 982 potuit,
1074 945 1103 974 in
1121 944 1173 975 Dei
1198 944 1305 975 Filium
1336 943 1543 984 blasphemias.
1571 944 1713 984 deinceps
1742 945 1771 974 in

950 989 1046 1027 ipsum
1067 989 1250 1028 unigenitum
1264 988 1358 1019 Deum
1375 990 1507 1020 immittit
1533 990 1676 1029 linguam.
1694 989 1770 1025 Quid

949 1033 1028 1063 enim
1042 1033 1144 1064 dicit?

988 1078 1064 1109 EUN.
1085 1077 1121 1109 Et
1137 1087 1212 1108 unus
1228 1078 1330 1108 Filius.
1350 1078 1525 1117 Unigeuitus
1552 1079 1644 1118 enim,
1660 1078 1698 1108 de
1713 1088 1771 1118 quo

948 1127 1117 1153 sanctorum
1135 1132 1220 1153 vnces
1237 1131 1290 1162 per
1304 1131 1376 1162 quas
1392 1123 1498 1153 Filium
1515 1127 1543 1153 et
1558 1123 1726 1161 genituram
1743 1127 1772 1153 et

949 1170 1116 1197 creaturam
1142 1166 1312 1206 praedicant,
1336 1166 1360 1196 si
1379 1167 1630 1207 protulissemus;
1657 1167 1700 1197 sic
1717 1176 1771 1206 po-

950 1215 1094 1251 teramus,
1112 1211 1282 1241 substantiae
1302 1211 1388 1242 etiam
1405 1212 1577 1242 diversitate
1589 1220 1642 1251 per
1671 1211 1770 1241 nomi-

950 1264 1020 1285 num
1037 1255 1236 1286 diversitatem
1264 1255 1423 1292 declarata,
1444 1256 1526 1287 curis
1540 1255 1627 1287 liberi
1642 1265 1709 1286 esse
1723 1260 1770 1286 at-

948 1309 1006 1339 que
1036 1300 1172 1339 negotiis.
1191 1299 1248 1330 Sed
1279 1304 1400 1340 propter
1416 1310 1466 1331 eos
1482 1300 1530 1340 qui
1545 1300 1768 1340 generationem

946 1353 1121 1384 corpoream
1138 1344 1318 1384 intelligunt,
1337 1349 1366 1375 et
1380 1345 1488 1384 quibus
1511 1354 1598 1375 voces
1626 1345 1770 1383 ambiguas

946 1393 1016 1419 sunt
1031 1388 1201 1425 oﬂ‘ensioni,
1221 1399 1345 1420 necesse
1361 1389 1436 1420 forte
1461 1389 1549 1420 fuerit
1563 1390 1600 1420 de
1615 1389 1653 1420 iis
1680 1390 1768 1420 etiam

917 1454 935 1480 Β
946 1442 1040 1480 panca
1055 1433 1169 1480 dicere.

986 1478 1057 1509 BAS.
1074 1477 1142 1509 Haec
1155 1478 1275 1518 quidem
1293 1478 1469 1509 Eunomius.
1487 1478 1548 1518 Ego
1559 1488 1628 1509 vero
1643 1478 1668 1508 si
1684 1488 1769 1518 opor-

947 1526 1006 1552 teat
1018 1522 1055 1552 de
1067 1526 1125 1552 tota
1134 1523 1267 1553 oratione
1285 1523 1364 1553 sicut
1374 1522 1411 1553 de
1423 1531 1456 1553 re
1476 1523 1541 1553 ﬁcta
1554 1523 1678 1564 sentire,
1693 1532 1768 1562 qua-

944 1567 982 1597 lia
999 1567 1029 1597 in
1046 1566 1181 1597 vanitatis
1193 1566 1303 1597 scholis
1311 1571 1518 1606 proponuntur
1531 1567 1769 1598 adolescentibus

944 1611 981 1642 ad
997 1611 1251 1648 exercitationem.
1266 1616 1297 1642 ut
1306 1615 1446 1651 appareat
1457 1612 1486 1641 in
1499 1612 1655 1642 mendacio
1667 1612 1769 1642 verisi-

945 1655 1081 1685 militudo
1097 1655 1262 1695 (siquidem
1277 1660 1308 1686 ut
1318 1655 1376 1686 illis
1388 1655 1542 1695 contingit,
1556 1656 1594 1686 ita
1605 1655 1653 1686 hic
1665 1665 1770 1695 pugnae

945 1699 1130 1730 adumbratae
1146 1700 1252 1730 similia
1268 1700 1448 1730 suntomnia
1468 1711 1474 1731 :
1503 1710 1600 1740 pugna
1630 1700 1769 1731 videlicet

946 1749 1049 1774 contra
1064 1749 1252 1774 accusatores
1277 1747 1325 1784 qui
1340 1753 1400 1775 non
1416 1749 1531 1775 exstant
1551 1755 1557 1774 :
1574 1744 1710 1784 apologia
1733 1754 1767 1775 ac

943 1789 1098 1828 responsio
1115 1788 1149 1818 ad
1175 1789 1392 1819 accusationem
1422 1798 1481 1819 non
1513 1789 1766 1829 praenuntiatam;

944 1837 1036 1864 oratio
1048 1833 1084 1863 ad
1094 1833 1214 1873 judices
1222 1833 1272 1872 qui
1285 1843 1428 1873 nusquam
1438 1835 1625 1874 comparent)
1640 1845 1647 1869 ;
1664 1836 1699 1871 si,
1718 1834 1767 1864 in-

944 1887 1042 1918 quam,
1061 1883 1090 1908 et
1103 1878 1167 1908 haec
1181 1879 1284 1909 audire
1301 1882 1428 1918 oportet,
1447 1882 1507 1910 tum
1524 1878 1588 1918 ipse
1603 1878 1641 1909 de
1666 1879 1704 1909 iis
1717 1879 1768 1909 in-

945 1927 1064 1963 quirere
1080 1923 1195 1959 desino,
1214 1928 1275 1953 tum
1292 1932 1398 1953 omnes
1411 1923 1568 1960 admoneo,
1582 1922 1697 1953 utnihil
1713 1933 1766 1954 eo-

945 1977 1011 1998 rum
1029 1977 1094 2007 quae
1109 1967 1188 1998 dicta
1203 1974 1282 2008 sunt,
1299 1973 1439 2006 satagant.
1451 1967 1502 1999 Sin
1521 1969 1615 2007 majus
1631 1972 1674 1998 est
1687 1969 1766 2008 quod

946 2012 1103 2052 promittit;
1121 2017 1150 2042 et
1167 2013 1265 2042 multis
1280 2013 1384 2044 aborta
1399 2016 1444 2042 est
1473 2013 1614 2052 suspicio,
1638 2012 1766 2052 aliquam

948 2066 1014 2088 esse
1032 2056 1108 2096 apud
1126 2065 1192 2086 eum
1211 2056 1340 2087 veritatis
1362 2066 1474 2097 curam,
1498 2065 1619 2087 necesse
1645 2056 1767 2086 omnino

916 2101 936 2125 α
949 2101 1166 2139 fueritsingula
1194 2102 1264 2132 259
1280 2102 1370 2132 verba
1385 2110 1438 2142 pro
1463 2106 1563 2132 nostra
1579 2101 1655 2131 virili
1686 2105 1767 2140 parte

944 2145 1108 2176 confutare.
1126 2145 1195 2181 Quis
1206 2151 1303 2176 autem
1328 2145 1515 2186 expendendi
1533 2145 1637 2176 modus
1658 2145 1768 2185 justior

945 2191 1044 2228 fuerit,
1057 2199 1145 2231 quam
1161 2190 1184 2219 si
1200 2190 1275 2220 datis
1291 2191 1377 2221 nobis
1392 2199 1409 2221 a
1438 2190 1550 2230 Spiritu
1578 2190 1767 2220 documentis

947 2236 1055 2266 mentis
1070 2238 1234 2265 orationem
1259 2235 1459 2274 conferentes,
1477 2234 1555 2274 quod
1571 2234 1691 2275 quidem
1709 2234 1767 2265 illis

946 2289 1109 2312 consonum
1136 2279 1350 2316 invenerimus,
1379 2280 1408 2310 id
1435 2279 1655 2319 suscipiamus:
1688 2279 1766 2318 quod

945 2334 1017 2356 vero
1041 2325 1077 2356 iis
1106 2323 1287 2362 adversatur,
1321 2325 1349 2355 id
1375 2333 1562 2365 nequaquam
1608 2323 1767 2355 credamus

945 2375 1035 2410 atque
1048 2373 1078 2400 ut
1093 2368 1246 2399 inimicum
1264 2369 1439 2408 eﬁ'ugiamus
1451 2371 1465 2399 ‘?

984 2416 1014 2446 2.
1033 2414 1163 2445 Primum
1175 2412 1275 2453 itaque
1288 2414 1362 2445 illud
1378 2413 1524 2451 ostendat,
1538 2413 1590 2452 qui
1601 2413 1766 2445 sintsancti

990 2506 1030 2547 (l)
1048 2506 1145 2538 Codex
1161 2516 1237 2537 unus
1252 2507 1294 2534 ut
1315 2505 1401 2545 λὸγοι.
1414 2504 1474 2536 Alii
1490 2509 1550 2536 tres
1565 2515 1638 2537 mss.
1655 2507 1698 2534 κιὶ
1718 2506 1766 2534 λό-

948 2558 1017 2586 γοις,
1034 2550 1183 2586 corrupte.

990 2587 1033 2626 (‘2)
1048 2587 1173 2618 Codices
1187 2586 1245 2617 duo
1261 2587 1400 2626 ἐγγέγονεν
1415 2587 1535 2616 δπόνοια.

988 2625 1026 2665 (3)
1042 2627 1232 2667 Antiquiduo
1245 2627 1312 2657 libri
1328 2626 1345 2667 ἢ
1362 2633 1423 2654 mra
1437 2625 1577 2667 δόγμασιν,
1594 2630 1624 2656 et
1636 2625 1677 2656 ita
1686 2634 1764 2667 quoe

948 2676 1005 2737 que
1021 2665 1172 2705 legitur—in
1185 2666 1251 2697 aiiis
1266 2666 1381 2697 duobus
1397 2673 1482 2697 mss..
1500 2666 1551 2696 sed
1568 2666 1598 2696 in
1613 2675 1666 2696 ora
1695 2665 1765 2696 libri

970 2711 1098 2737 untaxat.
1116 2708 1145 2737 in
1175 2711 1316 2737 contextu
1344 2714 1414 2737 vero
1444 2706 1585 2737 scriptum
1614 2706 1765 2736 invenitur

970 2711 1098 2745 untaxat,
1116 2708 1145 2737 in
1175 2711 1316 2738 contextu
1344 2714 1414 2738 vero
1444 2706 1585 2745 scriptum
1614 2706 1765 2736 invenitur

944 2747 1110 2786 διδάγματα
1137 2756 1225 2787 quam
1253 2747 1386 2778 ultimam
1415 2745 1576 2777 lectionem
1602 2745 1765 2786 praeferunt

944 2795 1064 2828 quoque
1079 2787 1150 2819 editi
1161 2790 1190 2818 et
1205 2787 1256 2818 alii
1268 2792 1329 2818 tres
1345 2795 1418 2818 mss.
