2032 3140
247 138 304 170 619

911 139 941 170 S.
976 136 1113 170 BASILII
1136 136 1261 168 MAGNI

1878 132 1946 164 6‘20

247 206 339 236 Deum
354 204 482 235 Verbum
496 205 531 235 ad
543 204 745 244 operationem
760 204 949 244 progreditur
966 204 1062 235 Euno-
1073 208 1087 232 Α

1134 203 1203 234 κείας
1234 202 1334 233 εἰκόνος
1364 201 1410 230 τοῦ
1436 206 1502 231 Θεοῦ
1532 201 1617 239 Λόγου
1649 202 1769 239 πρόεισιν
1792 203 1828 232 εἱς
1863 200 1943 240 ἐνέρ-

250 249 326 280 mius
337 258 404 279 vero
413 249 596 288 unigenitum
605 249 710 279 Filium
719 249 888 280 ministrum
897 249 1066 289 appellavit,

249 295 305 324 hoc
321 294 348 324 ei
365 303 502 332 magnum
518 293 691 333 attribuens,
708 294 788 332 quod
814 293 850 324 ad
872 303 976 324 eorum
1004 303 1070 333 quae

251 338 462 378 praecipiuntur
474 338 671 369 ministerium
684 338 810 369 idoneus
820 339 909 369 est.Si
920 338 1000 369 enim
1011 348 1070 368 non

252 383 281 413 in
293 393 329 413 eo
341 383 419 422 quod
433 384 512 413 Deus
524 383 672 421 perfectus
680 383 917 422 sit,majestate|n
926 383 1070 422 possidet,

253 428 303 457 sed
315 428 343 457 in
356 437 390 458 eo
403 428 479 467 quod
492 428 611 458 sedulus
621 429 657 458 sit
670 428 885 468 minister,jam
894 437 911 458 a
924 428 1072 458 ministra-

254 472 339 503 toriis
349 472 567 512 spiritibusqui
584 472 732 512 inculpate
747 473 904 504 ministerii
917 482 990 512 opus
1002 481 1055 512 per
1065 489 1072 494 -

255 517 366 550 ticiunt.
384 526 441 556 qua
456 517 485 546 in
503 526 535 547 re
546 517 663 547 differet
675 521 687 548 '2
698 516 750 547 His
761 517 798 547 de
807 518 904 548 causis
914 518 977 547 voci
986 518 1074 557 geni-

255 566 302 592 tus
316 570 420 593 vocem
437 565 556 593 creatus
567 562 769 601 conjunxit,ut
780 562 867 592 etiam
880 562 950 592 hinc
963 562 1073 592 nullam

255 607 334 637 inter
345 606 451 638 Filium
463 611 492 637 et
502 611 666 638 creaturam
679 607 879 637 diversitatem
893 616 959 637 esse
971 611 1073 637 osten-

256 651 315 682 dat.

297 691 346 723 3‘2.
365 691 426 722 Jam
443 700 511 722 vero
523 701 621 732 operte
632 692 758 732 pretium
769 692 856 724 fuerit
867 692 945 722 illius
957 700 1076 732 quoque

257 736 489 768 admonitionem
506 737 619 767 audire.

299 780 372 811 Eun.
386 779 449 810 Non
465 784 591 820 oportet,
605 781 712 821 inquit,
724 790 791 813 cum
804 782 897 812 Patris
908 791 943 812 ac
954 781 1018 812 Filii
1027 789 1078 820 ap‘

261 825 449 865 pellationem
461 826 678 865 audimus,ejus
688 826 909 865 generationem
918 826 1077 856 humanam

1111 258 1196 286 γιιαν.
1214 246 1244 276 ’0
1271 246 1297 274 δὲ
1325 248 1370 275 τὸν
1400 249 1531 284 μοιογενῆ
1555 246 1614 273 Υἱὸν
1643 246 1774 284 ὑπουργὸν
1800 246 1946 285 προσηγό-

1113 302 1198 332 ρευσε,
1214 292 1291 320 τοῦτο
1314 292 1384 328 αὑτῷ
1416 291 1477 330 (58)
1497 291 1643 329 προστιθεὶς
1673 290 1753 329 μέγαι⁷
1769 290 1811 318 ὅτι
1835 290 1946 322 εὔθετος

1113 337 1178 375 πρὸς
1193 337 1243 369 τὴν
1259 336 1392 365 διακονίαν
1408 336 1461 364 τῶν
1493 335 1709 372 ἐπιτασσομένων
1730 336 1813 364 ἐστίν.
1839 336 1869 363 Ei
1891 335 1948 374 γὰρ

1115 383 1162 410 οὒκ
1184 381 1211 408 ἐν
1223 385 1261 418 τῷ
1273 382 1339 413 Θεὸς
1356 381 1428 409 εἶναι
1443 380 1544 411 τέλειος
1561 381 1609 414 τὴν
1625 379 1699 413 δόξαν
1715 380 1857 420 κέκτηται,
1882 379 1949 408 ἀλλ’

1116 426 1143 453 ἐν
1164 429 1203 463 τῷ
1225 426 1356 465 ὑπουργὸς
1379 425 1501 464 ἀκριϐὴς³
1525 426 1549 453 τί
1578 423 1668 453 διοίσει
1684 428 1736 453 τῶν
1751 424 1950 464 λειτουργικῶν

1116 471 1286 510 πνευμάτων,
1319 471 1467 508 ἀμέμπτως
1488 471 1519 498 τὸ
1542 469 1618 509 ἔργον
1647 474 1694 505 τῆς
1718 469 1852 502 διακονίας
1882 470 1950 498 ἑπι-

1117 515 1289 556 τελούντων;
1329 516 1377 543 Διὰ
1420 519 1502 544 ταῦτα
1529 518 1568 552 τῷ
1604 515 1739 554 γεννηθεὶς
1766 516 1798 542 τὸ
1828 516 1948 546 κτισθεὶς

1119 562 1247 600 συνῆψεν,
1277 560 1324 589 ἵνα
1362 560 1499 589 κάντεῦθεν
1539 559 1671 598 μηδεμίαν
1701 559 1779 588 οὖσαν
1809 561 1872 588 Υἱοῦ
1902 561 1950 588 καὶ

1117 605 1263 642 κτίσματος
1278 605 1403 646 διαφορὰν
1418 604 1545 643 ἐπιδείξῃ.

1157 694 1208 723 22.
1225 693 1321 727 1Ἀξιον
1337 693 1364 722 δὲ
1380 695 1491 723 ἀκοῦσαι
1506 694 1552 722 καὶ
1565 693 1613 727 τῆς
1630 694 1824 732 παραινέσεως.

1161 787 1237 813 ΕΥΝ.
1268 783 1305 812 Οὐ
1333 783 1402 823 χρὴ,
1439 783 1517 823 φησὶ,
1552 785 1586 820 τῇ
1625 788 1672 812 τοῦ
1701 784 1803 822 Πατρὸς
1828 785 1874 812 καὶ
1899 784 1949 813 τοῦ

1122 829 1182 856 Υ·ἱοῦ
1199 827 1258 868 (59)
1282 828 1467 867 προσέχοντας
1485 827 1649 866 προσηγορίᾳ
1677 828 1847 867 ἀνθρωπικὴν
1863 830 1949 858 αὗτοῦ

261 870 446 916 intelligere:
463 870 687 916 necrhominum
703 871 898 916 generatione
922 870 1078 916 adductos,

1134 873 1170 906 ἠν
1194 872 1318 911 γέννησιν
1340 872 1453 910 ἐννοεῖν,
1479 872 1531 900 κὰκ
1550 872 1603 900 τῶν
1636 872 1664 900 ἐν
1686 873 1833 912 ἀνθρώποις
1864 874 1948 912 γενέ-

261 915 355 945 Deum
378 915 595 946 communionis
625 915 797 946 nominibus
818 921 867 947 aut
895 915 1080 956 passionibus

1134 928 1189 946 νιων
1219 917 1413 956 ἀναγομένους,
1436 923 1494 948 τοῖς
1516 918 1565 951 τῆς
1595 918 1733 954 μετουσίας
1752 917 1816 958 (60)
1832 919 1950 956 ὀνόμασι

263 959 422 999 subjicere.

305 1004 375 1035 Bas.
393 1004 488 1035 Monet
511 1004 616 1034 Filium
647 1004 723 1036 Patri
749 1005 913 1036 secundum
940 1006 1080 1035 substan-

266 1050 334 1080 tiam
347 1048 474 1080 similem
488 1049 610 1088 intelligi
623 1059 681 1080 non
695 1054 845 1089 oportere.
858 1048 921 1081 Hoc
931 1050 1011 1081 enim
1024 1050 1081 1080 sibi

266 1094 325 1124 vult
341 1093 390 1124 illa
407 1094 639 1134 participationis
667 1094 794 1134 negatio,
812 1095 897 1134 quasi
919 1093 1084 1126 substantia

267 1137 360 1170 Patris
375 1147 442 1168 cum
459 1138 622 1169 substantia
637 1139 703 1170 Filii
721 1148 779 1169 non
796 1145 885 1179 queat
900 1140 1085 1170 commuttio-

267 1193 333 1213 nem
348 1183 439 1213 ullam
455 1183 578 1214 habere.
595 1185 754 1223 Propterea
769 1184 918 1224 praeclarae
932 1184 1000 1218 illm,
1014 1193 1084 1223 qua-

267 1237 332 1258 rum
348 1237 402 1257 nos
428 1227 542 1258 turbam
570 1228 826 1267 praetermisimus,
844 1231 997 1259 nominum
1020 1228 1084 1259 dis—

269 1272 437 1308 tinetiones,
449 1272 527 1309 quod
544 1272 683 1303 videlicet
698 1283 756 1303 non
774 1283 1020 1314 quorumcunque
1030 1282 1084 1304 ete-

268 1317 335 1347 dem
352 1321 422 1347 sunt
437 1316 667 1353 enuntiationes,
683 1327 717 1348 ea
741 1317 882 1348 continuo
911 1327 943 1348 re
968 1326 1086 1358 quoque

269 1360 433 1401 significata
446 1362 550 1392 eadem
564 1362 640 1392 sint:
655 1366 685 1391 ut
703 1366 824 1401 propter
835 1371 886 1393 eos
901 1363 950 1402 qui
964 1363 992 1393 in
1008 1366 1088 1393 terra

272 1411 368 1446 patres
383 1406 575 1436 nominantur
591 1410 678 1445 neget
690 1407 783 1437 Deum
795 1407 859 1438 Filii
877 1408 993 1438 Patrem
1007 1416 1085 1437 esse.

269 1449 329 1488 Ego
345 1459 425 1489 vero,
443 1458 508 1479 cum
542 1449 632 1480 multa
656 1450 715 1480 sint
739 1459 804 1491 quae
819 1451 891 1481 258
919 1451 1090 1481 christiani-

271 1504 366 1525 smum
383 1504 399 1524 a
413 1494 515 1533 gentili
529 1503 632 1524 errore
653 1504 686 1524 ac
699 1494 820 1526 Judaica
835 1495 1001 1533 ignorantia
1013 1496 1088 1526 diri-

273 1543 363 1570 mant.
379 1538 491 1569 nullum
507 1538 634 1569 arbitror
647 1539 677 1569 in
689 1544 797 1570 nostra:
810 1540 916 1571 salutis
931 1540 1090 1580 Evangelio

272 1589 371 1616 inesse
385 1584 482 1624 potius
509 1593 543 1614 ac
569 1584 664 1624 majus
682 1585 799 1623 dogma,
817 1594 904 1625 quam
929 1586 957 1615 in
975 1587 1089 1616 Patrem

273 1634 302 1660 et
317 1629 422 1659 Filium
440 1628 540 1658 tidem.
552 1629 625 1659 Nam
641 1629 718 1659 velii
735 1630 786 1667 qui
797 1639 973 1670 quocunque
990 1639 1092 1661 errore

273 1675 355 1705 scissi
373 1677 450 1708 sunt,
470 1674 562 1704 Deum
572 1678 736 1704 creatorem
749 1683 783 1705 ac
793 1674 928 1713 opificem
941 1684 1006 1705 esse
1018 1684 1072 1705 con
1082 1691 1090 1697 -

275 1720 404 1748 ﬁtentur.
431 1717 486 1754 Qui
515 1726 584 1747 vero
610 1717 682 1748 falso
711 1718 890 1758 appellatum
917 1721 1045 1759 Patrem,
1064 1722 1093 1748 et

274 1763 380 1794 Filium
396 1763 474 1792 nuda
494 1762 692 1802 appellatione
716 1763 866 1802 praedicat,
886 1763 1018 1804 nihilque
1034 1763 1091 1793 dif-

275 1807 352 1837 ferre
369 1806 538 1843 arbitratur,
557 1806 600 1836 vel
617 1805 732 1837 Patrem
757 1808 800 1838 vel
817 1813 981 1838 creatorem
1000 1809 1093 1847 proti-

275 1852 343 1888 teri,
357 1855 385 1881 et
395 1855 446 1881 aut
458 1850 563 1881 Filium
580 1855 629 1881 aut
640 1851 781 1882 facturam
794 1852 906 1890 dicere,
920 1853 969 1883 ubi
983 1862 998 1882 a
1008 1852 1095 1884 nobis

276 1895 467 1927 collocabitur
481 1898 494 1926 ?
507 1899 556 1925 aut
571 1904 629 1935 qua
644 1895 674 1926 in
699 1900 779 1926 secta
801 1897 1028 1927 numerabitur?
1042 1899 1095 1927 Ju-

277 1941 448 1971 daeorumne
462 1949 498 1970 an
515 1940 645 1978 gentium
662 1940 677 1961 9
693 1940 752 1971 Nec
774 1941 853 1971 enim
871 1941 1046 1972 Christianis
1062 1951 1094 1972 se

277 1985 430 2024 adjunget,
444 1985 494 2024 qui
513 1984 629 2024 pietatis
645 1985 738 2015 robur
749 1990 778 2016 et
789 1986 866 2016 velut
880 1987 1032 2026 religionis
1044 1997 1094 2016 no-

277 2033 346 2060 strae
360 2030 562 2060 characterem
581 2029 805 2061 inﬁciatur.Non
819 2032 896 2061 enim
909 2031 939 2061 in
956 2031 1092 2071 opiﬁcem

276 2074 470 2109 credidimus,
491 2078 518 2104 rt
532 2074 561 2104 in
578 2074 740 2105 facturam:
758 2075 809 2105 sed
826 2075 855 2105 in
872 2076 989 2106 Patrem
1003 2081 1031 2105 et
1044 2076 1094 2106 Fi-

279 2119 349 2149 lium
362 2127 414 2158 per
423 2118 559 2159 baptismi
571 2119 694 2157 gratiam
705 2119 852 2158 obsignati
867 2120 1094 2156 sumus.Quam-

278 2164 380 2194 obrem
396 2164 446 2203 qui
458 2164 513 2194 has
526 2164 652 2203 rejicere
663 2174 749 2194 voces
761 2164 860 2201 audet,
872 2173 990 2195 omnem
1009 2165 1096 2195 simul

1122 963 1165 991 καὶ
1180 962 1290 990 πάθεσιν
1304 963 1415 1001 ὑπάγειν
1431 962 1477 990 τὸν
1494 962 1570 991 Θεόν.

1164 1010 1241 1036 ΒΑΣ.
1272 1006 1305 1034 Ἦ
1338 1006 1386 1044 μὲν
1415 1007 1581 1047 παραίνεσις,
1608 1007 1646 1044 μὴ
1678 1005 1732 1034 δειν
1755 1007 1805 1040 τὴν
1820 1007 1950 1036 κατόὓ-

1125 1053 1182 1082 σίαν
1212 1052 1273 1080 Υίοῦ
1298 1051 1344 1079 καὶ
1371 1051 1475 1090 Πατρὸς
1498 1051 1647 1088 ὁμοιότητα
1668 1051 1780 1082 ἐννοεῖν.
1799 1057 1881 1082 Τοῦτο
1898 1054 1952 1091 γὰρ

1125 1098 1195 1134 αθ)τῷ
1225 1096 1346 1134 βούλεται
1382 1097 1398 1129 ἡ
1428 1095 1476 1129 τῆς
1512 1096 1652 1133 μετουσίας
1691 1096 1878 1135 ἀπαγόρευσις,
1912 1099 1950 1129 ὡς

1125 1141 1309 1175 ἀκοινωνήτου
1334 1142 1382 1174 τῆς
1414 1144 1460 1169 τοῦ
1489 1141 1591 1179 Πατρὸς
1620 1141 1709 1172 οὐσίας
1732 1141 1797 1179 πρὸς
1823 1143 1871 1176 τὴν
1902 1146 1951 1171 τοῦ

1128 1189 1291 1225 Μονογενοῦς
1316 1186 1502 1225 ὑπαρχούσης.
1535 1185 1583 1213 Δια
1604 1188 1686 1213 ταῦτα
1716 1185 1780 1224 (61)
1801 1187 1826 1213 αἱ
1855 1187 1952 1224 σεμνὶιὶ

1126 1233 1226 1260 ‘sxs'tm
1251 1233 1303 1258 τῶν
1325 1230 1463 1268 ὸνομάτων
1478 1229 1624 1267 διαστολαὶ,
1641 1231 1678 1258 ὧν
1693 1231 1738 1258 τὸν
1765 1229 1849 1270 ὄχλον
1865 1233 1951 1268 ἡμεῖς

1127 1274 1293 1315 ὑπερέϐημεν
1310 1282 1317 1289 ·
1345 1276 1382 1306 ὡς
1412 1275 1473 1315 οὐχὶ
1493 1274 1562 1303 ὅσων
1586 1276 1611 1303 αἱ
1633 1274 1795 1314 ἐκφωνήσεις
1811 1276 1837 1303 αἱ
1860 1277 1950 1315 abusi,

1128 1324 1209 1349 ταῦτα
1235 1320 1280 1347 καὶ
1309 1323 1347 1356 τῷ
1362 1319 1552 1357 αημαινομὲνῷ
1573 1319 1624 1353 ἤδη
1640 1320 1732 1355 ταυτὰ,
1759 1319 1805 1348 ἵνα
1831 1322 1862 1348 τὸ
1891 1325 1952 1349 Πα-

1130 1365 1191 1404 τέρα
1206 1364 1278 1392 εἶναι
1294 1369 1340 1394 τοῦ
1365 1364 1423 1392 ι·ιοῦ
1450 1365 1495 1392 τὸν
1525 1365 1589 1392 Θεὸν
1620 1363 1661 1392 διὰ
1689 1365 1750 1396 τοὺς
1766 1364 1808 1392 ἐπὶ
1826 1367 1877 1405 γῆς
1894 1378 1953 1394 πα-

1129 1409 1206 1448 τέρας
1229 1408 1440 1446 ὀνομαζομένους
1483 1408 1626 1442 ἀφέληται.
1656 1408 1729 1447 Ἐγὼ
1764 1408 1802 1443 δὲ,
1841 1409 1954 1438 πολλῶν

1130 1453 1225 1488 ὅντων,
1258 1453 1275 1481 ἂ
1311 1453 1357 1481 τὸν
1387 1454 1594 1492 Χριστιανισμὸν
1630 1453 1682 1481 ἀπὸ
1711 1456 1757 1486 τῆς
1787 1453 1954 1488 Ἐλληνικὴς

1131 1499 1234 1532 πλάνης
1265 1498 1309 1526 καὶ
1342 1497 1390 1531 τῆς
1413 1497 1561 1532 Ἰουδαϊκῆς
1586 1497 1716 1536 ἀγνωσίας
1744 1497 1874 1532 διίστησιν
1906 1501 1951 1528 οὕ-

1132 1542 1175 1571 δὶν
1204 1544 1320 1582 ἡγοῦμαι
1350 1544 1508 1582 κυριώτερον
1530 1541 1616 1581 δόγμα
1645 1545 1693 1576 τῆς
1722 1544 1759 1574 εἷς
1781 1544 1885 1583 Πατέρα
1910 1546 1958 1573 καὶ

1133 1588 1192 1615 Υίὸν
1221 1587 1335 1619 πίστεως
1375 1589 1413 1624 τῷ
1454 1586 1605 1626 Εὖαγγελίῳ
1634 1590 1683 1620 τῆς
1714 1588 1847 1625 σωτηρίας
1876 1589 1956 1622 ἡμῶν

1132 1630 1294 1671 ἒνυπάρχείν
1308 1630 1389 1671 (62).
1409 1630 1485 1660 Ἐπεὶ
1507 1632 1538 1659 τό
1560 1642 1590 1670 γε
1613 1631 1721 1664 κτίστην
1750 1634 1820 1660 εἶναι
1842 1633 1957 1666 x1161.-

1133 1677 1258 1715 μιουργὸν
1281 1677 1325 1704 τὸν
1355 1677 1419 1704 Θεὸν
1443 1677 1484 1704 καὶ
1500 1678 1523 1704 οἱ
1544 1675 1603 1704 καθ’
1627 1675 1822 1711 ὁποιανδήποτε
1850 1677 1957 1711 πλάνην

1133 1721 1329 1761 ἀπεσχισμένοι
1365 1721 1537 1751 συντίθενται.
1562 1719 1592 1750 Ὀ
1625 1720 1651 1748 δὲ
1689 1721 1791 1760 Πατέρα
1818 1722 1957 1760 ψευδώνυ-

1134 1777 1196 1803 μον⁹
1226 1766 1269 1793 καὶ
1299 1766 1360 1794 Υίδν
1383 1765 1465 1805 μέχρι
1486 1766 1664 1805 προσηγορίας
1695 1766 1777 1801 ψιλῆς
1808 1766 1870 1806 (63)
1888 1779 1956 1796 κατ-

1135 1809 1286 1849 αγγέλλων,
1313 1811 1356 1838 καὶ
1386 1809 1459 1840 οὐδὲν
1489 1811 1639 1849 ἡγούμενος
1671 1809 1814 1850 διαφέρειν,
1844 1812 1862 1845 ἢ
1899 1816 1957 1841 Πα-

1135 1855 1197 1894 τέρα
1224 1854 1368 1894 ὁμολογεῖν
1412 1855 1430 1890 ἢ
1476 1856 1598 1895 κτίστην,
1639 1856 1682 1883 καὶ
1725 1855 1783 1889 ἦτοι
1815 1857 1876 1884 Υίὸν
1910 1858 1956 1886 λέ-

1135 1911 1191 1939 γειν
1218 1899 1236 1933 ἢ
1266 1900 1380 1940 ποίημα,
1407 1903 1458 1928 ποῦ
1486 1900 1620 1932 τετάξεται
1651 1901 1714 1938 παρ’
1737 1901 1843 1940 ἡμῶνς
1867 1902 1884 1936 ἢ
1910 1903 1957 1936 τῆς

1135 1945 1213 1976 ποίας
1230 1946 1300 1973 εῖναι
1331 1945 1433 1984 μερίδος
1460 1945 1668 1984 ἀριθμηθήσεται
1696 1944 1785 1984 (64);
1817 1949 1868 1980 τῆς
1887 1947 1957 1977 Ἰου-

1135 1987 1226 2025 δαίων,
1252 1989 1270 2022 ἣ
1299 1992 1348 2023 τῆς
1377 1989 1537 2026 Ἐλλήνωνς
1567 1991 1603 2018 Οὒ
1642 1990 1691 2029 γὰρ
1721 1989 1753 2023 δὴ
1783 1994 1958 2028 Χριστιανοϊς

1136 2034 1227 2062 ἑαυτὸν
1243 2034 1401 2071 εἷο-ποιήσει,
1430 2035 1443 2062 ὁ
1471 2035 1519 2068 τὴν
1545 2033 1653 2071 δύναμιν
1676 2037 1724 2067 τῆς
1741 2034 1890 2073 εὐσεϐείας⁷
1914 2039 1957 2065 καὶ

1134 2079 1180 2105 τὸν
1208 2079 1286 2106 οἱονεὶ
1310 2081 1469 2118 χαρακτῆρα
1498 2081 1547 2112 τῆς
1576 2078 1697 2117 λατρείας
1725 2080 1802 2116 ἡμῶν
1824 2081 1956 2119 ἀρνούμε-

1137 2133 1180 2151 νος
1202 2121 1280 2162 (65).
1298 2124 1333 2151 Οὒ
1348 2124 1398 2163 γὰρ
1412 2125 1448 2155 είς
1471 2123 1631 2161 δημιουργὸν
1652 2125 1696 2151 καὶ
1719 2124 1824 2161 ποίημα
1840 2125 1960 2154 ἐπιστεύ-

1139 2177 1222 2204 σαμεν
1240 2175 1247 2182 ⁶
1274 2167 1334 2195 ἀλΛ’
1360 2168 1396 2199 εἷς
1421 2167 1523 2205 Πατέρα
1552 2169 1594 2196 καὶ
1634 2169 1691 2195 ῐΊὸν
1718 2167 1759 2196 διὰ
1788 2171 1840 2202 τῆς
1868 2172 1897 2198 ἒν
1924 2175 1961 2208 τῷ

280 2208 507 2248 Evangeliorum
524 2209 580 2238 vim
596 2209 666 2239 facit
680 2210 805 2249 irritam,
825 2218 892 2240 cum
910 2219 964 2240 nec
981 2210 1087 2240 Patren

1139 2212 1302 2250 βαπτίσματι
1333 2212 1445 2252 χάριτος
1469 2213 1692 2253 ἐσφραγίσθημεν.
1712 2211 1803 2240 ’Ὥστε
1829 2215 1842 2242 ὸ
1868 2216 1962 2247 ταύτας

279 2257 482 2300 generantem,
501 2263 555 2300 nec
580 2253 686 2284 Filium
703 2254 835 2300 genitum
863 2254 1011 2294 praedicet.
1040 2254 1087 2285 Set

1140 2255 1246 2293 τολμῶν
1278 2256 1380 2285 ἀθετεῖν
1411 2258 1458 2289 τὰς
1494 2258 1582 2297 φωνὰς
1615 2260 1701 2285 πᾶσαν
1730 2259 1796 2295 ὁμοῦ
1825 2261 1965 2300 παραγρά·

280 2297 343 2327 haec
367 2297 445 2337 dico,
472 2298 575 2337 inquit,
595 2303 626 2328 ut
655 2299 798 2338 passionis
830 2297 1054 2337 intelligentiam
1082 2309 1087 2328 4

1140 2311 1183 2340 φει
1208 2300 1272 2341 (66)
1296 2305 1349 2329 τῶν
1376 2301 1542 2341 Εὖαγγελίων
1571 2303 1620 2336 τὴν
1647 2301 1768 2341 δύναμιν,
1793 2297 1965 2343 Πατέραημὴ

325 2399 384 2438 (58)
401 2399 478 2430 Editi
497 2404 573 2428 τοῦτο
588 2399 615 2428 δὲ
630 2402 712 2438 αὐτῷ.
735 2400 846 2432 Vocula
869 2401 896 2430 δέ
911 2401 994 2431 abest
1011 2411 1027 2431 a
1045 2411 1100 2432 no-

282 2441 352 2470 stris
365 2439 531 2471 codicibus.

322 2480 383 2521 (59)
395 2479 475 2521 Libri
492 2485 616 2521 veteres.
644 2483 687 2509 καὶ
716 2483 786 2512 νὶοό,
804 2481 940 2521 Εάὶιψυ
965 2486 1011 2510 τοῦ
1027 2483 1099 2511 Υῖηῦ.

284 2520 395 2560 ibidem
412 2520 442 2549 in
459 2520 545 2551 editis
561 2521 667 2560 legitur
683 2521 846 2559 ἀνθρωπίνην
862 2530 868 2550 :
887 2521 938 2552 sed
952 2522 980 2551 in
995 2522 1102 2553 nostris

283 2559 437 2591 codicibus
453 2559 789 2600 scriptum’invenimus,
807 2561 985 2600 ἀνθρωπικήν.

323 2600 387 2640 (60)
405 2599 533 2631 Basilius
548 2601 636 2632 docet
651 2600 801 2640 aliquanto
817 2601 904 2639 infra,
922 2602 1101 2632 Eunomium

282 2649 384 2672 vocem
401 2642 525 2678 μετουσία
541 2650 599 2672 non
615 2641 656 2671 ita
669 2641 852 2681 accipere,ut
863 2643 1009 2681 signiﬁcet
1020 2651 1103 2672 cum-

284 2681 454 2712 munionem
473 2682 645 2721 quamlibet,
664 2680 715 2711 sed
736 2680 980 2712 communionem
999 2690 1104 2712 essen-

285 2721 342 2751 tite.

323 2761 385 2799 (61)
400 2761 498 2802 Codex
528 2770 604 2792 unus
630 2771 696 2791 cum
712 2761 800 2792 editis
822 2761 863 2790 διὰ
879 2767 965 2791 τοῦτο.
987 2761 1106 2802 Reliqui

285 2809 335 2831 sex
353 2809 426 2830 mss.
445 2799 486 2828 διὰ
503 2807 593 2831 ταὺτα.

325 2840 391 2879 (62)
409 2838 483 2871 Ειὶῆιὶ
498 2842 669 2883 ἐνυπάρχειν.
685 2840 783 2872 Editio
801 2842 909 2873 Ven.et
924 2845 1039 2882 septem
1052 2850 1107 2872 no-

1143 2402 1197 2433 stri
1211 2410 1283 2432 mss.
1299 2402 1441 2442 ὑπάρχειν.

1186 2442 1245 2481 (65)
1262 2443 1336 2482 Reg.
1363 2441 1486 2480 quartus
1515 2442 1544 2472 in
1567 2446 1718 2479 contextu,
1747 2441 1830 2480 ψιλῆς
1847 2447 1938 2482 φωνῆς
1957 2454 1964 2475 ;

1148 2482 1178 2513 in
1194 2491 1247 2513 ora
1261 2481 1342 2520 libri,
1359 2484 1540 2521 προσηγορίας
1559 2481 1652 2520 ψιλῇς.

1184 2522 1240 2559 (64)
1257 2521 1356 2553 Codex
1376 2532 1451 2553 unus
1467 2526 1494 2552 et
1522 2521 1596 2553 editi
1619 2522 1890 2561 συναριθμτιθτίσεται.
1909 2525 1966 2555 Alii

1145 2571 1196 2593 sex
1212 2571 1283 2594 mss.
1312 2563 1533 2600 ἀριθμηθήσεται.
1559 2561 1622 2593 Vox
1652 2563 1723 2590 εἶναι
1747 2562 1832 2592 deest
1846 2562 1878 2593 in
1896 2574 1965 2602 qua-

1147 2607 1214 2633 tuor
1228 2601 1392 2633 codicibus.

1187 2642 1247 2682 (65)
1264 2643 1387 2682 Antiqui
1405 2652 1456 2673 sex
1472 2641 1540 2673 libri
1556 2651 1625 2682 cum
1650 2641 1782 2672 editione
1800 2643 1876 2674 Ven.
1895 2647 1968 2682 ἡμῶν

1187 2652 1247 2682 (DD)
1264 2652 1334 2673 Anu
1359 2652 1387 2674 Ui
1405 2652 1456 2673 sex
1473 2652 1540 2673 llDl'l
1556 2652 1623 2672 cum
1650 2652 1782 2672 eutuone
1802 2652 1876 2674 ven.
1895 2657 1968 2682 ημιυν

1147 2683 1318 2721 ἀρνούμενος.
1335 2652 1432 2714 Editio
1447 2683 1541 2714 Paris.
1558 2684 1589 2713 et
1610 2681 1681 2721 Reg.
1700 2681 1852 2713 secundus
1868 2685 1906 2721 μὴ
1922 2686 1968 2724 ἀρ-

1148 2734 1285 2755 νουμενος.

1165 2735 1192 2751 DU
1216 2735 1259 2750 ενο
1279 2744 1285 2751 .

1165 2802 1171 2808 _
1189 2735 1394 2832 cCodices
1407 2772 1464 2793 non
1479 2762 1560 2804 pauci
1576 2762 1820 2802 Sta-{pi?si,sensu
1837 2772 1899 2794 non
1915 2764 1970 2795 dis-

1165 2811 1214 2832 lml
1229 2811 1249 2832 ι.

1147 2811 1249 2833 81111111.
