2032 3140
119 167 176 198 625

657 165 859 198 ADVERSUS
879 164 1086 197 EUNOMIUM
1110 164 1182 196 LIB.
1205 166 1245 197 II.

1744 163 1804 198 6‘26

120 235 248 264 δεικνύναι
263 235 329 274 (84)
345 235 393 269 τὴν
422 235 510 264 οὐσίαν
537 235 702 276 ἐφιλονείκει·
728 236 782 265 νυνὶ
803 235 843 273 δὲ,
857 233 935 264 πάλιν

982 231 1049 262 tiam
1066 231 1232 271 genituram
1257 241 1324 263 esse
1350 231 1510 264 ostendere
1526 231 1699 264 conabatur.
1716 231 1802 263 Nunc

122 282 170 314 τὴν
198 282 248 313 τῆς
275 279 364 312 οὐσίας
394 281 525 308 οἱκείωσιν
541 279 583 309 διὰ
597 283 646 314 τῆς
662 283 752 320 φωνῆς
767 281 865 314 ταύτης
893 292 941 314 ση-

118 324 279 362 μαινομένην
308 325 388 364 ὁρῶν,
418 326 449 353 το
481 327 652 364 γεγεννῆσθαι
685 325 730 354 τοῦ
772 326 938 364 γεννήματος

121 370 273 410 ἀφαιρεῖται
304 369 380 409 (85).
400 371 448 399 Καὶ
479 371 532 408 μὴν
548 371 570 398 εὶ
585 371 662 399 τοῦτο
676 371 712 402 ὡς
727 372 824 401 ﬁdem:
847 369 939 404 δηλω-

117 415 187 443 τικὸν
209 420 393 454 παραιτεῖται,
409 414 434 442 τί
448 414 544 443 κωλύει
573 415 616 443 καὶ
641 416 671 443 τὸ
702 414 863 454 δημιουργὸν
887 415 937 442 αὖ·

119 460 160 487 τὸν
191 459 263 487 εἶναι
298 458 339 487 διὰ
367 460 414 491 τὰς
440 460 518 492 αὖτὶῑς
550 460 634 491 αἰτίας
662 460 701 497 μὴ
729 459 936 499 παραδέχεσθαι;

119 504 190 532 Attin
213 504 310 536 πάσαις
342 513 402 536 ταῖς
430 511 599 542 σωματικαῖς
636 504 778 543 ἐνεργείαις
799 504 817 538 ἢ
839 503 938 532 πλείων

117 560 155 580 τις
182 549 290 581 πάντως
320 549 336 583 ἢ
359 549 474 577 ἔλαττων
504 550 585 581 κόπος
614 550 789 585 συνέζευκται,
808 550 876 578 κατὰ
891 550 938 584 τὴν

118 592 259 632 ἀναλογίαν
289 596 337 627 τῆς
366 597 411 623 τοῦ
433 595 568 626 ποιοῦντος
584 593 720 632 δυνάμεως
742 595 786 622 καὶ
807 597 855 627 τῆς
871 595 937 632 πρὸς

116 640 148 668 τὰ
161 639 263 679 μεγέθη
293 643 345 668 τῶν
367 640 562 680 ἐνεργουμένων
589 640 724 680 διαφορᾶς.
750 641 803 675 Τήν
823 651 854 680 γε
884 641 937 678 μὴν

115 684 184 712 θείαν
212 685 257 713 καὶ
285 685 416 724 μακαρίαν
446 686 524 725 φάσιν
549 684 661 722 καμάτῳ
676 684 763 724 λέγειν
780 685 937 724 συνέχεσθαι

116 730 166 768 οὐχ
190 729 273 763 ἧττον
302 729 396 762 ἀσεϐὲς
423 730 440 764 ἣ
476 736 535 762 τοῖς
566 731 715 770 αἰσχίστοις
731 730 811 763 αὒτην
827 730 937 758 πάθεσιν

116 772 287 806 ὑποϐάλλειν,
307 776 335 803 Ei
364 774 392 803 δὲ
421 774 529 807 ἀπαθῶς
557 775 647 815 κτίζει,
678 774 767 808 ἀπαθῆ
784 774 855 802 εἶναι
868 773 942 807 δέξα-

118 819 160 846 σθε
175 818 220 846 καὶ
242 819 293 852 τὴν
308 819 444 858 γέννησιν,

154 862 204 894 24,
221 861 270 894 Ὠς
296 864 344 900 μὲν
369 863 413 892 οὖν
441 863 534 902 κυρίως
560 863 604 891 καὶ
632 862 823 901 προσηκόντως
849 864 940 903 Πατὴρ

116 906 220 946 λέγεται
249 909 263 936 ὁ
286 908 362 945 Θεὸς,
394 909 436 937 καὶ
464 909 500 940 ὡς
529 908 590 947 οὐχὶ
619 908 729 947 πάθους,
747 907 807 936 ἀλλ’
829 908 936 936 οἰκειώ-

117 953 182 984 σεὼς
202 951 274 980 ἔστιν
304 953 399 990 ὄνομα,
429 954 446 987 ἢ
475 952 523 986 τῆς
551 953 620 981 κατὰ
644 952 736 992 χάριν,
766 954 802 981 ὡς
826 953 936 981 ἐπὶτῶν

117 996 273 1037 ἀνθρώπων,
285 997 302 1031 ἢ
318 1000 368 1031 τῆς
385 997 451 1026 κατὰ
467 997 555 1036 φύσιν,
582 998 619 1029 ὡς
641 997 683 1025 ἐπὶ
698 1002 744 1026 τοῦ
759 997 935 1037 Μονογενοῦς,

113 1041 207 1073 ἱκανῶς
230 1040 349 1081 εἴρηται·
381 1040 470 1079 δὼμετ
500 1041 527 1069 δὲ
557 1043 628 1070 εἶναι
653 1042 783 1080 τροπικὴν
799 1065 807 1078 ,
834 1043 878 1070 καὶ
907 1042 937 1070 ἐκ

115 1088 264 1125 μεταφορᾶς
291 1085 413 1124 λέγεσθαι
445 1086 518 1126 (86),
550 1086 639 1125 ὥσπερ
661 1087 704 1114 καὶ
733 1086 818 1119 ἂλλας
843 1088 935 1126 μυρίας

114 1130 155 1158 καὶ
181 1130 273 1169 φωνὴν
303 1131 413 1164 ταύτην,
459 1131 504 1162 Ὠς
542 1130 638 1169 τοίνυν,
669 1130 837 1169 ὀργιζόμενον
854 1153 862 1169 ,
891 1130 935 1158 καὶ

115 1175 254 1212 ὑπνοῦντα,
284 1176 328 1203 καὶ
352 1175 498 1212 πετόμενον
545 1174 685 1206 ἀκούοντες
713 1175 758 1202 τὸν
786 1175 862 1211 Θεὸν,
892 1175 936 1203 καὶ

116 1218 201 1248 ἄλλων
232 1220 359 1248 τοιούτων
382 1220 511 1257 ἀπρεπεῖς
532 1219 601 1247 κατὰ
636 1220 681 1247 τὸν
710 1218 856 1258 πρόχειρον
878 1224 937 1248 νοῦ-ι

118 1264 163 1295 κάς
179 1264 309 1304 ἐμφάσεις
325 1265 529 1304 παρεχομένων,
553 1263 612 1292 οὕτε
623 1264 668 1296 τὰς
683 1264 771 1303 φωνὰς
793 1275 838 1292 του
853 1264 937 1292 Πνεύ-

116 1319 198 1346 ματος
226 1308 426 1349 διαγράφωμεν,
460 1308 519 1337 οὔτε
544 1311 707 1345 σωματικῶς
741 1310 794 1336 τῶν
821 1307 937 1347 λεγομέ-

116 1364 202 1390 μενων
218 1354 363 1391 ἀκούομεν·
388 1353 412 1381 τί
434 1352 532 1388 δήποτε
554 1353 616 1392 οὐχὶ
631 1353 686 1389 καὶ,
703 1355 751 1385 τῆς
767 1355 858 1392 φωνῆς
871 1353 937 1380 ταύ-

114 1409 161 1431 της
178 1398 247 1427 οὕτω
270 1399 391 1438 σονιχῶς
413 1397 631 1438 παραληφθιίσης
646 1398 697 1425 ὑπὸ
712 1400 758 1425 τοῦ
785 1398 937 1434 Πνεύματος

120 1442 194 1482 (87),
210 1444 258 1476 τὰς
285 1446 443 1483 θεοπρεπεϊς
468 1443 551 1476 αὐτῆς
581 1441 680 1476 ἐννοίας
701 1440 902 1481 διερευνώμεοα;
919 1442 937 1476 ἢ

115 1488 199 1525 μόνην
228 1488 328 1521 ταύτην
351 1491 398 1521 τῆς
423 1490 527 1527 Γραφῆς
550 1486 732 1524 ἂπαλείψομεν
750 1486 827 1527 (88),
844 1487 873 1515 ἐκ
887 1488 936 1520 τῆς

981 280 1079 307 autem
1094 285 1198 307 rursus
1213 276 1391 308 substantiae
1404 277 1475 307 960
1490 277 1732 317 conjunctionem
1747 277 1802 308 hac

982 330 1052 353 voce
1070 321 1232 360 signiﬁcari
1260 331 1326 353 cum
1353 322 1460 357 videat.
1478 322 1643 361 genituram
1669 322 1800 362 genitam

981 374 1050 397 esse
1066 370 1166 406 negat.
1179 367 1265 406 Atqui
1281 366 1306 397 si
1321 367 1378 397 hoc
1402 371 1540 407 tauquam
1564 367 1646 406 quod
1662 367 1800 398 aﬁ‘ectum

981 410 1365 451 signiﬁcet,repudiat,quid
1377 411 1520 452 prohibet
1533 411 1647 442 eisdem
1655 410 1692 442 de
1704 411 1802 442 causis

981 456 1069 486 etiam
1086 460 1250 486 creatorem
1263 455 1358 496 ipsum
1374 464 1442 487 esse
1457 455 1581 496 negare?
1596 455 1669 486 Nam
1685 465 1737 496 pro
1752 465 1801 487 ra-

980 500 1060 531 tione
1073 499 1182 530 virium
1207 501 1274 540 ejus
1286 500 1337 541 qui
1351 500 1465 538 facit,et
1479 510 1532 540 pro
1547 500 1722 532 discrimine
1734 509 1799 531 ma-

980 543 1144 584 gnitudinis
1156 553 1259 575 eorum
1276 553 1340 585 quae
1356 545 1440 583 ﬁunt,
1458 544 1628 576 net-essurio
1643 549 1692 575 aut
1708 544 1803 584 major

980 592 1030 619 aut
1045 587 1142 618 minor
1152 588 1236 619 labor
1250 590 1401 629 corporeis
1417 587 1558 620 omnibus
1578 588 1801 628 operationibus

980 633 1180 672 conjungitur.
1199 633 1330 664 Ditinam
1351 639 1453 665 autem
1482 643 1516 664 ac
1532 633 1648 665 beatam
1665 637 1800 664 naturam

979 677 1080 709 dicere
1095 678 1198 709 labore
1209 678 1381 719 premi,non
1399 678 1497 710 minus
1511 679 1634 719 impium
1651 683 1801 718 est,quam

979 732 1043 753 eam
1069 723 1224 754 aﬂ‘ectibus
1241 723 1421 762 turpissimis
1448 724 1609 764 subjicere.
1634 723 1686 755 Sin
1702 727 1800 754 autem

982 769 1055 798 citra
1064 768 1201 799 aﬂ‘ectum
1218 772 1310 807 creat,
1328 768 1549 808 generationem
1562 777 1681 809 quoque
1689 768 1801 799 aﬁ‘ectu

981 821 1085 844 vacare
1099 812 1263 845 fateamini.
1574 842 1576 844 .

1021 858 1071 890 24.
1089 857 1173 894 Quod
1189 858 1280 899 igitur
1295 859 1414 899 proprie
1428 868 1463 889 ac
1476 859 1583 890 merito
1598 857 1677 888 Deus
1692 856 1801 887 dicitur

981 903 1079 939 Pater,
1097 907 1126 933 et
1141 903 1218 943 quod
1231 912 1290 934 non
1303 903 1437 943 affectus,
1448 903 1500 934 sed
1517 901 1736 942 conjunctionis
1748 910 1800 932 no-

980 956 1048 978 men
1064 951 1118 987 est,
1132 951 1181 978 aut
1197 947 1262 987 ejus
1277 957 1343 987 quae
1355 948 1386 978 ﬁt
1402 957 1456 988 per
1468 947 1639 988 gratiam,ut
1652 946 1684 977 in
1700 945 1797 977 homi-

979 991 1079 1032 nibus,
1094 995 1145 1022 aut
1154 993 1221 1032 ejus
1234 1001 1298 1033 quas
1315 992 1481 1023 secundum
1497 996 1632 1022 naturam
1648 993 1704 1027 est,
1723 991 1796 1021 utin

978 1035 1146 1076 Unigenito,
1164 1036 1235 1067 satis
1249 1036 1360 1068 dictum
1385 1041 1441 1068 est.
1469 1036 1526 1068 Sed
1549 1037 1654 1067 demus
1674 1039 1702 1066 et
1721 1035 1797 1067 hanc

978 1090 1079 1112 vocem
1088 1081 1231 1121 tropicam
1247 1082 1545 1122 esse,eamque,sicut
1554 1085 1583 1112 et
1595 1081 1667 1112 alias
1674 1089 1798 1111 sexcen-

979 1129 1092 1165 tas.per
1107 1125 1330 1157 translationem
1346 1126 1416 1157 dici.
1430 1125 1685 1163 Quemadmodum
1698 1125 1798 1165 igitur,

978 1180 1047 1202 cum
1061 1172 1156 1202 Deum
1171 1170 1562 1211 audimusirasci,dormirc,
1580 1171 1691 1207 volare,
1708 1173 1737 1200 et
1745 1170 1802 1200 alia

980 1215 1009 1246 id
1030 1224 1134 1255 genus,
1145 1224 1210 1255 quae
1223 1225 1314 1246 sensu
1330 1215 1414 1247 obvio
1430 1214 1656 1255 intelligentiam
1673 1214 1800 1246 indeco-

979 1269 1041 1290 ram
1059 1269 1118 1299 pm
1141 1269 1173 1291 se
1188 1260 1300 1296 ferunt,
1316 1270 1375 1292 non
1392 1264 1489 1291 tamen
1506 1269 1593 1291 voces
1607 1259 1732 1300 Spiritus
1747 1267 1802 1290 ex-

981 1304 1209 1344 pungimus,nec
1224 1304 1311 1335 modo
1321 1314 1450 1345 coporeo
1462 1305 1527 1336 haec
1536 1304 1615 1336 dicta
1624 1303 1799 1344 accipimus;

980 1358 1068 1389 quam
1085 1349 1203 1380 tandem
1220 1349 1258 1380 ob
1274 1358 1405 1387 causam,
1421 1359 1487 1380 cum
1505 1349 1566 1380 haec
1583 1357 1636 1379 vox
1647 1348 1722 1379 adeo
1738 1348 1798 1379 t‘re-

979 1397 1107 1434 quenter
1121 1404 1136 1424 a
1154 1393 1267 1434 Spiritu
1283 1398 1424 1435 usurpata
1443 1393 1491 1432 sit,
1509 1403 1567 1425 non
1588 1393 1677 1425 etiam
1688 1401 1798 1424 conve-

979 1439 1111 1469 nientem
1142 1440 1202 1470 Deo
1226 1439 1455 1479 intelligentiam
1480 1437 1713 1478 investigamus?
1729 1447 1798 1468 num

979 1483 1057 1514 hanc
1069 1483 1162 1514 solam
1185 1493 1221 1514 ex
1236 1483 1391 1524 Scriptura
1406 1483 1584 1521 delebimus,
1601 1492 1666 1514 eam
1688 1492 1724 1514 ex
1741 1483 1799 1513 ltu-

115 1531 279 1571 ἀνθρωπίνης
303 1533 429 1572 χρήσεως
445 1534 683 1571 συνκοφαντοῦντες
710 1530 803 1568 αὐτὴ-ις
835 1531 935 1560 Οὒτωσῑ

980 1537 1066 1558 mano
1079 1537 1133 1559 usu
1142 1528 1371 1560 calumniantes?
1384 1529 1422 1560 At
1435 1538 1496 1560 rem
1509 1529 1551 1560 sic
1562 1528 1797 1559 consideremus.

115 1575 141 1604 δὲ
155 1580 311 1614 σκοπῶμεν,
339 1577 389 1605 Δύο
410 1576 615 1614 σημαινομένων
642 1575 672 1604 ὲκ
699 1576 748 1608 τῆς
782 1580 828 1605 τοῦ
843 1579 936 1614 γεννᾷν

115 1623 293 1661 προσηγορίας
315 1623 383 1650 κατὰ
410 1622 460 1655 τὴν
485 1621 535 1649 ὦδε
567 1621 717 1659 συνήθειαν,
733 1620 831 1653 πάθους
847 1631 876 1648 τε
891 1624 937 1649 τοῦ

114 1669 259 1704 γεννῶντος
288 1667 331 1694 καὶ
359 1669 409 1700 τῆς
433 1667 498 1705 πρὸς
524 1666 555 1694 τὸ
577 1665 741 1704 γεννώμενον
764 1665 932 1699 οἷκειώσεως,

115 1711 174 1739 ὅταν
200 1712 268 1750 παρὰ
296 1717 342 1741 τοῦ
370 1712 471 1750 Πατρὸς
487 1715 525 1747 τῷ
540 1714 685 1749 Μονογενετ
701 1709 813 1748 λέγηται
828 1711 870 1741 τὸ.
889 1709 937 1738 Ἐκ

115 1757 226 1795 γαστρὸς
254 1757 303 1796 πρὸ
333 1756 467 1796 ἑωσφόρον)
492 1755 622 1794 ἐγέννησα
656 1766 696 1785 σε.
723 1755 767 1782 καὶ
791 1755 841 1794 τὸ,
875 1755 934 1786 Υἱὸς

115 1812 163 1837 μου
185 1801 212 1829 εἶ
242 1801 272 1828 σὺ
289 1824 297 1838 ,
327 1801 381 1840 ἐγὼ
414 1801 530 1839 σήμερον
563 1798 710 1838 γεγέννηκά
746 1809 786 1830 σε.
824 1799 934 1838 πότερον

115 1845 210 1873 τούτων
240 1845 414 1884 παρίστασθαι
443 1848 534 1884 φῶμεν
556 1844 598 1871 διὰ
626 1847 671 1872 τοῦ
691 1844 822 1883 ῥήματος
837 1844 867 1871 τὸ
883 1843 934 1881 ἒμ-

116 1890 192 1921 παθὲς
208 1893 262 1919 τῶν
278 1890 441 1929 γεννώντων,
473 1889 490 1923 ἢ
517 1890 565 1922 τὴν
582 1891 631 1922 τῆς
647 1888 749 1926 φύσεως
771 1888 933 1925 οἱκειότητα;

114 1933 182 1972 Ἐγὼ
204 1935 254 1972 μὲν
276 1935 325 1972 γὰρ
348 1934 423 1961 τούτό
452 1941 533 1972 φημι·
550 1933 593 1961 καὶ
616 1931 675 1960 οὑδὲ
696 1933 804 1963 τούτους
819 1933 936 1970 ἡγουμαί

113 1989 175 2006 ποτε
204 1979 244 2016 μὴ
271 1978 336 2017 οὓχί
367 1979 403 2010 εἷς
418 1977 542 2016 λαμπρὰν
558 1976 743 2016 μελαγχολίαν
758 1978 936 2016 παρενεχθέν-

113 2032 157 2054 τας
177 2023 378 2051 ἓναντιώσισθαι
396 2022 468 2059 (89),
487 2022 576 2050 ’Ὥστε
594 2023 615 2049 εἰ
640 2022 689 2059 μὲν
705 2022 788 2050 οἰκεία
812 2025 851 2057 τῷ
876 2025 934 2059 Θεῷ

113 2067 130 2100 ἡ
151 2068 237 2108 φωνὴ,
267 2067 292 2095 τί
319 2067 457 2104 ἀτιμάζεις
485 2068 522 2098 ὡς
551 2065 703 2106 ἀλλοτρίως
734 2067 756 2094 εἱ
778 2065 804 2094 δε
830 2066 860 2094 ἐκ
882 2067 933 2094 τῶν

113 2111 281 2151 ἀνθρωπίνων
306 2113 545 2151 μετακεκόμισται,
569 2112 599 2139 τὸ
627 2111 698 2150 ὑγιὲς
725 2112 806 2144 αὐτῆς
823 2109 932 2143 ἑϐλεξέο

978 1573 1052 1604 Cum
1064 1573 1123 1603 duo
1135 1573 1339 1613 signiﬁcentur
1355 1573 1518 1613 generandi
1533 1581 1605 1604 voce
1619 1581 1655 1603 ex
1671 1573 1800 1604 humano

978 1627 1073 1652 more.
1089 1618 1261 1656 generantia
1293 1618 1407 1649 scilicet
1428 1619 1562 1656 all‘ectus,
1579 1621 1609 1648 et
1628 1616 1799 1656 conjunctio

978 1671 1045 1692 cum
1059 1662 1293 1702 genito;quando
1304 1673 1321 1693 a
1331 1664 1418 1694 Patre
1427 1663 1462 1693 ad
1474 1661 1664 1701 Unigeuitum
1674 1661 1796 1692 dicitur:

979 1706 1028 1737 Ea:
1037 1711 1121 1737 utero
1130 1710 1200 1738 ante
1209 1707 1374 1747 luciferum
1383 1708 1473 1745 genui
1483 1706 1593 1742 te31;et:
1607 1706 1705 1737 Filius
1715 1714 1799 1736 meus

978 1755 1116 1792 estu,ego
1126 1752 1217 1782 hodie
1227 1753 1319 1791 genui.
1335 1756 1362 1783 te
1370 1751 1409 1789 83;
1418 1754 1514 1783 utram
1531 1752 1636 1782 harum
1650 1750 1800 1790 signiﬁca-

976 1796 1090 1826 tionum
1098 1795 1153 1826 hoc
1161 1795 1250 1827 verbo
1261 1796 1387 1827 indicari
1395 1796 1544 1827 dicemus?
1554 1795 1800 1836 generantiumne

978 1840 1115 1873 allectum
1129 1850 1166 1871 an
1183 1845 1296 1871 natura:
1313 1841 1571 1882 conjunctionem?
1582 1840 1640 1880 Ego
1655 1841 1710 1871 hoc
1725 1849 1798 1871 cen-

978 1894 1042 1922 seo;
1058 1889 1088 1915 et
1101 1894 1139 1916 ne
1155 1885 1208 1916 hos
1225 1886 1358 1926 quidem,
1385 1886 1442 1917 nisi
1467 1886 1497 1916 in
1524 1885 1712 1916 manifestum
1728 1889 1800 1915 atrae

977 1929 1046 1960 bilis
1061 1929 1195 1960 morbum
1213 1929 1400 1968 incidissent,
1415 1930 1648 1961 contradictores
1667 1938 1798 1970 unquam

977 1973 1068 2004 fuisse
1084 1974 1366 2012 arbitror.Quare,si
1381 1975 1519 2006 convenit
1530 1974 1590 2005 Deo
1604 1975 1666 2005 haec
1675 1983 1799 2011 vox,cur

978 2018 1057 2049 sicut
1072 2018 1199 2049 alienam
1216 2020 1358 2058 spernis?
1373 2019 1425 2050 Sin
1441 2023 1539 2050 autetn
1567 2028 1602 2049 ex
1627 2018 1798 2049 hominibus

976 2063 1116 2093 translata
1130 2067 1186 2101 est,
1210 2072 1282 2094 sano
1298 2063 1464 2103 signiﬁcatu
1481 2064 1608 2101 delecto,
1626 2063 1693 2101 fuge
1711 2063 1797 2093 dete-

976 2107 1175 2139 riorem.Nam
1193 2107 1324 2147 profecto
1337 2108 1366 2138 in
1378 2108 1508 2138 dictione
1521 2116 1586 2148 quae
1601 2107 1691 2137 multa
1705 2108 1796 2146 signi-

115 2166 188 2192 μενο,
229 2157 293 2196 φύγε
323 2158 353 2184 τὸ
380 2163 473 2196 χεῖρον
497 2159 549 2184 τῶν
565 2154 744 2193 δηλουμὶνων,
764 2155 874 2188 ’Ἔξεστι
886 2156 935 2194 γὰρ

980 2152 1058 2191 ﬁcat,
1080 2161 1148 2182 cum
1171 2152 1207 2182 ad
1227 2156 1336 2183 rectam
1355 2153 1504 2182 notionem
1521 2161 1573 2192 per
1588 2153 1682 2191 ipsam
1696 2161 1795 2182 vocem

115 2198 196 2234 δήπου
209 2203 238 2229 ἒν
254 2201 402 2237 πολυσῆμῳ
429 2204 464 2238 τῇ
495 2200 575 2236 λέξει,
597 2201 661 2238 πρὸς
677 2201 725 2234 τὴν
741 2201 818 2238 ὀρθὴν
835 2199 935 2228 ἔννοιαν

115 2243 277 2284 ben-metm
293 2245 334 2274 διὰ
349 2251 395 2275 τοῦ
410 2246 540 2284 ῥήματος,
557 2246 586 2272 τὸ
601 2246 725 2273 ταπεινὸν
754 2246 798 2273 καὶ
822 2245 934 2285 αἰσχρὸν

114 2290 161 2322 τῆς
189 2291 329 2330 ἐμφάσεως
359 2289 516 2326 ὑπερϐῆναι.
544 2290 593 2318 Καὶ
623 2291 661 2327 μή
683 2301 727 2327 μοι
757 2289 830 2328 λὲγε,
849 2291 892 2322 Τί;
908 2289 934 2317 δὲ

151 2369 183 2394 87
198 2370 276 2401 Psal.
293 2377 353 2405 clx.
372 2370 401 2402 3.
445 2369 568 2402 88Psal.
586 2378 617 2407 ιι,
633 2370 663 2400 7.

154 2450 219 2489 (84)
237 2450 313 2482 Editi
327 2451 398 2478 εἶναι
415 2450 556 2481 δεικνύναι,
573 2449 697 2481 Veteres
717 2449 850 2490 quinque
866 2449 934 2480 libri

117 2490 193 2518 ninam
209 2491 349 2519 δεικνύναι.
376 2492 442 2522 Mox
460 2499 530 2522 mss.
548 2490 681 2521 nonnulli
705 2489 861 2529 φιλονεικεῖ.

157 2530 218 2570 (85)
237 2530 324 2567 lllud,
341 2530 505 2570 ἀφαιρεῖται,
528 2530 563 2561 ad
586 2531 707 2560 verbum
737 2530 935 2568 interpretans

117 2563 338 2610 Trape'zuntius,
351 2563 394 2600 sic
405 2563 490 2601 vertit
499 2563 510 2601 ’;
522 2571 659 2610 genitum
670 2579 731 2600 esse
745 2578 764 2600 ιι
779 2563 935 2608 genimiue

117 2614 256 2641 removet.
270 2609 332 2640 Hoc
344 2614 400 2650 est,
412 2615 501 2650 negat
517 2609 586 2648 ﬁeri
597 2610 778 2649 potuissem!
791 2610 935 2648 genitura

118 2650 217 2687 genita
230 2650 380 2689 fuerit.Eo
391 2649 506 2689 spectat
517 2654 577 2680 tota
590 2649 689 2681 Basilii
702 2649 936 2686 ratiocinatio,ut

119 2689 220 2727 probet
237 2693 395 2730 pugnantia
408 2689 487 2730 loqui
503 2689 694 2722 Eunomium.
712 2689 749 2719 Et
763 2698 834 2720 vero
846 2690 934 2730 proﬁ-

118 2729 169 2768 teri
183 2729 290 2761 Filium
307 2729 470 2768 genituram
487 2739 566 2768 es.~e,
584 2734 612 2760 et
630 2734 727 2760 tamen
747 2729 857 2767 negare
882 2729 932 2760 Fi-

118 2767 338 2816 liumgenitutn
359 2771 461 2816 fuisse,
491 2769 561 2809 quid
590 2774 646 2806 est,
672 2770 858 2816 quaesoLnisi
875 2779 930 2810 pu-

117 2809 232 2846 gnantia
261 2810 351 2850 loqui,
368 2815 397 2841 et
410 2819 510 2841 secum
529 2819 587 2840 non
601 2809 792 2840 consentire?

159 2849 218 2888 (86)
233 2849 330 2881 Codex
356 2860 432 2880 unus
457 2855 486 2881 et
501 2850 569 2880 editi
584 2850 614 2878 ἐκ
629 2854 778 2889 μεταφορᾶς
801 2851 929 2888 εἰρῆσθαι.

116 2887 228 2931 Reliqui
244 2899 295 2921 sex
311 2899 381 2922 mss.
398 2890 532 2932 λέγεσθαι.
547 2891 614 2923 Mox
630 2887 738 2931 legitur
754 2889 784 2921 in
809 2887 932 2930 vulgatis

978 2197 1125 2228 deductus
1141 2196 1244 2231 fueris.
1261 2197 1330 2227 licet
1346 2196 1489 2227 humilem
1504 2201 1681 2236 turpemque
1690 2195 1797 2226 intelli-

977 2242 1105 2282 gentiam
1118 2242 1279 2281 praeterire.
1296 2240 1356 2272 Nec
1372 2240 1445 2271 mihi
1460 2241 1542 2272 dicas
1556 2251 1562 2272 :
1581 2241 1652 2277 Quae
1667 2249 1735 2271 vero
1752 2245 1797 2270 cst

976 2287 1140 2327 generatio,
1158 2291 1187 2317 et
1198 2286 1304 2326 qualis,
1320 2290 1349 2316 et
1364 2285 1513 2326 quomodo
1530 2286 1595 2316 ﬁeri
1611 2285 1718 2325 potuit?
1731 2286 1796 2316 Non

977 2450 999 2477 εἰ
1022 2449 1109 2476 τοίνυν
1127 2456 1133 2478 :
1150 2446 1202 2477 sed
1226 2455 1278 2486 pro
1298 2448 1319 2475 ei
1348 2449 1432 2477 τοίνυν
1463 2446 1606 2486 scriptum
1633 2446 1662 2477 in
1688 2446 1798 2477 nostris

976 2492 1092 2528 septem
1108 2486 1260 2528 codicibus
1273 2486 1444 2528 invenimus
1460 2488 1506 2517 ’τις
1524 2487 1620 2516 τοίνυν.

1020 2528 1083 2567 (87)
1100 2526 1225 2558 Codices
1253 2526 1366 2567 aliquot
1389 2528 1460 2566 παρᾶ
1484 2530 1530 2555 τοῦ
1552 2528 1716 2563 Πνεύματος.
1733 2526 1796 2556 Vox

976 2569 1059 2601 αὒτῆς
1076 2591 1084 2606 ,
1112 2576 1176 2607 quas
1205 2567 1302 2597 statim
1329 2567 1474 2608 sequitur,
1505 2567 1535 2597 in
1563 2567 1695 2607 quinque
1723 2574 1794 2596 mss.

978 2609 1072 2639 deest.

1016 2647 1078 2687 (88)
1094 2646 1163 2678 Hec
1175 2647 1291 2678 diverse
1306 2647 1335 2678 in
1347 2647 1472 2678 diversis
1488 2644 1796 2687 distinguuntur.Nam

977 2689 1004 2719 in
1022 2686 1145 2726 vulgatis
1156 2691 1184 2717 et
1201 2688 1228 2718 in
1247 2697 1304 2718 uno
1320 2687 1424 2718 codice
1438 2687 1550 2725 virgula
1566 2686 1660 2726 posita
1684 2689 1729 2716 est
1743 2695 1794 2717 so-

975 2729 1036 2759 lum
1054 2725 1117 2768 post
1133 2736 1235 2768 vocem
1251 2728 1378 2768 χρήσεως
1398 2739 1404 2756 :
1422 2731 1450 2757 at
1461 2727 1495 2768 in
1509 2725 1608 2768 Regiis
1623 2725 1756 2768 secundo
1766 2730 1796 2768 et

974 2766 1078 2809 quarto
1094 2767 1206 2809 virgula
1221 2766 1321 2809 statim
1332 2767 1530 2809 postverbum
1539 2766 1723 2809 απαλιίψομεν
1734 2766 1797 2797 col.

973 2806 1099 2840 locatur.
1126 2806 1254 2838 Primem
1269 2807 1473 2846 distinguendi
1501 2807 1648 2837 rationem
1675 2810 1795 2840 secutus

974 2851 1179 2893 estintefpres
1193 2851 1285 2893 vetus:
1301 2847 1571 2893 nos_p_os_te_riorem.

1013 2888 1076 2929 (89)
1092 2887 1216 2921 Veteres
1230 2888 1342 2930 aliquot
1356 2887 1426 2919 libri
1441 2888 1659 2919 ὲνιντιώσασθιι.
