3966 6184
116 1146 117 1165 l

114 1184 118 1215 ι

114 1224 117 1239 Ι

114 1262 115 1281 l

112 1394 113 1413 ι

108 1552 111 1583 l

108 1648 109 1673 l

319 268 3576 337 Hm

222 5878 315 5985 ’δ

1515 482 2404 615 PR/EFATIO.

394 989 554 1062 Qum
580 985 1017 1062 Hieronymus
1049 998 1124 1043 ex
1158 983 1377 1042 ϐριθρο
1434 978 1604 1057 jsacri
1654 978 1897 1041 codicis
1938 987 2138 1051 textu,
2174 978 2224 1039 si
2282 997 2477 1039 unum
2530 992 2719 1059 atque
2751 982 3022 1044 alterum
3062 985 3351 1048 libellum
3394 988 3573 1049 exci-

324 1084 486 1161 pias,
548 1082 611 1141 in
666 1082 964 1142 Latinum
1036 1077 1379 1150 convertit,
1448 1077 1716 1137 Hebraeo
1770 1076 2015 1135 dudum
2066 1075 2361 1139 absoluto
2396 1079 2679 1152 Canone,
2736 1088 2911 1141 tomo
2960 1083 3079 1145 hoc
3131 1102 3397 1162 operum
3431 1087 3573 1165 ejus

322 1177 575 1238 decimo
619 1175 1061 1236 continentur.
1098 1175 1285 1233 Hune
1322 1172 1445 1231 subi
1500 1172 1710 1231 locum
1754 1178 1946 1248 atque
1980 1172 2275 1233 ordinem
2327 1175 2460 1251 ipsa
2502 1176 2826 1250 postulare
2877 1178 3211 1241 videbatur
3242 1182 3572 1244 recensio-

324 1272 427 1331 nis
460 1279 696 1332 nostrm
724 1268 925 1348 hujus
955 1269 1182 1336 series,
1216 1267 1381 1340 sive,
1415 1276 1480 1327 ut
1517 1266 1731 1327 verius
1756 1266 1984 1340 dicam,
2016 1268 2547 1347 Hieronymiame
2578 1271 2719 1350 ejus
2752 1272 3303 1351 interpretationis
3333 1294 3569 1354 genus,

320 1384 397 1427 ex
430 1366 635 1427 altero
679 1365 1147 1442 Scripturarum
1183 1363 1359 1425 fonte
1393 1362 1777 1424 derivatum.
1816 1361 2155 1424 Tribuitur
2192 1372 2406 1424 autem
2446 1364 2549 1426 hic
2585 1366 2721 1444 ipse
2754 1367 2818 1428 in
2852 1369 3010 1429 duas
3042 1378 3253 1446 partes
3291 1380 3502 1435 tomus
3545 1400 3563 1436 :

320 1480 599 1539 quarum
641 1477 767 1523 una
801 1477 949 1539 quin
979 1460 1226 1521 Veteris
1259 1458 1650 1519 Testamenti
1690 1458 1856 1517 haud
1890 1475 2041 1519 sane
2099 1457 2293 1519 multa
2332 1469 2640 1537 superant
2679 1472 2821 1539 post
2861 1468 3104 1542 grande
3161 1466 3568 1547 naufragium

327 1565 774 1627 monumenta,
803 1555 1002 1618 altera
1030 1559 1276 1617 Novum
1306 1570 1499 1617 omne
1528 1552 2014 1633 comprehendit
2052 1571 2066 1614 :
2101 1571 2178 1614 ex
2207 1556 2422 1616 Graeco
2468 1563 2762 1636 utraque,
2804 1565 3044 1621 tantum
3076 1563 3247 1641 quod
3293 1564 3398 1625 illa
3432 1573 3573 1628 ἀπό-

324 1678 563 1729 γραφον,
598 1652 719 1713 ista
759 1652 1218 1730 primigenium
1247 1658 1440 1729 atque
1473 1658 1789 1729 ἀρχέτυπον
1834 1655 1890 1710 te

2003 1668 2077 1711 im
2122 1649 2333 1711 refert.
2367 1654 2524 1724 Qum
2581 1660 2650 1715 ut
2693 1655 2889 1731 probe
2928 1662 3168 1729 teneas,
3207 1676 3322 1739 per
3361 1670 3569 1740 partes

324 1756 477 1810 sunt
510 1749 590 1809 de
627 1764 831 1818 more,
865 1754 1206 1825 antequam
1239 1749 1315 1809 ad
1359 1746 1704 1825 legendum
1750 1745 2035 1814 accedas,
2064 1741 2471 1805 enucleatius
2505 1748 2910 1824 exponenda,
2947 1754 3426 1832 repetendaque
3466 1770 3568 1816 res

322 1844 527 1923 paulo
562 1845 777 1907 altius.

400 1942 869 2018 Hieronymus,
900 1957 1032 2021 quo
1065 1956 1255 2003 nemo
1288 1956 1578 2020 unquam
1637 1947 1778 2018 post
1837 1936 2127 2000 homines
2193 1944 2373 1999 natos
2430 1937 2798 1999 divinarum
2853 1940 3237 2005 Litterarum
3294 1946 3568 2010 scientia

321 2037 527 2115 magis
560 2038 890 2110 excelluit,
926 2053 1114 2100 nemo
1171 2037 1247 2097 ad
1309 2053 1447 2098 eam
1487 2035 1978 2113 comparandam
2042 2034 2185 2111 plus
2218 2034 2576 2112 diligentiae
2642 2045 2836 2115 atque
2892 2039 3230 2103 industriae
3261 2046 3564 2119 contulit,

325 2134 608 2209 primum
644 2133 706 2194 in
742 2134 959 2194 Latina
997 2132 1099 2194 sui
1138 2131 1446 2209 temporis
1503 2131 1825 2204 versione,
1857 2146 2002 2210 quae
2036 2128 2230 2200 vitiis,
2263 2130 2402 2191 sive
2442 2130 2874 2210 interpretum
2937 2134 3151 2211 culpa,
3187 2138 3322 2200 sive
3381 2140 3573 2202 libra-

322 2231 597 2297 riorum,
621 2228 841 2290 multis
864 2231 1169 2300 scatebat,
1194 2230 1269 2289 ad
1308 2229 1590 2290 nativum
1623 2234 1733 2289 τῶν
1764 2224 2173 2303 Septuaginta
2205 2224 2527 2301 exemplar
2557 2225 2890 2305 exigenda,
2925 2237 3117 2309 atque
3146 2236 3566 2309 emendanda,

319 2322 575 2403 ingenii
617 2330 811 2403 atque
844 2323 1236 2385 eruditionis
1275 2340 1408 2385 suae
1435 2323 1797 2401 periculum
1832 2320 2001 2383 fecit.
2044 2320 2341 2382 l'raelusit
2383 2330 2569 2383 tantae
2603 2323 2789 2384 molis
2835 2327 3012 2401 operi
3043 2310 3421 2390 recensione
3458 2330 3565 2390 illa

319 2421 752 2491 Psalmorum,
795 2437 991 2499 prepe
1021 2419 1295 2482 dixerim
1339 2418 1781 2493 tumultuaria,
1816 2433 2034 2496 quam,
2059 2423 2127 2477 ut
2159 2416 2301 2493 ipse
2350 2417 2458 2492 ait,
2493 2418 2700 2479 Roma:
2727 2419 2976 2497 positus
3009 2424 3177 2499 apud
3204 2423 3566 2500 Damasum,

319 2517 582 2589 cursim,
636 2525 690 2576 οι
732 2534 960 2595 magna
1009 2524 1255 2578 tantum
1300 2535 1384 2578 ex
1441 2525 1625 2595 parte
1685 2515 2128 2578 adornaverat.
2163 2513 2461 2574 Fortasse
2525 2530 2733 2592 neque
2792 2522 2887 2576 est
2932 2522 3084 2578 tunc
3114 2519 3235 2580 alia
3275 2519 3563 2583 editione
3614 2575 3629 2586 .

320 2616 543 2675 Graica
576 2630 755 2686 usus,
801 2630 991 2693 quam
1035 2630 1179 2692 quae
1208 2614 1284 2674 ad
1350 2630 1578 2675 manus
1619 2618 1777 2684 erat,
1812 2618 1872 2672 et
1899 2619 2091 2688 Κοινὴ,
2133 2608 2516 2683 Communis,
2580 2611 2744 2673 dicta
2788 2621 2908 2685 est,
2942 2614 3115 2693 quod
3170 2615 3361 2693 Vulgo
3398 2617 3571 2679 obti-

322 2717 531 2772 iteret.
567 2710 753 2772 Certe
791 2728 869 2771 ne
901 2709 968 2771 in
996 2710 1344 2771 consilium
1379 2708 1645 2788 quidem
1678 2708 1883 2770 fuisse
1914 2705 2263 2767 adhibitam
2295 2706 2720 2781 Hexaplarem
2760 2706 3094 2785 Origenis,
3129 2711 3334 2771 obelis
3370 2718 3569 2791 atque

322 2807 651 2867 asteriseis
684 2806 1085 2875 instructam,
1127 2822 1226 2866 res
1264 2806 1396 2883 ipsa
1432 2806 1798 2883 persuadet.
1832 2804 1992 2863 Cum
2028 2809 2235 2863 tamen
2271 2801 2434 2861 bene
2474 2800 2911 2863 rudimentum
2950 2803 3069 2864 hoc
3111 2806 3322 2881 ipsum
3358 2823 3570 2869 cesse-

328 2902 433 2973 rit,
464 2911 525 2962 et
576 2905 881 2963 Romana)
918 2901 1293 2979 cumprimis
1361 2901 1653 2963 Ecclesiae
1688 2897 2011 2975 suffragiis
2070 2897 2445 2975 probaretur
2494 2897 2869 2974 (etiamnum
2920 2899 3164 2978 quippe
3221 2902 3569 2964 Romanum

326 2996 714 3057 Psalterium
744 2998 971 3075 audit),
1006 2997 1112 3057 ille
1143 2998 1433 3058 animum
1488 2998 1563 3057 ad
1601 2997 1967 3058 universam
2024 2997 2390 3057 versionem
2426 2996 2594 3056 illam
2647 3014 2726 3058 ex
2762 2999 3006 3077 integro
3041 2998 3214 3078 juxta
3248 3005 3566 3078 Graecum,

321 3103 518 3171 atque
558 3112 707 3155 eum
749 3094 1013 3173 quidem
1069 3095 1258 3175 longe
1287 3093 1886 3157 emendatissimum
1918 3090 2342 3165 Hexaplarem
2372 3098 2615 3153 textum
2649 3092 3083 3172 reﬁngendam
3121 3097 3396 3175 appulit.
3442 3103 3569 3163 Nec

325 3208 481 3252 sane
518 3191 791 3251 dubium
849 3192 1129 3264 videtur,
1173 3189 1332 3270 quin
1368 3197 1430 3251 et
1489 3190 1891 3268 prepositum
1928 3208 2040 3267 per
2085 3188 2374 3264 singulas
2416 3197 2627 3265 partes
2661 3199 3034 3268 exsecutus,
3070 3200 3273 3256 totum
3309 3197 3569 3258 Veteris

324 3286 718 3348 Testamenti
748 3288 1068 3348 Canonem
1102 3285 1456 3348 continenti
1494 3285 1597 3347 illa
1655 3283 1982 3363 archetypi
2018 3282 2494 3359 comparatione
2544 3283 2933 3361 expoliverit
2968 3308 2984 3348 :
3022 3295 3231 3351 tamen
3268 3290 3388 3351 etsi
3438 3293 3571 3354 duo

328 3396 503 3441 nunc
526 3380 648 3441 soli
685 3388 995 3458 superent
1035 3381 1178 3443 libri
1208 3398 1285 3443 ex
1336 3398 1409 3442 ea
1443 3381 1819 3442 recensione
1849 3380 2108 3458 integri,
2142 3379 2283 3452 Job,
2320 3387 2381 3439 et
2425 3378 2832 3453 Psalterium,
2867 3384 3261 3464 totidemque
3321 3389 3572 3467 prologi

325 3476 393 3536 in
430 3477 628 3538 libros
661 3477 1047 3550 Salomonis,
1080 3484 1140 3538 et
1176 3477 1733 3553 Paralipomenon,
1772 3476 1883 3555 qui
1929 3486 1997 3538 ut
2048 3477 2451 3554 deperditum
2490 3491 2658 3555 Opus
2722 3477 2960 3556 majore
2996 3480 3061 3541 in
3100 3482 3418 3546 desiderio
3459 3488 3568 3556 sit.

324 3571 595 3635 faciunt.
629 3574 1047 3647 Haberemus,
1084 3577 1136 3636 si
1172 3575 1347 3636 labor
1377 3574 1485 3635 ille
1517 3582 1761 3635 aetatem
1797 3572 2077 3644 tulisset,
2117 3571 2442 3649 quantivis
2486 3570 2675 3647 pretii
2712 3571 3088 3635 thesaurum
3124 3593 3319 3639 sacrm
3348 3580 3569 3640 erudi-

326 3672 549 3743 tionis,
586 3688 666 3731 ex
692 3687 823 3749 quo
857 3678 917 3731 et
952 3672 1290 3732 restituere
1313 3671 1739 3748 Hexaplarem
1773 3670 1976 3747 ipsam
2007 3668 2356 3729 editionem
2391 3667 2627 3742 saepius
2662 3668 2911 3740 liceret,
2950 3679 3013 3731 et
3048 3672 3301 3736 Veteris
3332 3676 3573 3738 Latinas

331 3767 642 3846 reliquias
681 3766 1141 3831 asterisrorum
1189 3768 1661 3847 obolorumque
1694 3784 1816 3845 Ope
1849 3783 1863 3825 :
1902 3774 2033 3826 tum
2081 3765 2195 3843 qui
2254 3762 2446 3825 fuerit
2498 3765 2635 3842 ejus
2675 3765 3051 3843 interpretis
3108 3788 3341 3832 sensus
3376 3789 3568 3852 a'que

326 3863 582 3925 animus
620 3865 684 3925 in
719 3864 878 3925 locis
913 3865 1370 3936 vexatissimis,
1406 3865 1587 3927 nullo
1647 3863 1902 3942 negotio
1937 3863 2399 3922 internoscere.
2431 3860 2589 3934 Qua;
2631 3871 2867 3937 quanta
2921 3865 3075 3939 sint,
3114 3865 3158 3925 ii
3193 3868 3377 3929 facile
3412 3884 3565 3930 seu-7

330 3959 522 4030 tiunt,
580 3960 693 4037 qui
758 3975 966 4021 sacras
1022 3960 1386 4037 Scripturas
1448 3977 1527 4020 ex
1597 3962 2010 4038 antiquorum
2076 3963 2314 4027 mente,
2367 3962 2559 4035 atque
2611 3954 3037 4034 originalibus
3072 3960 3251 4021 libris
3297 3964 3566 4023 scrutari

330 4055 739 4133 percupiunt.
772 4058 955 4117 Nunc
985 4057 1245 4135 quando
1288 4056 1597 4134 particula
1630 4057 1934 4117 duntaxat
1977 4052 2087 4114 illa
2142 4050 2265 4111 frui
2300 4049 2515 4113 datum
2576 4057 2694 4124 est,
2731 4068 2867 4112 eam
2906 4054 3082 4114 omni
3144 4056 3379 4135 majore
3415 4074 3568 4120 cura

328 4167 399 4212 ac
433 4151 654 4213 studio
706 4151 1044 4230 complecti
1096 4168 1212 4213 nos
1244 4152 1447 4225 decet,
1484 4159 1551 4213 ut
1611 4152 1675 4211 in
1731 4150 1870 4229 ejus
1939 4149 2306 4213 adornanda
2359 4146 2643 4209 editione
2713 4147 2871 4208 nihil
2927 4166 3055 4210 non
3107 4165 3317 4226 Operae
3346 4154 3570 4215 confe-

328 4263 570 4309 ramus.

408 4348 645 4409 Verum
682 4346 993 4421 aliisunt,
1025 4347 1423 4428 fueruntque
1484 4349 1641 4410 olim
1701 4364 1832 4410 non
1893 4344 2133 4407 indocti
2185 4343 2413 4417 critici,
2450 4361 2483 4405 e
2529 4360 2807 4421 quorum
2846 4361 3118 4407 numero
3166 4347 3461 4409 Serarius
3498 4351 3564 4413 in

329 4442 836 4520 Prolegomenis,
876 4447 990 4521 qui
1023 4453 1268 4506 tantum
1299 4444 1499 4517 abest,
1536 4445 1934 4524 utjacturam
1976 4441 2137 4503 hanc
2192 4442 2470 4514 doleant,
2512 4443 2669 4517 quin
2709 4440 2923 4517 potius
2967 4443 3357 4519 contendant
3416 4446 3568 4506 nul-

332 4540 426 4599 los
451 4536 653 4599 fuisse
682 4538 847 4600 alios
890 4548 1112 4616 prtBter
1172 4540 1461 4602 laudatos
1496 4540 1691 4602 libros
1724 4540 1835 4601 abs
1865 4541 2266 4617 Hieronymo
2323 4539 2398 4597 ad
2442 4537 2728 4599 Graecum
2775 4540 3166 4617 recognitos.
3232 4542 3358 4601 Diu
3394 4542 3565 4601 mul-

328 4643 595 4711 tumque
656 4636 971 4696 incertum
1034 4636 1255 4697 habuit
1296 4645 1357 4699 et
1414 4638 1860 4698 Martianmum
1915 4634 2048 4697 haec
2097 4633 2439 4694 sententia.
2489 4635 2614 4694 Nos
2671 4650 2893 4694 eorum
2938 4634 3151 4695 omnia
3191 4645 3570 4713 argumenta

326 4731 487 4789 nibil
533 4731 840 4791 momenti
901 4731 1134 4793 habere
1165 4750 1182 4806 ;
1219 4732 1376 4811 quin
1439 4732 1522 4793 ita
1563 4742 1754 4812 atque
1788 4749 1933 4805 ,nos
1966 4729 2286 4791 sentimus
2354 4732 2417 4789 S.
2447 4727 2654 4805 ipsum
2701 4729 3125 4806 Interprctem
3182 4730 3564 4808 ﬁdeiubere,

323 4826 806 4887 contendimus.
839 4826 1039 4888 Aiunt
1077 4830 1305 4888 horum
1376 4829 1820 4889 tantummodo
1867 4827 2177 4887 librorum
2241 4826 2451 4898 ipsum
2501 4825 2871 4884 meminisse
2901 4826 3210 4886 adversus
3241 4825 3568 4895 Rufinum,

322 4940 471 4983 cum
509 4924 1101 5000 interpretationem
1136 4923 1301 4986 hanc
1336 4942 1517 4985 suam
1541 4924 1728 5003 juxta
1763 4927 1931 4985 LXX
1967 4924 2043 4985 ab
2074 4924 2213 5001 ejus
2236 4921 2800 4981 criminationibus
2828 4929 3113 4982 tueretur
3148 4944 3163 4982 :
3199 4941 3315 4984 nec
3349 4939 3566 5001 porro,

325 5025 499 5094 quod
531 5018 614 5077 de
645 5017 740 5077 his
768 5017 934 5090 facit,
976 5020 1367 5081 mentionem
1407 5020 1486 5081 de
1517 5020 1659 5079 aliis
1696 5006 1926 5081 fecisse
1962 5033 2247 5096 unquam
2285 5015 2346 5076 in
2400 5012 2887 5093 praefationibus
2940 5020 3015 5077 ad
3072 5018 3331 5079 eosdem
3370 5020 3568 5081 libros

325 5129 406 5171 ex
445 5114 719 5174 Hebrmo
753 5133 769 5189 ;
806 5114 1088 5193 denique
1135 5132 1307 5188 cum,
1342 5114 1698 5193 deperditis
1732 5116 1890 5192 ipsis
1914 5115 2272 5177 Salomonis
2311 5122 2371 5173 et
2403 5113 2928 5187 Paralipomenon
2973 5131 3049 5176 ex
3084 5131 3157 5177 ea
3191 5116 3567 5179 recensione

328 5210 527 5282 libris,
562 5211 898 5289 supersint
926 5220 1135 5273 tamen
1180 5211 1243 5272 in
1285 5228 1397 5273 eos
1433 5211 1949 5289 praefatiunsulas,
1980 5213 2253 5274 aliorum
2314 5228 2392 5271 ne
2435 5210 2548 5271 bas
2593 5210 2852 5286 quidem
2892 5227 3262 5289 superesse,
3307 5230 3423 5276 nec
3454 5230 3568 5274 cur

327 5306 723 5385 Antiquarii,
764 5310 878 5386 qui
917 5310 1066 5371 istas
1098 5326 1241 5371 cum
1280 5307 1728 5387 praefationum
1762 5309 2067 5388 congerie
2097 5314 2460 5379 servarunt,
2496 5304 2652 5366 alias
2697 5308 3252 5385 praetermiserim,
3288 5311 3341 5372 si
3371 5308 3570 5369 exsti-

327 5402 575 5477 tissent,
622 5404 1019 5465 commodam
1072 5422 1263 5482 posse
1316 5422 1567 5466 causam
1618 5406 1945 5483 praetrndi.
1983 5405 2268 5474 Addunt,
2309 5401 2546 5461 nemini
2605 5401 2997 5478 Scriptorum
3057 5411 3342 5465 veterum
3407 5404 3569 5467 alios

327 5515 611 5578 unquam
637 5501 1006 5563 innotuisse
1050 5508 1272 5579 praeter
1309 5502 1627 5572 laudatos;
1664 5513 1953 5565 sanctum
1990 5518 2140 5563 vero
2177 5498 2614 5576 Augusrinum
2662 5499 2847 5575 epist.
2904 5499 3072 5560 inter
3111 5500 3570 5579 Hieronymia-

326 5609 444 5656 nas
487 5610 616 5667 CIV,
644 5614 789 5675 quae
821 5599 897 5659 ad
952 5614 1191 5659 annum
1234 5606 1471 5678 Spectat
1512 5601 2212 5679 quadringentesimum
2271 5598 2557 5672 tertium,
2585 5612 2728 5659 cum
2792 5597 2935 5659 Jobi
2972 5598 3572 5676 interpretationem

398 5738 467 5870 ς
645 5703 916 5761 Parnm"
962 5702 1181 5765 XXIX.
3146 5703 3179 5765 1
