3966 6184
410 306 469 371 ll
1823 304 2253 369 PREFATIO.
3602 309 3674 379 12

409 426 699 505 vidisset,
751 433 1077 491 auctorem
1136 425 1340 489 fuisse
1520 424 1806 495 Doctori.
1843 432 1913 487 ut
1967 425 2333 487 universam
2379 425 2741 488 versionem
2822 425 3107 490 Latinam
3168 429 3243 490 ad
3280 445 3424 490 cum
3481 429 3669 507 plane

407 525 698 598 modum,
729 543 869 588 cum
905 525 1111 587 obelis
1139 530 1334 603 atque
1384 522 1706 584 asteriscis
1742 521 2031 600 pristinas
2072 521 2253 599 juxta
2302 520 2590 582 Gnaeum
2643 523 2974 599 exemplar
3010 525 3264 585 veritati
3301 526 3601 588 redderet
3640 547 3656 589 :

406 620 576 697 quod
612 638 764 683 sane
798 620 875 682 ab
912 638 990 682 eo
1022 619 1372 698 priestitum
1436 634 1516 679 ne
1550 618 1901 697 conjecisse
1932 618 2202 696 quidem
2269 614 2682 679 manifestum
2717 619 3026 681 indicium
3062 629 3183 680 est.
3225 622 3392 683 Bene
3428 621 3560 683 liter
3591 624 3660 685 in

404 717 714 795 speciem,
762 734 908 797 qum
938 724 1150 778 tamen
1210 715 1405 777 unius
1457 714 1766 791 negativi,
1801 720 1870 775 ut
1902 719 2155 786 vocant,
2193 715 2553 791 argumenti
2590 716 2715 776 vim
2767 716 3025 791 habent,
3060 726 3119 778 et
3168 736 3311 796 quae
3351 736 3474 780 una
3506 718 3655 783 facti

408 808 678 871 historia
741 812 997 889 penitus
1043 808 1243 870 elidit.
1283 808 1717 887 Hieronymus
1753 806 1955 878 solos,
1985 822 2151 884 quos
2184 805 2407 867 dicunt
2438 806 2515 866 de
2546 808 2833 877 nomine,
2871 824 2985 869 sex
3035 808 3237 870 libros
3268 826 3387 871 suo
3432 814 3652 872 studio

405 907 778 968 emendatos
816 905 1024 966 laudat
1062 913 1280 966 contra
1338 904 1664 977 Ruﬁnum,
1703 920 1829 964 non
1869 904 2047 982 quod
2076 901 2223 961 aliis
2258 917 2383 961 non
2437 900 2830 979 impenderit
2881 904 3167 966 eamdem
3211 921 3500 984 operam,
3540 908 3651 969 sed

404 992 573 1081 quOd
605 1004 779 1063 solos
812 1001 1117 1063 editionis
1152 1000 1408 1077 honori,
1467 1008 1537 1062 ut
1572 1002 1731 1061 alias
1770 999 1860 1061 ait
1915 998 2232 1077 ipse,jam
2273 998 2692 1075 permisisset.
2728 1002 2855 1062 Nec
2907 1019 3063 1064 sane
3108 1003 3255 1064 aliis
3319 1020 3510 1082 quam
3544 1006 3655 1084 qui

404 1098 773 1177 prodierant
834 1098 897 1160 in
959 1097 1194 1172 lucem,
1260 1097 1594 1158 vindicare
1663 1097 1851 1158 fidem
1912 1112 2097 1157 suam
2152 1106 2444 1175 poterat;
2500 1114 2715 1176 neque
2765 1098 3042 1161 aliorum
3084 1102 3456 1178 singillatim
3504 1120 3659 1165 eum

402 1193 1105 1257 meminisseintererat
1136 1193 1199 1255 in
1236 1190 1731 1272 praefationibus
1764 1192 1841 1252 ad
1886 1193 2249 1253 versionem
2293 1210 2371 1253 ex
2421 1195 2715 1269 Hebrteo,
2767 1196 3090 1273 siquidem
3142 1199 3303 1261 intra
3345 1201 3656 1261 domesti-

401 1312 508 1357 cos
545 1295 816 1374 parietes
847 1293 1047 1354 clausi
1075 1291 1353 1353 armario
1384 1290 1907 1364 continebantur,
1947 1306 2064 1352 nec
2097 1299 2393 1371 poterant
2423 1310 2454 1351 a
2493 1293 2727 1354 lectore
2770 1295 3027 1355 consuli
3061 1296 3135 1357 ad
3175 1295 3530 1359 faciendam
3565 1298 3657 1360 rei

401 1393 608 1453 tidem.
638 1391 728 1449 Ad
751 1388 879 1450 haec
909 1388 1177 1450 fortasse
1214 1388 1344 1468 jam
1379 1395 1513 1448 tum
1536 1386 1729 1448 multa
1763 1386 2008 1447 fuerant
2032 1402 2067 1445 a
2096 1386 2311 1448 nescio
2336 1404 2465 1465 quo
2490 1389 2822 1466 compilata
2859 1407 2877 1449 :
2909 1388 2969 1451 id
3004 1390 3176 1451 enim
3204 1394 3339 1469 ipse
3360 1400 3661 1454 causatur

400 1490 461 1549 S.
502 1488 821 1564 Interpres
876 1485 1064 1560 epist.
1097 1501 1364 1557 cxxxrv,
1390 1485 1468 1545 ad
1502 1482 1963 1561 Augustinum,
1990 1483 2058 1544 in
2094 1482 2218 1543 ﬁne
2254 1501 2269 1545 :
2318 1483 2658 1560 Prwceptis
2707 1486 2870 1560 tuis,
2914 1485 3242 1564 inquiens,
3270 1504 3501 1565 parere
3528 1507 3658 1549 non

398 1600 672 1660 possum,
705 1581 972 1641 maxime
1009 1583 1077 1641 in
1115 1580 1385 1640 editione
1412 1580 1858 1658 Septuaginta,
1892 1596 2026 1658 qua:
2055 1579 2399 1654 asteriscis,
2431 1579 2821 1660 verubusque
2852 1579 3156 1642 distincta
3208 1593 3324 1656 est,
3357 1584 3657 1662 pleraque

401 1680 559 1738 enim
584 1677 825 1756 prioris
864 1675 1103 1737 laboris
1132 1676 1362 1754 fraude
1401 1674 1727 1755 cujusdam
1765 1674 2115 1736 amisimus.
2155 1678 2333 1738 Adeo
2366 1694 2484 1739 nec
2514 1685 2649 1740 erat
2675 1696 2710 1740 e
2739 1696 2805 1740 re
2839 1696 2957 1740 sua
3005 1682 3396 1743 mentionem
3437 1700 3652 1744 earum

402 1773 913 1834 lucubrationum
978 1772 1212 1833 habere
1276 1789 1387 1850 per
1424 1781 1655 1848 partes,
1702 1770 1941 1849 quibus
1989 1770 2264 1845 ipsemet
2294 1772 2429 1850 jam
2485 1782 2753 1837 careret.
2802 1776 2973 1836 Bene
3010 1784 3222 1837 autem
3283 1785 3378 1838 est
3416 1778 3481 1839 in
3520 1796 3657 1840 rem

400 1881 708 1946 nostram,
741 1869 915 1949 quod
953 1878 1176 1947 praster
1216 1887 1286 1930 ea
1318 1885 1463 1948 qua)
1499 1869 1689 1944 vulgo
1730 1866 2103 1943 prostabant
2156 1875 2309 1928 tunc
2341 1871 2676 1948 temporis,
2712 1878 2774 1932 et
2822 1889 2991 1933 nunc
3029 1889 3291 1951 quoque
3323 1885 3657 1951 superant,

395 1967 696 2049 pleraque
728 1975 929 2041 vocat,
964 1974 1031 2027 ut
1058 1967 1407 2028 editionem
1439 1965 1813 2026 universam
1860 1962 2054 2023 fuisse
2080 1965 2158 2023 ab
2194 1982 2269 2025 eo
2317 1968 2706 2044 recognitam
2740 1984 2820 2029 ex
2871 1968 2990 2029 hoc
3058 1970 3199 2045 ipso
3237 1971 3374 2031 loco
3408 1974 3655 2033 intelli-

399 2081 532 2139 gas.
578 2066 711 2125 Jani
748 2064 921 2142 quod
957 2062 1112 2141 ipsa;
1149 2058 1674 2141 prmfatiunculm,
1728 2060 1977 2139 quibus
2035 2060 2290 2120 munire
2330 2078 2870 2142 unumquemque
2926 2065 3159 2125 librum
3201 2079 3655 2140 consueverat,

398 2162 878 2235 desiderentur,
909 2174 1052 2221 cum
1087 2159 1215 2220 illa;
1240 2168 1452 2220 tamen
1488 2158 1857 2236 supersint,
1902 2173 2046 2235 quae
2095 2156 2160 2215 in
2218 2156 2587 2234 deperditos
2620 2158 2982 2220 Salomonis
3030 2170 3090 2221 et
3126 2162 3651 2241 Paralipomenon

397 2260 783 2321 adornavit:
823 2257 1087 2318 minime
1122 2254 1243 2317 hoc
1273 2256 1536 2334 quidem
1594 2254 1906 2315 ind-icium
1942 2259 2036 2312 est
2094 2268 2218 2312 non
2254 2252 2455 2314 fuisse
2493 2252 2655 2315 alios
2693 2254 2887 2315 libros
2921 2259 3318 2332 emendatos,
3351 2260 3462 2322 sed
3493 2260 3655 2321 illul

400 2358 703 2418 nimirum
739 2353 1000 2423 evincit,
1032 2351 1207 2430 quod
1242 2351 1646 2423 dicebamus,
1682 2350 1887 2410 editos
1912 2350 1991 2409 ab
2022 2365 2097 2409 eo
2131 2366 2258 2410 non
2290 2348 2518 2412 fuisse.
2561 2350 2965 2413 Praefatioues
3005 2354 3175 2415 enim
3210 2364 3362 2417 tunc
3391 2359 3654 2418 demum

401 2453 954 2518 lucubrationibus
996 2452 1133 2512 suis
1167 2450 1230 2511 S.
1268 2451 1501 2510 Doctor
1540 2447 1871 2527 praeﬁgere
1928 2449 1995 2508 in
2049 2462 2226 2507 more
2260 2445 2509 2520 habuit,
2569 2462 2714 2506 cum
2756 2463 2863 2507 eas
2923 2449 3349 2529 publicijuris
3382 2451 3653 2527 faciens,

396 2552 751 2613 amicorum
812 2547 1091 2627 cuipiam
1154 2544 1567 2606 inscriberet.
1608 2543 1871 2605 Falsum
1931 2543 2213 2622 denique
2270 2551 2388 2615 est,
2433 2544 2718 2623 antiquis
2762 2546 3194 2624 scriptoribus
3230 2551 3450 2612 nullos
3488 2552 3651 2614 alios

401 2659 626 2726 praeter
665 2647 948 2707 laudatos
1001 2642 1398 2703 innotuisse.
1431 2641 1695 2702 Sanctus
1746 2639 1890 2719 ipse
1922 2641 2323 2718 Augustinus
2358 2640 2629 2718 epistola
2679 2641 2846 2703 inter
2881 2645 3420 2724 Hieronymianas
3459 2666 3649 2718 cxvn,

397 2762 541 2806 cum
590 2743 836 2819 pridem
869 2740 1070 2800 solam
1103 2738 1245 2798 Jobi
1287 2736 1657 2799 versionem
1717 2745 1888 2797 esset
1921 2736 2302 2809 admiratus,
2337 2738 2680 2798 certiorem
2717 2756 2786 2798 se
2846 2748 3062 2816 postea
3113 2742 3351 2803 factum
3380 2745 3457 2803 de
3484 2743 3642 2805 uni-

397 2847 564 2903 versi
597 2839 876 2901 Canonis
907 2837 1284 2899 rec.:nsione
1318 2834 1555 2896 indicat
1587 2853 1604 2903 ;
1639 2835 1855 2912 a'itque
1888 2834 1963 2894 ad
1991 2833 2456 2911 Hieronymum
2484 2856 2498 2893 :
2523 2835 2748 2895 Mittas
2779 2834 3031 2896 obsecro
3068 2838 3647 2916 interpretationem

397 2951 568 3002 tuum
606 2938 680 2999 de
732 2935 1178 3015 Septuaginta,
1245 2950 1430 3012 quam
1464 2940 1521 2991 te
1565 2932 1826 2993 edidisse
1863 2928 2229 2991 nesciebam.
2302 2931 2724 2993 Luculentius
2784 2934 2987 2992 multo
3038 2934 3504 3009 Cassiodorius,
3539 2939 3651 3015 qui

396 3039 570 3117 ipsas
606 3037 771 3110 illas,
808 3050 968 3115 quas
1035 3034 1474 3111 Hieronymus
1535 3032 1865 3104 amiserat,
1930 3037 2142 3110 partes
2207 3043 2241 3086 a
2288 3044 2358 3087 se
2409 3028 2704 3088 inventas
2741 3030 3083 3104 signiﬁcat,
3119 3038 3178 3089 et
3219 3032 3473 3110 corpori
3506 3034 3651 3112 ejus

397 3128 703 3191 editiO‘nis
737 3128 1082 3189 restitutas.
1120 3126 1363 3192 Tertia,
1401 3123 1641 3200 inquit,
1693 3123 1978 3183 Divinar.
2012 3122 2221 3182 lustit.
2272 3138 2408 3200 cap.
2464 3124 2559 3194 l3,
2613 3123 2840 3183 divisio
2883 3135 2977 3184 est
3008 3126 3173 3185 inter
3226 3129 3389 3189 alias
3435 3132 3648 3191 codice

396 3225 757 3306 grandiore,
790 3224 1007 3284 littera
1049 3219 1323 3281 clariore
1356 3220 1738 3298 conscripto,
1785 3222 1893 3298 qui
1936 3217 2120 3279 habet
2156 3222 2602 3298 quaterniones
2634 3237 2775 3295 xcv,
2807 3221 2875 3280 in
2902 3237 3025 3298 quo
3086 3224 3504 3302 Septuaginta
3538 3228 3651 3287 ln-

397 3332 739 3404 tcrpretum
767 3320 1105 3381 translatio
1147 3318 1383 3381 Veteris
1422 3317 1794 3376 Testamenti
1830 3316 1895 3375 in
1919 3314 2099 3376 libris
2135 3315 2557 3394 quadraginta
2588 3326 2868 3395 quatuor
2921 3322 3310 3381 continetur.
3344 3325 3464 3385 Cui
3491 3327 3605 3385 sub
3628 3362 3643 3372 -

389 3423 768 3500 junctisunt
827 3418 990 3480 Novi
1041 3415 1417 3476 Testamenti
1449 3412 1602 3474 libri
1657 3412 1886 3490 viginti
1941 3433 2051 3474 sex
2087 3426 2402 3494 :suntque
2464 3417 2652 3477 simul
2702 3416 2856 3477 libri
2928 3420 3352 3497 septuaginta,
3409 3423 3478 3482 in
3536 3425 3647 3482 illo

391 3518 743 3595 palmarum
793 3531 1074 3584 numero,
1110 3524 1230 3573 etc.
1264 3509 1386 3571 Hic
1419 3520 1630 3570 textus
1659 3510 1998 3569 multorum
2029 3512 2447 3573 translatione
2479 3515 2783 3580 variatus,
2822 3513 3039 3575 Patris
3079 3517 3456 3595 Hieronymi
3491 3516 3644 3581 dili-

393 3615 564 3691 genti
599 3631 754 3674 cura
793 3609 1179 3680 emendatus,
1210 3608 1722 3684 compositusque
1754 3607 2014 3667 relictus
2051 3619 2162 3670 est.
2196 3612 2282 3670 Ita
2328 3628 2481 3671 sane
2522 3612 2787 3689 capituli
2849 3615 2991 3691 ejus
3032 3620 3364 3676 contextus
3396 3624 3460 3676 et
3490 3620 3642 3677 titti-

397 3718 521 3785 lus,
557 3714 634 3772 de
665 3708 1170 3788 Hieronymiana
1198 3706 1651 3768 emendatione
1692 3707 2155 3769 Translationis
2203 3705 2541 3766 secundum
2572 3710 2987 3785 Septuaginta
3014 3712 3423 3788 Interpretes,
3467 3714 3642 3791 loqui

393 3816 718 3870 auctorem
759 3808 1029 3886 probant
1064 3823 1080 3867 :
1118 3805 1388 3883 ipsaque
1414 3803 1680 3863 editoris
1711 3804 1783 3863 ad
1825 3804 2173 3881 marginem
2209 3810 2350 3864 nota
2380 3804 2708 3877 admonet,
2749 3806 3016 3865 Textum
3046 3824 3192 3867 eum
3226 3808 3347 3868 dici
3379 3810 3648 3886 Septua-

391 3910 569 3987 ginta
601 3907 1035 3983 lnterpretum
1062 3920 1100 3961 a
1132 3902 1309 3962 beato
1345 3900 1729 3977 Hieronymo
1763 3900 2168 3960 emendatum.
2224 3900 2335 3960 Vel
2358 3917 2485 3965 um.
2529 3910 2593 3960 ut
2631 3918 2708 3960 ne
2754 3902 2872 3962 hoc
2907 3903 3171 3980 quidem
3202 3903 3639 3979 dissimulem,

393 4024 472 4066 ne
513 4022 704 4084 quam
739 4000 1188 4063 Cassiodorius
1216 3998 1419 4059 Patris
1454 3997 1835 4076 Hieronymi
1872 4013 2086 4056 curam
2139 3994 2369 4065 laudat,
2421 3995 2496 4053 ad
2554 3996 2746 4055 unius
2790 3996 2947 4055 Novi
2989 3996 3382 4059 Testamenti
3419 4014 3642 4060 recen-

392 4102 639 4162 sionem
674 4097 1007 4159 referenda
1035 4095 1138 4167 sit,
1171 4092 1467 4155 nonnihil
1503 4093 1873 4154 subdubito.
1909 4095 2029 4152 Sed
2062 4093 2231 4154 enim
2268 4093 2501 4171 majora
2528 4100 2679 4152 sunt
2712 4094 2883 4153 omni
2921 4093 3299 4170 exceptione
3333 4096 3393 4154 S.
3429 4095 3645 4170 ipsius

391 4196 768 4276 luterpretis
807 4190 1203 4265 testimonia,
1263 4189 1502 4270 quibus
1535 4206 1680 4250 cum
1729 4198 1915 4259 ἁπλῶς
1984 4188 2340 4249 editionem
2386 4189 2797 4267 Septuaginta
2846 4206 2876 4248 a
2928 4206 2995 4248 se
3030 4188 3113 4249 ait
3179 4192 3257 4251 de
3296 4190 3535 4253 Grtecis
3578 4196 3643 4256 in

393 4297 613 4357 Latino
645 4289 1071 4362 emendatam,
1107 4304 1381 4366 eamque
1411 4287 1599 4347 alteri
1633 4305 1706 4348 ex
1762 4288 2029 4347 Hebraeo
2085 4288 2483 4347 translationi
2547 4289 2839 4366 Opponit,
2885 4285 3294 4347 manifestum
3328 4299 3449 4360 est,
3508 4306 3636 4352 non

395 4407 624 4470 paucos
665 4389 896 4459 lbros,
943 4386 1052 4447 sed
1092 4384 1473 4446 universum
1533 4385 1852 4444 Canoneni
1916 4384 2242 4443 denotare.
2291 4384 2571 4461 Insignis
2634 4386 2810 4444 locus
2852 4382 2960 4443 ille
3017 4392 3110 4443 est
3149 4385 3336 4461 epist.
3374 4402 3527 4460 cxu,
3564 4390 3641 4447 ad

390 4496 694 4567 Angust.,
739 4504 798 4546 n.
836 4485 909 4543 19
944 4506 957 4544 :
1002 4482 1183 4557 Quod
1210 4483 1460 4560 quaeris,
1497 4499 1609 4541 cur
1646 4482 1834 4559 prior
1886 4498 2017 4539 mea
2071 4479 2139 4538 in
2194 4476 2378 4538 libris
2413 4480 2753 4541 Canonieis
2806 4480 3254 4556 interpretatio
3294 4482 3638 4541 asteriscos

388 4585 633 4654 habeat,
667 4590 723 4640 et
765 4578 1050 4656 virgulas
1079 4580 1501 4655 'prwnotatas,
1554 4586 1610 4636 et
1650 4586 1871 4654 postea
1915 4576 2106 4637 aliam
2167 4576 2650 4638 translationem
2686 4577 2912 4654 absque
2943 4580 3040 4639 his
3072 4580 3271 4655 signis
3314 4579 3639 4650 ediderim,

388 4700 540 4762 pace
593 4690 700 4741 tua
756 4676 1053 4749 dixerim,
1108 4672 1346 4735 videris
1410 4674 1569 4734 mihi
1607 4692 1734 4733 non
1807 4672 2156 4751 intelligere
2209 4672 2375 4751 quod
2427 4675 2726 4751 quaesisti.
2780 4673 2906 4733 Illa
2974 4676 3134 4736 enim
3194 4678 3643 4753 interpretatio

386 4779 805 4861 Septuaginta
842 4772 1271 4852 lnterpretum
1326 4780 1457 4841 est;
1501 4780 1555 4831 et
1614 4770 1969 4849 ubicunque
2018 4769 2299 4847 virgulta,
2336 4770 2404 4831 id
2440 4780 2552 4839 est,
2591 4770 2753 4831 obeli
2808 4779 2978 4843 sunt,
3012 4773 3474 4849 signiﬁcantur.
3518 4784 3635 4834 etc.

387 4881 465 4941 Et
499 4876 687 4955 paulo
725 4881 870 4954 post
901 4890 916 4930 :
950 4869 1085 4947 Ego
1116 4887 1245 4928 non
1274 4880 1397 4927 tam
1420 4883 1629 4928 vetera
1667 4866 1916 4926 abolere
1943 4875 2205 4926 conatus
2254 4885 2412 4940 sum,
2445 4884 2577 4945 qua:
2613 4868 2843 4945 linguae
2879 4885 3021 4926 mete
3049 4869 3407 4929 hominibus
3437 4886 3635 4928 emen-

388 4977 537 5035 data
567 4973 640 5032 de
667 4971 885 5033 Graeco
919 4968 986 5029 in
1017 4965 1315 5026 Latinum
1348 4962 1676 5037 transtuli,
1709 4981 1914 5042 quam,
1951 4973 2071 5024 etc.
2107 4962 2516 5024 Manifestins
2549 4961 2613 5022 in
2647 4963 2912 5040 prologo
2938 4964 3013 5023 ad
3049 4962 3247 5024 libros
3281 4966 3641 5025 Salomonis

386 5089 466 5133 ex
500 5069 797 5139 Hebrmo,
831 5066 903 5126 Si
958 5063 1063 5124 cui
1103 5079 1252 5121 sane
1287 5061 1714 5139 Septuaginta
1770 5060 2201 5136 Interpretum
2258 5060 2459 5137 magis
2510 5057 2702 5119 editio
2728 5056 2969 5137 placet,
3005 5058 3186 5120 habet
3241 5074 3367 5119 eam
3397 5080 3433 5118 a
3462 5061 3646 5121 nobis

388 5165 792 5228 emendatam.
828 5161 901 5221 Et
942 5160 1049 5220 lib.
1091 5177 1133 5218 ll
1166 5168 1391 5219 contra
1426 5159 1725 5218 Ruﬁnum
1761 5177 1775 5214 :
1814 5156 2029 5233 Egone
2063 5165 2285 5215 contra
2340 5156 2765 5232 Septuaginta
2793 5156 3184 5231 Interpretes
3226 5157 3474 5233 aliquid
3506 5175 3581 5216 su
3606 5178 3642 5215 n

387 5269 661 5336 locutus,
703 5277 855 5340 quos
910 5266 1054 5317 ante
1105 5271 1309 5315 annos
1366 5253 1679 5331 plurimos
1739 5252 2216 5328 diligentissime
2279 5253 2627 5312 emendatos
2687 5269 2832 5310 mea:
2866 5250 3098 5329 lin-gms
3145 5252 3447 5312 studiosis
3480 5250 3644 5312 dedi.

385 5364 674 5439 itemque
734 5356 844 5417 lib.
897 5371 991 5427 iii,
1035 5351 1263 5413 iisdem
1327 5366 1526 5429 prope
1590 5348 1825 5421 verbis,
1882 5347 2299 5426 Septuaginta
2355 5344 2689 5407 editionem
2749 5345 3231 5423 diligentissime
3270 5347 3652 5407 emendatam

385 5468 525 5519 ante
576 5474 773 5517 annos
826 5452 1136 5530 plurimos
1198 5466 1341 5508 mea:
1407 5446 1636 5524 lingua:
1676 5446 2026 5507 hominibus
2063 5442 2229 5502 dedi.
2264 5443 2437 5503 Paria
2480 5442 2665 5502 habet
2700 5442 2890 5520 epist.
2936 5460 3103 5512 LXXI,
3148 5443 3225 5503 ad
3277 5444 3649 5516 Lucinium,

381 5557 795 5636 Septuaginta
864 5552 1293 5626 Interpretum
1369 5544 1702 5604 editionem
1766 5553 1822 5603 et
1890 5551 1946 5600 te
1998 5542 2221 5602 habere
2276 5558 2402 5599 non
2456 5540 2711 5613 dubito,
2773 5550 2830 5601 et
2887 5552 3032 5602 ante
3084 5559 3283 5601 annos
3340 5541 3652 5619 plurimos

384 5652 863 5732 diligentissime
893 5643 1276 5710 emendatam
1305 5638 1613 5702 studiosis
1648 5638 1910 5700 tradidi.
1963 5638 2250 5716 Denique
2278 5680 2295 5710 ,
2334 5645 2402 5698 nt
2455 5638 2579 5698 alia
2635 5641 3143 5717 prastermittam,
3183 5639 3371 5717 epist.
3412 5654 3541 5712 ενι,
3576 5639 3651 5697 ad

390 5745 701 5809 Suuniain
739 5753 797 5806 et
836 5740 1183 5809 Fretelam,
1223 5735 1331 5796 ubi
1370 5744 1687 5813 quantum
1748 5733 2003 5793 intersit
2035 5734 2456 5798 Communem
2498 5734 2665 5798 inter
2707 5742 2899 5813 atque
2941 5735 3362 5811 Hexaplarem
3413 5735 3651 5818 editio-

3463 5818 3523 5868 ιτ

3530 5852 3699 6013 ne
