4050 6184
461 286 533 350 33
1891 293 2316 355 ΡιὶιῈΙτΛΤΙΟ.
3655 295 3721 360 ιι

463 417 640 477 nem,
673 404 856 465 docet
887 422 903 466 :
941 404 1034 464 Ea
1061 413 1292 479 autem,
1352 405 1586 484 inquit,
1646 424 1782 486 qua:
1837 407 2107 470 habetur
2138 409 2204 469 in
2254 417 2561 484 Ἐξαπλοίς,
2599 417 2652 470 et
2701 427 2881 488 quam
2916 426 3029 468 nos
3061 410 3381 484 vertimus,
3420 411 3562 488 ipsa
3599 424 3716 485 est,

463 505 587 562 etc.
631 500 834 578 Igitur
895 517 1022 564 non
1058 502 1206 563 illos
1276 510 1517 564 tantum
1577 503 1854 576 libellos,
1894 507 2006 582 qui
2069 506 2174 566 vix
2250 505 2582 566 minimam
2639 505 2921 568 Canonis
2975 513 3213 584 partem
3269 494 3552 582 explent,
3607 509 3720 569 sed

461 597 855 671 universam,
919 605 988 658 ut
1052 598 1117 660 in
1160 598 1468 679 Hexaplis
1509 608 1668 672 erat,
1729 600 2083 664 editionem
2129 604 2346 676 vertit,
2392 603 2530 665 sive
2596 603 2838 666 Latinis
2897 604 3110 666 Graeca
3161 605 3562 666 contendens
3619 623 3724 666 re-

463 694 711 755 stituit.

553 793 630 852 At
663 806 834 866 vero,
866 790 1044 870 quod
1071 790 1470 866 dicebamus,
1511 791 1659 855 fecit
1703 793 1920 856 damni
1964 794 2079 856 hac
2123 793 2190 854 in
2232 812 2299 856 re
2333 795 2603 856 multum
2649 794 2814 872 ipse,
2867 812 3013 856 cum
3066 795 3423 868 adviveret,
3457 809 3720 859 sam-tus

385 909 396 920 '
471 889 794 966 lnterpres
827 910 844 948 :
883 906 1058 950 nitnc
1090 889 1168 950 de
1206 887 1333 962 his,
1367 889 1479 966 qui
1527 889 1780 968 jamdiu
1811 891 2288 964 desiderantur,
2347 890 2534 953 libris
2569 892 2964 968 reparandis,
3001 891 3199 954 ferme
3247 895 3719 956 conclamatum

467 993 591 1047 est.
635 988 798 1046 Sane
837 1002 1051 1063 neque
1089 984 1236 1046 aliis
1268 991 1430 1066 quot
1472 985 1634 1060 scio,
1669 1003 1786 1048 nec
1823 985 1986 1048 mihi
2019 1005 2160 1050 esse
2189 987 2275 1049 ita
2305 985 2476 1048 felici
2515 988 2808 1066 conligit,
2842 997 2913 1050 ut
2945 1007 3169 1050 eorum
3207 999 3444 1068 partem
3495 993 3718 1054 Saltem

470 1082 755 1159 aliquam
796 1081 967 1142 inter
1003 1081 1534 1147 bibliothecarum
1572 1083 1874 1162 antiquos
1907 1100 2059 1146 mss.
2094 1084 2480 1157 invenirem,
2509 1103 2678 1164 quos
2713 1095 2919 1146 tamen
2957 1095 3193 1163 quanta
3229 1087 3500 1148 maxima
3537 1088 3716 1149 licuit

467 1177 807 1254 diligentia
851 1177 1340 1254 perlustrabam.
1375 1177 1835 1247 Nihilominus,
1871 1185 1980 1240 aut
2033 1198 2130 1241 me
2163 1180 2417 1246 animus
2446 1181 2638 1254 fallit,
2675 1191 2786 1243 aut
2817 1189 2989 1244 tanta
3027 1182 3166 1259 ejus
3209 1183 3521 1245 editionis
3575 1201 3717 1262 pars

465 1281 764 1347 superest
837 1271 901 1332 in
938 1271 1286 1350 ipsiusmet
1345 1276 1408 1334 S.
1447 1276 1650 1336 Patris
1685 1275 2200 1355 Commentariis,
2263 1286 2329 1340 ut
2362 1276 2564 1339 ferme
2598 1277 2850 1356 possint
2905 1278 3232 1356 prOphetm
3264 1295 3510 1353 omnes,
3547 1289 3717 1342 certe

465 1367 725 1441 quidem
761 1367 1044 1429 minores
1087 1369 1459 1440 duodecim,
1495 1379 1555 1430 et
1614 1370 2034 1434 Ecclesiastes
2065 1373 2139 1432 ad
2179 1372 2512 1450 pristinam
2559 1373 2993 1453 integritatem
3059 1373 3288 1435 redire.
3323 1375 3715 1438 Persuasum

463 1480 698 1540 nempe
734 1463 960 1531 habeo.
995 1482 1132 1528 eam
1201 1465 1563 1527 versionem
1601 1484 1676 1527 ex
1739 1468 1934 1539 LXX,
1975 1485 2164 1546 quam
2224 1488 2336 1546 per
2399 1487 2706 1531 versuum
2767 1469 3095 1547 periocbas
3133 1471 3479 1547 pr0pnsitm
3510 1471 3599 1532 illi
3639 1493 3719 1536 ex

467 1561 742 1621 Hebrmo
772 1561 1176 1623 continenter
1199 1562 1547 1633 subnecdt,
1574 1564 2005 1642 edisseritque
2045 1582 2216 1643 saepe
2245 1565 2484 1644 saepius
2525 1564 2718 1644 juxta
2749 1563 2948 1626 alium
3008 1581 3294 1638 sensum,
3336 1583 3471 1626 eam
3517 1568 3716 1644 ipsam

471 1661 836 1722 versionem
873 1677 1039 1734 esse,
1073 1677 1263 1738 quam
1287 1662 1363 1722 ad
1397 1662 1683 1724 Graecum
1715 1662 2042 1740 exemplar
2072 1668 2575 1740 recognoverat:
2609 1677 2762 1734 non,
2801 1667 2871 1723 ut
2899 1659 3090 1740 vulgo
3127 1668 3376 1740 putant,
3419 1663 3716 1724 Veterem

467 1756 538 1815 in
569 1756 1004 1817 emendatam.
1055 1757 1124 1817 Et
1151 1757 1363 1818 sentio
1395 1758 1685 1836 quidem,
1727 1759 1904 1837 quod
1937 1775 2125 1821 nemo
2159 1775 2288 1822 non
2319 1758 2529 1820 statim
2581 1755 2859 1836 objiciet,
2913 1757 3155 1818 nullam
3199 1757 3404 1819 ferme
3435 1762 3715 1834 speciem

471 1853 560 1912 ibi
597 1852 1094 1930 Hieronymiani
1132 1853 1372 1916 laboris
1417 1853 1701 1932 praeferri
1746 1878 1761 1918 :
1797 1858 2023 1920 abesse
2065 1856 2238 1918 enim
2300 1855 2642 1933 p1erasque
2694 1869 2948 1924 omnes,
3003 1853 3244 1932 quibus
3280 1855 3468 1916 unice
3509 1864 3717 1933 potest

469 1950 854 2023 internosci,
893 1951 1346 2014 asteriscorum
1378 1960 1567 2030 atque
1600 1952 1932 2016 obelorum
1995 1962 2199 2014 notas.
2235 1951 2370 2024 Ego
2414 1955 2626 2010 tamen
2687 1947 2837 2008 inde
2871 1949 3055 2010 aliter
3090 1948 3523 2028 colligendum
3569 1953 3717 2013 exi-

469 2046 688 2120 stimo,
721 2063 800 2108 ex
836 2045 1055 2123 paucis
1089 2047 1396 2114 nimirum
1429 2067 1573 2126 quae
1602 2048 1837 2111 alicubi
1871 2056 2176 2127 superant
2234 2042 2553 2126 ejusmodi
2583 2042 2779 2116 notis,
2836 2059 2962 2105 non
3017 2043 3205 2106 aliam
3262 2062 3474 2122 posse,
3523 2064 3714 2122 quam

465 2159 618 2220 qum
655 2159 736 2203 ex
767 2143 1146 2219 Hieronymi
1181 2142 1423 2206 calamo
1462 2144 1742 2222 profecta
1776 2151 1897 2220 est,
1925 2144 2281 2206 editionem
2317 2159 2455 2204 eam
2491 2141 2732 2215 videri;
2790 2157 3002 2218 neque
3035 2141 3208 2204 enim
3267 2143 3342 2202 iis
3405 2144 3716 2207 instructa

467 2240 686 2302 Latina
735 2239 859 2300 alia
931 2255 1216 2316 unquam
1257 2238 1403 2302 fuit.
1439 2242 1626 2316 Quod
1681 2251 1898 2303 autem
1940 2241 2146 2302 rarius
2177 2241 2566 2312 occurrunt,
2609 2254 2801 2317 quam
2837 2254 2935 2298 res
2994 2239 3314 2316 postulare
3355 2239 3720 2318 videbatur,

469 2339 753 2399 maxime
785 2337 854 2402 in
899 2337 1230 2416 prophetis
1287 2339 1666 2418 majoribus,
1701 2340 1765 2403 in
1806 2359 1996 2403 causa
2039 2347 2136 2402 est
2187 2337 2332 2416 ejus
2365 2337 2767 2415 prepositum
2802 2335 3018 2413 aperis
3075 2342 3272 2413 atque
3315 2337 3718 2418 institutum;

467 2452 685 2513 neque
718 2433 889 2495 enim
926 2435 1007 2495 ibi
1045 2439 1106 2497 S.
1143 2437 1322 2496 Pater
1355 2437 1546 2497 Odct‘u
1578 2437 1924 2516 Scripturte
1960 2443 2233 2507 textum,
2266 2433 2377 2496 sed
2413 2449 2734 2512 exponere
2765 2441 2963 2508 atque
3001 2433 3326 2494 illustrare
3359 2437 3719 2499 constitue-

463 2544 564 2592 rat
597 2549 612 2591 :
645 2531 804 2610 quin
845 2538 908 2592 et
944 2532 1216 2604 volebat,
1251 2533 1586 2596 Hebraicm
1621 2535 1862 2595 veritati
1921 2543 2055 2605 τοὺς
2101 2533 2272 2594 LXX
2312 2530 2707 2606 subservire,
2747 2530 3035 2609 satisque
3074 2531 3236 2592 adeo
3271 2531 3490 2595 habuit
3528 2537 3723 2615 majo-

467 2629 566 2688 ris
600 2628 906 2690 momenti
944 2628 1282 2690 verborum
1312 2638 1372 2692 et
1400 2647 1711 2692 sensuum
1746 2630 2161 2701 differentias,
2208 2628 2300 2688 vel
2339 2626 2412 2688 iis
2435 2626 2663 2704 signis,
2702 2625 2796 2686 vel
2829 2628 3155 2703 conceptis
3183 2629 3416 2703 verbis,
3459 2643 3527 2692 ut
3560 2633 3722 2694 alias

469 2726 1208 2797 facit,annotasse,rum
1268 2727 1590 2788 Hebraico
1642 2736 1862 2806 utpote
1902 2728 2134 2788 veriori
2195 2724 2390 2786 textui
2456 2722 2671 2783 mallet
2725 2722 3053 2784 insistere.
3100 2725 3412 2786 Caeterum
3449 2729 3588 2788 dies
3623 2746 3723 2788 me

475 2821 746 2896 deﬁciet,
778 2822 829 2883 si
866 2823 1056 2884 modo
1091 2823 1283 2884 velim
1311 2823 1670 2900 insigniora
1705 2824 1864 2896 loca,
1894 2825 2134 2902 quibus
2163 2825 2300 2882 sive
2335 2821 2530 2894 obeli,
2566 2821 2705 2881 sive
2743 2821 3035 2882 asterisd
3071 2823 3486 2890 adhibentur.
3528 2825 3722 2886 verbo

477 2929 664 2981 tenus
697 2918 1012 2981 indicare.
1040 2921 1111 2981 In
1141 2921 1632 2982 Commentariis
1667 2921 1730 2982 in
1772 2921 2112 2999 prephetas
2168 2923 2452 2982 minoies
2487 2919 2660 2979 obvii
2701 2921 2901 2992 magis
2953 2927 3128 2980 sunt.
3170 2921 3557 3006 Repetam_us
3596 2923 3721 3000 igi-

473 3023 580 3075 tur
601 3015 869 3082 aliunde
905 3015 1221 3094 exompla,
1255 3023 1448 3094 atque
1487 3033 1564 3077 ex
1606 3034 1736 3079 uno
1773 3017 1958 3090 Isaia,
2003 3033 2141 3094 cap.
2177 3036 2276 3090 XL,
2309 3034 2476 3077 vers.
2513 3017 2541 3076 1
2580 3033 2592 3076 :
2627 3015 2809 3090 Quod
2838 3015 3100 3076 additur
3137 3035 3174 3075 a
3199 3017 3621 3095 Septuaginta
3655 3035 3717 3080 ~2-

470 3113 848 3176 Sacerdotes
871 3110 1043 3171 obolo
1063 3120 1488 3190 pramotatum
1521 3119 1647 3180 est;
1680 3121 1740 3174 et
1775 3129 1941 3175 vers.
1973 3116 2010 3174 7
2044 3129 2057 3172 :
2092 3113 2225 3172 Hoc
2255 3111 2422 3192 quod
2476 3113 2798 3172 asteriscis
2829 3119 3096 3172 notatur
3129 3123 3196 3189 χ(
3224 3131 3239 3186 ;
3276 3113 3425 3190 quia
3451 3113 3721 3189 Spiritus

476 3211 590 3272 Dei
647 3210 822 3272 ﬂavit
893 3211 957 3269 in
1020 3225 1096 3270 eo
1125 3215 1188 3276 Χ
1223 3227 1367 3271 vere
1403 3208 1620 3271 fenum
1675 3218 1770 3270 est
1837 3210 2112 3287 p0pulu<
2141 3220 2208 3286 x
2247 3210 2630 3270 exsiccatum
2689 3217 2789 3269 est
2835 3207 3082 3283 fenum,
3159 3209 3389 3269 cecidit
3429 3209 3600 3289 ﬂos:
3643 3231 3718 3272 ea:

473 3307 781 3366 llebraico
813 3315 874 3366 et
924 3304 1363 3366 Theodotionis
1403 3304 1675 3367 editione
1699 3303 1987 3366 additum
2039 3315 2152 3365 est.
2211 3308 2359 3379 Cap.
2401 3322 2540 3376 xcv,
2578 3304 2645 3363 in
2707 3304 2844 3380 ipso
2878 3312 3050 3364 textu
3096 3305 3310 3375 verba,
3353 3327 3410 3368 -ε-
3447 3309 3718 3366 Ιηηουα-

466 3405 626 3463 mini
648 3403 729 3463 ad
761 3421 850 3462 me
883 3402 1121 3474 insutis,
1145 3401 1332 3464 obelo
1361 3405 1850 3464 transverberat.
1887 3405 2032 3478 Cap.
2069 3420 2145 3465 LI.
2188 3420 2349 3463 vers.
2389 3403 2464 3461 10
2499 3424 2511 3461 :
2545 3402 2781 3464 Nomen
2807 3424 2868 3466 -ε-
2893 3401 3241 3462 Jerusalem
3274 3411 3296 3478 ζ
3332 3401 3499 3481 quod
3552 3406 3653 3465 hic
3685 3427 3718 3462 α

467 3501 880 3578 Septuaginta
909 3499 1195 3561 additum
1227 3508 1336 3574 est,
1372 3517 1482 3560 nec
1515 3500 1581 3560 in
1614 3499 1876 3560 Hel)er
1903 3499 2188 3572 habetur,
2229 3519 2340 3562 nec
2371 3499 2540 3560 ultus
2573 3501 2767 3560 trium
2806 3502 3224 3577 interpretum
3279 3502 3522 3578 posuit,
3557 3503 3723 3562 unde

469 3595 647 3657 obelo
693 3596 1195 3676 prcenotandum,
1225 3606 1341 3659 etc.
1374 3597 1450 3657 Et
1489 3606 1626 3674 post
1667 3614 1900 3674 paucos
1936 3614 2182 3668 versus,
2215 3595 2389 3656 Illud
2416 3603 2616 3655 autem
2652 3594 2817 3672 quod
2853 3613 3052 3673 supra
3085 3595 3323 3655 dicitur
3351 3607 3418 3674 Β(
3453 3597 3524 3657 Et
3589 3615 3716 3659 non

473 3695 710 3756 accidet
764 3698 823 3754 in
861 3694 1366 3772 corruptionem,
1401 3703 1616 3756 etnon
1651 3695 1897 3756 deficiet
1934 3695 2112 3772 panis
2147 3693 2288 3771 ejus
2325 3699 2350 3768 ζ
2383 3691 2454 3749 de
2488 3691 2936 3752 Theodotionis
2971 3691 3246 3752 editione
3288 3712 3364 3753 ex:
3405 3695 3716 3755 Ilebrairo

463 3790 756 3850 additum
781 3797 900 3860 est.
937 3791 1086 3867 Cap.
1125 3790 1415 3867 sequenti
1449 3806 1462 3848 :
1498 3790 1577 3849 In
1606 3791 1720 3851 hoc
1762 3790 1896 3850 loco
1931 3806 2153 3848 nomen
2193 3813 2248 3852 ἧ-
2287 3788 2438 3848 Sion
2485 3797 2566 3866 :a
2598 3788 3019 3866 Septuaginta
3058 3785 3365 3860 additum,
3392 3799 3446 3848 et
3475 3791 3715 3850 idcirco

461 3886 822 3966 iugulatum
847 3902 1020 3947 veru.
1055 3887 1349 3962 Denique
1388 3902 1525 3964 cap.
1559 3904 1634 3946 Lv
1669 3908 1683 3944 :
1719 3885 2021 3966 Quodque
2050 3887 2360 3965 sequitur,
2390 3907 2447 3948 +
2489 3892 2551 3944 et
2583 3882 2846 3943 obnoxii
2882 3884 2976 3942 tui
3028 3892 3220 3942 erunt
3255 3885 3317 3944 in
3357 3903 3452 3958 ea,
3491 3888 3716 3962 :obe‘o

465 3984 974 4061 pra-Mtavimus.
1034 3983 1095 4042 Si
1150 3981 1339 4042 aliam
1374 3989 1567 4061 atque
1625 3987 2024 4045 emendatam
2068 3982 2180 4042 abs
2214 3981 2614 4058 Hieronymo
2645 3978 3000 4039 editionem
3042 3978 3172 4040 haec
3225 3993 3712 4058 reprrcsentant,

465 4097 693 4160 mquus
763 4080 965 4141 lector
1001 4078 1336 4157 dijudicet.
1384 4079 1552 4152 Quid
1609 4096 1804 4158 porro
1866 4080 2193 4151 aiendum,
2229 4093 2372 4138 cum
2432 4076 2668 4136 erroris
2729 4082 2904 4136 notat
2962 4075 3214 4136 Latinos
3252 4079 3533 4152 codices,
3575 4079 3715 4158 ipse

463 4179 676 4248 aliter,
710 4174 852 4236 sive
915 4184 1088 4236 recte
1132 4173 1463 4252 preposito
1511 4175 1650 4236 loco
1711 4173 1908 4252 legit?
1966 4177 2034 4236 In
2071 4183 2260 4252 caput
2305 4172 2596 4234 terentia
2633 4187 2810 4245 xxxi,
2862 4171 3074 4246 initio,
3127 4171 3442 4246 Ridicule,
3477 4176 3710 4254 inquit,

466 4272 686 4333 Latini
709 4271 956 4334 codices
985 4272 1054 4332 in
1079 4271 1194 4332 hoc
1225 4268 1358 4334 loco
1389 4270 1798 4349 ambiguitate
1836 4269 2010 4330 verbi
2047 4270 2253 4334 Gnaei
2278 4287 2401 4349 pro
2435 4270 2644 4330 calido
2689 4268 2950 4346 lnpinos
2984 4267 3392 4346 interpretati
3428 4278 3599 4332 sunt.
3639 4274 3712 4336 Et

468 4368 744 4430 calidum
778 4377 986 4428 tamen
1015 4366 1084 4428 in
1117 4384 1192 4429 ea
1220 4383 1411 4446 quam
1439 4367 1737 4446 prOponit
1769 4367 1909 4444 ipse
1939 4364 2535 4446 septuagintavirali
2595 4365 2888 4425 versione
2922 4367 3311 4442 prmtulerat.
3342 4365 3545 4444 Igitur
3579 4384 3707 4430 non

475 4467 745 4536 Veteris,
779 4479 925 4542 quae
953 4462 1191 4542 passim
1215 4463 1566 4537 obtinebat,
1591 4471 1652 4525 et
1686 4463 1848 4526 male
1883 4463 2156 4525 habebat
2187 4460 2598 4541 lupinos,sed
2631 4475 2821 4539 quam
2849 4458 2986 4539 ipse
3016 4459 3462 4536 adornaverat,
3489 4481 3716 4526 recen-

469 4567 718 4626 sionem
748 4563 992 4626 laudat.
1024 4564 1204 4624 Paria
1241 4566 1532 4640 exempla
1564 4563 1716 4625 alibi
1740 4565 1975 4643 smpius
2009 4561 2340 4624 offendere
2371 4568 2492 4621 est.

550 4666 680 4724 Jam
715 4678 864 4741 qum
898 4660 1094 4723 fuerit
1125 4661 1264 4740 ejus
1298 4661 1530 4723 laboris
1569 4663 1750 4735 ratio,
1784 4672 1843 4722 et
1871 4679 2022 4721 num
2061 4658 2167 4720 illa
2221 4654 2668 4734 interpretatio
2725 4655 2982 4732 pr0prie
3029 4654 3296 4718 dicenda
3347 4657 3456 4733 sit,
3503 4677 3610 4733 an,
3651 4671 3718 4722 ut

472 4763 659 4822 nobis
689 4761 957 4840 quidem
999 4759 1272 4830 videtur,
1329 4760 1651 4833 redeusio,
1699 4777 1808 4837 per
1871 4776 1939 4820 se
1999 4759 2280 4837 quisque
2336 4755 2565 4834 poterit
2623 4769 2699 4812 ex
2735 4751 2833 4812 his
2873 4769 3016 4830 qum
3073 4753 3236 4814 dicta
3297 4765 3473 4830 sunt,
3514 4760 3714 4818 multo

466 4867 678 4920 autem
719 4857 958 4918 rectius
1005 4872 1082 4916 ex
1113 4854 1273 4934 ipsis
1321 4871 1465 4934 quas
1521 4863 1897 4932 supersunt,
1960 4853 2372 4914 monimentis
2423 4849 2812 4912 existimare.
2856 4850 3012 4911 Cum
3045 4849 3261 4928 itaque
3307 4852 3396 4913 ait
3429 4853 3492 4913 S.
3539 4855 3716 4916 Pater

467 4958 656 5031 epist.
698 4955 773 5016 ad
805 4951 1115 5014 Sunniam
1153 4961 1214 5012 et
1250 4951 1565 5013 Fretelam
1602 4954 1738 5013 loco
1770 4952 2075 5028 superius
2116 4949 2396 5023 laudato,
2429 4966 2498 5009 se
2524 4947 2912 5019 "editionem,
2948 4963 3094 5026 quae
3138 4948 3406 5009 habetur
3442 4950 3504 5009 in
3552 4958 3720 5024 ἰ-ῖξπι-

469 5060 643 5124 πλοῖς,
668 5049 932 5110 vertisse
965 5047 1109 5127 (hoc
1139 5047 1313 5109 enim
1343 5048 1534 5110 verbo
1580 5047 1745 5110 haud
1780 5048 1912 5108 srio
1973 5046 2128 5108 alibi
2169 5062 2355 5106 usum
2392 5044 2471 5106 ad
2515 5044 2798 5105 laborem
2833 5060 3023 5105 suum
3077 5045 3594 5126 signiﬁcandum)
3636 5049 3714 5109 de

469 5151 571 5210 his
619 5149 871 5216 dixisse
929 5147 1348 5224 accipiendus
1405 5152 1524 5217 est,
1559 5163 1702 5224 quae
1747 5149 1868 5206 sub
1902 5143 2232 5206 asteriscis
2283 5143 2633 5215 adduntur,
2671 5151 2734 5202 et
2794 5157 2938 5201 cum
2989 5157 3068 5201 ex
3105 5143 3326 5203 (ἴτωυο
3363 5144 3709 5222 Hexaplari

469 5247 818 5320 sutfecerit,
884 5245 1101 5308 latine
1143 5242 1336 5306 etiam
1393 5243 1716 5305 reddidit:
1754 5243 1966 5320 deque
2032 5240 2129 5302 his
2183 5250 2512 5319 praeterea,
2575 5257 2723 5321 quae
2786 5241 3016 5301 vitium
3072 5259 3185 5318 per
3240 5242 3455 5330 plures
3492 5261 3718 5304 versus

467 5341 798 5416 iecissent,
841 5347 902 5404 et
930 5358 1095 5406 nova
1129 5340 1270 5420 ipse
1313 5339 1845 5419 interpretatione
1883 5338 2168 5401 donavit.
2226 5338 2347 5400 Sed
2389 5355 2515 5400 non
2574 5339 2721 5398 ideo
2764 5336 2937 5398 inter
2965 5337 3335 5412 Versiones,
3366 5339 3577 5416 qualis
3608 5340 3718 5402 illa

469 5440 588 5500 iuit
645 5458 722 5501 ex
777 5439 1075 5514 Hebraeo,
1135 5439 1246 5500 sed
1305 5437 1476 5499 inter
1505 5437 1996 5500 emendationes
2063 5435 2692 5514 recognitionosquc,
2731 5433 2984 5513 qualem
3035 5433 3177 5512 ipse
3215 5435 3523 5495 continuo
3561 5436 3714 5498 alibi

471 5546 673 5607 vocat,
705 5536 1043 5600 referenda
1073 5547 1192 5598 est.
1225 5535 1496 5596 Fallitur
1536 5533 1774 5595 Natalis
1835 5535 2220 5604 Alexander,
2263 5531 2375 5610 qui
2408 5531 2790 5610 superstites
2843 5529 3064 5602 libros,
3097 5529 3325 5589 Jobum
3380 5538 3440 5590 et
3475 5532 3722 5594 Psalte-

469 5636 664 5708 rium,
689 5635 1047 5696 Salomonis
1083 5650 1346 5713 quoque
1382 5642 1532 5707 tres,
1567 5639 1628 5692 et
1661 5631 2146 5707 Paralipomena
2191 5627 2264 5688 de
2295 5648 2455 5690 novo
2513 5629 2773 5690 vertisse
2820 5628 2908 5688 ait
2939 5629 3002 5688 S.
3042 5630 3286 5687 Patrem
3321 5626 3504 5702 juxta
3543 5629 3718 5692 Grae-

471 5749 640 5799 cum,
681 5731 966 5798 reliquos
992 5733 1101 5800 qui
1140 5731 1625 5802 interciderunt,
1661 5738 1906 5791 tantum
1936 5728 2308 5789 emendasse.
2354 5730 2518 5790 Satis
2551 5738 2637 5790 est
2693 5727 2952 5787 alteram
3003 5722 3291 5783 l’saltcrii
3331 5727 3722 5789 mnendatio-
