3966 6184
403 293 469 357 15
1822 296 2251 359 PILEFATio.
3591 290 3660 359 16

401 427 547 472 nem
580 412 654 472 ad
690 430 966 491 priorem
1000 416 1396 497 comparare,
1431 431 1497 478 ut
1526 421 1796 489 constet,
1832 423 2121 476 neutram
2182 410 2388 473 fuisse
2426 427 2605 472 novae
2653 410 3091 473 translationis
3142 426 3337 491 Opere
3373 420 3437 474 et
3472 414 3655 473 cultu

400 524 794 577 exornatam.
831 519 989 579 Sunt
1042 527 1249 581 autem
1299 521 1470 582 docti
1512 518 1654 591 viri,
1690 534 1852 596 quos
1889 518 2054 577 inter
2089 515 2414 576 Simonius
2474 514 2584 574 lib.
2622 531 2692 588 ll,
2753 530 2888 590 cap.
2932 516 3029 586 10,
3078 513 3189 591 qui
3247 513 3488 591 adjecta
3532 514 3657 576 sub

397 611 724 674 asteriscis
760 616 975 688 verba,
1017 635 1096 677 ex
1129 617 1400 679 Hebraeo
1432 617 1801 679 immediate
1853 614 2054 676 fuisse
2103 600 2446 674 contendat
2492 627 2526 671 a
2574 611 2636 672 S.
2680 610 3035 685 lateri-rete
3069 611 3130 670 in
3167 610 3456 671 Latinum
3501 625 3656 671 con-

400 725 600 768 versa.
633 709 809 781 Quod
843 720 935 771 est
969 712 1226 787 quidem
1272 730 1522 785 verum,
1556 714 1607 773 si
1650 713 1727 773 de
1763 709 2294 789 Paralipomenon
2326 708 2486 769 libro
2518 707 2759 781 dicunt,
2792 724 2980 786 quem
3014 707 3076 767 in
3117 707 3247 785 ipsa
3285 706 3389 767 illa
3424 723 3652 769 recen-

396 804 775 885 sionejuxta
818 808 990 869 LXX
1032 814 1288 871 testatur
1345 813 1408 873 S.
1444 813 1625 871 Pater
1674 826 1741 870 se
1792 823 1935 870 cum
2001 805 2157 884 legis
2205 808 2487 877 doctore,
2521 804 2631 883 qui
2691 800 2861 881 apud
2915 801 3206 863 Ilebrteos
3237 802 3651 865 admirationi

395 899 764 974 habebatur,
798 904 1147 964 contulisse
1170 924 1208 964 a
1244 906 1499 977 vertice,
1534 916 1603 965 ut
1637 906 1840 976 aiunt,
1878 922 2071 984 usque
2100 904 2181 965 ad
2205 914 2552 964 extremum
2582 917 2847 979 unguem
2887 925 2906 960 :
2950 904 3026 959 ita
3077 899 3245 960 enim
3280 910 3336 960 et
3370 903 3437 960 in
3470 900 3650 962 Grat-

395 998 486 1058 cis
522 1006 576 1057 et
604 997 853 1059 Latinis
887 998 1210 1061 codicibus
1240 1002 1500 1064 vitiosus
1532 1008 1687 1072 erat,
1718 1013 1931 1062 utnon
1951 1010 2076 1062 tam
2108 999 2391 1071 Hebrwa,
2421 996 2884 1078 quambarbara
2916 994 3190 1075 quadam
3225 1008 3280 1055 et
3301 996 3652 1058 Sarmatica

394 1095 653 1154 nomina
684 1104 977 1171 congesta
995 1095 1218 1158 habere
1248 1098 1592 1159 videretur.
1625 1098 1899 1159 Proinde
1932 1099 2177 1160 monuit
2210 1095 2522 1175 expressis
2557 1096 2794 1158 verbis:
2820 1095 3176 1173 Ubicunque
3197 1096 3553 1167 asteriscos,
3585 1096 3653 1156 id

397 1200 509 1264 est,
544 1190 758 1251 stellas
790 1191 1139 1259 )(radiare
1187 1194 1253 1254 in
1286 1195 1401 1256 hoc
1461 1195 1775 1255 volumine
1828 1192 2141 1264 videritis,
2180 1192 2270 1255 ibi
2316 1193 2537 1253 sciatis
2585 1190 2659 1251 de
2708 1190 2972 1250 Hebrwo
3021 1188 3333 1259 additum,
3384 1190 3552 1268 quod
3585 1194 3649 1249 in

396 1288 645 1350 Latinis
676 1287 999 1350 codicibus
1031 1309 1155 1351 non
1180 1291 1465 1355 habetur.
1497 1293 1728 1355 Verum
1787 1290 1956 1353 haud
1992 1291 2073 1351 ita
2136 1287 2372 1348 factum
2431 1284 2494 1345 in
2531 1282 2801 1361 reliquis
2838 1282 3114 1353 videtur,
3147 1282 3210 1341 in
3246 1282 3479 1360 quibus
3515 1283 3650 1357 ipse

394 1390 624 1448 iterum
683 1387 743 1447 S.
781 1386 1102 1460 Interpres
1161 1389 1498 1465 significat,
1558 1389 1772 1450 Graeca
1831 1403 1899 1449 se
1960 1403 2039 1448 ex
2098 1382 2565 1447 Theodotionis
2616 1381 2925 1454 editione,
2985 1380 3523 1459 quemadmodum
3582 1382 3648 1441 in

396 1480 705 1561 Hexaplis
733 1479 989 1542 fuerant
1019 1483 1098 1543 ab
1142 1482 1422 1562 Origene
1456 1493 1695 1560 assuta,
1738 1484 2161 1545 transtulisse.
2199 1484 2404 1544 Unum
2455 1496 2525 1540 ea
2558 1478 2635 1539 de
2674 1496 2741 1538 re
2784 1477 2991 1539 locum
3044 1492 3121 1537 ex
3164 1478 3350 1551 epist.
3392 1494 3539 1551 cxtt,
3570 1482 3646 1541 ad

397 1578 850 1655 Augustinum,
911 1578 1354 1641 laudabimus:
1386 1581 1765 1659 Ubicunque,
1830 1580 1940 1651 ait,
2000 1580 2288 1658 virgulae,
2342 1575 2410 1638 id
2446 1584 2558 1649 est,
2609 1574 2772 1635 obeli
2826 1581 2995 1645 sunt,
3030 1573 3431 1649 signiﬁcatur
3482 1575 3651 1653 quod

395 1677 814 1755 Septuaginta
858 1674 1005 1755 plus
1038 1676 1350 1751 dixerint,
1405 1696 1585 1757 quam
1633 1680 1897 1740 habetur
1927 1678 1994 1738 in
2047 1676 2332 1737 Hebrwo.
2373 1672 2486 1734 Ubi
2529 1681 2734 1731 autem
2778 1669 3095 1741 asterisci,
3129 1668 3195 1728 id
3234 1678 3347 1742 est,
3384 1669 3649 1731 stellulae

392 1773 828 1850 prwluccntcs,
860 1791 938 1831 ex
972 1771 1419 1835 T/tcodotionis
1451 1775 1726 1836 editione
1755 1776 1829 1837 ab
1889 1773 2159 1852 Origene
2209 1767 2495 1829 additum
2527 1776 2616 1827 est
2643 1786 2662 1826 :
2689 1773 2747 1825 et
2783 1766 2873 1827 ibi
2904 1782 3122 1825 GRtECA
3171 1765 3641 1829 transtulimus.

394 1873 551 1944 Qua:
583 1869 682 1930 his
718 1870 1025 1933 continuo
1071 1871 1546 1934 subnectuutur
1604 1874 1812 1941 verba.
1842 1874 1965 1934 Hic
1996 1871 2068 1931 de
2097 1872 2235 1949 ipso
2271 1866 2603 1937 Hebraico,
2640 1864 2808 1944 quod
2845 1862 3340 1940 intelligebamus
3381 1882 3645 1942 expres-

396 1970 612 2038 simus,
648 1986 937 2028 sensuum
966 1968 1184 2045 potius
1237 1970 1587 2045 veritatem,
1640 1989 1822 2051 quam
1886 1968 2221 2030 verborum
2255 1960 2538 2023 ordinem
2571 1960 2886 2021 interdum
2936 1969 3395 2031 conservantes,
3443 1962 3644 2022 l'rauli

396 2058 490 2119 bis
524 2060 803 2131 fuerunt,
831 2063 939 2137 qui
972 2059 1034 2120 in
1078 2060 1389 2121 contraria
1421 2062 1728 2140 opinione
1766 2069 2093 2124 versantur
2126 2084 2140 2121 :
2179 2077 2386 2140 neque
2437 2057 2631 2130 enim,
2675 2065 2740 2118 ut
2775 2061 3018 2135 putant,
3054 2058 3130 2116 ad
3199 2056 3644 2118 recensionem

394 2155 577 2215 istam
603 2156 779 2233 juxta
814 2157 1099 2217 Graecum
1136 2157 1528 2229 referuntur,
1565 2160 1702 2232 sed,
1737 2161 1901 2238 quod
1938 2158 2059 2222 loci
2096 2166 2431 2219 contextus
2467 2153 2730 2223 evincit,
2763 2154 2838 2215 ad
2873 2169 3009 2214 eam
3035 2167 3221 2231 quam
3260 2152 3644 2229 praecedenti

398 2252 680 2329 proxime
722 2254 988 2329 periodo
1030 2264 1515 2325 memoraverat,
1557 2255 1750 2316 aliam
1778 2256 2259 2316 translationem
2286 2256 2515 2333 absque
2552 2254 2650 2314 his
2680 2252 2904 2331 signis,
2942 2268 3021 2312 ex
3082 2249 3374 2311 Hebrwo.
3410 2250 3529 2312 Sed
3566 2268 3649 2313 ne

397 2349 782 2408 testimoniis
816 2348 1134 2428 ejusmodi
1166 2350 1410 2412 diutius
1447 2351 1813 2425 velitemur,
1844 2371 1921 2414 ex
1957 2353 2251 2430 ipsismet
2286 2350 2464 2411 libris
2497 2368 2610 2429 per
2641 2366 2707 2410 se
2763 2350 3034 2428 quisque
3071 2347 3325 2425 poterit,
3384 2353 3651 2411 conten-

397 2445 569 2504 tione
606 2454 814 2506 textus
848 2447 1183 2525 utriusque
1230 2448 1407 2516 facta,
1452 2449 1530 2509 de
1568 2466 1632 2510 re
1669 2450 1800 2527 ipsa
1834 2450 2152 2525 judicare.

476 2550 657 2609 Nunc
689 2546 768 2608 de
804 2545 960 2625 ipsis
1001 2547 1180 2609 libris
1236 2566 1440 2628 pauca
1508 2551 1860 2630 sigillatim.
1924 2551 2161 2611 Tobias
2211 2556 2271 2610 et
2321 2549 2541 2611 Judith
2602 2548 2809 2629 primo
2859 2557 3228 2622 occttrrunt,
3275 2552 3380 2629 qui
3433 2558 3644 2611 tamen

394 2661 521 2705 non
555 2661 632 2705 ex
665 2646 908 2719 Graeco,
938 2645 1050 2707 sed
1091 2663 1169 2706 ex
1201 2647 1499 2722 Hebraeo,
1532 2650 1667 2709 sive
1720 2647 2061 2710 Cbaldaico
2100 2648 2447 2725 exemplari
2501 2646 2790 2708 conversi
2840 2655 2988 2707 sunt
3028 2648 3089 2707 in
3135 2648 3454 2709 Latinum.
3486 2649 3644 2709 For-

394 2753 560 2803 tasse
614 2742 804 2803 etiam
862 2743 1041 2815 satis,
1086 2744 1260 2819 quod
1331 2754 1463 2805 erat
1499 2761 1532 2807 e
1595 2764 1659 2807 re
1698 2750 1935 2818 nostra,
1994 2744 2073 2807 de
2116 2742 2214 2804 bis
2247 2744 2481 2806 dictum
2545 2748 2608 2804 in
2682 2743 2851 2804 notis
2888 2747 2963 2804 ad
3020 2744 3336 2821 prologos,
3371 2762 3512 2823 qum
3540 2743 3645 2807 hic

393 2843 701 2919 replicare
736 2858 862 2903 non
898 2841 1144 2903 videtur
1175 2859 1389 2921 operae
1426 2843 1725 2920 pretium.
1759 2843 1879 2917 Qui
1945 2844 2405 2906 asteriscorttm
2442 2841 2915 2921 obelorumque
2968 2842 3151 2903 nobis
3202 2843 3639 2921 distinguitur,

391 2947 581 3015 atque
617 2938 776 2999 hanc
811 2938 1067 3014 prOprie
1098 2939 1327 3000 seriem
1352 2948 1617 3017 spectat,
1658 2940 1902 3016 primus
1931 2947 2029 3002 est
2059 2941 2204 3009 Job,
2239 2957 2428 3019 quem
2472 2938 2707 3001 librum
2752 2939 2854 2999 vix
2916 2938 3086 2999 dictu
3124 2948 3243 3007 est,
3274 2946 3432 3016 quot
3464 2957 3644 3000 men-

392 3035 490 3096 dis
520 3052 647 3095 non
684 3035 1083 3096 librariorum
1120 3036 1333 3106 modo,
1371 3036 1480 3097 sed
1518 3042 1578 3096 et
1611 3036 1981 3098 criticorum
2012 3037 2201 3115 culpa
2240 3036 2481 3096 inolitis
2518 3035 2945 3096 liberavimus.
2986 3037 3150 3096 Vere
3185 3036 3460 3098 dixerim
3486 3054 3635 3099 cum

404 3132 803 3208 Hieronij
840 3147 852 3189 ε
885 3130 1004 3189 Job
1033 3130 1235 3192 adhuc
1259 3129 1429 3208 apud
1462 3131 1717 3192 Latinos
1736 3132 1997 3212 jacebat
2029 3132 2093 3192 in
2121 3140 2421 3201 stercore,
2458 3140 2515 3190 et
2543 3131 2855 3191 vermibus
2891 3130 3165 3192 scatebat
3199 3150 3497 3193 errorem.
3542 3136 3638 3200 Et,

390 3226 710 3302 Quomodo
741 3224 1114 3303 probatione
1144 3234 1328 3305 atque
1358 3227 1635 3287 victoria
1674 3226 2023 3307 dupliciter
2066 3230 2369 3288 universa
2401 3231 2458 3287 ei
2510 3237 2657 3287 sunt
2708 3226 2959 3287 reddita
2986 3248 3005 3287 :
3034 3228 3126 3287 ita
3176 3246 3288 3305 ego
3326 3232 3392 3291 in
3422 3228 3643 3308 lingua

390 3334 611 3381 nostra
643 3321 965 3397 (audacter
993 3319 1239 3399 loquor)
1268 3323 1390 3400 feci
1420 3340 1555 3383 eum
1585 3324 1809 3385 habere
1858 3342 1992 3403 qua:
2036 3327 2357 3387 amiserat.
2404 3325 2676 3386 Multum
2717 3325 2856 3402 epis
2891 3326 2953 3387 S.
2997 3327 3381 3403 Angustinus
3420 3345 3479 3388 in
3513 3330 3640 3389 Ad-

395 3420 792 3480 notazionum
834 3418 1023 3492 libro,
1062 3426 1191 3479 tum
1223 3421 1637 3482 Alexandrini
1670 3421 1913 3483 codicis
1948 3438 2190 3500 nupera
2228 3422 2422 3484 editio
2453 3422 2527 3483 ad
2565 3429 2807 3483 textum
2849 3422 3351 3497 resarciendutn,
3384 3432 3443 3484 et
3494 3442 3641 3503 qua;

394 3517 746 3579 innumeris
780 3517 937 3578 locis
969 3526 1079 3577 aut
1138 3518 1426 3590 deerant,
1468 3528 1574 3580 aut
1629 3538 1962 3598 perperam
2032 3517 2451 3593 habebantur,
2485 3518 2561 3579 ad
2623 3536 2893 3579 veruuin
2950 3526 3142 3597 atque
3181 3520 3636 3581 asteriscorunt

364 3615 573 3692 signa
605 3614 997 3689 reponenda,
1033 3613 1574 3690 suppeditarunt:
1613 3633 1756 3694 quas
1789 3616 2003 3677 malim
2034 3616 2112 3677 ab
2144 3615 2350 3694 ipsius
2406 3617 2683 3676 lectione
2716 3616 2931 3693 aperis
2970 3616 3312 3692 percipias,
3347 3634 3539 3695 quam
3575 3630 3642 3679 ut

392 3719 669 3772 nostram
720 3710 830 3771 tibi
867 3709 1297 3771 commendari
1332 3709 1719 3773 industriam
1757 3719 1965 3789 putes.
2016 3712 2414 3773 Psalmorum
2474 3710 2637 3773 liber
2667 3711 2779 3789 qui
2835 3729 3000 3789 pone
3036 3712 3358 3789 sequitur.
3400 3731 3475 3773 ex
3517 3714 3641 3774 du-

392 3809 569 3886 plici,
603 3818 671 3871 ut
706 3816 763 3869 et
799 3807 987 3885 paulo
1014 3806 1313 3884 superius
1347 3818 1635 3871 notatum
1670 3817 1788 3885 est,
1834 3811 1897 3871 S.
1944 3812 2138 3870 Patris
2169 3808 2447 3871 editione
2483 3811 2558 3869 ad
2608 3809 2897 3869 Grmcum
2932 3807 3305 3870 exhibetur.
3339 3810 3641 3886 Explica-

394 3916 526 3969 tum
561 3917 655 3969 est
689 3922 951 3985 queque
986 3903 1181 3965 semel
1219 3912 1409 3983 atque
1448 3906 1677 3968 iterum
1714 3908 1777 3967 in
1815 3908 2008 3980 notis,
2040 3907 2209 3984 quod
2245 3912 2307 3967 et
2338 3906 2573 3983 passim
2625 3906 2731 3966 alii
2768 3914 2914 3965 ante
2952 3923 3066 3967 nos
3104 3905 3491 3976 docuerunt,
3526 3926 3644 3969 cur

393 4004 564 4078 prior
596 4002 701 4063 illa
732 4008 793 4063 et
826 4003 1041 4061 minus
1065 4009 1353 4061 accurata
1386 4003 1678 4062 recensio
1716 4004 2062 4061 Romanum
2098 4002 2499 4075 Psalterium,
2532 4002 2729 4063 altera
2773 4000 3173 4064 Gallicanum
3201 4005 3421 4063 audiat
3446 4020 3461 4063 :
3489 4006 3643 4082 qui-

396 4100 510 4158 lius
547 4096 868 4159 vocabulis
899 4094 1032 4170 ipsa
1074 4093 1162 4154 rei
1200 4110 1327 4154 non
1362 4094 1609 4157 inutilis
1640 4096 1905 4160 historia
1936 4097 2334 4160 continetur.
2384 4098 2502 4159 Sed
2556 4097 2730 4158 enim
2793 4106 2935 4174 post
2971 4099 3343 4159 Waltonum
3380 4099 3445 4159 in
3488 4101 3643 4159 Pro-

394 4194 629 4269 legom.
667 4211 728 4263 x,
763 4194 824 4264 5,
885 4189 1120 4251 Natalis
1174 4206 1438 4269 quoque
1486 4192 1847 4255 Alexander
1884 4194 2124 4255 fallitur
2160 4202 2387 4274 quiest.
2428 4212 2523 4265 ιιι,
2554 4195 2632 4256 de
2671 4195 2925 4272 Vulgat.
2967 4193 3199 4262 Latin.,
3242 4195 3351 4256 ubi
3413 4200 3636 4266 sentit,

390 4300 612 4369 quater
642 4291 812 4351 circa
835 4290 1216 4357 Psalterium
1248 4296 1704 4373 Hieronymum
1736 4291 2097 4352 laborasse:
2122 4299 2310 4370 atque
2341 4294 2501 4353 adeo
2544 4293 2808 4351 alteram
2860 4297 3002 4366 post
3035 4290 3191 4351 duas
3228 4292 3377 4352 istas
3409 4309 3638 4352 emen-

390 4388 717 4450 dationem
751 4406 829 4449 ex
863 4392 1103 4467 Graeco,
1134 4410 1277 4470 quae
1313 4407 1628 4471 nusquam
1666 4389 1815 4461 fuit,
1845 4389 2377 4452 comminiscitur.
2415 4391 2589 4451 Errat
2623 4390 2686 4450 in
2720 4390 3105 4451 contrariam
3152 4398 3386 4468 partem
3418 4393 3641 4453 Petrus

390 4485 695 4556 Pithoeus,
736 4488 815 4547 de
854 4488 1094 4549 Latinis
1134 4489 1395 4551 Biblior.
1429 4486 1919 4567 interpretibus,
1950 4504 2097 4547 cum
2146 4488 2478 4565 Vulgatam
2518 4497 2800 4549 uestram
2842 4488 3239 4549 Psalmorum
3288 4489 3636 4549 editionem

392 4591 560 4663 (qum
596 4586 879 4663 exceptis
914 4586 1250 4649 obelorum
1285 4598 1475 4667 atque
1530 4586 1985 4649 asteriscomtn
2048 4586 2240 4658 notis,
2274 4585 2494 4646 eadem
2557 4585 2828 4646 omnino
2874 4591 2971 4646 est
3005 4591 3196 4663 atque
3252 4586 3635 4647 Psaltertunt

391 4683 563 4760 quod
621 4682 1016 4744 Gallicanum
1074 4692 1322 4759 vocant,
1355 4691 1425 4746 ut
1487 4689 1728 4744 textum
1775 4682 2129 4742 conferenti
2176 4682 2312 4744 sole
2347 4681 2575 4742 clarius
2623 4681 2961 4759 constabit)
2997 4699 3124 4742 non
3189 4682 3378 4741 aliam
3419 4682 3638 4742 haberi

390 4780 543 4852 vult,
578 4797 769 4857 quam
806 4787 1085 4843 veterem
1122 4799 1268 4860 qum
1301 4791 1450 4843 ante
1488 4781 1957 4858 Hieronymum
2013 4779 2339 4841 obtinebat
2372 4796 2450 4841 ex
2509 4797 2581 4840 ea
2621 4780 2933 4851 editione,
2969 4795 3110 4857 quae
3161 4778 3425 4839 Luciani
3459 4777 3635 4838 dice-

390 4878 573 4937 batur
610 4895 624 4937 :
661 4895 731 4938 ac
765 4896 953 4953 porro
988 4880 1241 4940 unicam
1278 4898 1353 4942 ex
1405 4882 1625 4941 Graeco
1682 4876 2037 4954 exemplari
2077 4876 2437 4936 versionem
2490 4876 2875 4954 Hieronymi
2927 4892 3065 4935 eam
3106 4892 3248 4935 esse
3281 4890 3471 4953 quam
3510 4876 3639 4933 Ro-

392 4995 647 5038 manum
703 4980 1084 5042 Psalterium
1114 4960 1397 5043 exhibet.
1465 4984 1708 5042 Focum
1742 4982 1935 5041 docto
1972 4978 2104 5039 viro
2132 4975 2301 5048 ferit,
2344 4976 2509 5053 quod
2549 4976 2610 5034 in
2661 4976 2920 5035 excusis
2977 4975 3259 5049 Vulgatze
3306 4973 3638 5034 codicibus

389 5077 679 5153 quzedam
709 5074 1124 5148 sint,tametsi
1161 5080 1388 5147 rarius,
1416 5096 1561 5157 qum
1599 5079 1997 5157 Hieronymo
2032 5090 2157 5136 non
2196 5075 2589 5150 probentur:
2623 5072 2978 5149 cujusmodi
3004 5078 3093 5133 est
3127 5070 3283 5131 illud
3314 5069 3537 5145 psalm.
3579 5087 3635 5140 ν,

394 5190 560 5232 vers.
592 5174 673 5232 9:
710 5173 922 5250 Dirige
992 5176 1056 5233 in
1105 5185 1440 5253 conspectu
1490 5183 1594 5234 tuo
1649 5176 2049 5245 viammcam,
2086 5190 2199 5251 pro
2236 5186 2366 5249 quo
2400 5170 2582 5248 jubet
2609 5169 2669 5229 S.
2698 5170 3021 5246 interpres
3061 5167 3347 5236 rescribi,
3382 5168 3448 5226 in
3490 5183 3640 5225 con-

388 5281 605 5346 spectu
630 5289 760 5328 meo
804 5274 962 5331 viam
998 5280 1187 5331 tuam.
1226 5274 1344 5333 Sed
1384 5273 1486 5333 illa
1537 5273 1851 5333 editorum
1889 5270 2184 5332 codicum
2226 5266 2411 5327 lectio
2442 5270 2560 5337 est,
2598 5278 2723 5324 non
2760 5265 2911 5325 item
2950 5271 3013 5323 et
3043 5280 3191 5324 mss.
3221 5262 3333 5340 qui
3372 5262 3662 5342 perinde

388 5376 578 5447 atque
614 5374 898 5428 notatum
937 5376 1031 5429 est
1064 5370 1173 5429 abs
1209 5369 1629 5446 Hieronymo,
1665 5371 1900 5429 rectius
1937 5368 2183 5442 legunt.
2227 5363 2364 5423 Alia
2413 5360 2472 5420 id
2515 5377 2738 5437 genus,
2776 5378 2915 5438 quae
2946 5361 3085 5440 ejus
3115 5358 3310 5421 menti
3344 5358 3643 5418 videntur

389 5461 483 5522 ire
512 5464 848 5537 contraria,
885 5466 1157 5526 maxime
1192 5466 1527 5526 obelorqu
1590 5465 1649 5525 in
1711 5463 1977 5539 vulgatis
2031 5460 2207 5521 libris
2254 5460 2540 5519 delectus
2575 5457 2853 5535 peperit,
2887 5459 2998 5537 qui
3040 5473 3178 5519 cum
3209 5456 3273 5515 in
3313 5456 3639 5515 veteribus

387 5575 578 5621 manu
615 5564 888 5623 exaratis
929 5564 1047 5625 rite
1081 5565 1209 5624 sint
1243 5562 1450 5641 positi,
1486 5561 1916 5622 difﬁcultatem
1976 5559 2243 5619 omnino
2283 5556 2560 5615 elevant.
2624 5557 2854 5615 Actum
2890 5572 3039 5617 vero
3088 5552 3387 5633 prteclare
3418 5550 3640 5611 nobis-

386 5672 557 5729 cum,
610 5659 781 5733 quod
843 5660 1162 5737 ejusmodi
1208 5660 1562 5731 codicibus,
1628 5667 1688 5721 et
1725 5676 1987 5719 summae
2024 5655 2288 5735 quidem
2348 5652 2705 5724 vetustatis,
2743 5660 2934 5732 atque
2995 5649 3468 5713 emendationis
3505 5662 3638 5707 non

386 5751 737 5825 caruimus,
782 5771 912 5817 uno
946 5774 1092 5820 cum
1129 5757 1350 5836 primis
1405 5756 1726 5831 Vaticano,
1763 5755 1915 5817 olim
1974 5757 2321 5817 Svecorum
2360 5751 2645 5830 Reginae,
2687 5752 2798 5830 qui
2858 5750 3241 5823 unt-ialibus,
3283 5757 3349 5809 ut
3389 5748 3641 5821 vocant,
