3966 6184
382 346 453 414 17
1813 351 2235 416 ΡΒᾹΞῈΑΤΙΟ.
3568 354 3640 422 13

383 464 612 527 litteris
669 462 876 526 ferme
939 464 1242 526 omnibus
1316 470 1636 527 exoratur.
1668 466 1872 539 Quam
1936 466 2106 530 bono
2160 468 2397 531 fuerint
2444 470 2584 531 usui
2638 469 2850 539 nobis,
2902 476 3037 531 tum
3069 471 3332 547 senties,
3362 490 3508 535 cum
3551 477 3631 537 ad

378 559 587 637 ipsius
617 560 838 636 Operis
876 560 1214 623 lectionem
1248 561 1535 623 accedes.
2104 571 2110 577 ’

463 655 583 716 Sed
613 662 675 716 et
716 654 901 726 illud,
935 657 1103 734 quod
1136 658 1484 717 Romanum
1519 657 1770 753 dicunt,
1806 659 2189 723 Psalterium
2231 664 2429 725 altera
2461 664 2749 741 ejusdem
2804 665 2949 726 libri
3006 667 3383 747 perantiqua
3418 686 3642 730 recen-

376 754 591 826 sione,
624 754 866 832 quibus
900 754 978 813 ab
1008 755 1520 834 Hieronymiana
1565 758 1721 820 locis
1754 758 1990 831 differt,
2023 759 2293 820 fecimus
2343 760 2950 838 locupletissimum.
2988 764 3374 841 Accepimus
3421 774 3636 827 autem

382 849 559 910 illam
624 869 704 911 ex
762 851 1028 929 insigni,
1065 870 1259 930 quem
1314 855 1706 915 Veronensis
1738 855 2004 933 capituli
2040 856 2421 918 bibliotheca
2481 866 2694 919 servat
2749 876 2867 919 ms.
2901 861 3238 939 quadrato,
3275 869 3344 923 ut
3383 871 3639 933 v0cant,

381 946 773 1020 charactere,
806 948 1116 1011 steculum
1184 949 1385 1012 ferme
1443 959 1697 1012 sextum
1744 952 2103 1025 redolente,
2136 963 2326 1031 atque
2359 955 2618 1030 optimae
2645 964 2958 1033 quantum
2990 964 3084 1018 est
3118 957 3180 1018 id
3214 976 3420 1037 genus
3454 961 3637 1021 codi-

382 1058 531 1103 cum
566 1051 753 1105 notaa.
794 1045 998 1107 Habet
1030 1046 1139 1107 ille
1174 1050 1241 1107 in
1266 1050 1535 1108 adversa
1558 1063 1811 1126 quaque
1845 1048 2092 1125 pagella
2123 1050 2385 1111 totidem
2421 1050 2655 1111 Latina;
2685 1052 3008 1115 versionis
3045 1055 3334 1116 versibus
3370 1072 3636 1133 re5p0n-
3721 1046 3745 1061 ⁸³

380 1139 641 1200 dentem
678 1142 969 1202 Graecum
1009 1151 1280 1216 textum,
1320 1160 1452 1204 non
1484 1155 1693 1204 tamen
1733 1146 2001 1217 Graecis,
2036 1147 2151 1206 sed
2214 1145 2456 1207 Latinis
2506 1147 2736 1209 litteris
2789 1156 3143 1220 exaratum,
3179 1151 3351 1229 quod
3390 1168 3469 1211 ne
3508 1153 3641 1229 pal-

389 1235 667 1295 marium
732 1236 873 1297 libri
956 1246 1160 1316 putes,
1229 1240 1392 1301 scito
1455 1255 1584 1301 non
1647 1257 1886 1317 paucos
1920 1241 2242 1320 ejusmodi
2307 1242 2640 1321 scriptura:
2698 1245 2759 1305 in
2806 1261 2919 1305 ms.
2975 1246 3171 1308 Italiae
3231 1246 3642 1309 bibliothecis

384 1332 662 1406 offendi,
696 1341 894 1412 atque
938 1337 1089 1397 olim
1127 1336 1330 1399 fuisse
1367 1340 1409 1400 a‘
1435 1340 1601 1399 Luca
1643 1339 1950 1416 Brugensi
1990 1338 2301 1401 laudatos.
2351 1340 2429 1400 Ut
2459 1347 2671 1402 autem
2706 1342 2993 1402 dit-emus
3032 1344 3222 1403 modo
3276 1344 3355 1405 de
3392 1346 3638 1409 Latina.

382 1428 559 1505 quod
624 1436 838 1491 nostra
887 1448 1030 1492 cum
1069 1434 1297 1511 primis
1344 1434 1639 1508 interest,
1704 1436 2022 1509 versione,
2059 1436 2165 1498 illa
2224 1437 2349 1499 nisi
2404 1438 2873 1515 Augustiniana
2904 1440 3042 1519 ipsa
3078 1442 3378 1503 recensio
3408 1450 3528 1510 est,
3562 1444 3637 1502 ad

379 1522 530 1600 ejus
561 1531 733 1586 certe
761 1526 961 1588 instar
994 1531 1267 1591 maxima
1297 1550 1371 1592 ex
1409 1538 1582 1609 parte
1625 1530 1931 1593 videtura
1964 1533 2260 1595 studioso
2295 1534 2627 1614 qquiam,
2661 1544 2806 1613 puta
2842 1535 3273 1607 Cassiodorio,
3308 1535 3638 1597 adornata.

381 1620 621 1682 Notum
660 1621 725 1682 id
759 1623 887 1685 sibi
924 1626 1163 1705 negotii
1200 1626 1263 1687 in
1299 1628 1697 1689 Psalmorum
1730 1629 1954 1690 codice
1989 1628 2360 1707 castigando
2392 1630 2650 1691 dedisse
2704 1631 3192 1708 Hipponensem
3241 1633 3644 1710 episcomim,

382 1719 560 1797 quod
606 1728 820 1781 narrat
867 1721 1003 1797 ipse
1035 1723 1305 1800 epistola
1337 1742 1536 1797 cccxr,
1570 1724 1644 1786 ad
1684 1726 2032 1796 Audacem,
2092 1742 2269 1785 num.
2303 1726 2364 1797 5,
2403 1726 2510 1786 ubi
2546 1743 2690 1785 cum
2749 1743 2819 1787 se
2861 1728 3100 1788 diceret
3133 1728 3647 1807 Hieronymiana

382 1818 684 1878 versione
716 1836 793 1877 ex
821 1819 1089 1882 Hebrmo
1128 1838 1344 1882 carere
1382 1838 1397 1881 :
1430 1821 1562 1885 Nos
1595 1832 1827 1895 autem,
1864 1821 2099 1890 subdit,
2138 1840 2266 1881 non
2294 1822 2704 1901 interpretati
2739 1841 2974 1895 sumus,
3010 1822 3117 1883 sed
3151 1825 3435 1885 codicum
3468 1825 3650 1886 Lati-

383 1930 617 1973 norum
638 1914 983 1975 nonnullas
1015 1916 1458 1978 mendositates
1493 1937 1569 1977 ex
1598 1917 1835 1980 ercis
1868 1916 2334 1995 exemplaribus
2372 1918 2848 1979 emendavimus.
2889 1919 3059 1980 Unde
3088 1920 3386 1997 fortassis
3413 1921 3642 1998 feceri-

384 2030 525 2071 mus
557 2013 809 2092 aliquid
856 2013 1263 2087 commodius,
1306 2032 1488 2092 quam
1525 2022 1680 2087 erat,
1738 2032 1865 2074 non
1916 2023 2122 2075 tamen
2174 2013 2296 2073 tale
2328 2014 2510 2093 quale
2540 2033 2666 2074 esse
2696 2013 2976 2075 debebat.
3030 2015 3186 2076 Nam
3222 2018 3407 2075 etiam
3450 2034 3643 2087 nunc,

382 2126 523 2187 qui:
546 2111 714 2187 forte
740 2127 857 2169 nos
888 2119 1036 2171 tunc
1064 2111 1539 2190 praeterierunt,
1596 2111 1653 2172 si
1685 2109 1951 2189 legentes
2000 2111 2335 2184 moverint,
2373 2109 2625 2171 collatis
2680 2109 3003 2171 codicibus
3042 2111 3457 2171 emendamus.
3495 2112 3645 2171 Haec

384 2207 724 2268 enimvero
767 2208 987 2268 Latina
1020 2207 1263 2269 codicis
1296 2206 1688 2270 Veronensis
1727 2208 1935 2269 vcrsio
1967 2204 2103 2268 fere
2152 2222 2410 2284 semper
2453 2221 2601 2266 cum
2659 2206 3136 2285 Augustiuiana
3192 2207 3464 2268 lectione
3500 2224 3659 2268 con-7

385 2302 575 2378 einit,
617 2320 733 2364 nec
761 2302 840 2364 iis
878 2310 1123 2364 tantum
1166 2304 1347 2378 locis,
1388 2304 1623 2385 quibus
1655 2305 1732 2366 ab
1756 2304 1924 2377 aliis,
1961 2311 2117 2383 quot
2148 2312 2300 2364 sunt
2340 2312 2628 2382 quotque
2661 2302 2952 2377 fuerunt,
2990 2303 3279 2365 Psalterii
3334 2303 3647 2366 editioni-

386 2399 513 2461 bus
546 2400 872 2472 dissentit,
912 2400 1025 2461 sed
1060 2408 1122 2461 et
1150 2401 1359 2462 sicubi
1405 2402 1619 2463 minus
1662 2419 1851 2481 quam
1889 2400 2014 2461 illa;
2052 2399 2302 2460 videtur
2355 2407 2523 2461 recte
2559 2399 2819 2461 habere.
2865 2401 3091 2474 Pauca,
3134 2411 3195 2459 et
3229 2408 3297 2460 ut
3355 2401 3646 2479 pressius

382 2498 639 2576 aliquid
671 2497 904 2575 dicam,
955 2496 1175 2558 decem
1240 2496 1385 2575 plus
1447 2499 1661 2559 minus
1722 2497 1886 2566 loca,
1941 2497 2182 2575 quibus
2235 2497 2300 2558 in
2337 2497 2595 2559 diversa
2645 2499 2800 2570 abit,
2842 2498 3108 2560 omnino
3145 2515 3258 2576 pro
3307 2498 3387 2559 iis
3422 2497 3647 2559 haberi

389 2602 755 2675 nequeunt,
785 2612 931 2674 quae
966 2594 1211 2657 veteris
1239 2594 1545 2657 editionis
1588 2601 1791 2668 erant,
1829 2594 2228 2675 fueruntque
2284 2595 2363 2656 ab
2413 2595 2778 2673 Augustino
2815 2597 3149 2657 emendata
3190 2617 3206 2657 :
3245 2596 3493 2674 quippe
3531 2612 3648 2655 nec

388 2702 492 2756 est
525 2693 921 2765 verosimile,
986 2684 1440 2772 Hipponensis.
1495 2691 1791 2770 episcopi
1856 2693 2146 2755 studium
2208 2690 2771 2754 emendationibus
2821 2691 3186 2753 constitisse
3249 2700 3371 2752 tam
3406 2691 3650 2767 paucis,

392 2809 538 2866 nec,
572 2790 748 2869 quod
790 2790 883 2852 rei
915 2797 1104 2868 caput
1136 2798 1254 2864 est,
1290 2776 1355 2851 in
1404 2788 1829 2867 posteriorem
1862 2788 2172 2851 duntaxat
2205 2791 2345 2867 ejus
2386 2789 2529 2850 libri
2585 2796 2826 2868 partem
2866 2789 3072 2850 fuisse
3101 2788 3183 2850 ab
3217 2788 3327 2851 illo
3380 2789 3652 2850 colloca-

389 2896 531 2948 tum
567 2904 582 2949 :
617 2904 763 2948 natu
801 2888 880 2948 ab
906 2904 983 2948 eo
1014 2888 1273 2946 demum
1313 2886 1452 2946 loco
1496 2893 1713 2947 noster
1743 2884 2017 2947 abludit.
2054 2888 2164 2946 Est
2200 2886 2393 2963 igitur
2436 2885 2803 2946 econtrario
2836 2885 3296 2963 colligendum,
3323 2902 3402 2946 eo
3439 2902 3651 2963 usque

390 2994 661 3060 tantam,
693 2992 925 3064 quanta
958 2984 1018 3045 in
1047 2982 1318 3062 reliquis
1350 2981 1560 3043 fuerat
1590 2985 1790 3043 sancti
1821 2982 2103 3061 episcopi
2136 2984 2540 3063 diligentiam
2602 2999 2729 3044 non
2791 2984 3160 3055 devenisse,
3193 2979 3403 3044 fuisse
3436 2990 3651 3043 autem

390 3101 508 3144 eos
541 3084 823 3163 psalmos
862 3083 942 3142 iis
978 3080 1135 3142 locis
1168 3098 1201 3141 a
1232 3080 1594 3141 Veronensi
1622 3081 1899 3152 editore,
1931 3080 2070 3143 sive
2130 3082 2208 3142 ad
2248 3081 2523 3143 aliorum
2558 3083 2877 3159 exempla,
2910 3081 3070 3151 sive,
3102 3082 3275 3159 quod
3314 3089 3375 3142 et
3432 3088 3654 3159 putare

392 3184 641 3253 malim,
668 3181 849 3259 juxta
892 3178 1278 3257 posteriores
1314 3178 1660 3256 Augustini
1704 3194 1888 3238 curas
1951 3182 2315 3255 recognitos
2357 3200 2373 3238 :
2420 3196 2581 3253 quas
2617 3187 2759 3256 post
2814 3178 3266 3241 Enni-rationes
3291 3179 3371 3239 ad
3433 3194 3644 3256 popu-

393 3283 553 3357 lum,
593 3281 656 3341 in
691 3285 941 3341 suomet
986 3278 1120 3356 ipse
1160 3276 1507 3355 exemplari
1544 3278 1959 3337 adnotasset:
1994 3276 2150 3337 Nam
2207 3276 2391 3336 etiam
2441 3293 2632 3348 nunc,
2674 3275 2909 3355 inquit,
2947 3294 3081 3356 qua:
3118 3274 3289 3357 forte
3339 3293 3454 3335 nos
3510 3285 3658 3334 tunc

391 3380 867 3460 praterierunt,
907 3376 966 3436 si
1005 3377 1275 3452 tegentes
1329 3374 1660 3444 moverint,
1695 3371 1945 3433 collatis
1979 3373 2298 3434 codicibus
2329 3374 2742 3435 emendamus.
2785 3376 2957 3448 Quid
3012 3376 3188 3455 quod
3240 3376 3496 3436 videtur
3526 3374 3654 3436 ali-

391 3478 544 3539 cubi
578 3482 802 3537 noster
862 3488 941 3533 ex
976 3471 1114 3549 ipsa
1154 3468 1509 3546 Augustini
1579 3469 2016 3544 Enarratione,
2059 3488 2187 3532 non
2257 3489 2332 3533 ex
2406 3472 2738 3549 preposito
2779 3473 3002 3548 psalmi
3064 3480 3266 3546 textu,
3314 3473 3658 3534 lectionem

395 3572 843 3651 eXpressisse?
876 3572 1009 3631 Non
1048 3584 1188 3627 raro
1225 3565 1410 3627 etiam
1474 3566 1737 3639 rectius,
1795 3583 1986 3659 quam
2039 3567 2213 3645 prior
2269 3567 2377 3629 illa
2411 3569 2797 3648 Hieronymi
2852 3572 3243 3643 emendatio,
3294 3572 3655 3631 Romanum

399 3676 663 3749 inquam
698 3667 1100 3733 Psalterium,
1152 3664 1329 3742 legit,
1369 3662 1675 3740 doctique
1707 3680 1859 3724 sane
1920 3662 2125 3724 critici
2167 3663 2501 3741 ingenium
2560 3667 2747 3742 sapit.
2788 3667 3081 3728 Potestne
3132 3684 3401 3744 magnus
3432 3666 3662 3726 Hiero.

396 3784 661 3846 nymus,
701 3766 755 3826 si
798 3779 876 3825 eo
913 3760 1240 3839 antiquior
1272 3767 1363 3820 est
1392 3759 1631 3819 codicis
1664 3758 2057 3819 Veronensis
2092 3758 2299 3831 lectio,
2338 3760 2418 3819 de
2454 3761 2615 3822 bona
2652 3769 3037 3841 receptaque
3081 3763 3274 3839 vulgo
3310 3764 3655 3842 scriptura,

400 3880 631 3927 novam
669 3859 878 3941 putari
916 3858 1142 3920 fecisse
1178 3872 1302 3916 non
1343 3853 1619 3917 bonam?
1651 3854 1843 3914 Aliud
1877 3863 1994 3927 est,
2029 3854 2082 3914 si
2118 3856 2355 3915 cursim
2403 3858 2836 3929 emendando,
2874 3860 3192 3935 quaedam,
3231 3876 3436 3937 eaque
3458 3859 3659 3937 jnstis

396 3964 476 4024 de
509 3959 732 4023 causis
767 3972 995 4037 passus
1029 3961 1123 4016 est
1160 3967 1513 4023 remanere,
1551 3968 1695 4028 quae
1726 3951 1848 4012 alia
1902 3968 1977 4011 ex
2038 3959 2210 4026 parte
2251 3951 2377 4011 sibi
2421 3952 2635 4014 minus
2672 3952 3117 4030 probarentur.
3170 3956 3231 4016 Si
3271 3973 3415 4032 quas
3454 3958 3658 4016 Vero-

399 4059 588 4121 nensi
633 4056 855 4117 codire
887 4050 1096 4113 versio
1128 4048 1522 4120 continetur,
1556 4047 1666 4107 illa
1712 4056 1831 4123 est,
1864 4065 2005 4124 qua)
2030 4055 2176 4108 ante
2212 4048 2275 4108 S.
2319 4049 2520 4109 Patris
2553 4051 3072 4113 emendationem
3104 4051 3456 4120 obtinebat,
3491 4068 3659 4129 quo-

401 4157 522 4217 ties
554 4154 742 4215 aliter
769 4160 830 4211 et
863 4148 1101 4208 rectius
1135 4144 1344 4218 habet,
1378 4144 1783 4218 depravatam
1812 4143 1889 4202 ab
1933 4161 2012 4204 eo
2057 4153 2333 4206 veterem
2381 4145 2747 4222 lectionem,
2787 4165 2912 4209 non
2948 4150 3377 4220 emendatam,
3416 4146 3659 4209 nefaria

401 4250 722 4315 calumnia
760 4254 828 4307 ut
858 4245 1048 4316 dicat,
1086 4258 1346 4303 necesse
1378 4247 1496 4310 est,
1548 4240 1660 4318 qui
1699 4247 1932 4300 tantam
1987 4242 2045 4302 ei
2085 4241 2250 4302 libro
2293 4244 2625 4304 vetustatis
2683 4245 3061 4305 memoriam
3110 4244 3190 4306 de
3237 4244 3652 4323 largitionum

404 4364 669 4411 suarum
698 4342 944 4405 scrinio
972 4338 1285 4402 attribuit.
1322 4338 1442 4399 Sed
1479 4348 1545 4397 ut
1586 4336 1772 4415 plane
1827 4346 2221 4411 compertum
2266 4338 2523 4415 habeas,
2556 4358 2753 4418 quam
2805 4343 3005 4402 nullis
3037 4342 3268 4415 oculis,
3307 4343 3437 4403 imo
3477 4342 3657 4405 nulla

407 4453 620 4507 meme
675 4439 893 4502 nescio
931 4436 1077 4518 quis
1136 4452 1275 4497 eam
1329 4435 1689 4495 versionem
1752 4449 1867 4507 pro
1902 4432 2072 4493 Itala
2132 4426 2323 4514 vulgo
2383 4437 2767 4506 obtruderit.
2820 4439 2903 4498 de
2938 4436 3187 4503 multis.
3223 4455 3374 4516 qum
3427 4439 3661 4515 passim

405 4543 826 4606 observamus
863 4538 924 4596 in
962 4534 1157 4599 notis,
1182 4531 1547 4608 exemplum
1577 4529 1739 4591 illud
1766 4530 1978 4591 recole
2016 4533 2091 4591 ad
2128 4532 2444 4608 psalmum
2488 4551 2724 4604 cum,
2768 4552 2932 4595 vers.
2971 4535 3033 4605 2,
3064 4534 3334 4595 Labores
3366 4553 3675 4594 manuum.

407 4650 660 4698 tuarum
694 4628 1126 4694 manducabis.
1170 4630 1254 4687 lta
1283 4643 1432 4688 sane
1493 4624 1845 4703 praetulisse
1910 4632 2188 4687 veterem
2246 4639 2393 4691 ante
2435 4631 2905 4711 Hieronymum
2963 4631 3351 4703 versionem,
3391 4648 3662 4710 eamque

407 4735 656 4807 Italam,
693 4744 885 4792 nemo
917 4725 1152 4787 adduci
1193 4723 1449 4801 poterit,
1484 4730 1552 4782 ut
1584 4721 1824 4793 credat,
1858 4722 1970 4799 qui
2028 4720 2276 4801 legerit,
2318 4734 2634 4803 quantum
2685 4728 2839 4789 olim
2874 4729 3160 4805 antiquis
3196 4726 3663 4806 interpretibus

408 4842 471 4893 et
500 4827 883 4907 cumprimis
914 4824 1162 4886 Hilario
1198 4819 1577 4884 Pictavieusi
1628 4817 1807 4880 locus
1867 4819 1974 4880 ille
2011 4820 2255 4897 negotii
2316 4820 2671 4895 facesserit,
2705 4825 2869 4901 quod
2910 4824 3127 4886 Latini
3158 4834 3306 4887 ante
3340 4824 3666 4902 Hierony-

408 4946 584 4991 mum
628 4925 801 4999 libri,
832 4922 1100 4981 Laborcs
1128 4921 1451 4998 fructuum
1484 4918 1795 4978 haberent
1827 4934 1941 4993 pro
1972 4934 2287 4976 manuum.
2324 4917 2502 4977 Salva
2539 4935 2638 4977 res
2663 4929 2817 4987 etat,
2853 4929 3050 4997 atque
3077 4919 3403 4997 expedita,
3438 4918 3493 4979 si
3532 4918 3666 4980 hinc

408 5027 539 5087 illis
574 5021 966 5084 innotuissct
1000 5014 1443 5093 interpretatio
1477 5031 1490 5073 :
1528 5031 1644 5074 nec
1676 5030 1831 5074 sane
1877 5022 2034 5086 erat,
2083 5030 2197 5073 cur
2238 5013 2518 5074 eximius
2571 5012 2679 5073 ille
2717 5016 3066 5092 episcOpus
3108 5023 3446 5094 postquam
3481 5016 3667 5076 varia

408 5124 642 5185 fuisset
666 5119 991 5197 opinatus,
1021 5113 1234 5174 locum
1283 5110 1407 5171 alia
1455 5126 1533 5171 ex
1572 5117 1745 5186 parte
1808 5117 2101 5177 tentaret,
2152 5110 2422 5185 etquod
2485 5116 2751 5170 testatur
2807 5111 3245 5190 Hieronymus
3297 5114 3569 5189 epistola
3602 5112 3666 5172 in

413 5224 628 5279 nostra
657 5211 1034 5275 recensione
1074 5204 1386 5277 xxxiv,ad
1422 5205 1808 5276 Marcellam,
1841 5213 2184 5278 assereret,
2216 5207 2411 5282 magis
2442 5214 2610 5265 stare
2640 5210 3108 5281 smtentiam,si
3133 5209 3481 5279 scribatur,
3516 5207 3666 5268 fru-

413 5329 554 5375 etus
588 5312 881 5372 labarum
912 5305 1179 5385 aliquem
1221 5298 1623 5367 manducare,
1661 5309 1715 5359 et
1766 5317 1895 5359 non
1927 5300 2176 5361 labores
2211 5302 2567 5363 fructuum.
2602 5303 2843 5364 Verum
2894 5302 3052 5364 illud
3088 5305 3327 5383 percipi
3363 5323 3451 5365 ex
3478 5304 3662 5365 codi-

414 5430 561 5475 cum
602 5408 975 5472 Latinorum
1010 5402 1357 5465 collatione
1404 5396 1674 5458 omnino
1710 5412 1834 5458 non
1891 5405 2135 5472 poterat
2170 5414 2183 5457 :
2218 5398 2434 5458 Latini
2466 5398 2649 5472 enim,
2706 5400 2913 5478 pergit
2945 5401 3006 5461 S.
3047 5402 3303 5471 Doctor,
3356 5398 3431 5459 de
3463 5399 3672 5461 Graeci

414 5504 589 5569 verbi
616 5502 1026 5581 ambiguitate
1082 5497 1347 5573 decepti,
1388 5504 1656 5571 καρποὺς,
1691 5493 1963 5563 fructus,
2025 5496 2223 5570 magis
2274 5511 2455 5570 quam
2490 5510 2714 5555 manus
2779 5495 3192 5573 interpretati
3244 5502 3415 5566 sunt,
3483 5513 3671 5574 quam

417 5615 622 5683 καρποὶ
650 5618 875 5663 manus
902 5616 1146 5680 quoque
1186 5594 1504 5663 dicantur,
1554 5590 1722 5670 quod
1752 5592 1817 5652 in
1843 5592 2103 5653 Hebrwo
2132 5591 2400 5667 ponitur
2429 5608 2796 5652 CHAPHACH.
2833 5592 2973 5652 lirat
3004 5592 3203 5668 igitur
3235 5590 3411 5653 Itala;
3441 5592 3675 5652 editio-

421 5704 549 5775 nis,
585 5710 654 5762 ut
681 5699 881 5771 aiunt,
918 5713 1034 5757 seu
1072 5694 1361 5769 Vulgata;
1397 5690 1629 5750 veteris
1667 5688 1856 5749 Iectio
1884 5691 2248 5767 fructuum;
2301 5706 2446 5766 qum
2478 5706 2600 5749 una
2645 5690 2806 5749 adeo
2841 5689 2904 5749 in
2944 5688 3125 5749 libris
3166 5689 3474 5752 omnibus
3502 5689 3671 5750 obti-

420 5799 634 5874 nebat,
670 5802 738 5859 ut
773 5796 850 5858 ab
881 5796 1021 5874 ipso
1057 5791 1247 5854 etiam
1290 5787 1683 5865 Hieronymo
1714 5785 1774 5846 in
1813 5786 2025 5862 priore
2062 5782 2352 5845 Psallet‘il
2385 5782 2835 5849 emendatione
2869 5790 3112 5847 retenta
3145 5787 3251 5849 sit.
3282 5786 3672 5864 Subrogavit

2146 5925 2189 5928 ..η
2204 5924 2271 5935 -.χ
