4050 6184
358 334 444 401 25
1738 356 1946 418 LlBEI

2052 360 2280 422 'OBUE.
3573 372 3645 436 26

367 467 485 506 non
509 462 690 506 tamen
722 468 845 509 meo
878 454 1080 511 studio.
1111 458 1365 528 Arguunt
1401 464 1548 520 enim
1584 483 1683 522 nos
1713 470 1970 526 llehrreo-
1999 483 2041 538 Α
2074 491 2188 530 cem
2231 477 2511 547 reperiens
2534 521 2547 545 ,
2603 460 2767 535 unius
2812 482 2920 536 diei
2980 482 3228 540 laborem
3278 486 3485 555 arripui
3519 505 3534 543 :
3586 499 3643 543 et

366 561 498 600 nim
544 548 747 611 studia,
782 558 838 604 et
880 550 1152 618 imputant
1200 556 1382 620 nobis,
1425 569 1616 614 contra
1674 579 1832 616 suum
1869 581 1961 619 ca-

369 654 582 694 nouem
614 639 823 697 Latinis
858 643 1086 699 auribus
1121 646 1222 702 ista
1252 640 1573 707 transTerre.
1610 653 1714 707 Sed
1760 657 1958 710 melius

372 746 505 785 esse
550 732 802 802 judicans
844 733 1244 793 Pharisaeorum
1288 741 1591 833 displicere
1627 748 1859 814 judicio,
1905 759 1961 802 et

368 825 760 893 episcoporum
786 826 1128 895 jussionibns
1151 832 1456 897 deservire,
1488 825 1661 891 ins'titi
1694 849 1751 891 ut
1782 841 1953 907 potui.

372 914 447 968 Et
482 916 612 985 quia
665 916 847 973 vicina
902 926 984 972 est
1030 919 1410 977 Chaldaeorum
1468 926 1651 995 lingua
1712 933 1955 984 sermoni

376 1005 654 1064 llebraico
682 1048 697 1074 ,
742 1010 1033 1081 utriusque
1073 1012 1276 1081 lingua:
1323 994 1714 1086 peritissimum
1766 1023 1960 1092 loqua-

375 1168 527 1249 aliis.
562 1168 897 1249 Quinetiam
920 1187 985 1227 ex
1010 1173 1095 1249 his
1130 1190 1265 1249 mss.
1292 1177 1380 1249 qui
1421 1177 1792 1249 Hagt'ograplm
1829 1196 1967 1249 prte-

379 1238 589 1316 fcrimt.
630 1248 725 1316 aut
768 1243 853 1316 hic
884 1244 1244 1316 autginl‘erins
1284 1238 1350 1300 ad
1387 1238 1960 1316 prologumdodithw,

377 1308 768 1380 quiigeminus
815 1311 944 1366 huic
991 1314 1144 1367 locus
1184 1328 1288 1380 est,
1323 1308 1570 1371 nonnulli
1599 1319 1864 1373 adnotant
1894 1308 1960 1375 ad

377 1378 507 1455 libri
534 1393 721 1455 eram,
754 1384 1074 1455 apocrypha.
1116 1385 1206 1439 Sic
1234 1378 1400 1440 habet
1435 1388 1613 1455 glossa
1643 1389 1962 1444 interlinea-

380 1450 458 1522 ris
481 1449 563 1522 ad
582 1449 731 1522 hunc
758 1449 962 1516 locum,
994 1454 1185 1522 sicque
1214 1455 1405 1510 haberi
1436 1449 1681 1512 testatur
1706 1459 1963 1513 llumfre-
1988 1492 1989 1495 η

2072 569 2337 639 quidquid
2375 570 2466 624 ille
2492 573 2621 625 mihi
2658 573 2942 629 llebraieis
2983 576 3167 633 verbis
3197 580 3492 647 expressit,
3543 579 3648 635 hoc

2071 677 2195 729 ego,
2244 646 2421 717 accitu
2455 666 2693 732 notario,
2746 668 3092 723 sermonibus
3138 669 3349 724 Latinis
3392 687 3643 740 exposui.

2074 752 2434 807 Orationibus
2476 758 2671 809 vestris
2722 760 3030 812 mercedem
3082 759 3248 830 hujus
3281 762 3466 831 operis
3494 777 3649 815 com-

2069 845 2336 913 pensabo,
2392 862 2517 902 cum
2569 858 2785 918 gratum
2838 852 2994 905 vobis
3040 852 3287 907 didicero
3336 867 3445 918 me,
3498 853 3647 923 quod

2062 936 2254 1006 jubere
2283 938 2418 993 estis
2452 939 2683 1007 dignati,
2720 943 3042 1012 complesse.

2075 1182 2185 1236 alio
2226 1183 2403 1260 Biblio
2436 1184 2813 1260 l.arnbetli_ano
2848 1187 3069 1260 optima:
3106 1200 3257 1260 noue
3295 1192 3329 1245 2
3364 1193 3471 1245 vol.
3505 1207 3646 1260 pm-

2074 1255 2270 1321 grand.
2301 1264 2355 1331 et
2388 1255 2439 1331 iu
2476 1256 2650 1310 Biblio
2683 1256 2979 1331 Bodlcja_no
3008 1259 3139 1331 (ΝΕ.
3172 1260 3227 1314 F.
3266 1262 3299 1315 5
3328 1262 3418 1330 95)
3446 1255 3645 1331 legitur

2075 1328 2384 1400 apocryphu
2428 1326 2493 1400 in
2518 1337 2752 1400 utroque
2796 1326 3043 1400 prologo.
3102 1329 3250 1384 lnter
3299 1326 3644 1400 antiqui—ores

2072 1404 2351 1467 quotquot
2373 1395 2660 1450 lectionem
2689 1395 3065 1467 llagiograplta
3100 1415 3279 1454 veram
3311 1395 3645 1456 esse-credi-

2068 1463 2289 1533 derunt,
2341 1465 2557 1533 largiori
2608 1463 2789 1519 sensu
2815 1463 3138 1522 sumendam
3192 1486 3314 1525 esse
3368 1480 3638 1528 statuunt.

380 1517 486 1607 ilus
525 1517 746 1607 l'lodv'us
780 1517 1117 1607 inlquodau'i
1164 1541 1266 1606 ms.
1319 1527 1696 1607 Lamhethano
1733 1529 1799 1582 ad
1838 1545 1962 1596 pro-
2063 1532 2155 1585 Sie
2199 1517 2490 1607 Dionysius
2516 1517 2792 1607 cardius.
2817 1517 2879 1589 et
2911 1517 3163 1593 iii—tertio

378 1588 780 1667 log.nJAu‘dith;e,
815 1588 916 1646 ubi
937 1604 1184 1667 notatum
1226 1596 1280 1649 in
1318 1596 1562 1665 margine
1590 1613 1753 1651 manu
1792 1588 1956 1667 supra

375 1674 470 1744 au.
638 1668 852 1744 vetusta
882 1665 1253 1744 :__Apocry‘pfa_t_t
1281 1676 1356 1744 est
1380 1658 1554 1744 verior
1586 1667 1759 1744 lectio.
1803 1658 1953 1744 ld'eni

374 1728 452 1782 ait
483 1744 509 1805 _:
544 1730 619 1805 Ill
655 1730 765 1805 alio
802 1728 1270 1802 Bodleiano—(NE.
1316 1738 1384 1789 A.
1418 1736 1454 1789 2
1478 1736 1528 1805 l)
1551 1739 1848 1792 adnutatnr
1886 1738 1955 1793 ad

376 1799 529 1879 pro].
574 1797 762 1879 Tutum
810 1797 987 1856 manu
1019 1806 1266 1879 antiqua,
1296 1808 1402 1879 ima
1442 1797 1611 1861 verius
1650 1809 1795 1879 inter
1825 1826 1954 1879 apo-

374 1869 600 1938 cryplta.
638 1868 731 1924 Sic
779 1874 1088 1944 apocrypha
1133 1868 1333 1946 legitur
1375 1876 1431 1931 in
1470 1879 1610 1945 prul.
1641 1868 1871 1934 Judithf
1897 1881 1952 1935 in

380 2069 1469 2094 Μ

1187 2243 1891 2617 LIBERl

2059 1616 2175 1682 ms._
2200 1603 2495 1682 Budlejano
2538 1605 2622 1673 (Ρ.
2662 1605 2805 1682 107)Δ
2837 1607 2903 1682 ad
2942 1624 3131 1663 vocent
3172 1603 3545 1682 Ifagiogruphn
3582 1612 3637 1666 in

2058 1674 2203 1751 ιρεοοιἱ
2236 1672 2424 1751 Τυιήίε
2470 1672 2740 1751 notatum,
2772 1672 2845 1751 id
2902 1672 3393 1751 est._apocryplm':
3430 1672 3641 1751 scilicet

2060 1740 2443 1820 ll_agiograplta
2491 1746 2740 1798 dicuntur
2787 1745 2955 1820 large.
3018 1740 3095 1802 Et.
3131 1751 3186 1803 iu
3212 1740 3381 1820 "prol.
3420 1749 3636 1804 Judith.

2055 1812 2120 1934 εἶά
2175 1815 2428 1868 eamdem
2477 1829 2666 1869 vocem
2715 1812 3009 1884 apponitur
3064 1828 3189 1873 nota
3242 1812 3638 1886 interlinearis,

2079 1897 2224 1934 arae.

2079 1897 2224 1951 urge.

1901 2246 2152 2308 NCIPlT

1967 2406 2721 2592 TOBUE
2768 2382 2843 2586 ’.

442 2874 598 2951 [ϐαρ.
647 2873 721 2948 1.]
758 2872 962 2930 Tobias
1005 2886 1075 2927 ex
1120 2870 1268 2927 tribu
1309 2881 1366 2927 et
1396 2870 1620 2926 civitate
1650 2869 1943 2942 Nephthali
1979 2875 2020 2931 Β
2050 2870 2152 2926 iste
2174 2869 2473 2927 custodivit
2504 2871 2746 2928 animam
2782 2887 2936 2930 snam
2974 2884 3031 2930 et
3057 2890 3342 2947 nunquam
3368 2878 3637 2937 contami-

365 2977 515 3045 (quac
538 2981 621 3028 est
673 2973 727 3026 in
771 2968 1153 3042 superioribus
1196 2966 1431 3023 Galilaaaa
1481 2983 1646 3037 supra
1675 2966 1940 3033 Naasson,

368 3076 498 3133 post
520 3067 665 3121 viam
693 3079 811 3134 qua:
831 3062 984 3118 ducit
1015 3062 1081 3114 ad
1113 3061 1479 3124 occidentem,
1510 3060 1566 3114 in
1600 3058 1828 3115 sinistro
1852 3059 1949 3113 ha-

368 3159 511 3214 bens
545 3158 823 3213 civitatem
856 3153 1081 3225 Sephet)
1107 3169 1230 3208 cum
1257 3165 1450 3223 captus
1487 3164 1636 3209 esset
1669 3154 1723 3208 in
1749 3152 1947 3207 diebus

369 3252 725 3306 Salmanasar
761 3248 904 3315 regis
934 3246 1305 3316 Assyriorum,
1333 3246 1386 3300 in
1417 3245 1731 3316 captivitate
1759 3255 1944 3300 tamen

372 3343 611 3413 positus,
641 3340 784 3394 viam
811 3337 1062 3393 veritatis
1099 3352 1208 3390 non
1239 3336 1503 3402 deseruit,
1535 3338 1608 3391 ita
1636 3348 1696 3392 ut
1734 3339 1942 3403 omnia,

370 3452 496 3506 quae
524 3434 723 3488 habere
747 3441 980 3501 pmerat,
1008 3431 1255 3501 quotidie
1284 3431 1624 3502 concaptivis
1656 3431 1941 3498 fratribus,

368 3529 468 3599 qui
491 3536 648 3583 erant
667 3541 734 3580 ex
754 3525 873 3595 ejus
895 3537 1114 3594 genere,
1156 3522 1484 3592 impertiret.
1526 3523 1771 3594 Cumque
1799 3536 1948 3580 esset

366 3623 558 3694 junior
574 3619 835 3674 omnibus
857 3633 911 3671 In
944 3616 1087 3670 tribu
1107 3616 1421 3681 Nephthali,
1447 3616 1582 3671 nihil
1612 3626 1790 3671 tamen
1815 3633 1948 3684 pue-

371 3713 477 3767 rile
506 3709 670 3780 gessit
708 3707 764 3762 in
810 3720 1023 3775 opere..
1050 3706 1296 3774 Denique
1327 3722 1449 3760 cum
1486 3708 1631 3761 irent
1659 3723 1850 3762 oumes
1878 3710 1945 3762 ad

370 3803 576 3859 vitulos
628 3814 846 3862 aureos,
888 3812 1029 3867 quos
1075 3796 1363 3852 Jeroboam
1387 3796 1595 3852 fecerat
1623 3814 1715 3853 rex
1747 3799 1944 3863 Israel,

366 3895 464 3950 hic
495 3894 647 3949 solus
680 3889 923 3960 fugiebat
949 3889 1224 3944 consortia
1256 3888 1527 3953 omnium,
1559 3889 1654 3943 sed
1687 3890 1946 3960 pergebat

368 3988 428 4041 in
466 3984 769 4041 Jerusalem
811 3982 877 4035 ad
928 3982 1186 4051 templum
1218 3981 1454 4043 Domini,
1498 3989 1551 4034 et
1580 3981 1654 4035 ibi
1683 3980 1948 4035 adorabat

368 4078 661 4132 Dominum
701 4073 871 4127 Deum
898 4071 1083 4138 Israel,
1111 4072 1293 4127 omnia
1324 4073 1599 4142 primitiva
1634 4089 1731 4127 sua
1766 4082 1821 4127 et
1852 4073 1949 4127 de-

362 4167 542 4219 cimus
570 4178 697 4218 suas
721 4163 957 4216 fideliter
986 4162 1249 4229 offerens,
1301 4163 1373 4217 ita
1412 4176 1470 4217 ut
1502 4165 1557 4217 in
1602 4165 1769 4218 tertio
1798 4180 1942 4218 anno

364 4258 656 4329 proselytis
699 4266 755 4312 et
788 4257 1017 4311 advenis
1058 4255 1397 4309 ministraret
1444 4271 1662 4309 onmem
1696 4257 1931 4309 decima-

362 4352 601 4405 tionem.
653 4350 778 4404 llmc
829 4358 887 4404 et
927 4349 1012 4402 his
1056 4348 1254 4403 similia
1296 4348 1598 4401 secundum
1639 4352 1811 4418 legem
1846 4348 1939 4403 Dei

360 4442 632 4513 puerulus
679 4440 1023 4497 observabat.
1069 4439 1205 4495 Cum
1244 4453 1373 4492 vero
1423 4438 1600 4493 factus
1656 4441 1942 4504 essetvir,

358 4535 577 4601 accepit
612 4546 833 4586 uxorem
872 4532 1079 4585 Annam
1108 4529 1176 4585 de
1210 4532 1355 4584 tribu
1384 4544 1503 4593 sua,
1547 4530 1845 4599 genuitque
1871 4546 1937 4585 ex

359 4643 426 4683 ea
466 4626 656 4688 filium,
718 4638 920 4679 nomen
975 4637 1135 4677 situm
1192 4624 1482 4691 imponens
1532 4623 1604 4687 ei,
1657 4640 1819 4693 quem
1871 4625 1940 4680 ab

356 4719 593 4776 infantia
628 4718 820 4772 timere
851 4715 1020 4771 Deum
1056 4715 1263 4781 docuit,
1303 4723 1359 4769 et
1388 4716 1661 4770 abstinere
1694 4716 1763 4772 ab
1790 4719 1936 4772 omni

358 4822 615 4884 peccatu.

432 4906 627 4975 Igitur,
680 4918 805 4958 cum
869 4918 967 4973 per
1018 4902 1385 4972 captivitatem
1443 4902 1761 4958 devertisset
1812 4919 1937 4957 cum

360 5013 531 5053 uxore
555 5011 677 5064 sua,
711 5006 767 5050 et
803 4994 909 5050 filio
959 4998 1013 5049 iu
1044 4995 1321 5049 civitatem
1352 4995 1602 5049 Ninivem
1637 5012 1759 5049 cum
1791 4996 1938 5050 omni

361 5090 509 5146 tribu
538 5104 661 5154 sua,
699 5103 828 5143 cum
873 5102 1064 5140 omnes
1100 5085 1330 5141 ederent
1364 5102 1431 5141 cx
1458 5087 1596 5141 cibis
1623 5088 1938 5157 gentilium,

436 5288 455 5319 ⁸
489 5287 644 5343 Hunc
682 5288 910 5346 librum.
961 5302 1126 5341 quem
1176 5287 1310 5343 satis
1350 5288 1541 5342 habuit
1585 5287 1833 5343 Martian.
1867 5304 1936 5345 ex

358 5359 621 5413 Vaticana
656 5360 791 5412 edit.
832 5358 1066 5412 fideliter
1105 5359 1471 5427 expressisse,
1520 5374 1615 5411 nos
1664 5358 1747 5427 ad;
1788 5362 1937 5412 anti-

357 5430 688 5499 quissimum
714 5428 962 5496 ejusdem
1005 5425 1282 5499 Vaticana:
1335 5428 1686 5481 bibliothecae
1722 5425 1931 5499 Palati-

356 5514 493 5552 num
534 5512 634 5552 ms.
676 5499 920 5552 codicem
977 5514 1032 5550 η.
1067 5498 1138 5550 24
1184 5510 1540 5564 ιιτειτηοιεηυηι
1574 5498 1936 5553 continenter

357 5568 806 5639 exegimus.VSed
839 5579 895 5622 ct
935 5569 1113 5639 alium
1136 5570 1512 5623 consaluinous
1552 5569 1741 5639 itidem
1786 5567 1932 5623 Vali-

355 5636 597 5700 tauum,
647 5638 778 5691 olim
839 5640 1040 5707 regina:
1090 5636 1394 5692 Succorum
1442 5656 1547 5693 IIIS.
1596 5638 1699 5692 sub
1753 5655 1808 5692 η.
1874 5640 1927 5704 7,

354 5722 523 5775 quem
569 5717 625 5761 et
656 5708 711 5761 in
747 5709 1051 5774 superioris
1100 5709 1231 5763 turni
1280 5710 1434 5763 libris
1468 5708 1926 5777 recognoscendis

357 5780 519 5832 leua:
561 5778 732 5849 frugis
764 5781 974 5849 experti
1008 5794 1217 5834 sumus.
1261 5780 1470 5835 Dicitur
1500 5795 1664 5849 porro
1699 5782 1923 5850 quidam

2049 2971 2211 3016 natus
2257 2972 2340 3018 est
2370 2962 2422 3017 in
2455 2963 2598 3019 escis
2634 2977 2830 3019 eorum
2850 3002 2864 3019 .
2904 2967 2971 3020 Et
3001 2970 3261 3036 quoniam
3292 2984 3502 3024 memor
3530 2969 3637 3027 fuit

2049 3053 2266 3108 Domini
2297 3055 2350 3109 in
2389 3063 2510 3110 toto
2558 3054 2732 3111 corde
2776 3072 2902 3121 suo,
2941 3056 3092 3112 dedit
3126 3058 3204 3113 illi
3238 3060 3377 3115 Deus
3405 3062 3636 3131 gratiam

2048 3147 2101 3200 in
2134 3158 2435 3218 conspectu
2478 3147 2827 3204 Salmanasar
2879 3152 3045 3222 regis,
3076 3160 3132 3206 et
3165 3151 3317 3208 dedit
3364 3154 3441 3208 illi
3477 3164 3634 3224 pote-

2050 3249 2247 3295 statem
2288 3255 2617 3309 quocunque
2666 3242 2833 3297 vellet
2889 3243 2999 3309 ire,
3058 3244 3265 3300 habens
3308 3246 3620 3302 libertatem

2058 3348 2403 3404 qna'cunque
2463 3335 2645 3389 facere
2697 3335 2989 3391 voluisset.
3045 3337 3311 3408 l‘ergebat
3378 3355 3510 3408 ergo
3562 3339 3633 3394 ad

2050 3440 2264 3488 omnes,
2318 3425 2412 3495 qui
2448 3436 2606 3482 erant
2639 3427 2693 3482 in
2729 3428 3068 3496 captivitate,
3107 3440 3164 3484 et
3204 3432 3407 3485 monita
3440 3430 3635 3485 salutis

2050 3522 2213 3577 dabat
2239 3522 2340 3577 eis.

2119 3614 2257 3667 Cum
2298 3622 2480 3669 autem
2518 3614 2757 3670 venisset
2810 3614 2866 3670 in
2902 3616 3084 3686 Ragcs
3130 3616 3409 3673 civitatem
3438 3616 3627 3674 Medo-

2050 3722 2193 3768 rum,
2228 3716 2284 3759 ct
2314 3722 2377 3760 ex
2427 3706 2531 3772 his,
2567 3706 2770 3776 quibus
2825 3707 3137 3763 honoratus
3171 3708 3351 3763 fuerat
3397 3726 3425 3763 a
3479 3726 3629 3781 rege,

2051 3797 2338 3851 habuisset
2360 3798 2546 3851 decem
2584 3798 2785 3851 talenta
2818 3798 3027 3867 argenti
3064 3815 3078 3852 :
3126 3808 3179 3852 et
3212 3815 3334 3853 cum
3367 3800 3420 3853 in
3456 3801 3629 3854 multa

2052 3891 2208 3944 turba
2244 3890 2459 3957 generis
2503 3889 2586 3944 sui
2630 3890 2895 3944 Gabelum
2943 3899 3196 3959 egentem
3235 3891 3484 3955 videret,
3527 3898 3622 3961 qui

2048 3992 2167 4037 erat
2207 3997 2269 4034 ex
2318 3980 2461 4034 tribu
2511 3980 2653 4050 ejus,
2692 3981 2792 4037 sub
2823 3980 3194 4052 chirographo
3226 3981 3377 4036 dedit
3403 3985 3478 4037 illi
3516 4001 3630 4040 me-

2055 4082 2324 4126 moratum
2356 4072 2569 4141 pondus
2598 4072 2836 4142 argenti.

2121 4163 2252 4218 Post
2285 4163 2515 4219 multum
2546 4180 2679 4218 vero
2710 4167 2996 4234 temporis,
3035 4178 3252 4222 mortuo
3278 4167 3630 4224 Salmanasar

2046 4271 2192 4326 rege,
2224 4271 2348 4310 cum
2381 4265 2633 4326 regnaret
2667 4255 3045 4313 Sennacherih
3079 4260 3222 4314 filius
3249 4262 3371 4329 ejus
3406 4277 3503 4329 pro
3536 4277 3628 4328 eo,

2044 4356 2098 4401 et
2151 4347 2290 4401 ﬁlios
2330 4346 2495 4401 Israel
2534 4362 2733 4401 exosus
2786 4349 3014 4404 haberet
3066 4353 3119 4405 in
3169 4354 3466 4422 conspectu
3503 4369 3629 4420 suo,

2045 4435 2242 4490 Tobias
2274 4436 2520 4506 quotidie
2549 4438 2807 4507 pergebat
2849 4454 2948 4509 per
2994 4456 3214 4495 omnem
3243 4445 3627 4513 cognationem

2043 4546 2219 4595 suam,
2245 4542 2301 4584 et
2326 4530 2713 4584 consolabatur
2738 4545 2854 4595 eos,
2890 4531 3278 4604 dividebatque
3305 4537 3627 4606 unicuique,

2042 4629 2208 4692 prout
2265 4631 2497 4691 poterat,
2555 4623 2624 4678 de
2684 4623 3039 4679 facultatibus
3092 4627 3247 4681 suis:
3308 4629 3624 4685 esurientes

2041 4716 2242 4778 alebat,
2277 4713 2546 4783 nudisque
2577 4717 2919 4769 vestimenta
2956 4717 3252 4785 praebebat,
3307 4728 3363 4774 et
3392 4723 3629 4778 mortuis

2040 4817 2205 4877 atque
2227 4808 2427 4862 occisis
2455 4811 2798 4876 sepulturam
2826 4808 3095 4865 sollicitus
3126 4811 3443 4867 exhibebat.

2118 4900 2363 4969 Denique
2427 4914 2551 4953 cum
2611 4915 2870 4956 reversus
2899 4913 3047 4958 esset
3088 4912 3192 4957 rex
3221 4903 3625 4970 Sennacherib,

2039 4992 2258 5063 fugiens
2296 5008 2325 5046 a
2352 4992 2535 5047 Iudaea
2569 4994 2805 5063 plagam,
2844 5011 3007 5066 quam
3041 4996 3188 5051 circa
3236 5012 3361 5052 eum
3412 5000 3622 5054 fecerat

2041 5086 2185 5141 Deus
2214 5094 2441 5156 propter
2475 5086 2871 5155 blasphemiam
2907 5101 3085 5156 suam,
3123 5097 3178 5144 ct
3214 5089 3390 5146 iratus
3423 5091 3626 5146 multos

2040 5290 2179 5346 alius
2198 5289 2257 5344 S.
2278 5288 2537 5360 Germani
2570 5289 2851 5345 Prateusis
2877 5306 2977 5347 ms.
3005 5293 3145 5347 hanc
3167 5294 3425 5360 praeferre
3456 5293 3624 5348 inter-

2040 5361 2396 5430 scriptionem
2430 5376 2445 5413 :
2488 5359 2644 5413 Liber
2679 5364 2927 5430 Actorum
2956 5363 3127 5417 Tobia:
3161 5359 3267 5429 ﬁlii
3312 5364 3619 5427 Ananielis,

2037 5430 2140 5499 ﬁlii
2176 5430 2438 5483 Gabrielis
2464 5431 2529 5483 de
2559 5430 2713 5483 Tribu
2743 5429 3113 5500 .‘Vephthalim.
3169 5434 3273 5488 Sed
3322 5432 3621 5489 Chaldaeus

2043 5511 2221 5554 textus
2254 5503 2396 5553 unde
2423 5502 2728 5554 versionem
2766 5503 2905 5555 hanc
2936 5516 3095 5556 suam
3124 5505 3393 5570 expressit
3432 5503 3488 5556 S.
3519 5505 3618 5557 l’a—

2043 5581 2144 5634 tcr,
2178 5570 2381 5641 nullam
2413 5570 2601 5623 Tobiae
2624 5570 2996 5641 genealogiam
3023 5572 3234 5624 videtur
3258 5575 3618 5641 exhibuisse;

2040 5640 2251 5696 tametsi
2279 5640 2369 5692 alii
2404 5650 2608 5706 textus,
2641 5650 2697 5694 et
2728 5640 2929 5696 Graecae
2951 5641 3087 5694 edit.
3125 5655 3354 5707 quarum
3387 5642 3476 5697 iiie
3510 5659 3616 5699 ms.

2034 5710 2287 5784 sequitur
2348 5726 2596 5763 normam
2623 5749 2650 5784 ,_
2691 5710 2872 5763 adhuc
2929 5710 3168 5766 fusimes
3236 5713 3626 5784 genealogias,

2030 5795 2232 5852 easque
2269 5781 2411 5835 inter
2451 5797 2507 5836 se
2539 5781 2716 5834 varias
2749 5789 2992 5835 nectunt.
