4050 6184
418 5320 431 5329 μ

440 5360 443 5363 ’
459 5352 471 5415 ἱ

465 285 535 346 27

1372 284 1432 350 S.
1474 284 1912 346 ΠΙΕΠΟΝΥΜΙ
1956 286 2232 349 DlVlNA
2276 288 2815 350 BIBLIOTHECA.

3650 285 3722 350 93

467 397 746 455 occideret
771 411 836 452 ex
870 397 995 455 filiis
1023 399 1213 466 Israel,
1247 398 1451 454 Tobias
1482 400 1783 469 sepeliebat
1804 416 2043 465 corpora
2077 414 2116 465 Α
2148 401 2290 467 suis,
2322 403 2447 469 quia
2499 418 2606 457 non
2661 395 2790 457 licet
2813 388 2979 454 nobis
3011 408 3107 454 aut
3144 397 3308 454 edere
3342 412 3405 453 ex
3443 398 3593 455 furto
3625 402 3723 455 ali-

467 506 688 546 eorum.
725 492 796 546 At
827 491 920 546 ubi
953 492 1268 547 nuntiatum
1299 502 1385 547 est
1427 492 1564 560 regi.
1595 493 1760 562 jussit
1796 508 1921 548 eum
1952 511 2047 549 oc-

467 582 600 650 cidi,
659 594 714 637 et
781 584 908 637 tulit
967 598 1186 638 omnem
1247 583 1606 638 substantiam
1643 573 1782 655 ejus.
1847 585 2050 641 Tobias

467 691 604 730 vero
658 690 780 729 cum
824 676 936 730 tilio
993 690 1095 730 suo
1125 684 1332 729 etcum
1375 690 1547 730 uxore
1581 676 1819 747 fugiens,
1868 678 2050 733 nudus

468 766 659 831 latuit,
699 767 825 835 quia
860 767 1015 820 multi
1048 766 1357 836 diligebant
1388 782 1536 821 eum.
1580 767 1709 823 Post
1751 768 1869 824 dies
1917 784 2050 823 vero

474 859 843 929 quadraginta
871 858 1119 927 quinque
1157 858 1480 913 occiderunt
1517 875 1695 928 regem
1728 859 1825 913 filii
1851 859 2045 929 ipsius,

469 960 526 1007 et
565 964 815 1004 reversus
853 959 939 1005 est
966 950 1167 1006 Tobias
1201 951 1257 1005 in
1293 952 1520 1006 domum
1547 967 1725 1018 suam,
1753 954 2047 1023 omnisque

479 1041 716 1095 facultas
754 1043 875 1111 ejus
910 1044 1162 1098 restituta
1192 1052 1277 1098 est
1307 1044 1380 1097 ei.

550 1131 713 1204 [Cap.
742 1132 835 1205 ιι]
877 1133 1006 1189 Post
1055 1136 1170 1190 haec
1205 1150 1354 1200 vero,
1388 1150 1511 1189 cum
1543 1143 1691 1190 esset
1725 1136 1844 1191 dies
1879 1136 2051 1194 festus

472 1224 713 1290 Domini,
750 1237 805 1282 et
840 1228 1042 1282 factum
1075 1238 1218 1285 esset
1252 1230 1542 1297 prandium
1573 1232 1774 1287 bonum
1809 1233 1863 1287 in
1887 1233 2051 1287 domo

474 1312 682 1379 Tuhiw,
716 1317 856 1372 dixit
892 1318 1001 1372 filio
1034 1334 1136 1373 suo
1170 1339 1184 1373 :
1222 1321 1390 1387 Vade,
1442 1330 1500 1375 et
1536 1322 1716 1377 adduc
1742 1324 1955 1393 aliquos
1985 1326 2053 1376 de

472 1414 494 1459 t
524 1407 616 1461 ibu
646 1420 854 1472 nostra,
907 1410 1160 1465 timentes
1207 1412 1400 1477 Deum,
1449 1421 1507 1465 ut
1536 1414 1828 1481 opulentur
1860 1413 2051 1468 nobis-

473 1512 621 1551 cum.
656 1497 907 1568 Cumque
931 1500 1159 1555 abiisset
1212 1516 1461 1555 reversus
1485 1502 1755 1555 nuntiavit
1780 1502 1853 1566 ei,
1884 1517 2052 1555 unum

473 1605 542 1643 ex
586 1592 709 1645 filiis
746 1593 908 1647 Israel
937 1594 1243 1664 jugulatqu
1270 1595 1454 1664 jacere
1489 1595 1543 1648 in
1582 1598 1785 1663 platea.
1826 1595 2055 1649 Statim-

476 1698 585 1750 que
610 1684 869 1739 exsilicns
917 1685 986 1740 de
1036 1688 1293 1741 accubitu
1336 1701 1460 1752 suo,
1515 1689 1836 1757 relinquens
1890 1704 2053 1758 pran-

2152 494 2307 562 quid,
2365 478 2477 547 aut'
2510 494 2847 561 contingere.
2894 491 2975 547 Ad
3002 492 3114 546 haec
3142 506 3280 545 uxor
3307 490 3430 561 ejus
3457 492 3592 547 irata
3642 509 3729 546 re-

2152 585 2420 654 spondit:
2474 585 2759 640 Manifesta
2796 599 2933 639 vana
2966 583 3107 637 facta
3159 590 3248 638 est
3297 597 3427 651 spes
3489 594 3615 646 tua,
3670 596 3729 639 et

2150 674 2515 747 eleemosynae
2538 686 2641 731 tua:
2662 675 2825 730 modo
2858 673 3357 745 apparuernntlAI.
3382 675 3724 745 paruerunt].

2152 765 2330 834 Atque
2367 767 2451 822 his
2490 778 2547 821 et
2590 767 2715 822 aliis
2769 766 3147 837 hujuscemodi
3183 766 3370 821 verbis
3417 767 3727 837 exprobra-

2152 854 2245 910 bat
2272 857 2345 911 ei.

2227 944 2381 1017 [Cap.
2414 945 2536 1019 HL]
2572 946 2729 1002 Tunc
2751 947 2952 1003 Tobias
2983 948 3271 1016 ingemuit,
3300 956 3358 1004 et
3379 948 3549 1018 cmpit
3569 965 3729 1005 orare

2154 1054 2276 1094 cum
2344 1041 2626 1112 laerymis,
2685 1042 2877 1095 dicens
2937 1059 2951 1094 :
3013 1041 3201 1097 Justus
3232 1057 3312 1109 es,
3366 1042 3615 1110 Domine,
3670 1054 3729 1097 et

2154 1131 2333 1184 omnia
2361 1132 2565 1199 judicia
2601 1142 2693 1185 tua
2719 1132 2868 1200 justa
2915 1142 3044 1184 sunt
3082 1131 3118 1197 ⁸,
3150 1142 3206 1185 ct
3233 1146 3426 1186 omnes
3456 1131 3554 1185 via:
3594 1142 3723 1197 tuae,

2154 1222 2555 1288 misericordia,
2613 1231 2669 1275 et
2724 1224 2948 1287 veritas,
3001 1233 3059 1276 et
3108 1222 3403 1291 judicium.
3456 1223 3519 1277 Et
3554 1239 3725 1289 nunc,

2155 1311 2405 1373 Domine.
2438 1330 2647 1369 memor
2674 1323 2793 1369 esto
2820 1316 2947 1380 mei,
2986 1324 3040 1369 et
3092 1331 3160 1370 ne
3203 1315 3499 1370 vindictam
3542 1329 3729 1370 sumas

2153 1405 2223 1460 de
2255 1408 2491 1474 peccatis
2526 1409 2685 1471 meis,
2723 1424 2902 1477 neque
2936 1410 3310 1464 reminiscaris
3343 1409 3543 1464 delicta
3582 1424 3726 1475 mea,

2154 1497 2239 1550 VC]
2277 1510 2561 1565 parentum
2601 1513 2868 1553 meorum.
2900 1499 3170 1564 Quoniam
3216 1515 3325 1554 non
3356 1499 3729 1554 ‘obcdivimus

2156 1591 2444 1660 praeceptis
2476 1591 2606 1653 tuis,
2661 1593 2786 1646 ideo
2829 1590 3015 1645 traditi
3071 1593 3311 1646 sumus’
3370 1593 3424 1646 in
3463 1592 3730 1661 direptio-

2156 1698 2303 1746 nem,
2334 1692 2391 1737 et
2426 1682 2826 1753 captivitatem,
2869 1694 2928 1738 et
2972 1694 3228 1747 mortem,
3273 1692 3329 1738 et
3369 1683 3422 1737 in
3456 1683 3725 1749 fabulam,

476 1789 655 1835 (llum,
682 1775 905 1844 jejunus
930 1778 1183 1844 pervenit
1211 1778 1277 1831 ad
1311 1793 1549 1847 corpus:
1590 1780 1893 1848 tollensque
1920 1780 2050 1832 illud
2086 1770 2123 1824 Β
2155 1780 2212 1826 et
2246 1773 2299 1827 in
2333 1773 2728 1841 improperiutn
2770 1773 3027 1827 omnibus
3056 1773 3396 1836 nationibus,
3432 1772 3487 1827 in
3520 1774 3725 1842 quibus

480 1867 715 1929 portavit
747 1867 813 1919 ad
848 1868 1067 1920 domum
1100 1883 1254 1921 suam
1296 1870 1534 1929 occulte,
1567 1881 1645 1935 ιιι,
1685 1873 1812 1924 dum
1847 1872 1927 1925 sol
1959 1886 2053 1925 0c-

477 1957 783 2022 cubuisset,
809 1968 967 2013 cattle
988 1961 1246 2028 sepeliret
1267 1976 1415 2015 eum.
1444 1962 1694 2029 Cumque
1723 1963 2055 2019 oecultasset

476 2064 702 2118 corpus,
742 2052 1089 2105 manducavit
1120 2068 1312 2121 panem
1345 2068 1468 2107 cum
1506 2055 1654 2108 luctu
1690 2065 1744 2109 ct
1789 2066 2051 2120 tremore,

482 2152 796 2191 memorans
850 2141 998 2193 illum
1049 2156 1381 2205 sermonem,
1419 2159 1577 2210 quem
1616 2146 1748 2197 dixit
1793 2144 2054 2199 Dominus

478 2241 578 2294 per
604 2230 768 2284 Amos
808 2233 1131 2299 ptOphetam
1168 2251 1181 2287 :
1225 2234 1346 2286 Dies
1381 2234 1506 2286 ft:in
1536 2238 1701 2290 vestri
1730 2251 2056 2292 converten-

482 2332 572 2373 ισιι⁸
624 2321 675 2373 in
729 2324 1181 2379 lamentationem
1239 2336 1294 2378 et
1350 2327 1580 2380 luctum.
1638 2326 1773 2381 Cum
1817 2343 1950 2382 vero
1976 2329 2055 2383 sol

475 2412 847 2478 occubuisset,
899 2416 1057 2482 abiit,
1114 2426 1173 2470 et
1235 2418 1489 2487 sepelivit
1538 2434 1687 2473 eum.
1743 2422 2054 2489 Arguebant

478 2513 664 2557 autem
722 2520 847 2559 eum
906 2523 1099 2562 omnes
1156 2509 1390 2580 proximi
1447 2510 1589 2579 ejus,
1622 2511 2053 2567 tlicetttcszlam

478 2593 643 2663 hujus
677 2597 752 2649 rei
805 2613 970 2652 causa
1000 2600 1235 2653 interfici
1263 2601 1453 2669 jussus
1501 2616 1579 2665 cs,
1614 2613 1666 2656 et
1698 2603 1786 2656 vix
1819 2603 2056 2673 eﬂttgisti

481 2687 678 2740 mortis
715 2689 1026 2757 imperium,
1071 2700 1126 2744 et
1158 2691 1358 2746 iterum
1393 2694 1593 2763 sepelis
1631 2696 1919 2749 mortuos?
1952 2696 2056 2751 Sed

481 2775 686 2832 Tobias
736 2784 858 2848 plus
899 2783 1095 2836 timens
1144 2785 1310 2837 Deum
1351 2800 1513 2853 quam
1568 2801 1774 2855 regem,
1815 2790 2060 2857 rapiebat

478 2884 710 2937 corpora
757 2875 1089 2940 occisorum,
1120 2886 1178 2929 et
1216 2878 1527 2931 oecultabat
1557 2878 1615 2932 in
1656 2878 1820 2935 domo
1852 2896 1972 2947 sua,
2004 2889 2061 2936 et

483 2961 681 3016 uetitis
717 2965 974 3024 noctibus
1002 2967 1306 3034 sepeliebat
1333 2985 1419 3023 ea.

556 3049 798 3120 Contigit
821 3064 1004 3107 autem
1041 3065 1099 3109 ut
1135 3058 1370 3125 quadam
1397 3059 1486 3115 die
1520 3060 1776 3132 fatigatus
1802 3079 1830 3117 a
1866 3063 2058 3133 sepul-

486 3148 630 3204 tura,
669 3145 893 3198 veniens
944 3145 999 3200 in
1051 3148 1274 3201 domum
1324 3165 1505 3216 suam,
1535 3153 1797 3222 jactasset
1819 3171 1877 3209 se
1902 3157 2057 3226 juxta

483 3233 770 3301 parietem,
807 3246 863 3290 et
893 3238 1282 3304 obdormisset,
1333 3253 1388 3296 et
1424 3260 1487 3296 ex
1524 3245 1652 3300 nido
1698 3246 2059 3302 hirundinum

483 3327 775 3383 dormienti
835 3330 910 3383 illi
976 3332 1154 3386 calida
1220 3347 1470 3390 stercora
1529 3337 1833 3393 inciderent
1894 3356 2061 3409 super

487 3418 676 3473 oculos
708 3420 844 3485 ejus,
882 3422 1141 3493 fieretque
1173 3442 1372 3481 caecus.
1408 3428 1557 3484 Hanc
1584 3440 1765 3485 autetn
1796 3435 2059 3488 tentatio-

486 3524 610 3562 nem
642 3512 765 3565 ideo
795 3517 1041 3582 permisit
1066 3518 1329 3573 Dominus
1356 3523 1580 3576 evt-nire
1607 3523 1705 3586 illi,
1738 3534 1795 3577 ut
1826 3527 2060 3593 posteris

486 3598 712 3654 daretur
735 3608 1044 3675 exemplum
1092 3611 1366 3676 patientia:
1398 3615 1540 3680 ejus,
1589 3613 1735 3668 sicut
1785 3624 1842 3667 et
1885 3615 2059 3670 sancti

486 3689 606 3745 Joh.
664 3693 797 3747 Nam
839 3710 960 3749 cum
997 3697 1064 3752 ab
1096 3698 1326 3757 infantia
1372 3717 1471 3756 sua
1516 3717 1735 3773 semper
1780 3703 1948 3759 Deum
2000 3706 2064 3759 ti-

488 3787 709 3849 mtn-rit,
751 3798 804 3840 et
848 3789 1103 3844 mandata
1130 3790 1251 3861 ejus
1279 3794 1633 3860 custodierit,
1667 3811 1774 3849 non
1805 3808 1890 3852 est
1925 3814 2061 3852 con-

485 3877 740 3931 tristatus
768 3887 955 3932 contra
986 3880 1179 3947 Deum,
1209 3884 1352 3951 quod
1387 3884 1538 3955 plaga
1564 3887 1830 3942 caecitatis
1857 3904 2057 3943 evene-

489 3967 559 4018 rit
583 3967 658 4030 ei,
684 3969 777 4021 sed
813 3970 1111 4025 immobilis
1135 3973 1188 4025 in
1214 3974 1307 4027 Dei
1338 3975 1532 4031 timore
1553 3980 1876 4046 permansit,
1900 3993 2067 4047 agens

486 4059 692 4126 gratias
739 4062 847 4115 Deo
875 4065 1134 4118 omnibus
1174 4065 1375 4121 diebus
1414 4069 1541 4123 vitae
1586 4084 1720 4123 sum.
1759 4070 1893 4123 Nam
1926 4070 2068 4125 sicut

490 4151 655 4206 beato
702 4152 803 4207 Job
854 4154 1193 4211 insultabant
1242 4170 1420 4225 reges,
1457 4158 1528 4210 ita
1567 4158 1656 4212 isti
1718 4170 1970 4228 parentes
2011 4172 2068 4216 et

489 4246 708 4313 cognati
740 4246 862 4316 ejus
903 4246 1207 4302 irridebant
1236 4247 1400 4303 vitam
1431 4248 1573 4319 ejus,
1630 4250 1874 4306 dicentes
1911 4270 1925 4306 :
1965 4251 2066 4308 Ubi

487 4344 728 4405 estspcs
778 4347 887 4399 tua,
946 4352 1044 4405 pro
1075 4353 1182 4407 qua
1231 4338 1606 4409 eleetnosynas
1657 4351 1711 4394 et
1758 4341 2069 4411 sepulturas

2165 1863 2469 1932 dispersisti
2502 1880 2623 1918 nos.
2673 1864 2741 1919 Et
2773 1879 2940 1926 nunc,
2976 1863 3226 1927 Domine,
3278 1878 3470 1932 magna
3520 1863 3731 1933 judicia

2157 1963 2269 2021 tua,
2291 1956 2415 2025 quia
2441 1954 2550 2026 [Αἰ.
2584 1953 2702 2024 qui]
2737 1971 2845 2008 non
2884 1957 3097 2025 egimus
3128 1954 3430 2010 secundum
3462 1968 3732 2024 praecepta

2159 2057 2267 2112 tua,
2305 2059 2360 2101 et
2416 2063 2524 2100 non
2574 2048 2977 2101 ambulavimus
3010 2047 3302 2101 sinceriter
3335 2061 3519 2099 coram
3552 2056 3626 2101 te.
3666 2044 3733 2101 Et

2159 2155 2327 2203 nunc,
2381 2138 2633 2204 Domine,
2692 2141 2996 2193 secundum
3056 2139 3391 2193 voluntatem
3441 2149 3586 2192 tuam
3648 2137 3734 2191 fac

2160 2244 2415 2295 mecum,
2486 2239 2542 2284 et
2600 2231 2836 2299 pra-cipe
2897 2230 2954 2284 iit
3017 2245 3150 2299 pace
3228 2230 3400 2298 recipi
3479 2226 3735 2297 spiritum

2160 2341 2337 2380 meum
2378 2341 2396 2381 ς
2433 2324 2657 2394 expedit
2696 2327 2846 2379 enim
2893 2324 3027 2378 mihi
3088 2323 3227 2377 mori
3257 2323 3428 2392 magis
3458 2337 3621 2391 quam
3655 2319 3738 2374 vi-

2158 2434 2307 2473 vere.

2230 2509 2435 2565 Eadem
2463 2507 2648 2577 itaque
2680 2505 2772 2562 die
2800 2505 3052 2574 contigit,
3090 2516 3150 2561 ut
3175 2504 3310 2560 Sara
3340 2503 3449 2557 filia
3480 2501 3739 2572 Raguelis

2161 2600 2214 2654 in
2250 2601 2426 2668 Rages
2471 2600 2696 2652 civitate
2733 2596 3083 2662 Medorum’,
3124 2606 3178 2651 et
3222 2596 3337 2666 ipsa
3368 2595 3588 2650 audiret
3635 2594 3738 2646 itii-

2160 2690 2475 2758 properiutn
2521 2690 2589 2743 ab
2627 2705 2731 2743 una
2760 2705 2827 2743 ex
2865 2689 3084 2743 ancillis
3118 2689 3289 2758 patris
3338 2687 3444 2751 sui,
3475 2686 3737 2756 quoniam

2163 2783 2359 2836 tradita
2394 2784 2574 2838 fuerat
2599 2795 2807 2853 septem
2845 2784 2998 2847 viris,
3042 2793 3097 2849 et
3143 2781 3475 2837 daemonium
3512 2780 3737 2834 nomine

2160 2874 2485 2929 Asmodaaus
2517 2874 2791 2930 occiderat
2820 2891 2936 2940 eos,
2979 2890 3103 2929 mox
3137 2884 3195 2928 ut
3228 2873 3459 2943 ingressi
3502 2872 3739 2928 fuissent

2161 2965 2227 3019 ad
2254 2980 2397 3019 eam.
2430 2965 2573 3034 Ergo
2606 2982 2729 3020 cum
2759 2982 2857 3035 pro
2891 2965 3047 3035 culpa
3086 2980 3184 3019 sua
3224 2965 3535 3033 increparet
3568 2965 3724 3033 puel.

2164 3057 2294 3119 lam,
2343 3058 2626 3126 respondit
2655 3059 2729 3123 ei,
2767 3057 2956 3111 dicens
2988 3076 3001 3112 :
3052 3055 3301 3126 Amplius
3334 3070 3399 3111 ex
3434 3065 3486 3110 te
3512 3070 3618 3109 non
3648 3058 3729 3108 vi-

2163 3147 2391 3203 deamus
2414 3147 2436 3178 δ
2458 3148 2629 3202 tilium
2655 3158 2747 3202 aut
2775 3148 2937 3202 filiam
2957 3164 3123 3216 super
3147 3156 3369 3212 terram,
3395 3147 3737 3202 interfectrix

2163 3240 2408 3295 virorum
2438 3248 2679 3294 tuorum.
2710 3238 2987 3309 Numquid
3012 3250 3067 3294 et
3096 3240 3350 3294 occidere
3377 3253 3464 3293 me
3488 3238 3569 3293 vis
3598 3237 3741 3294 sicut

2156 3332 2269 3404 jam
2303 3331 2553 3387 occidisti
2599 3339 2810 3401 septem
2842 3331 3044 3386 viros?
3102 3332 3181 3385 Ad
3218 3331 3356 3385 hanc
3388 3345 3575 3384 vocem
3617 3344 3741 3399 per-

2166 3424 2306 3478 rexit
2359 3424 2415 3478 in
2471 3424 2729 3491 superius
2759 3424 3079 3478 cubiculum
3131 3421 3241 3495 [AL
3277 3423 3547 3492 superiori
3582 3420 3741 3476 cubi-

2163 3512 2311 3586 culo]
2343 3515 2540 3569 domus
2569 3530 2682 3569 sua:
2716 3530 2731 3572 :
2771 3525 2826 3569 ut
2856 3515 3035 3569 tribus
3067 3516 3282 3577 diebus,
3321 3523 3378 3568 et
3427 3516 3601 3567 tribus
3635 3526 3739 3567 no-

2164 3608 2343 3661 ctibus
2369 3622 2473 3661 non
2510 3607 2881 3671 manducavit,
2919 3622 3100 3676 neque
3140 3606 3323 3660 bibit:
3368 3607 3461 3661 sed
3510 3607 3565 3659 in
3618 3619 3745 3659 ora-

2167 3702 2313 3754 tio:te
2339 3701 2662 3769 persistens,
2690 3716 2809 3753 cum
2838 3700 3096 3770 lacrymis
3117 3699 3515 3768 deprecabatur
3545 3697 3741 3762 Deum,

2168 3801 2227 3844 ut
2274 3792 2344 3845 ab
2386 3792 2490 3845 isto
2523 3792 2862 3861 improperio
2904 3790 3171 3845 liberaret
3220 3806 3368 3846 eam.
3403 3789 3626 3844 Factum
3660 3798 3744 3844 est

2166 3894 2347 3935 autem
2381 3883 2471 3937 die
2519 3881 2700 3948 tertia,
2736 3881 2866 3935 dum
2900 3882 3203 3952 compleret
3237 3880 3543 3934 orationem
3576 3882 3746 3937 bene-

2168 3972 2356 4027 dicens
2408 3972 2722 4037 Dominum,
2780 3972 2967 4027 dixit:
3023 3971 3380 4027 Benedictum
3412 3983 3499 4028 est
3541 3989 3743 4029 nomen

2169 4072 2345 4131 tuum,
2400 4063 2546 4119 Deus
2577 4073 2797 4131 patrum
2841 4074 3152 4119 nostrorum
3188 4080 3203 4118 :
3238 4066 3333 4133 qui
3385 4078 3510 4117 cum
3571 4064 3746 4119 iratus

2171 4155 2360 4218 fueris,
2395 4155 2831 4209 misericordiam
2870 4154 3057 4219 facies,
3093 4163 3150 4209 et
3200 4153 3256 4208 in
3291 4162 3538 4224 tempore
3569 4155 3746 4210 tribu-

2171 4246 2390 4303 lationis
2442 4257 2667 4315 peccata
2716 4246 2951 4299 dimittis
3010 4245 3099 4300 his
3128 4245 3221 4315 qui
3254 4245 3629 4301 invocant‘te.
3662 4249 3746 4302 Ad

2173 4350 2246 4403 te,
2282 4339 2532 4400 Domine,
2583 4336 2777 4392 faciem
2811 4352 2986 4391 meam
3021 4347 3303 4401 converto,
3336 4338 3404 4392 ad
3451 4347 3503 4393 te
3551 4340 3746 4395 oculos

490 4427 773 4483 faciebas?
804 4428 1007 4485 Tobias
1036 4445 1167 4485 vero
1199 4430 1518 4501 increpabat
1544 4446 1661 4497 eos,
1695 4433 1925 4489 dicens:
1961 4434 2066 4489 No-
2102 4446 2141 4499 ι)
2172 4445 2323 4485 meos
2360 4428 2537 4499 dirigo
2567 4429 2609 4483 ⁸.
2668 4429 2823 4490 Peto,
2859 4429 3110 4492 Domine,
3177 4438 3236 4483 ut
3274 4430 3342 4485 de
3377 4430 3595 4485 vinculo
3643 4432 3748 4487 im-

490 4519 588 4573 lite
620 4520 692 4573 ita
738 4521 885 4590 loqui
915 4536 930 4572 :
983 4524 1243 4591 quoniam
1275 4522 1371 4577 filii
1400 4532 1713 4578 sanctorum
1752 4539 1964 4592 sumus,
2015 4536 2071 4581 et

496 4612 664 4667 vitam
718 4612 865 4669 illaut
922 4624 1307 4684 exspectamus
1344 4630 1509 4684 quam
1542 4614 1687 4670 Deus
1717 4616 1950 4672 daturus
1987 4627 2072 4673 est

495 4708 607 4771 his,
638 4707 729 4776 qui
768 4706 929 4761 fidem
962 4722 1118 4762 suam
1150 4723 1426 4777 nunquam
1459 4718 1673 4763 mutant
1706 4709 1777 4765 ab
1808 4724 1897 4765 eo.

565 4800 725 4854 Anna
761 4816 888 4854 vero
926 4815 1064 4855 uxor
1114 4801 1235 4870 ejus
1287 4799 1404 4855 ibat
1464 4799 1531 4854 ad
1579 4815 1719 4869 Opus
1776 4803 2070 4855 textrinum

494 4892 765 4961 quotidie,
797 4892 960 4947 etde
1015 4893 1204 4948 labore
1254 4907 1511 4946 manuum
1563 4907 1787 4947 suarum
1846 4893 2072 4956 victum,

496 4999 660 5054 quem
706 4985 969 5055 consequi
1026 4993 1263 5056 poterat,
1313 4983 1610 5039 deferebat.
1672 4984 1828 5040 Unde
1868 4986 2072 5040 factum

496 5087 605 5141 est,
630 5087 687 5132 ut
709 5078 920 5132 haedum
943 5093 1231 5146 caprarum
1263 5078 1540 5146 accipiens
1564 5078 1850 5132 detulisset
1877 5075 2027 5131 dumi
2058 5094 2074 5135 :

500 5170 663 5241 cujus
692 5184 815 5223 cum
857 5183 1050 5223 vocem
1085 5168 1321 5223 balantis
1353 5170 1434 5223 vir
1461 5170 1580 5240 ejus
1608 5169 1874 5232 audisset,
1899 5168 2075 5233 dixit:

503 5260 717 5327 Videte,
759 5275 828 5315 ne
860 5260 1003 5315 forte
1040 5261 1277 5315 furtivus
1308 5261 1398 5326 sit,
1438 5261 1654 5316 reddite
1686 5275 1811 5315 eum
1837 5258 2079 5315 dominis

575 5448 593 5480 ⁸
628 5447 687 5502 ln
717 5446 962 5503 Palatino
991 5461 1093 5502 ms.
1121 5446 1335 5500 Iudicia
1367 5454 1459 5500 tua
1494 5462 1619 5499 vera
1640 5454 1786 5499 sunt.

571 5518 592 5548 ⁸
626 5519 774 5573 ldem
823 5533 927 5572 ms.
969 5518 1037 5573 Et
1061 5517 1247 5571 traditi
1279 5533 1477 5571 sumus.
1507 5515 1697 5571 Grmce
1732 5514 1843 5570 Καὶ
1869 5512 2080 5576 ἔδωκας

502 5588 1067 5739 ὴῗδᾶῧιιῗξανειιειείηο
1110 5653 1335 5739 “es?”
1366 5674 1471 5738 ηιετ
1503 5657 1652 5739 “"9!
1684 5655 1885 5726 ""9""
1928 5658 1979 5712 ⁵η
2009 5657 2079 5711 ⁰ί’

507 5729 690 5797 ritate,
719 5729 927 5800 absque
957 5727 1285 5786 intermedio
1326 5729 1570 5796 nomine,
1609 5727 1799 5798 Rages.

2174 4518 2411 4591 properii
2442 4519 2603 4590 hujus
2632 4517 2889 4573 absolvas
2919 4532 3025 4580 me,
3057 4530 3149 4573 aut
3175 4530 3324 4574 certe
3354 4519 3594 4589 desuper
3634 4529 3747 4577 ter-

2175 4628 2291 4667 ram
2344 4612 2549 4682 eripias
2581 4626 2689 4666 me.
2734 4610 2816 4665 Tu
2847 4610 2979 4673 scis,
3015 4609 3268 4675 Domine,
3305 4614 3433 4681 quia
3468 4629 3747 4683 nunquam

2174 4705 2464 4776 concupivi
2520 4704 2747 4769 virum,
2802 4714 2860 4759 et
2914 4705 3175 4758 mundam
3237 4706 3450 4759 servavi
3510 4708 3747 4761 animam

2176 4816 2351 4855 meam
2409 4799 2476 4854 ab
2526 4798 2678 4854 omni
2737 4797 3207 4868 concupiscentia.
3273 4797 3563 4868 Nunquam
3624 4814 3748 4855 cum

2175 4893 2491 4949 ludentibus
2511 4894 2703 4949 miscui
2733 4908 2820 4948 me
2851 4912 2864 4948 :
2897 4907 3075 4962 neque
3104 4908 3228 4947 cum
3262 4892 3346 4947 his
3392 4892 3487 4962 qui
3525 4894 3579 4947 in
3608 4893 3745 4947 levi-

2178 4996 2293 5041 tate
2328 4986 2637 5053 ambulant,
2681 4986 3001 5056 participem
3035 5000 3119 5039 me
3149 4985 3377 5055 praebui.
3432 4984 3616 5038 Virum
3653 5001 3752 5039 au-

2181 5089 2287 5135 tem
2318 5094 2440 5134 cum
2471 5080 2668 5134 timore
2715 5088 2832 5144 tuo,
2883 5093 2991 5131 non
3024 5092 3149 5131 eum
3186 5075 3417 5131 libidine
3448 5091 3568 5129 mea
3616 5091 3749 5129 eon-

2178 5170 2326 5224 sensi
2380 5169 2685 5238 suscipere.
2733 5166 2823 5232 Et,
2858 5178 2952 5223 aut
2980 5182 3082 5237 ego
3113 5168 3334 5237 indigna
3376 5166 3452 5221 fui
3496 5166 3624 5230 illis,
3658 5176 3753 5219 aut

2182 5261 2263 5316 illi
2298 5261 2526 5316 forsitan
2564 5274 2653 5315 me
2680 5259 3030 5314 nonfuerunt
3060 5258 3209 5329 digni
3238 5259 3301 5311 °:
3359 5258 3485 5326 quia
3521 5256 3751 5311 forsitan

2252 5442 2272 5473 ⁵
2308 5441 2475 5496 Iidem
2503 5454 2637 5495 mss.
2675 5438 2793 5493 Non
2820 5440 3132 5494 videbimus.

2253 5513 2273 5544 ⁵
2308 5512 2508 5567 lterum
2551 5520 2790 5564 converto
2816 5526 2916 5581 pro
2960 5512 3151 5579 dirigo,
3183 5507 3356 5561 nostri
3396 5521 3527 5563 mss.
3562 5506 3759 5577 pratic-

2294 5598 2330 5636 t.

2183 5598 2285 5683 tu?
2307 5652 2535 5709 Palatin.
2594 5666 2695 5707 ms.
2744 5648 2838 5705 Illi
2896 5650 3021 5705 mihi
3077 5647 3302 5719 forsitan
3357 5664 3457 5701 non
3526 5646 3760 5717 fuerunt,

2184 5736 2288 5780 etc.
