4050 6184
298 379 375 443 29
1221 386 1233 397 “
1672 368 1899 431 LIBER

2010 370 2219 432 DBle.
3492 362 3580 424 ‘30

307 504 435 555 \iro
464 497 555 552 alii
589 494 929 551 conservasti
971 506 1076 548 me.
1110 493 1231 548 Non
1265 500 1352 546 est
1386 491 1531 546 enim
1565 491 1621 545 in
1656 491 1895 547 hominis
1927 497 1970 551 Δ

300 598 573 663 potestate
624 588 921 643 consilium
974 596 1152 641 tuum.
1224 583 1338 639 lloc
1384 593 1567 639 autem
1601 598 1702 652 pro
1731 593 1884 639 certo

302 684 473 739 habet
505 682 688 735 omnis
711 680 805 749 qui
840 689 891 735 te
917 680 1087 745 colit;
1114 678 1260 749 quod
1294 678 1403 731 vita
1431 677 1569 746 ejus.
1600 678 1644 731 si
1680 678 1733 728 in
1759 690 1885 745 pro-

299 777 529 832 batione
580 773 765 839 fuerit,
816 772 1175 827 coronabitur
1207 787 1221 829 :
1277 770 1320 825 si
1354 778 1535 823 autem
1571 770 1624 822 in
1658 770 1885 823 tribula-

304 869 457 923 tione
498 866 681 927 fuerit,
715 863 1086 919 liberabitur:
1129 876 1183 915 et
1216 860 1261 916 si
1298 862 1350 914 in
1377 862 1728 928 correptione
1765 860 1884 913 lue-

302 957 401 1016 rit,
452 955 519 1008 ad
555 954 989 1008 misericordiam
1023 962 1173 1006 tuam
1208 950 1395 1005 venire
1423 949 1534 1023 [Αι.
1573 949 1885 1021 pervenire]

301 1046 521 1102 licebit.
569 1045 687 1099 Non
731 1044 882 1099 enim
928 1044 1225 1100 delectaris
1258 1047 1312 1100 in
1347 1047 1752 1116 perditionibus
1783 1063 1886 1099 no-

302 1138 438 1191 stris
470 1154 484 1189 :
525 1136 649 1205 quia
685 1147 807 1206 post
865 1148 1269 1207 tempestatem,
1317 1139 1668 1209 tranquillum
1705 1139 1882 1195 lacis:

302 1240 363 1282 et
417 1236 540 1296 post
593 1229 1044 1299 laerymatiOnem
1098 1240 1151 1282 et
1204 1228 1411 1292 ﬂetum.
1463 1230 1884 1284 exsultationem

304 1319 570 1373 infundis.
598 1320 681 1374 Sit
712 1335 908 1375 nomen
937 1329 1112 1383 tuum,
1141 1320 1285 1375 Deus
1324 1319 1505 1388 Israel,
1538 1323 1885 1377 benedictum

304 1412 361 1464 in
388 1412 614 1466 sarcula.

377 1501 436 1554 ln
472 1503 566 1555 illo
599 1511 848 1572 tempore
880 1506 1157 1560 exaudita:
1192 1514 1325 1559 sunt
1372 1519 1571 1573 preces
1599 1505 1884 1559 amborum

305 1592 362 1644 in
397 1605 694 1661 conswctu
725 1595 910 1661 gloria:
945 1598 1145 1650 summi
1192 1597 1284 1655 Dei
1309 1616 1322 1651 :
1351 1607 1407 1650 et
1440 1597 1642 1651 missus
1673 1606 1755 1650 est
1792 1613 1891 1651 an-

303 1684 461 1751 gelus
492 1682 704 1738 Domini
756 1696 980 1742 sanctus
1035 1685 1297 1756 Rapliael,
1354 1698 1412 1741 ut
1464 1696 1685 1741 curaret
1728 1703 1824 1742 eos
1856 1688 1871 1718 ⁸

305 1777 528 1836 ambos,
582 1791 821 1843 quorum
878 1792 987 1830 uno
1042 1786 1288 1847 tempore
1338 1789 1467 1834 sunt
1517 1783 1795 1836 orationes
1836 1782 1887 1834 in

305 1876 609 1933 conspectu
646 1865 863 1921 Domini
902 1864 1175 1924 recitatae.

376 1956 535 2029 [ϐαρ.
570 1957 687 2029 lV.]
743 1959 914 2030 Igitur
936 1976 1060 2015 cum
1089 1961 1289 2017 Tobias
1324 1974 1547 2034 putaret
1576 1967 1887 2021 orationem

305 2062 462 2103 suam
490 2053 740 2105 exaudiri
770 2063 829 2107 ut
862 2057 997 2108 mori
1032 2056 1319 2124 potuisset,
1349 2059 1566 2111 vocavit
1589 2058 1656 2112 ad
1691 2074 1749 2114 se
1776 2059 1885 2114 To-

306 2139 455 2195 biam
509 2142 682 2196 lilium
744 2160 929 2210 suum,
988 2147 1237 2214 dixitque
1293 2150 1390 2203 ei:
1437 2150 1603 2214 Audi,
1664 2150 1736 2203 ﬁli
1794 2154 1891 2217 mi,

307 2236 477 2287 verba
507 2236 621 2288 oris
655 2236 782 2300 n.ei,
813 2250 872 2291 et
919 2252 986 2292 ea
1038 2238 1091 2291 in
1125 2240 1291 2293 corde
1340 2249 1454 2301 tuo.
1504 2244 1659 2311 quasi
1694 2243 1888 2295 imula»

308 2337 559 2380 utentum
613 2340 892 2383 construe.
956 2330 1094 2385 Cum
1155 2333 1430 2401 acceperit
1480 2331 1625 2387 Deus
1653 2333 1889 2386 animam

306 2431 517 2481 meam,
547 2435 748 2488 corpus
779 2436 958 2475 meum
986 2422 1157 2492 sepeli
1189 2440 1204 2488 ;
1257 2434 1312 2477 et
1359 2424 1625 2478 honorem
1661 2424 1895 2480 habebis

306 2509 476 2561 matri
505 2517 608 2562 tua:
637 2512 889 2564 omnibus
920 2512 1115 2589 diebus
1148 2514 1268 2567 vita:
1298 2515 1418 2583 ejus
1450 2530 1465 2569 :
1507 2532 1717 2569 memor
1744 2518 1890 2571 enim

307 2615 436 2654 esse
478 2600 662 2664 debes,
700 2619 822 2671 qua:
857 2611 912 2658 et
942 2614 1145 2674 quanta
1179 2607 1423 2676 pericula
1468 2624 1626 2677 passa
1661 2609 1734 2663 sit
1766 2625 1893 2677 pro-

307 2700 439 2762 pter
486 2697 538 2744 te
581 2692 635 2745 in
670 2702 824 2747 utero
856 2709 979 2747 suo.
1014 2693 1153 2748 Cum
1191 2706 1377 2749 autem
1408 2705 1463 2750 et
1500 2698 1616 2762 ipsa
1652 2698 1895 2765 comple-

309 2781 466 2835 verit
497 2790 710 2852 tempus
752 2785 874 2838 vita:
906 2800 1039 2851 suaa,
1089 2788 1323 2854 sepelias
1352 2786 1466 2859 [AL
1490 2787 1745 2860 sepelies]
1774 2805 1892 2842 eam

312 2874 467 2928 circa
525 2890 630 2929 me.
682 2875 952 2931 Omnibus
1003 2891 1186 2932 autem
1240 2879 1433 2933 diebus
1495 2881 1782 2953 vitulum:
1842 2882 1891 2937 in

310 2974 500 3020 mente
534 2966 731 3020 habeto
763 2967 933 3021 Deum
970 2986 983 3022 :
1046 2980 1103 3023 et
1144 2986 1294 3035 t-ave,
1332 2987 1399 3025 ne
1444 2956 1737 3039 aiiqtiatido
1769 2954 1895 3040 pec-

310 3066 442 3111 cato
470 3059 809 3125 consentias,
836 3070 890 3113 et
921 3062 1308 3129 prastermittas
1336 3072 1602 3145 praerepta
1632 3063 1843 3143 Dono-ti
1871 3063 1894 3139 ξ·

2072 490 2260 545 Indico
2301 488 2467 543 etiam
2501 487 2617 549 tibi,
2653 486 2725 541 lili
2760 484 2857 549 mi,
2900 482 3121 538 dedisse
3154 496 3240 535 me
3273 478 3465 534 decem
3501 489 3582 531 ta-

1994 583 2138 636 lenta
2177 581 2413 651 argenti,
2441 578 2571 633 dum
2604 579 2783 632 adhuc
2830 576 3131 631 infantulus
3161 588 3326 634 esses,
3358 571 3580 637 Galielo,

1996 679 2048 733 in
2088 677 2267 745 Rages
2296 674 2521 729 civitate
2556 672 2860 730 Medorum.
2915 677 2969 722 et
3003 665 3429 734 chirographum
3459 662 3582 730 ejus

1998 770 2139 837 apud
2172 782 2256 820 me
2286 765 2463 820 habeo
2492 780 2504 816 :
2534 774 2589 818 et
2620 762 2741 817 ideo
2766 759 3021 829 perquire
3051 757 3329 826 quomodo
3358 754 3426 807 ad
3454 770 3579 808 eum

1998 860 2323 931 pervenias,
2374 868 2432 914 et
2482 858 2716 925 recipias
2760 855 2829 909 ab
2882 869 2948 906 co
3004 867 3167 918 supra
3219 857 3580 903 memoratum

1997 952 2214 1021 pondus
2238 948 2473 1019 argenti,
2497 958 2553 1003 et
2577 949 2836 1000 restituas
2858 943 2909 998 ei
2936 942 3364 1009 chirographum
3395 955 3582 997 suum.

1998 1044 2117 1097 Noli
2156 1044 2369 1103 timere,
2414 1040 2486 1095 illi
2529 1041 2602 1093 mi
2646 1057 2660 1093 :
2703 1051 2996 1107 pauperem
3029 1033 3250 1103 quidem
3286 1032 3453 1085 vitam
3490 1042 3585 1100 ge-

2000 1138 2192 1201 rimus,
2239 1135 2334 1190 sed
2377 1135 2547 1188 multa
2589 1132 2729 1187 bona
2766 1128 3111 1189 habebimus,
3161 1127 3205 1180 si
3240 1124 3586 1178 timuerimus

2003 1229 2192 1292 Deum,
2227 1236 2280 1280 et
2309 1230 2704 1282 recesserimus
2734 1223 2804 1277 ab
2826 1221 2974 1278 omni
3008 1227 3257 1290 peccato,
3287 1228 3342 1272 et
3391 1215 3587 1270 feceri-

2002 1336 2122 1373 mus
2171 1327 2330 1372 bene.

2074 1411 2245 1482 [Cup.
2278 1409 2406 1482 ‘V‘.j
2438 1409 2594 1463 Tune
2638 1405 2922 1475 respondit
2953 1400 3157 1457 Tobias
3185 1396 3325 1469 patri
3363 1411 3486 1462 suo,
3531 1404 3589 1449 et.

1999 1504 2138 1557 dixit
2174 1521 2187 1557 :
2224 1501 2418 1557 Omnia
2456 1512 2798 1570 quacunque
2831 1494 3137 1565 prmccpisti
3178 1490 3333 1554 mihi,
3369 1488 3589 1551 faciam,

1999 1607 2176 1665 pater.
2214 1592 2501 1659 Quomodo
2536 1602 2720 1643 autem
2776 1586 3066 1657 pecuniam
3099 1584 3242 1637 hanc
3292 1580 3587 1649 requiram,

2000 1690 2213 1757 ignoro.
2256 1686 2348 1739 Ille
2401 1699 2485 1737 me
2520 1682 2716 1747 nescit,
2767 1690 2824 1736 et
2855 1692 2957 1747 ego
2993 1692 3116 1731 eum
3150 1676 3342 1746 ignoro
3393 1693 3406 1728 :
3440 1672 3610 1741 quod'

1996 1780 2210 1846 signum
2236 1776 2375 1829 dabo
2411 1773 2499 1827 ei?
2526 1771 2621 1826 sed
2651 1784 2827 1839 neque
2855 1770 3023 1830 viam,
3063 1782 3163 1836 per
3196 1781 3357 1835 quam
3394 1779 3586 1833 perga-

1925 1849 1965 1906 Β
1998 1879 2088 1921 tttr
2120 1868 2272 1931 illuc,
2305 1866 2597 1936 aliquando
2630 1864 2884 1933 cognovi.
2923 1862 3077 1914 Tunc
3113 1870 3267 1928 pater
3296 1874 3429 1911 suus
3494 1874 3577 1909 re-

2002 1959 2232 2027 spondit
2272 1959 2367 2012 illi.
2408 1970 2463 2013 et
2504 1957 2637 2011 dixit
2674 1973 2689 2011 :
2723 1952 3161 2022 Chirographum
3188 1952 3405 2020 quidem
3442 1950 3591 2003 illius

2003 2068 2170 2122 penes
2201 2066 2287 2105 me
2310 2051 2507 2113 habeo,
2526 2048 2671 2119 quod
2694 2049 2823 2101 dum
2849 2046 2926 2100 illi
2946 2042 3271 2105 ostenderis,
3299 2043 3481 2095 statim
3504 2056 3590 2094 re-

2005 2147 2214 2200 stituet.
2248 2143 2355 2200 Sed
2389 2158 2551 2213 perge
2584 2156 2749 2205 nunc,
2787 2147 2847 2193 et
2879 2138 3095 2206 inquire
3130 2135 3222 2189 tibi
3255 2135 3491 2203 aliquem
3520 2134 3585 2185 ll-

2005 2241 2180 2294 del-im
2220 2239 2419 2304 virum,
2458 2236 2549 2305 qui
2590 2247 2676 2289 eat
2716 2243 2896 2287 tecum
2948 2232 3093 2286 salva
3131 2227 3381 2284 mercede
3424 2242 3523 2281 sua
3575 2244 3589 2279 :

2010 2343 2087 2394 nt,
2121 2331 2253 2383 dum
2285 2330 2468 2383 adhuc
2499 2328 2645 2391 vivo,
2678 2324 2908 2395 recipias
2935 2340 3077 2377 eam.

2079 2422 2233 2476 Tunc
2283 2435 2540 2487 egressus
2568 2417 2797 2479 Tobias,
2833 2416 3043 2469 invenit
3064 2415 3321 2485 juvenem
3353 2411 3597 2477 Splendi-

2008 2513 2137 2567 dum
2169 2553 2183 2576 ,
2235 2520 2469 2565 stantem
2520 2508 2876 2578 praecinctum
2925 2515 2981 2558 et
3027 2504 3183 2573 quasi
3241 2513 3491 2571 paratum
3527 2502 3595 2553 ad

2005 2605 2418 2659 ambulandum.
2459 2604 2522 2657 Et
2555 2602 2810 2669 ignorans
2844 2599 2988 2667 quod
3040 2597 3265 2666 angelus
3303 2594 3393 2649 Dei
3421 2601 3593 2656 esset,

2007 2696 2266 2750 salutavit
2297 2710 2445 2756 cum,
2490 2702 2544 2749 et
2571 2695 2706 2748 dixit
2745 2710 2760 2748 ξ
2798 2691 2954 2746 Unde
2992 2702 3042 2746 te
3095 2691 3359 2743 habemus
3387 2732 3401 2750 ,
3455 2689 3598 2743 bone

2002 2790 2112 2859 jnya
2140 2787 2489 2876 rt§5?21§};ldlle‘
2519 2786 2799 2854 respondit
2832 2804 2844 2838 :
2884 2784 2957 2838 Et
3000 2784 3127 2837 {iliis
3170 2782 3358 2835 Israel.
3391 2781 3458 2833 Et
3491 2779 3597 2833 To-

2000 2866 2393 2955 ‘bigéodixj'g'ei
2442 2890 2454 2931 :
2486 2876 2635 2930 Nosu
2680 2876 2845 2937 viam,
2886 2891 3006 2944 qua:
3040 2872 3186 2926 ducit
3224 2873 3275 2924 in
3314 2871 3593 2939 regionem

2013 2968 2334 3023 Medorum?
2364 2966 2463 3023 Cui
2495 2967 2778 3035 reSpondit
2812 2982 2827 3021 :
2858 2965 2993 3020 Novi
3027 2981 3043 3024 :
3078 2973 3132 3018 et
3163 2963 3350 3017 omnia
3399 2962 3598 3015 itinera

2006 3060 2485 3146 ejusireaquenter'
2510 3056 2808 3139 ambulavi,
2844 3066 2899 3112 et
2938 3056 3111 3111 mansi
3148 3054 3290 3123 apud
3329 3053 3594 3109 Gabolum

314 3148 417 3203 Dei
453 3154 650 3204 nostri.
688 3151 766 3205 Ex
800 3152 1111 3207 substantia
1143 3164 1231 3207 tua
1265 3136 1819 3229 ι’ωέξεξόρῖιιὸεὲιῖἰιιῖι,⁵

2013 3140 2253 3216 fratrem’
2277 3136 2525 3204 nostrum
2548 3136 2567 3205 ζε
2592 3136 2735 3219 (qui.
2759 3158 3004 3203 moratur
3050 3148 3104 3201 in
3155 3147 3326 3215 Ragcs
3376 3144 3599 3199 civitate

312 3238 429 3292 noli
476 3250 722 3295 avertere
767 3241 962 3295 faciem
1016 3252 1166 3296 tuam
1230 3246 1298 3297 ab
1350 3222 1737 3312 ull‘o‘paup'eie
1765 3259 1780 3295 :
1810 3220 1900 3296 'ni.
1928 3204 1972 3266 Ο
2008 3244 2312 3308 Medorum,
2346 3258 2467 3312 quae
2494 3243 2669 3312 posita
2697 3251 2783 3297 est
2814 3241 2869 3295 in
2907 3250 3101 3294 monte
3141 3236 3455 3293 Ecbatanis.
3492 3236 3595 3288 Cui

315 3334 467 3385 enim
524 3331 637 3394 lict,
697 3340 756 3385 ut
808 3349 909 3387 nec
946 3350 973 3386 a
1026 3345 1076 3388 te
1123 3342 1403 3387 avertatur
1441 3332 1609 3387 facies
1647 3334 1886 3386 Domini.

316 3422 609 3490 Quomodo
636 3427 901 3493 potueris,
941 3424 1014 3478 ita
1044 3434 1167 3479 esto
1202 3425 1541 3479 misericors.
1574 3424 1630 3479 Si
1668 3425 1901 3477 multum

322 3515 427 3569 tibi
475 3514 664 3580 fuerit,
723 3517 1075 3571 abundanter
1127 3517 1357 3571 tribue:
1401 3517 1446 3572 si
1482 3517 1741 3586 exiguum
1798 3516 1897 3571 tibi

321 3607 517 3671 fuerit,
574 3608 735 3661 etiam
794 3609 1052 3677 exiguum
1096 3608 1337 3663 libenter
1394 3609 1665 3677 impertiri
1716 3609 1902 3662 stude.

321 3698 616 3753 Praemium
658 3707 807 3754 enim
843 3701 1051 3754 bonum
1097 3701 1198 3755 tibi
1234 3702 1576 3755 thesaurizas
1608 3700 1661 3754 in
1702 3701 1788 3754 die
1814 3714 1905 3753 ne-

322 3791 620 3844 cessitatis.
661 3790 938 3855 Quoniam
987 3792 1342 3862 elccmosyua
1394 3791 1463 3845 ab
1493 3791 1643 3845 onmi
1678 3803 1907 3861 peccato

322 3892 381 3936 et
405 3897 438 3935 ι
477 3894 653 3937 morte
687 3883 904 3946 liberat,
942 3893 999 3937 et
1026 3898 1133 3937 non
1165 3885 1404 3951 patietur
1436 3883 1675 3937 animam
1725 3886 1802 3937 ire
1849 3884 1907 3937 in

327 3974 613 4030 tenebras.
667 3973 896 4028 Fiducia
951 3990 1146 4043 magna
1177 3980 1284 4029 erit
1332 3989 1516 4030 coram
1550 3976 1768 4030 summo
1797 3973 1909 4027 Deo

328 4071 676 4140 eleemosyna
727 4069 983 4123 omnibus
1024 4068 1359 4123 facientibus
1396 4066 1511 4139 [ΑΙ.
1543 4068 1632 4136 qui
1672 4065 1907 4139 faciunt]

328 4178 473 4217 eam.
502 4163 735 4215 Attende
764 4162 882 4223 tibi,
924 4162 997 4214 liii
1024 4161 1121 4226 mi,
1154 4161 1221 4213 ab
1253 4160 1405 4213 omni
1437 4157 1821 4223 fornicatione,
1854 4168 1913 4211 et

328 4264 533 4327 praeter
568 4270 793 4308 uxorem
848 4263 1030 4319 tuam,
1085 4266 1364 4322 nunquam
1412 4250 1640 4321 patiaris
1698 4249 1907 4304 crimen

328 4352 499 4404 scire.
550 4347 873 4417 Superbiam
920 4361 1193 4415 nunquam
1248 4346 1303 4400 in
1358 4356 1453 4399 tuo
1502 4360 1693 4410 sensu,
1729 4354 1825 4398 aut
1855 4344 1910 4399 in

331 4454 429 4496 tuo
485 4441 654 4494 verbo
684 4440 955 4493 dominari
1006 4439 1335 4509 permittas:
1384 4440 1438 4493 in
1485 4439 1600 4508 ipsa
1630 4438 1778 4492 enim
1809 4437 1913 4491 ini-

2007 3338 2213 3391 Tobias
2257 3336 2334 3391 ait
2364 3354 2377 3389 :
2408 3334 2631 3390 Sustine
2663 3349 2770 3394 me,
2817 3332 3067 3397 obsecro,
3114 3330 3291 3385 donec
3325 3331 3436 3382 lucc
3478 3329 3599 3396 ipsa

2009 3428 2255 3483 nuntiem
2293 3428 2434 3497 patri
2472 3439 2616 3479 meo.

2078 3520 2237 3574 Tune
2288 3520 2571 3589 ingressus
2614 3516 2839 3579 Tobias,
2878 3512 3146 3569 indicavit
3176 3512 3435 3567 universa
3486 3510 3601 3564 hac

2008 3613 2151 3680 patri
2197 3626 2319 3668 suo.
2367 3612 2545 3681 Super
2579 3625 2701 3680 quae
2727 3608 3032 3663 admiratus
3056 3615 3234 3675 pater,
3267 3605 3495 3675 rogavit,
3533 3614 3598 3657 ut

2010 3705 2271 3760 introiret
2297 3704 2365 3759 ad
2396 3719 2547 3759 eum.

2078 3796 2359 3866 Ingressus
2397 3796 2583 3864 itaque
2630 3793 2885 3848 salutavit
2927 3808 3081 3856 eum,
3137 3803 3196 3846 et
3238 3792 3372 3846 dixit
3413 3788 3601 3844 :Gau-

2011 3888 2163 3943 dium
2187 3888 2283 3942 tibi
2311 3890 2381 3941 sit
2406 3903 2644 3956 semper.
2675 3886 2742 3939 Et
2770 3888 2847 3939 ait
2870 3887 3070 3939 Tobias
3098 3903 3110 3938 :
3139 3886 3305 3949 Quale
3335 3882 3596 3951 gaudium

2010 3980 2146 4034 mihi
2175 3982 2300 4044 erit,
2334 3980 2427 4049 qui
2459 3980 2512 4032 in
2548 3979 2790 4032 tenebris
2814 3979 3001 4041 sedeo,
3029 3986 3083 4031 et
3114 3976 3301 4029 lumen
3329 3974 3453 4028 ςαξΙί
3488 3988 3599 4028 non

2010 4073 2204 4127 video?
2240 4072 2344 4128 Cui
2374 4072 2453 4126 ait
2480 4072 2701 4141 juvenis
2734 4087 2749 4129 :
2793 4070 2940 4124 Forti
2971 4069 3156 4123 animo
3185 4078 3326 4127 esto,
3378 4067 3432 4118 in
3474 4080 3601 4133 pro-

2015 4167 2161 4221 ximo
2192 4176 2277 4219 est
2308 4176 2366 4219 ut
2395 4180 2423 4219 a
2456 4166 2567 4218 Deo
2598 4166 2832 4219 cureris.
2868 4163 3012 4216 Dixit
3048 4163 3233 4230 itaque
3263 4160 3338 4213 illi
3372 4158 3595 4211 Tobias:

2013 4258 2296 4327 Numquid
2331 4259 2537 4327 poteris
2560 4258 2878 4327 perducere
2913 4254 3083 4308 lilium
3117 4269 3295 4308 meum
3326 4253 3393 4306 ad
3424 4251 3603 4306 Gabe-

2014 4351 2127 4405 lum
2158 4351 2212 4405 in
2245 4349 2423 4418 Rages
2450 4350 2730 4404 civitatem
2758 4346 3082 4402 Medorum?
3115 4355 3318 4401 etcum
3350 4345 3605 4408 redieris,

2018 4441 2306 4496 restituam
2338 4441 2437 4495 tibi
2470 4440 2779 4494 mercedem
2811 4448 2980 4492 tuam.
3014 4439 3074 4492 Et
3104 4438 3243 4491 dixit
3266 4437 3316 4490 ei
3350 4437 3599 4505 angelus:

331 4536 473 4588 tium
512 4533 752 4599 sumpsit
793 4535 972 4586 omnis
1008 4530 1269 4601 perditio.
1300 4528 1627 4597 Quicunque
1668 4529 1767 4582 tibi
1808 4528 1908 4581 ali-
1942 4539 1985 4595 ι’)
2020 4531 2129 4603 Ego
2157 4532 2347 4585 ducam
2378 4539 2434 4585 et
2466 4532 2723 4585 reducam
2759 4546 2884 4585 eum
2919 4530 2986 4583 ad
3016 4539 3090 4583 te.
3125 4528 3226 4584 Cui
3265 4526 3467 4581 Tobias
3520 4542 3604 4580 re-

332 4626 469 4688 quid
498 4634 755 4690 Operatus
782 4623 973 4685 fuerit,
1009 4622 1194 4675 statim
1232 4619 1281 4674 ei
1312 4622 1622 4673 mercedem
1652 4619 1905 4684 restitue,

333 4729 391 4773 ct
427 4732 644 4772 merces
687 4716 1020 4770 mercenarii
1056 4716 1135 4768 tui
1170 4715 1311 4783 apud
1346 4723 1398 4767 te
1427 4715 1651 4766 omnino
1683 4727 1793 4766 non
1824 4727 1908 4766 re-

334 4817 578 4865 maneat.
612 4807 768 4873 Quod
809 4808 877 4859 ab
907 4808 1014 4860 alio
1054 4807 1239 4861 oderis
1278 4805 1393 4859 lieri
1434 4804 1555 4869 tibi,
1597 4804 1719 4858 vide
1747 4818 1816 4857 ne
1850 4812 1908 4857 tu

334 4902 635 4974 aliquando
657 4901 817 4955 alteri
855 4901 1044 4952 iacias.
1080 4898 1280 4953 Panem
1314 4906 1469 4951 tuum
1506 4912 1629 4953 cum
1660 4896 1911 4949 esurien-

340 4998 490 5054 tibus
538 5005 594 5050 et
641 4994 834 5064 egenis
890 4991 1139 5055 comede,
1198 4999 1254 5044 et
1297 4989 1366 5044 de
1412 4988 1762 5043 vestimentis
1802 4986 1909 5040 tuis

338 5094 521 5146 nudos
552 5098 692 5157 tege.
726 5087 929 5141 Panem
953 5095 1106 5138 tuum
1137 5091 1192 5139 et
1224 5085 1407 5136 vinum
1443 5092 1596 5137 tuum
1630 5095 1797 5150 super
1824 5094 1910 5133 se-

339 5186 620 5257 pulturam
648 5182 782 5253 justi
822 5178 1123 5245 constitue,
1149 5186 1203 5231 et
1238 5175 1348 5230 noli
1380 5191 1448 5231 ex
1482 5189 1548 5229 eo
1578 5174 1911 5228 manducare

335 5292 395 5334 et
447 5278 635 5333 bibere
673 5291 797 5331 cum
832 5273 1239 5344 peccatoribus.
1278 5269 1575 5324 Consilium
1626 5281 1842 5336 semper
1880 5281 1911 5318 a

336 5372 591 5439 sapiente
625 5366 902 5437 perquire.
939 5365 1100 5419 Omni
1130 5374 1375 5433 tempore
1421 5361 1653 5416 benedic
1693 5359 1863 5413 Deum
1895 5378 1909 5413 :

337 5473 399 5517 et
432 5470 555 5531 pete
577 5460 644 5513 ab
667 5475 757 5523 eo,
782 5468 842 5513 ut
868 5460 986 5513 vias
1015 5466 1136 5513 tuas
1158 5457 1377 5526 dirigat,
1399 5469 1455 5509 et
1473 5453 1659 5508 omnia
1685 5451 1913 5508 consilia

336 5564 438 5609 tua
463 5554 521 5608 in
552 5556 675 5623 ipso
703 5561 1082 5623 permaneant.

420 5759 434 5788 ¹
476 5757 781 5811 Pronomen
824 5769 933 5817 eos,
966 5760 1105 5805 tacet
1135 5751 1279 5805 idem
1320 5764 1421 5803 ms.
1456 5756 1567 5802 tum
1594 5746 1745 5816 legit,
1777 5744 1921 5809 Quo-

341 5845 466 5883 rum
520 5843 621 5881 uno
680 5835 909 5879 tempore
962 5825 1136 5889 fuerat
1188 5820 1361 5875 oratio
1410 5820 1462 5873 in
1517 5828 1794 5888 conspectu
1837 5834 1918 5871 re-

2016 4624 2284 4693 spondit:
2319 4623 2470 4692 Rogo
2503 4631 2571 4684 te,
2606 4623 2786 4677 indica
2821 4622 2973 4687 mihi,
3011 4621 3079 4675 de
3123 4635 3232 4691 qua
3275 4620 3461 4682 domo,
3509 4629 3613 4672 aut.

2015 4715 2085 4769 de
2107 4731 2212 4785 qua
2240 4715 2389 4770 tribu
2415 4731 2476 4770 es
2504 4716 2600 4769 tu?
2629 4715 2730 4769 Cui
2757 4714 2997 4784 Raphael
3029 4715 3255 4783 angelus
3283 4712 3422 4765 dixit
3449 4727 3463 4763 :
3498 4711 3607 4765 Ge-

2018 4821 2122 4859 nus
2165 4807 2365 4874 quieris
2413 4807 2778 4873 mercenarii,
2830 4823 2896 4859 an
2953 4807 3130 4875 ipsum
3180 4803 3615 4867 mercenarium,

2018 4899 2109 4968 qui
2166 4912 2291 4951 cum
2328 4898 2441 4952 lilio
2483 4906 2580 4953 tuo
2609 4897 2736 4953 eat?
2785 4898 2892 4954 Sed
2936 4912 3007 4952 ne
3040 4897 3182 4951 forte
3212 4896 3509 4950 sollicitum
3545 4903 3611 4947 te

2022 4990 2271 5056 reddam,
2304 5004 2405 5060 ego
2438 5005 2561 5047 sum
2591 4991 2813 5044 Azarias
2840 4989 3066 5043 Ananiae
3110 4988 3289 5057 magni
3324 4987 3487 5041 illius.
3539 4988 3607 5039 Et

2017 5082 2216 5137 Tobias
2251 5084 2535 5153 respondit
2566 5096 2588 5138 :
2616 5085 2691 5137 Ex
2727 5096 2922 5153 magno
2951 5096 3150 5150 genere
3178 5096 3240 5135 es
3272 5090 3350 5135 tu.
3376 5080 3481 5135 Sed
3513 5095 3617 5147 ρει

2020 5179 2075 5230 to
2141 5188 2213 5229 ne
2257 5174 2513 5228 irascaris
2556 5174 2703 5243 quod
2752 5174 3021 5227 voluerim
3055 5188 3391 5243 cognoscere
3434 5189 3613 5242 genus

2019 5275 2196 5320 tuum.
2230 5267 2373 5321 Dixit
2402 5275 2587 5320 autem
2614 5265 2687 5318 illi
2717 5264 2945 5334 angelus
2982 5280 2997 5319 :
3030 5264 3140 5334 Ego
3163 5278 3355 5319 sanum
3383 5264 3605 5325 ducant,

2019 5367 2078 5414 et
2103 5373 2295 5412 sanum
2337 5357 2432 5412 tibi
2483 5357 2745 5411 reducam
2788 5356 2959 5411 tilium
3015 5367 3191 5411 tuum.
3249 5355 3613 5423 Respondeas

2021 5456 2205 5503 autem
2237 5447 2462 5515 Tobias,
2496 5447 2575 5502 ait
2616 5463 2631 5501 :
2666 5447 2810 5502 Bene
2842 5446 3158 5509 ambuletis,
3190 5456 3247 5500 et
3272 5446 3343 5499 sit
3379 5445 3523 5497 Deus
3549 5444 3617 5497 in.
3649 5477 3665 5496 .

2024 5543 2218 5598 itinere
2234 5552 2438 5611 vestro,
2460 5552 2517 5598 et
2548 5542 2775 5612 angelus
2790 5541 2910 5612 ejus
2952 5542 3244 5597 comitetur
3284 5537 3619 5594 vobiscum-

2028 5756 2257 5877 aquilio
2286 5834 2504 5888 quoque
2533 5833 2733 5877 nomen
2764 5817 2977 5874 Domini
3002 5815 3169 5874 idem.
3205 5830 3306 5871 ms.
3345 5824 3510 5871 ιίιοοῐι
