4050 6184
309 285 379 349 3Ἰ
1684 285 1908 347 LIBER

2014 286 2130 346 OBl
2148 285 2232 347 xE.
3528 280 3599 346 34

307 416 431 455 mea
464 415 476 450 ε
514 398 791 453 Dominus
838 396 963 453 ραιιῖ
1013 395 1104 451 det
1157 396 1253 451 tibi
1304 396 1561 467 gaudium
1610 414 1710 470 pro
1758 402 1917 454 taedio
1947 410 1993 464 Α
2023 399 2207 452 omnia
2248 413 2368 463 qua:
2409 397 2460 451 iii
2505 396 2660 451 cibos
2699 404 2860 450 erant
2900 396 3004 451 iter
3036 394 3326 465 agentibus
3352 409 3606 453 necessa-

305 490 457 559 quod
485 503 748 559 perpessa
782 503 865 543 es.

378 581 543 654 [ϐαρ.
570 579 733 651 Vlll.l
758 581 1055 649 Postquam
1088 595 1222 634 vero
1249 589 1630 645 omnaverunt,
1664 580 1907 635 introdu-

306 683 510 730 xerunt
532 674 792 744 juvenem
826 674 890 725 ad
923 686 1067 725 eam.
1123 671 1468 726 Recordatus
1494 673 1678 742 itaque
1709 670 1909 728 Tobias

309 782 634 821 sermonum
667 765 871 832 angeli,
911 763 1141 833 protulit
1180 763 1248 818 de
1294 764 1539 819 cassidili
1571 780 1672 818 suo
1696 775 1906 833 partem
1936 772 1939 773 '

302 859 538 930 jecoris,
565 856 858 927 posuitque
889 870 1009 910 eam
1041 870 1208 923 super
1238 856 1508 911 carbones
1543 856 1718 912 vivos.
1753 857 1910 913 Tuiic

314 949 564 1019 Rapbael
616 949 843 1016 angelus
883 946 1250 1016 apprehendit
1278 945 1633 1011 daemonium,
1675 955 1732 1001 et
1781 946 1910 1001 reli-

311 1040 466 1107 gavit
520 1038 657 1091 illud
709 1038 763 1090 in
819 1035 1041 1090 deserto
1096 1036 1402 1107 superioris
1454 1036 1699 1108 zEgypti.
1753 1036 1911 1092 Tunc

313 1131 575 1185 hortatus
604 1141 687 1184 est
718 1129 981 1198 virginem
1034 1127 1261 1193 Tobias,
1306 1129 1567 1201 dixitque
1621 1130 1670 1183 ei
1705 1141 1719 1185 :
1755 1129 1908 1193 Sara,

308 1237 571 1292 exsurge,
619 1232 674 1275 et
724 1221 1087 1288 deprecemur
1130 1219 1303 1274 Deum
1350 1221 1537 1287 hodie,
1580 1231 1631 1275 et
1666 1236 1809 1285 cras,
1860 1230 1912 1275 et

308 1313 621 1367 secundum
659 1328 815 1377 cras;
853 1312 1090 1381 quiahis
1124 1312 1308 1366 tribus
1346 1312 1600 1367 noctibus
1639 1312 1749 1367 Deo
1784 1314 1911 1384 jun-

310 1409 521 1474 gimur;
538 1404 696 1459 tertia
717 1415 901 1459 autem
918 1414 1191 1458 transacta
1218 1407 1468 1468 nocte,in
1495 1414 1686 1467 nostro
1707 1406 1915 1460 erimus

307 1498 596 1568 conjugio.
639 1496 759 1553 Filii
796 1497 999 1566 quippe
1035 1507 1357 1550 sanctorum
1399 1513 1612 1563 sumus,
1650 1514 1757 1552 non
1794 1515 1917 1568 pos-

324 1606 524 1644 suinus
558 1589 633 1643 ita
683 1588 994 1658 conjungi,
1054 1591 1195 1643 sfcut
1252 1597 1444 1659 gentes
1490 1605 1611 1658 qua:
1663 1592 1916 1660 ignorant

320 1682 519 1736 Deuni.

2015 488 2115 541 ria.
2155 487 2300 541 Duas
2334 501 2558 555 quoque
2588 485 2817 554 pingues
2851 499 3065 550 vaccas,
3095 493 3153 539 et
3181 494 3420 554 quatuor
3449 489 3604 540 arie-

2014 588 2096 631 tes
2124 577 2301 632 occidi
2324 576 2475 637 fecit,
2501 585 2556 629 et
2583 574 3232 644 parariepulasomnibus
3252 575 3445 630 vicinis
3466 575 3606 641 suis,

2010 669 2340 738 cunctisque
2370 667 2585 721 amicis.
2620 668 2685 721 Et
2719 667 2990 735 adjuravit
3024 665 3226 735 Raguei
3262 666 3514 731 Tobiam,
3546 677 3609 722 ut

2013 761 2153 815 duas
2188 758 2565 813 hebdomadas
2601 768 2915 812 moraretur
2946 757 3089 827 apud
3121 771 3202 812 se.
3238 757 3313 812 De
3346 758 3610 815 omnibus

2012 863 2218 919 autem,
2259 868 2382 921 qua:
2414 851 2730 921 possidebat
2782 850 2985 921 Raguel
3014 890 3029 915 ,
3076 849 3362 904 dimidiam
3393 861 3608 920 partem

2015 946 2164 1001 dedit
2194 944 2379 999 Tobiae
2417 961 2430 1001 :
2458 952 2513 999 et
2540 944 2669 998 fecit
2716 943 2844 1016 [ΑΙ.
2877 944 3006 997 add.
3039 941 3220 1015 hanc]
3253 942 3607 1013 scripturam,

2018 1049 2077 1092 ut
2103 1052 2228 1107 pars
2257 1037 2504 1102 dimidia,
2531 1051 2652 1106 qua:-
2675 1045 2965 1105 supererat
2995 1043 3121 1105 post
3147 1034 3361 1090 obitum
3386 1048 3606 1099 eorum,

2018 1129 2204 1185 Tobiae
2228 1130 2473 1182 dominio
2501 1128 2805 1183 dei-eniret.

2089 1219 2248 1292 [Cap.
2283 1218 2399 1291 lX.]
2425 1220 2580 1273 'l‘uuc
2600 1222 2819 1274 vocavit
2848 1220 3050 1276 Tobias
3111 1222 3366 1292 angelum
3425 1225 3491 1278 ad
3520 1239 3606 1288 se,

2017 1329 2179 1383 quem
2210 1313 2431 1382 quidem
2464 1313 2742 1367 hominem
2775 1312 3153 1380 existimabat,
3198 1314 3449 1386 dixitque
3495 1318 3547 1373 ei
3582 1331 3600 1372 :

2016 1402 2210 1461 A'zaria
2241 1405 2429 1467 frater,
2463 1412 2592 1473 peto
2629 1413 2689 1458 ut
2717 1406 2998 1459 auscultes
3027 1404 3192 1460 verba
3234 1421 3378 1461 mea.

2090 1494 2146 1551 Si
2177 1510 2264 1549 me
2296 1494 2476 1565 ipsum
2508 1494 2722 1549 tradam
2759 1495 2857 1549 tibi
2890 1510 3132 1563 servum,
3166 1510 3274 1551 non
3300 1513 3399 1553 ero
3420 1501 3608 1554 condi-

2020 1605 2161 1660 gnus
2194 1589 2561 1658 providentiae
2591 1602 2713 1644 tute.
2744 1588 2951 1643 Tamen
2983 1589 3222 1645 obsecro
3257 1601 3333 1653 te,
3369 1600 3426 1644 ut
3449 1608 3607 1646 assu-

2024 1696 2139 1735 mas
2173 1681 2194 1711 ⁸
2230 1681 2325 1735 tibi
2353 1680 2609 1734 animalia
2644 1681 2761 1735 sive
2802 1680 3046 1743 servitia,
3084 1691 3138 1735 et
3169 1681 3334 1736 vadas
3374 1683 3441 1735 ad
3498 1684 3607 1737 Ga-

392 1775 689 1844 Surgeiites
728 1782 912 1828 autem
948 1775 1171 1844 pariter,
1228 1775 1499 1831 instanter
1531 1779 1763 1832 orabant
1790 1794 1908 1832 am-
1947 1769 1987 1823 Β
2020 1775 2200 1827 belum
2242 1773 2295 1826 in
2338 1771 2517 1840 ﬁnges
2548 1772 2822 1826 civitatem
2858 1772 3170 1836 Medorum,
3220 1775 3530 1844 reddasqiie
3551 1777 3605 1830 ei

316 1866 392 1919 bo
424 1867 613 1930 simul,
648 1880 708 1921 ut
738 1867 945 1923 sanitas
976 1869 1203 1922 daretur
1233 1869 1330 1923 eis.
1377 1869 1632 1940 Dixitque
1662 1868 1864 1926 Tobias
1891 1885 1906 1925 :

316 1960 548 2014 Domine
597 1960 741 2015 Deus
796 1971 1009 2029 patrum
1063 1969 1419 2023 nostrorum,
1470 1962 1796 2019 benedicant
1857 1974 1908 2019 te

317 2053 445 2107 cceli
499 2062 550 2105 et
591 2064 772 2114 terrre,
813 2068 1075 2122 mareque
1108 2062 1162 2107 et
1199 2052 1395 2119 fontes,
1450 2066 1506 2109 et
1561 2054 1807 2121 ﬂumina,
1856 2066 1909 2110 et

317 2161 514 2199 omnes
545 2155 812 2199 creatura:
850 2156 954 2221 tua:
992 2161 1117 2215 qua:
1165 2145 1219 2200 in
1268 2147 1351 2201 eis
1395 2156 1545 2200 sunt.
1599 2146 1679 2201 Tu
1734 2146 1911 2201 fecisti

318 2240 490 2292 Adam
522 2240 589 2293 de
624 2239 756 2293 limo
797 2247 975 2301 terrae,
1013 2237 1329 2307 dedistique
1362 2238 1413 2294 ei
1441 2239 1773 2307 adjutorium
1808 2238 1911 2292 Ile-

320 2346 463 2385 vam.
497 2331 564 2385 Et
602 2346 769 2395 nunc,
804 2330 1052 2395 Domine,
1086 2339 1142 2384 tu
1177 2331 1307 2396 scis,
1351 2331 1478 2401 quia
1526 2347 1633 2385 non
1679 2332 1910 2386 luxuriae

316 2439 484 2479 causa
531 2425 742 2494 accipio
793 2438 1038 2478 sororem
1093 2438 1270 2477 meam
1314 2426 1623 2495 coiijiigem,
1671 2425 1765 2479 scd
1797 2426 1909 2480 sola

318 2516 659 2584 posteritatis
698 2515 1017 2578 dilectione,
1070 2513 1122 2568 iu
1167 2530 1273 2583 qua
1318 2515 1678 2570 benedicatur
1711 2531 1908 2574 nomen

319 2619 479 2660 tuum
514 2606 567 2660 in
608 2607 803 2660 saecula
834 2605 1182 2661 smculorum.
1223 2606 1365 2661 Dixit
1399 2622 1622 2676 quoque
1673 2608 1806 2661 Sara
1840 2611 1855 2640 ⁸
1890 2625 1906 2662 :

317 2696 580 2751 Miserere
608 2696 786 2759 nobis,
831 2696 1084 2759 Domine,
1115 2697 1377 2752 miserere
1412 2698 1596 2763 nobis,
1632 2708 1688 2754 et
1714 2715 1910 2756 conse-

319 2803 615 2845 nescamus
640 2789 798 2844 ambo
830 2788 1035 2858 pariter
1060 2789 1200 2844 sani.

389 2882 461 2936 Et
475 2880 676 2937 factum
700 2891 783 2936 est
808 2881 951 2936 circa
977 2881 1246 2949 pullorum
1275 2884 1771 2947 cantum,accersiri
1790 2884 1910 2952 jus-

315 2974 391 3028 sit
438 2972 641 3041 Raguel
691 2988 878 3027 servos
927 2986 1075 3036 suos,
1110 2984 1166 3028 et
1205 2974 1463 3029 abierunt
1498 2990 1623 3029 cum
1660 2992 1727 3030 eo
1766 2977 1909 3046 pari-

321 3078 428 3133 ter,
491 3076 550 3119 ut
623 3064 878 3119 foderent
924 3066 1260 3133 sepulcrum.
1315 3064 1539 3121 Dicebat
1583 3069 1782 3122 enim:
1831 3068 1907 3123 Nc

320 3158 465 3213 forte
494 3159 516 3189 ¹
549 3157 714 3212 simili
750 3157 912 3212 modo
943 3158 1192 3237 evenerit
1231 3157 1306 3218 ei.
1339 3172 1450 3228 quo
1476 3168 1532 3214 et
1556 3160 1767 3214 ceteris
1796 3161 1906 3216 illis

322 3258 534 3319 septem
568 3249 699 3304 viris
726 3248 817 3317 qui
849 3256 977 3302 sunt
1005 3248 1238 3318 ingressi
1268 3249 1334 3302 ad
1362 3264 1504 3303 eam.
1537 3247 1784 3319 Cumque
1814 3246 1933 3320 pa?

321 3350 537 3395 rassent
575 3339 800 3404 fossam,
830 3355 1090 3395 reversus
1127 3340 1331 3410 ﬂaguel
1361 3342 1431 3397 ad
1470 3357 1693 3397 uxorem
1726 3358 1906 3407 suam,

321 3434 458 3488 dixit
486 3433 536 3488 ei
574 3451 588 3487 :
624 3434 775 3487 Mitte
806 3449 967 3487 unam
1009 3449 1076 3488 ex
1113 3434 1326 3489 ancillis
1358 3434 1464 3489 tuis
1492 3476 1506 3500 ,
1560 3442 1614 3490 et
1648 3435 1833 3491 videat
1860 3436 1905 3491 si

321 3535 575 3580 mortuus
610 3534 713 3589 est,
747 3534 805 3579 ut
846 3524 1108 3595 sepeliam
1138 3540 1262 3581 eum
1298 3537 1592 3597 antequam
1625 3528 1908 3584 illucescat

319 3617 461 3672 dies.
514 3617 585 3671 At
628 3616 713 3670 illa
750 3616 898 3671 misit
936 3632 1099 3670 unam
1135 3632 1199 3672 ex
1248 3620 1464 3674 ancillis
1499 3620 1634 3675 suis.
1665 3621 1794 3689 Qua:
1826 3622 1907 3677 iii—

320 3724 504 3778 gressa
545 3709 877 3770 cubiculum.
929 3712 1129 3779 reperit
1156 3726 1251 3765 eos
1284 3711 1464 3767 salvos
1493 3723 1549 3769 et
1581 3713 1904 3780 incolumes,

322 3818 510 3857 seum
561 3803 766 3870 pariter
817 3802 1177 3857 dormientes.
1229 3803 1298 3859 Et
1350 3819 1589 3871 reversa,
1633 3808 1907 3862 nuntiavit

324 3895 528 3949 bonum
569 3892 825 3946 nuntium
875 3912 889 3947 :
927 3902 981 3947 et
1021 3894 1421 3951 benedixerunt
1462 3877 1773 3963 Dominum,
1801 3900 1908 3954 Ra-

323 3986 448 4054 guel
479 3984 735 4039 videlicet
767 3996 821 4038 et
846 3985 1000 4037 Anna
1036 3999 1174 4038 uxor
1203 3985 1347 4056 ejus,
1378 3996 1433 4042 et
1466 3988 1727 4045 dixerunt
1755 4010 1768 4045 ;
1802 3991 1906 4045 Be-

322 4078 629 4131 iiedieimus
680 4085 752 4139 te,
802 4073 1032 4131 Domine
1068 4077 1211 4132 Deus
1242 4060 1429 4147 Israel,
1461 4080 1589 4150 quia
1635 4097 1743 4136 non
1779 4098 1911 4137 con-

318 4167 465 4238 tigit,
514 4166 975 4236 quemadmodum
1034 4167 1363 4237 putabamus
1410 4170 1452 4225 ³.
1502 4170 1708 4229 Fecisti
1757 4174 1905 4229 enim

314 4261 609 4313 nobiscum
644 4258 1083 4311 misericordiam
1129 4270 1301 4328 tuam,
1337 4270 1391 4316 et
1423 4263 1705 4318 exclusisti
1744 4281 1771 4318 a
1807 4281 1908 4320 no-

314 4353 405 4405 his
436 4350 720 4404 inimicum
749 4362 1176 4419 persequentem
1205 4367 1324 4405 nos.
1353 4351 1613 4407 Misenus
1643 4371 1701 4408 es
1722 4368 1902 4409 autem

2011 1863 2441 1934 chirographum
2472 1873 2730 1926 suuiii,et
2754 1864 2988 1933 recipias
3018 1864 3087 1917 ab
3103 1878 3171 1917 eo
3204 1867 3524 1934 pecuniam,
3545 1877 3605 1922 et

2014 1971 2174 2026 roges
2225 1972 2351 2012 eum
2410 1956 2600 2011 venire
2664 1956 2731 2010 ad
2800 1958 3021 2027 nuptias
3064 1973 3233 2014 meas.
3293 1958 3413 2014 Scis
3453 1960 3602 2014 enini

2012 2049 2133 2118 ipse
2164 2050 2429 2119 quoniam
2458 2061 2715 2105 numerat
2745 2063 2902 2121 paler
2929 2065 3082 2105 meus
3123 2052 3284 2119 dies;
3347 2053 3391 2107 si
3424 2056 3606 2107 tarda-

2013 2153 2143 2193 vero
2174 2155 2279 2193 una
2303 2140 2391 2194 die
2418 2142 2566 2210 plus,
2594 2143 2953 2196 contristatur
2981 2140 3165 2196 anima
3192 2142 3332 2212 ejus.
3359 2142 3426 2197 Et
3451 2155 3603 2199 cirte

2013 2228 2167 2284 vides
2201 2233 2476 2300 quomodo
2514 2232 2791 2303 adjuravit
2822 2248 2908 2288 me
2940 2232 3146 2304 Raguel
3185 2234 3229 2301 ',
3255 2236 3418 2304 cujus
3445 2235 3603 2304 adju-

2024 2332 2340 2376 ramentum
2374 2339 2637 2392 spernere
2667 2340 2775 2379 non
2817 2340 3064 2395 possum.

2090 2412 2241 2466 Tunc
2276 2412 2517 2483 Raphael
2550 2428 2841 2469 assumens
2872 2426 3110 2485 quatuor
3160 2432 3228 2472 ex
3281 2417 3457 2472 servis
3496 2417 3604 2473 Ra-

2012 2505 2209 2573 guelis,
2239 2516 2296 2559 et
2326 2506 2465 2561 duos
2492 2500 2755 2570 camelos,
2781 2509 2834 2562 iii
2876 2508 3053 2580 Reges
3084 2506 3365 2565 civitatem
3419 2510 3606 2568 Medo-

2016 2614 2133 2652 rum
2163 2599 2410 2668 perrexit
2446 2601 2464 2629 ⁷
2507 2617 2521 2654 :
2557 2611 2614 2655 et
2646 2601 2936 2656 inveniens
2960 2601 3248 2669 Gabolum,
3279 2606 3516 2661 reddidit
3548 2607 3601 2661 «εἰ

2012 2688 2440 2759 chirographum
2471 2705 2655 2755 suum,
2713 2700 2768 2747 et
2806 2692 3013 2759 recepit
3047 2693 3117 2747 ab
3149 2708 3218 2749 eo
3248 2710 3468 2749 omnem
3507 2713 3604 2766 pe-

2013 2784 2256 2848 cuniam,
2290 2784 2663 2853 indicavitque
2686 2786 2733 2838 ei
2772 2786 2841 2839 de
2863 2784 3036 2840 Tobia
3060 2787 3395 2854 ﬁlioTobiaz,
3411 2792 3599 2846 omnia

2013 2890 2135 2944 quae
2161 2885 2317 2945 gesta
2362 2886 2494 2931 sunt
2531 2878 2552 2908 '
2582 2892 2596 2929 :
2630 2875 2872 2947 fecitque
2897 2891 3054 2949 eum,-
3080 2893 3269 2934 secum
3305 2882 3494 2939 venire
3527 2884 3600 2938 ad

2014 2968 2254 3037 nuptias.

2090 3058 2341 3130 Cumque
2377 3062 2661 3131 ingrissus
2695 3071 2848 3117 esset
2877 3063 3101 3119 domum
3132 3066 3413 3138 Raguelis,
3438 3069 3598 3125 inve-

2019 3150 2350 3205 iiitTobiaiu
2389 3152 2827 3208 discumbenteui
2857 3170 2876 3209 :
2900 3162 2955 3208 et
3017 3158 3300 3222 exsiliens,
3359 3162 3598 3217 osculati

2009 3250 2132 3293 sunt
2170 3255 2228 3294 se
2261 3240 2495 3294 invicem
2524 3261 2534 3293 :
2564 3252 2619 3295 et
2675 3242 2823 3297 ﬂevit
2848 3242 3089 3300 Gabelus
3119 3247 3162 3311 ’,
3201 3248 3594 3321 beiiedixiiqne

2011 3331 2203 3398 Deum,
2238 3341 2292 3385 et
2319 3332 2459 3385 dixit
2503 3350 2517 3385 :
2568 3333 2863 3390 Beiiedicat
2905 3344 2957 3390 te
3008 3336 3155 3391 Deus
3216 3338 3406 3404 Israel,
3462 3344 3594 3410 quia

2013 3424 2154 3478 ﬁlius
2187 3440 2246 3479 es
2273 3425 2460 3495 optimi
2490 3426 2612 3489 viri.
2658 3436 2711 3481 et
2743 3427 2892 3497 justi,
2939 3438 2996 3483 et
3031 3430 3274 3486 timentis
3302 3432 3494 3497 Deum,
3535 3446 3594 3489 et

2008 3517 2381 3589 eleemosyinis
2423 3518 2671 3575 facientis
2700 3536 2715 3575 :
2747 3531 2801 3575 et
2833 3522 3049 3576 dicatur
3084 3524 3397 3581 benedictio
3421 3542 3609 3602 super.

2010 3626 2235 3663 uxorem
2273 3620 2443 3675 tuam,
2481 3623 2535 3667 et
2560 3628 2725 3682 super
2757 3628 3011 3682 parentes
3046 3626 3283 3686 vestros,
3313 3628 3367 3675 et
3406 3622 3591 3677 videa-
3676 3646 3679 3647 ν

2011 3705 2082 3758 tis
2115 3704 2254 3758 ﬁlios
2287 3718 2520 3771 vestros,
2555 3716 2609 3760 et
2643 3708 2782 3763 ﬁlios
2807 3708 3045 3764 ﬁliorum
3076 3723 3388 3767 vestrorum
3414 3731 3588 3786 usque

2011 3797 2303 3851 iiitertiam
2351 3809 2406 3852 et
2458 3810 2706 3869 quartam
2779 3802 3234 3869 generationem:
3274 3815 3331 3861 et
3375 3809 3447 3862 sit
3500 3824 3589 3862 se-

2011 3904 2134 3944 men
2168 3890 2211 3921 ¹⁰
2244 3901 2482 3946 vestrum
2513 3892 2860 3947 benedictum
2887 3909 2917 3948 a
2958 3894 3071 3950 Deo
3101 3895 3288 3961 Israel,
3342 3899 3436 3968 qui
3505 3917 3592 3953 re.-

2012 3998 2143 4057 gnat
2178 3988 2230 4039 in
2261 3985 2456 4041 szecula
2492 3986 2843 4043 saeculorum.
2902 3986 3151 4059 Cumque
3187 4006 3380 4048 omnes
3419 3994 3592 4049 dixis-

2011 4090 2155 4143 sent,
2221 4080 2419 4144 Anien,
2498 4087 2856 4135 accesserunt
2931 4082 2997 4136 ad
3077 4084 3440 4140 convivium:
3487 4089 3584 4142 sed

2010 4184 2207 4225 etcum
2252 4172 2447 4227 timore
2483 4172 2699 4226 Domini
2731 4173 3047 4243 nuptiarum
3087 4177 3401 4232 convivium
3426 4195 3579 4233 excr-

2011 4264 2229 4317 cebaiit.

2083 4357 2240 4429 [ϐαρ.
2275 4355 2312 4409 Χ
2347 4356 2528 4428 ]Cum
2559 4373 2688 4413 vero
2730 4374 2911 4415 moras
2942 4360 3143 4415 faceret
3172 4361 3392 4428 Tobias,
3428 4379 3525 4419 cau
3560 4380 3592 4423 a

313 4447 540 4499 duobus
575 4442 774 4496 unicis.
810 4440 916 4495 Fac
946 4458 1065 4505 eos,
1103 4442 1348 4502 Domine.
1388 4444 1603 4512 plenius
1636 4444 1655 4475 l'
1686 4446 1906 4501 beiiedi-
1938 4461 1989 4520 ι)
2018 4451 2357 4519 nuptiarum,
2390 4449 2661 4504 sollicitus
2690 4459 2810 4503 erat
2842 4464 2997 4519 pater
3056 4453 3176 4522 ejus
3228 4453 3451 4522 Tobias,
3503 4458 3592 4511 di-

310 4553 444 4593 cere
484 4548 536 4589 te
587 4555 600 4588 :
636 4546 690 4589 et
724 4536 1059 4591 sacriﬁcium
1105 4537 1200 4591 tibi
1236 4538 1411 4592 laudis
1444 4548 1549 4591 tua:
1584 4546 1638 4592 et
1675 4555 1789 4594 sua:
1822 4558 1907 4593 sa-

311 4632 511 4685 nitatis
556 4630 778 4691 oﬂerre,
832 4639 890 4683 ut
922 4640 1217 4697 cognoscat
1257 4631 1587 4684 universitas
1622 4632 1903 4700 gentium,

308 4723 442 4792 quia
483 4734 536 4774 tu
569 4736 629 4774 es
660 4720 799 4773 Deus
828 4720 977 4775 solus
1010 4722 1062 4773 iii
1098 4724 1351 4777 universa
1388 4732 1554 4774 terra.
1591 4721 1904 4791 Statimque

312 4816 576 4886 pneccpit
614 4816 789 4869 servis
838 4817 954 4868 suis
994 4812 1222 4882 Raguel,
1279 4823 1336 4867 ut
1373 4813 1646 4882 replerent
1679 4815 1902 4882 fossam,

308 4928 480 4981 quam
505 4909 769 4971 fecerant,
795 4910 1113 4976 priusquam
1140 4907 1496 4960 elucesceiet.
1525 4906 1690 4961 Uxori
1717 4918 1899 4962 autem

309 5021 426 5057 sua:
481 5003 641 5064 dixit,
698 5010 756 5053 ut
787 5003 1089 5053 instruciet
1123 4999 1457 5063 convivium,
1489 5009 1541 5052 et
1571 5013 1902 5069 praipai'aret

388 5158 406 5188 ‘
446 5156 677 5212 Palatio.
715 5169 818 5209 uis.
858 5170 982 5209 eum
1026 5154 1291 5224 Vulgatis,
1324 5153 1468 5207 Dixit
1508 5156 1682 5225 itaque
1722 5155 1895 5223 Sara,

386 5302 406 5332 ⁸
432 5298 567 5352 Illud
593 5299 727 5366 forte
760 5296 988 5350 Palatio.
1022 5311 1126 5350 ms.
1161 5304 1326 5351 tacet.

387 5368 407 5396 ³
442 5373 605 5422 Addit
638 5374 784 5421 idem
827 5384 929 5420 uis.
959 5368 1048 5420 hic
1076 5369 1243 5420 nobis.

382 5442 405 5470 ⁸
431 5441 539 5492 Ms.
584 5438 861 5490 Palatinus
898 5438 964 5488 In
993 5440 1219 5505 plenius.
1277 5438 1447 5493 Paulo
1489 5447 1614 5506 post
1642 5454 1744 5507 pro
1772 5441 1895 5492 tini-

306 5513 558 5572 veraitaa,
595 5512 739 5577 quod
778 5512 946 5561 nostri
974 5509 1176 5575 aliique
1195 5524 1388 5566 omnes
1411 5510 1532 5563 libri
1569 5512 1889 5578 restituunt,

310 5587 511 5638 vitiose
536 5583 743 5634 lectum
775 5588 859 5631 est
882 5595 911 5631 a
950 5579 1263 5635 Martiauaeo
1292 5581 1674 5636 universitatis.

380 5658 402 5685 ³
439 5651 626 5705 Nostri
660 5664 791 5703 mss.
816 5648 1045 5703 Obsecro
1078 5658 1132 5700 ut
1164 5666 1364 5712 sumas,
1393 5653 1513 5705 sine
1542 5660 1613 5711 te,
1638 5661 1745 5706 etc.

383 5724 405 5755 ⁸
441 5722 593 5779 linus
624 5720 856 5775 Palatin.
889 5736 991 5774 uis.
1024 5722 1296 5785 Quomoao
1322 5721 1527 5792 ﬂagitet
1578 5722 1889 5790 conjuiave-

2011 4558 2141 4597 cens
2172 4560 2186 4596 :
2222 4543 2386 4597 Putas
2421 4559 2591 4611 quare
2623 4555 2868 4597 moratur
2901 4545 3044 4600 ﬁlius
3072 4563 3247 4609 meus.
3277 4560 3371 4602 aut
3422 4567 3593 4618 quare

2009 4634 2264 4689 detentus
2290 4634 2513 4688 estibi?
2556 4634 2793 4691 Putasne
2826 4634 3067 4689 Gabelus
3117 4643 3366 4691 mortuus
3398 4648 3503 4705 est,
3537 4651 3588 4694 et

2010 4740 2172 4779 nemo
2206 4726 2401 4781 reddet
2431 4726 2505 4779 illi
2534 4727 2873 4796 pecuniam?
2926 4726 3108 4797 C(epit
3164 4738 3349 4783 autem
3387 4734 3591 4785 contri-

2008 4821 2143 4874 stari
2176 4818 2343 4872 nimis
2376 4817 2515 4887 ipse,
2542 4828 2598 4872 et
2653 4820 2811 4870 Anna
2875 4834 3014 4872 uxor
3070 4820 3193 4889 ejus
3220 4835 3344 4875 cum
3395 4836 3462 4876 eo
3492 4839 3505 4874 :
3536 4832 3589 4876 et

2008 4917 2297 4976 coeperunt
2322 4909 2485 4961 ambo
2515 4907 2679 4962 simul
2732 4908 2905 4962 ﬂere:
2940 4922 3007 4962 eo
3061 4909 3205 4978 quod
3255 4910 3345 4965 die
3380 4921 3589 4966 statuto

2008 5001 2232 5055 minime
2271 5009 2641 5056 reverteretur
2671 4999 2815 5055 illius
2848 5014 3040 5055 eorum
3103 5001 3173 5057 ad
3226 5017 3346 5057 eos.
3396 5002 3589 5057 Flebat

2004 5163 2070 5214 rit
2104 5177 2200 5213 me.
3118 5200 3119 5203 η

2078 5233 2094 5262 ⁷
2138 5232 2304 5285 Tacet
2329 5231 2471 5285 idem
2512 5248 2613 5285 ius.
2667 5230 2755 5283 hic
2797 5243 2983 5284 vocem
3016 5228 3304 5289 civitatem,
3343 5244 3578 5294 moxque

2003 5303 2187 5362 habet,
2217 5300 2283 5354 Et
2313 5305 2518 5355 veniens
2539 5304 2605 5354 ad
2629 5299 2905 5361 Gabolum,
2930 5300 3073 5352 dedit
3104 5300 3151 5352 ei
3174 5300 3577 5369 chirographum

1999 5390 2122 5442 pro,
2153 5370 2221 5425 Et
2244 5373 2512 5442 inveniens
2537 5373 2818 5436 Cabelum,
2851 5380 2958 5425 etc.

2069 5444 2091 5475 ⁸
2112 5445 2258 5497 ldeui
2298 5458 2399 5496 ms.
2426 5441 2558 5506 Qua:
2587 5444 2635 5494 ei
2656 5451 2799 5509 gesta
2822 5448 2967 5493 sunt.

2069 5516 2089 5545 '
2132 5515 2258 5565 Plus
2294 5513 2494 5567 iterum
2531 5508 2693 5566 habet
2724 5513 2864 5565 idem
2892 5526 3023 5565 mss.
3053 5508 3223 5569 Flevit
3251 5513 3430 5581 itaque
3460 5508 3543 5566 Ge

1996 5585 2162 5647 belus,
2199 5594 2335 5648 tum,
2361 5582 2646 5637 Benedicat
2682 5592 2730 5636 te
2769 5580 3022 5635 Dominus
3048 5582 3203 5644 Deus,
3230 5591 3340 5638 etc.

2074 5656 2114 5685 ¹⁰
2140 5656 2242 5709 Pro
2267 5670 2440 5709 semen
2468 5654 2523 5709 in
2550 5653 2798 5709 Palatino
2825 5668 2927 5707 ius.
2955 5664 3036 5708 cst
3054 5666 3266 5706 nomen.
