4050 6184
490 318 563 380 35

487 425 655 493 igitur
718 429 894 475 mater
954 420 1077 490 ejus
1136 419 1641 475 irremediabilibus
1710 422 2007 490 lacrymis‘

482 529 652 587 atque
691 517 911 570 dicebat
941 532 955 569 :
994 514 1104 568 lleu
1131 515 1144 567 l
1190 516 1293 567 heu
1323 515 1335 566 l
1383 529 1490 578 me,
1519 514 1593 566 ﬁli
1628 514 1722 577 mi,
1754 524 1814 567 ut
1842 513 1973 582 quid
2010 522 2062 569 te

488 610 745 663 misimus
777 606 1132 677 peregrinari,
1180 606 1364 659 lumen
1392 605 1679 660 oculorum
1726 615 2062 672 nostrorum,

482 706 736 760 baculum
767 703 1071 758 senectutis
1099 711 1323 765 nostrae,
1355 702 1468 755 sola
1484 702 1622 755 tium
1658 701 1786 755 vita:
1835 712 2061 767 nostrae,

482 810 633 865 spem
665 794 1001 865 posteritatis
1050 792 1283 846 nostris!
1326 792 1524 846 Omnia
1552 790 1717 846 simul
1756 792 1810 845 in
1871 801 1922 847 te
1955 807 2063 846 uno

485 891 777 953 habentes,
815 897 865 942 te
890 903 997 941 non
1026 886 1323 940 debuimus
1354 886 1632 940 dimittere
1666 901 1696 940 a
1730 885 1909 941 nobis.
1962 885 2062 940 (tui

483 984 697 1037 dicebat
731 982 929 1034 Tobias
960 993 975 1033 :
1008 980 1174 1042 Tace,
1204 989 1262 1034 et
1292 979 1404 1032 noli
1464 978 1699 1041 turbari,
1751 993 1923 1032 sanus
1978 986 2064 1032 est

486 1071 628 1124 ﬁlius
669 1079 855 1124 noster
885 1085 898 1122 :
932 1077 1066 1123 satis
1098 1068 1373 1122 ﬁdelisest
1394 1067 1477 1120 vir
1506 1066 1621 1131 ille,
1652 1082 1779 1121 cum
1814 1082 1924 1134 quo
1959 1068 2063 1120 nii—

485 1162 658 1215 simus
677 1176 828 1214 eum.
869 1160 962 1212 Illa
990 1170 1170 1213 autem
1209 1160 1358 1212 nullo
1383 1158 1546 1212 modo
1577 1159 1849 1212 consolari
1907 1167 2065 1227 pote-

487 1261 593 1311 rat.
618 1252 711 1304 sed
745 1251 995 1318 quotidie
1016 1249 1274 1303 exsiliens
1298 1248 1811 1317 circumspiciebat,
1846 1256 1904 1301 et
1952 1250 2063 1302 eir-

487 1343 672 1396 ruibat
734 1345 850 1395 vias
905 1355 1120 1400 omnes,
1206 1354 1303 1408 per
1379 1354 1515 1408 quas
1571 1353 1700 1407 spes
1782 1340 2064 1395 remeandi

487 1433 803 1495 videbatur,
838 1441 895 1484 ut
918 1430 1114 1500 procul
1144 1429 1363 1485 videret
1390 1445 1540 1494 eum,
1600 1429 1645 1484 si
1678 1430 1797 1484 fieri
1855 1440 2063 1498 pesset,

489 1524 823 1579 venientem.

559 1617 632 1668 At
676 1631 808 1669 vero
861 1615 1069 1685 Raguel
1126 1613 1345 1668 dicebat
1403 1614 1473 1667 ad
1531 1628 1795 1684 generum
1854 1628 2063 1675 suum:

488 1705 644 1759 Mane
679 1707 784 1768 hic,
821 1714 876 1759 et
901 1721 1002 1770 ego
1032 1706 1241 1758 mittam
1269 1707 1523 1761 nuntium
1573 1706 1770 1761 salutis
1811 1707 1878 1762 de
1909 1716 1963 1761 te
1990 1705 2057 1761 ad

1372 312 1429 374 S.
1478 310 1918 371 ΗΙΕΠΟΝΥΜΙ
1966 310 2236 374 θινιΝΑ
2281 304 2817 375 BIBLIOTHECA.

2046 462 2061 483 ν
2098 440 2133 484 Α

3680 310 3817 379 36-

2241 421 2395 477 Tune
2425 425 2782 492 pnecucurrit
2810 422 2981 486 canis,
3019 420 3111 493 qni
3148 420 3308 475 simul
3346 420 3466 476 fuer
3504 430 3523 477 t
3555 422 3607 477 iu
3633 424 3748 486 via,

2168 524 2222 567 et
2271 515 2427 582 quasi
2460 514 2687 569 nuntius
2726 514 3040 574 adveniens,
3079 512 3449 567 blandimento
3477 528 3589 567 sua:
3622 529 3749 567 eau-

2169 606 2253 660 dse
2287 606 2575 672 gaudebat.
2609 606 2672 661 Et
2704 619 3045 675 consurgens
3068 620 3247 658 Cil‘CilS
3280 613 3435 673 pater
3469 606 3608 677 ejus,
3639 623 3749 661 cm-

2166 701 2248 770 pit
2276 699 2563 755 offendens
2592 699 2827 769 pedibus
2862 714 3108 765 currere,
3129 711 3179 753 et
3202 701 3325 753 data
3362 716 3525 752 manu
3551 716 3747 769 puero,

2167 792 2413 847 occurrit
2445 792 2661 847 obviam
2701 792 2811 846 ﬁlio
2840 807 2959 846 suo.
3006 792 3072 846 Et
3121 791 3435 860 suscipiens
3468 792 3751 846 osculatus

2166 892 2252 939 est
2285 899 2409 940 eum
2437 900 2561 938 cum
2584 899 2886 939 uxnrcsua.
2907 891 3266 950 etcmperunt
3297 883 3460 936 ambo
3484 884 3612 935 ili-re
3643 901 3752 953 pne

2167 977 2389 1045 gaudio.
2426 975 2677 1045 Cumque
2716 977 3037 1029 adorassent
3060 974 3253 1035 Deum.
3289 983 3344 1028 et
3372 977 3577 1045 gratias
3610 978 3752 1047 θείς-

2167 1075 2317 1130 sent,
2349 1066 2739 1120 consederunt.

2238 1156 2390 1210 Tunc
2418 1171 2643 1209 sumens
2676 1155 2877 1210 Tobias
2908 1155 2974 1210 de
3012 1157 3135 1211 felle
3174 1157 3362 1226 piscis,
3392 1158 3573 1212 linivit
3610 1174 3746 1211 ocu-

2168 1250 2249 1303 los
2283 1250 2454 1317 patris
2482 1250 2564 1304 sui
2603 1250 2647 1303 '.
2692 1250 2758 1304 Et
2790 1250 3051 1304 sustinuit
3094 1254 3248 1319 quasi
3282 1251 3566 1304 dimidiam
3625 1252 3743 1305 fere

2166 1339 2355 1393 horam
2394 1350 2499 1394 :et
2549 1339 2717 1408 erepit
2779 1339 2978 1409 albugo
3038 1354 3104 1393 ex
3139 1341 3314 1393 Oi'ulis
3380 1341 3521 1407 ejus,
3594 1342 3747 1409 quasi

2168 1432 2484 1485 membrana
2513 1431 2622 1492 ovi,
2648 1430 2858 1500 egredi.
2896 1431 3067 1497 Quam
3095 1431 3517 1501 apprehendens
3546 1432 3752 1487 Tobias

2170 1522 2335 1576 traxit
2365 1523 2431 1576 ab
2470 1523 2643 1576 oculis
2682 1524 2833 1592 ejus,
2872 1524 3166 1592 statimque
3198 1524 3373 1577 visum
3421 1527 3645 1591 recepit.
3686 1524 3750 1578 Et

2167 1616 2544 1686 gloriﬁcabaut
2570 1618 2763 1679 Deum,
2823 1619 2939 1683 ipse
3005 1615 3279 1679 videlicet,
3320 1629 3374 1670 et
3414 1634 3551 1671 uxor
3606 1617 3747 1687 ejus.

2168 1717 2223 1761 et
2258 1722 2450 1761 omnes
2482 1708 2578 1775 qui
2624 1705 3045 1760 sciebanteum.
3098 1705 3436 1775 Dicebatque
3500 1707 3745 1762 Tobias:

487 1797 716 1851 Tobiam
750 1806 960 1867 patrem
993 1805 1168 1852 tuum.
1227 1796 1331 1852 Cui
1362 1796 1562 1851 Tobias
1595 1797 1674 1850 ait
1712 1815 1724 1852 :
1756 1796 1876 1867 Ego
1934 1796 2063 1851 novi
2093 1775 2140 1836 Β
2170 1798 2440 1855 Bcuedico
2465 1808 2535 1862 te,
2572 1797 2799 1852 Domine
2832 1798 2979 1851 Deus
3011 1797 3201 1862 lsrael,
3251 1802 3380 1868 quia
3420 1810 3474 1853 tu
3515 1800 3749 1871 castiga-

486 1889 621 1957 quia
651 1896 809 1955 pater
842 1902 996 1942 meus
1020 1897 1075 1943 et
1103 1898 1278 1942 mater
1310 1902 1430 1944 mea
1465 1887 1627 1942 modo
1657 1888 1784 1944 dies
1838 1904 2067 1957 compu-

488 1991 630 2042 tant,
661 1991 716 2035 et
744 1982 1028 2035 cruciatur
1051 1981 1277 2050 spiritus
1304 1996 1495 2035 eorum
1531 1982 1586 2035 in
1624 1983 1777 2051 ipsis.
1811 1982 2066 2051 Cumque

490 2072 671 2126 verbis
754 2073 939 2127 multis
992 2080 1211 2141 rogaret
1271 2072 1481 2139 Raguel
1564 2072 1814 2137 Tobiam,
1872 2082 1928 2126 et
1976 2071 2069 2126 ille

488 2181 612 2219 eum
644 2165 789 2219 nulla
828 2165 1041 2219 ratione
1064 2164 1230 2220 vellet
1266 2164 1482 2224 audire,
1512 2165 1736 2217 tradidit
1766 2164 1817 2218 ei
1849 2164 2066 2221 Saram.

485 2269 544 2311 et
562 2257 845 2310 dimidiam
885 2265 1102 2324 partem
1129 2254 1312 2309 omnis
1342 2256 1662 2309 substantiae
1697 2268 1810 2309 ευεε
1844 2256 1895 2308 in
1928 2268 2065 2320 pue-

488 2352 586 2416 ris,
611 2350 663 2403 iii
695 2348 913 2419 puellis,
938 2349 994 2402 in
1020 2347 1345 2416 pecudibus,
1365 2346 1420 2402 in
1435 2347 1682 2411 camelis,
1702 2356 1757 2401 et
1783 2347 1834 2399 in
1861 2345 2066 2415 vaccis,

487 2452 545 2495 et
580 2442 632 2493 in
672 2441 905 2509 pecunia
936 2440 1105 2494 multa
1135 2456 1152 2496 :
1180 2448 1237 2493 et
1266 2438 1482 2493 salvum
1528 2450 1693 2507 atque
1739 2439 2064 2508 gaudentem

483 2534 840 2588 dimisiteum
880 2549 909 2585 a
931 2547 1013 2595 se,
1044 2531 1237 2585 dicens
1279 2546 1294 2583 :
1327 2530 1571 2600 Angelus
1604 2530 1818 2585 Domini
1841 2538 2067 2584 sanctus

487 2630 563 2684 sit
593 2628 647 2681 iu
684 2627 887 2681 itinere
923 2634 1129 2690 vestro,
1164 2625 1541 2694 perducatque
1574 2639 1673 2679 vos
1734 2622 2065 2689 incolumes,

484 2716 860 2772 etinveuiatis
898 2714 1082 2768 omnia
1111 2721 1262 2767 recte
1302 2713 1452 2768 circa
1505 2722 1764 2781 parentes
1830 2722 2067 2777 vestros,

485 2820 546 2862 et
577 2805 967 2862 videantoculi
996 2804 1104 2859 mei
1133 2804 1273 2861 ﬁlios
1308 2813 1522 2859 vestros
1573 2804 1897 2873 priusquam
1946 2818 2069 2856 mo-

486 2904 623 2956 riar.
679 2899 743 2953 Et
798 2895 1278 2967 apprehendentes
1342 2902 1606 2965 parentes
1666 2895 1828 2949 tiliam
1887 2909 2068 2960 suam,

488 2993 717 3047 osculati
750 3001 882 3045 sunt
939 3004 1082 3050 eam,
1149 2997 1205 3042 et
1239 2988 1572 3041 dimiserunt
1617 2987 1742 3041 ire:
1783 2996 2072 3041 monentes

486 3097 608 3136 eam
630 3081 904 3133 honorare
943 3093 1185 3141 soceros,
1236 3076 1474 3147 diligare
1534 3080 1819 3143 maritum,
1877 3093 2067 3147 regere

490 3174 774 3237 familiam,
798 3174 1112 3238 gubernare
1142 3169 1392 3233 domum,
1423 3177 1477 3223 et
1506 3184 1564 3224 sc
1608 3170 1780 3240 ipsam
1831 3172 2071 3241 irrepre-

491 3264 821 3319 hensibilem
854 3262 1144 3316 exhibere.

562 3355 720 3428 [Cup.
748 3353 866 3425 XL]
918 3354 1166 3422 Cumque
1223 3363 1663 3417 reverterentur,
1699 3366 2065 3423 pervenerunt

488 3450 558 3500 ad
589 3448 825 3509 Charau,
861 3461 984 3516 qua:
1010 3454 1097 3501 est
1127 3447 1179 3500 in
1218 3448 1401 3501 medio
1434 3447 1631 3500 itinere
1688 3458 1877 3501 contra
1914 3448 2071 3503 Nini-

492 3554 622 3601 ven,
653 3538 945 3593 undecimo
980 3534 1098 3601 die,
1127 3538 1373 3607 dixitque
1412 3541 1637 3607 angelus
1690 3556 1705 3593 :
1743 3540 1915 3593 Tobia
1950 3544 2060 3592 tra-

492 3637 598 3692 ter,
629 3628 744 3682 scis
789 3627 1253 3695 quemadmodum
1289 3628 1560 3697 reliquisti
1610 3639 1822 3698 patrem
1886 3640 2067 3684 tuum.

491 3720 548 3771 Si
589 3721 764 3787 placet
790 3718 978 3787 itaque
1022 3718 1144 3784 tibi,
1179 3726 1575 3788 praxedamus,
1631 3731 1686 3773 et
1726 3722 1869 3773 lento
1896 3724 2067 3792 gradu

489 3819 793 3879 sequantur
827 3810 931 3864 iter
993 3819 1241 3865 nostrum
1277 3810 1515 3875 familiae,
1582 3811 1743 3865 simul
1776 3827 1898 3866 cum
1941 3826 2072 3865 con-

486 3903 615 3972 juge
667 3912 780 3968 tua,
816 3911 1025 3957 etcum
1062 3901 1421 3957 animalibus.
1486 3903 1734 3974 Cumque
1797 3902 1899 3958 hoc
1954 3903 2073 3971 pla-

486 3997 702 4048 cuisset
762 4003 822 4050 ut
888 3994 1067 4059 irent,
1124 3994 1265 4049 dixit
1315 3994 1555 4064 liapliael
1641 3996 1707 4049 ad
1776 3995 2005 4050 Tobiam
2056 4012 2072 4049 :

492 4088 648 4142 Tolle
712 4097 892 4141 tecum
956 4101 1021 4141 ex
1089 4084 1216 4140 felle
1293 4088 1522 4157 piscis:
1595 4090 1703 4141 erit
1774 4090 2074 4158 enimjne-

492 4179 821 4233 cas-sarium.
894 4176 1043 4232 Tulit
1107 4179 1293 4248 itaque
1343 4176 1544 4234 Tobias
1586 4194 1654 4234 cit
1717 4178 1843 4235 felle
1869 4179 1983 4244 illo,
2016 4187 2075 4233 et

494 4269 778 4321 abierunt.

566 4360 723 4412 Anna
760 4367 945 4413 autem
1000 4358 1227 4415 sedebat
1271 4374 1432 4417 secus
1484 4360 1652 4423 viam,
1712 4362 1960 4431 quotidie
2017 4362 2072 4417 in

2171 1893 2242 1944 sti
2275 1905 2381 1955 me,
2411 1900 2468 1944 et
2504 1899 2562 1944 tu
2592 1890 2809 1945 salvasti
2841 1904 2927 1944 me
2970 1905 2986 1944 :
3022 1898 3078 1943 et
3115 1905 3244 1946 ecce
3297 1906 3397 1962 ego
3428 1890 3585 1946 video
3638 1894 3751 1948 To-

2170 1980 2311 2034 biam
2356 1980 2527 2035 lilium
2565 1996 2771 2035 meum.

2241 2073 2489 2143 Ingressa
2526 2081 2609 2129 est
2644 2073 2814 2127 etiam
2846 2082 2970 2141 post
3001 2081 3209 2143 septem
3258 2074 3379 2129 dies
3413 2074 3546 2130 Sara
3613 2092 3753 2131 uxor

2169 2162 2265 2216 ﬁlii
2289 2163 2429 2234 ejus,
2464 2175 2521 2218 et
2542 2164 2724 2218 omnis
2754 2162 2959 2217 familia
3002 2172 3238 2228 sana,et
3289 2180 3509 2235 pecora,
3550 2176 3604 2219 et
3660 2183 3755 2220 ca-

2170 2252 2320 2315 meli,
2355 2262 2412 2307 et
2455 2253 2689 2322 pecunia
2720 2254 2887 2306 multa
2913 2255 3137 2321 uxoris;
3168 2256 3260 2308 sed
3295 2264 3351 2309 et
3377 2255 3469 2309 illa
3498 2258 3750 2323 pecunia,

2169 2359 2333 2413 quam
2372 2354 2658 2413 receperat
2688 2359 2717 2397 a
2750 2344 2957 2399 Gabelo
2995 2357 3015 2401 :
3062 2356 3120 2399 et
3149 2347 3391 2400 narravit
3437 2348 3753 2417 parentibus

2169 2435 2286 2488 suis
2319 2434 2505 2487 omnia
2550 2434 2819 2489 beneﬁcia
2852 2436 2973 2500 Dei,
3011 2452 3131 2506 quae
3170 2436 3390 2492 fecisset
3424 2440 3569 2494 circa
3621 2455 3750 2495 eun.

2170 2539 2268 2591 per
2298 2524 2575 2580 hominem
2606 2525 2697 2595 qui
2720 2542 2849 2581 eum
2866 2529 3118 2583 duxerat.
3140 2528 3527 2599 Veneruntque
3547 2533 3753 2586 Acliior

2168 2625 2223 2671 et
2252 2617 2460 2672 Nabath
2491 2620 2807 2673 consobrini
2834 2620 3041 2687 Tobize,
3077 2621 3377 2693 gaudentes
3400 2623 3469 2677 ad
3497 2623 3750 2689 Tobiam,

2170 2720 2223 2763 et
2257 2712 2706 2781 congratulantes
2737 2712 2786 2765 ei
2825 2710 2894 2767 de
2916 2713 3173 2769 omnibus
3205 2715 3387 2780 bonis,
3444 2733 3566 2787 quae
3599 2721 3748 2772 circa

2170 2802 2324 2857 illum
2349 2802 2667 2858 ostenderat
2695 2804 2862 2861 Deus.
2896 2804 2963 2858 Et
2987 2820 3085 2875 per
3118 2819 3327 2877 septem
3371 2809 3487 2865 dies
3517 2813 3751 2882 epulan-

2172 2901 2275 2956 tes,
2303 2908 2495 2948 omnes
2528 2909 2652 2949 cum
2675 2897 2873 2966 gaudio
2903 2912 3098 2969 magno
3142 2901 3313 2970 gavisi
3350 2914 3501 2959 sunt.

2244 2982 2403 3056 [ϐαρ.
2436 2984 2583 3059 ΧΙΙ.]
2621 2985 2776 3041 Tunc
2837 2991 3050 3043 vocavit
3102 2992 3169 3046 ad
3201 3006 3261 3047 se
3295 2991 3522 3048 Tobiam
3576 2993 3748 3052 tilium

2170 3090 2352 3140 suum,
2383 3077 2628 3146 dixitque
2656 3079 2704 3132 ei
2737 3089 2752 3132 :
2780 3078 2929 3144 Quid
2992 3096 3284 3151 possumus
3329 3094 3457 3142 dare
3511 3090 3629 3144 viro
3657 3091 3751 3145 isti

2174 3180 2386 3233 sancto,
2424 3170 2518 3238 qni
2549 3172 2701 3225 venit
2732 3173 2951 3226 tecum?
2982 3171 3345 3245 ReSpondens
3374 3178 3755 3247 Tobias,tﬁxit

2174 3259 2311 3330 patri
2375 3273 2515 3313 suo:
2558 3260 2738 3326 Pater,
2803 3278 2968 3332 quam
3024 3271 3331 3328 mercedem
3375 3272 3627 3329 dabimus
3662 3275 3754 3329 ei?

2169 3360 2264 3403 aut
2290 3352 2418 3419 quid
2453 3352 2679 3423 dignum
2719 3360 2918 3423 poterit
2979 3373 3103 3414 esse
3131 3360 3414 3418 beneficiis
3470 3365 3633 3435 ejus?
3669 3367 3753 3421 Me

2171 3443 2326 3498 duxit
2351 3442 2648 3502 et'reduxit
2702 3463 2922 3515 sanum,
2958 3456 3242 3520 pecuniam
3306 3471 3335 3508 a
3378 3456 3583 3513 Gabelo
3632 3460 3752 3530 ipse

2172 3536 2403 3607 recepit,
2432 3555 2660 3594 uxorem
2692 3541 2812 3612 ipse
2853 3559 2940 3598 me
3002 3544 3203 3603 habere
3242 3550 3394 3616 fecit,
3444 3563 3498 3606 et
3551 3554 3755 3607 damm-

2172 3633 2324 3685 nium
2359 3634 2428 3688 ab
2458 3650 2520 3688 ea
2550 3636 2665 3703 ipse
2706 3642 3067 3709 compescuit,
3109 3645 3371 3713 gaudium
3423 3650 3751 3719 parentibus

2171 3722 2294 3789 ejus
2326 3722 2455 3777 fecit
2497 3725 2543 3787 ³,
2592 3742 2679 3780 me
2707 3727 2885 3795 ipsum
2940 3746 2970 3785 a
3035 3731 3388 3789 devoratione
3436 3737 3606 3805 piscis
3638 3738 3754 3792 eri-

2173 3813 2313 3879 puit,
2339 3820 2391 3868 te
2419 3829 2637 3884 quoque
2665 3817 2850 3873 videre
2879 3818 3006 3875 fecit
3067 3822 3250 3877 lumen
3286 3825 3434 3891 cmli,
3470 3836 3527 3880 et
3591 3828 3752 3883 bonis

2174 3903 2437 3958 omnibus
2462 3920 2561 3974 per
2593 3922 2719 3961 eum
2760 3912 2953 3980 repleti
2993 3928 3207 3969 sumus.
3241 3916 3381 3981 Quid
3418 3918 3494 3972 illi
3532 3922 3598 3973 ad
3634 3922 3754 3978 hac

2174 3994 2479 4061 poterimus
2512 3996 2737 4067 dignum
2781 3998 2955 4055 dare?
2980 4000 3084 4057 Sed
3117 4014 3243 4072 peto
3281 4014 3352 4073 te,
3377 4019 3531 4077 pater
3563 4011 3659 4073 nti,
3696 4021 3754 4066 ut

2176 4100 2333 4155 roges
2356 4103 2504 4153 eum,
2543 4089 2587 4143 si
2625 4089 2768 4146 forte
2798 4091 3119 4162 dignabitur
3145 4098 3493 4153 medietatem
3528 4101 3595 4156 de
3633 4119 3754 4157 om-

2174 4178 2367 4246 nibus,
2405 4194 2528 4249 qua:
2553 4181 2715 4236 allata
2751 4194 2901 4250 sunt,
2935 4185 3044 4240 sibi
3077 4202 3385 4245 assumere.

2248 4270 2314 4324 Et
2345 4282 2603 4328 vocantes
2639 4290 2789 4339 eum,
2821 4286 2976 4345 pater
3028 4278 3243 4335 scilicet
3295 4295 3348 4336 et
3390 4282 3555 4351 ﬁlius,
3614 4285 3754 4340 tule-

2177 4372 2309 4417 runt
2341 4378 2466 4418 eum
2505 4367 2557 4418 iu
2606 4376 2817 4435 partem
2859 4379 2958 4423 :et
2994 4385 3186 4440 rogare
3217 4387 3525 4442 cmperunt,
3575 4389 3633 4431 ut
3664 4380 3750 4432 di-

494 4452 792 4519 supercilio
829 4451 1050 4516 montis,
1092 4453 1235 4505 unde
1268 4452 1544 4521 respicere
1577 4462 1796 4522 poterat
1855 4458 1921 4507 de
1949 4456 2071 4509 lon-
2106 4481 2150 4537 Β
2178 4466 2438 4527 gnaretur
2464 4456 2745 4512 dimidiam
2770 4470 2977 4528 partem
2998 4465 3269 4527 omnium,
3292 4482 3414 4536 qua:
3430 4469 3753 4535 attulerant,

502 4558 734 4612 ginquo.
772 4544 837 4597 Et
868 4544 996 4596 dum
1020 4557 1087 4596 ex
1119 4542 1309 4597 eodem
1367 4545 1486 4597 loco
1543 4546 1921 4612 specularetur
1976 4547 2075 4600 ad-

498 4643 717 4686 ventum
745 4633 887 4704 ejus,
914 4634 1050 4687 vidit
1077 4648 1108 4687 a
1140 4633 1325 4703 longe,
1351 4644 1407 4688 et
1433 4636 1579 4690 illico
1610 4638 1830 4707 agnovit
1854 4639 2077 4693 venien-

498 4738 606 4777 tem
647 4725 818 4777 lilium
858 4740 1022 4780 suum
1059 4741 1447 4797 :currensque
1485 4730 1760 4784 nuntiavit
1793 4730 1914 4785 viro
1948 4746 2072 4797 suo,

496 4816 686 4870 dicens
721 4816 903 4872 :Ecce
922 4819 1070 4873 venit
1111 4818 1260 4873 ﬁlius
1310 4829 1436 4873 tuus
1467 4835 1484 4877 :
1516 4820 1771 4891 Dixitque
1830 4821 2074 4893 Raphael

495 4909 562 4960 ad
600 4906 868 4961 Tobiam:
904 4909 974 4961 At
1002 4908 1094 4961 ubi
1126 4910 1403 4964 introieris
1429 4911 1651 4964 domum
1687 4922 1857 4979 tuam,
1890 4913 2074 4967 statim

495 4999 663 5053 adora
695 4999 988 5054 Dominum
1023 5002 1191 5055 Deum
1219 5012 1371 5056 tuum
1406 5014 1501 5058 :et
1530 5005 1736 5072 gratias
1791 5018 1959 5073 agens
2000 5004 2073 5067 ei,

494 5094 697 5148 accede
729 5094 794 5147 ad
825 5101 1035 5162 patrem
1077 5102 1256 5159 tuum,
1287 5105 1344 5149 et
1378 5095 1628 5151 osculare
1664 5110 1817 5151 eum.
1845 5094 2077 5151 Statim-

496 5200 604 5253 que
641 5185 737 5238 lini
770 5200 936 5254 super
992 5186 1191 5241 oculos
1237 5190 1361 5256 ejus
1397 5204 1464 5242 ex
1528 5187 1655 5241 felle
1716 5189 1823 5243 isto
1878 5189 2071 5257 piscis,

496 5278 642 5348 quod
676 5287 861 5347 portas
894 5286 1096 5334 tecum.
1127 5278 1281 5334 Scias
1320 5279 1469 5334 enim
1492 5281 1753 5351 quoniam
1786 5296 1912 5335 mox
1946 5296 2076 5349 ape-

499 5370 712 5422 rientur
761 5368 908 5424 oculi
944 5372 1088 5441 ejus,
1141 5381 1198 5425 et
1244 5370 1455 5424 videbit
1512 5380 1673 5440 pater
1722 5379 1848 5425 tuus
1889 5371 2072 5424 lumen

496 5463 643 5527 ouili,
677 5471 732 5516 et
763 5462 817 5515 in
848 5473 1075 5534 aspectu
1109 5472 1205 5517 tuo
1236 5462 1515 5532 gaudebit.

566 5597 674 5671 'Aln
712 5603 911 5671 eodem
968 5598 1476 5668 incomparabilibus
1526 5599 1729 5670 legitur
1791 5614 1891 5671 pro
1940 5601 2073 5653 irrc-

499 5669 882 5724 mediabilibus.
948 5724 951 5729 ,

566 5741 585 5769 ³
617 5740 734 5791 Duo
769 5755 900 5792 mss.
931 5738 1120 5794 Linivit
1150 5740 1324 5793 oculos
1353 5742 1496 5809 patri
1528 5757 1641 5794 suo.

2180 4558 2460 4619 acceptam
2493 4548 2715 4605 habere.
2760 4550 2915 4607 Tune
2959 4553 3096 4608 dixit
3120 4557 3202 4611 eis
3231 4558 3447 4614 occulte
3478 4571 3495 4613 :
3524 4561 3760 4616 Benedi-

2178 4641 2287 4696 cite
2336 4642 2507 4697 Deum
2567 4643 2716 4711 cadi,
2776 4655 2833 4699 et
2882 4662 3067 4702 coram
3121 4649 3377 4704 omnibus
3442 4654 3755 4712 viventibus

2178 4734 2514 4789 conﬁtemini
2550 4736 2623 4804 ei,
2660 4737 2785 4807 quia
2816 4737 2945 4794 fecit
2982 4741 3266 4796 vobiscum
3313 4745 3755 4805 misericordiam

2177 4841 2356 4881 suam.
2398 4827 2611 4882 Etenim
2648 4841 3054 4888 sacramentum
3087 4836 3232 4905 regis
3266 4816 3628 4897 abscondere
3664 4844 3760 4899 bo-

2178 4934 2307 4973 num
2337 4929 2466 4976 est:
2506 4936 2671 4992 opera
2722 4935 2907 4979 autem
2945 4923 3039 4981 Dei
3101 4929 3344 4984 revelare
3391 4941 3450 4987 et
3510 4933 3757 4992 conﬁteri

2177 5009 2541 5067 honoriﬁcum
2576 5023 2679 5070 est.
2738 5015 2886 5072 Bona
2914 5027 2999 5074 est
3037 5021 3216 5076 oratio
3257 5039 3380 5077 eum
3404 5026 3640 5096 jejunio,
3701 5045 3759 5087 et

2176 5105 2524 5176 eleemosyna
2548 5108 2720 5178 magis
2749 5124 2912 5179 quam
2937 5110 3227 5169 thesauros
3260 5116 3381 5171 auri
3408 5121 3709 5177 recondere
3741 5139 3756 5179 :

2176 5196 2447 5264 quoniam
2475 5198 2825 5270 eleemosyna
2857 5217 2889 5256 a
2915 5213 3099 5259 morte
3136 5205 3359 5268 liberat,
3392 5213 3466 5277 et}
3499 5210 3613 5279 ipsa
3638 5224 3755 5278 est,

2176 5302 2298 5356 quae
2320 5299 2518 5359 purgat
2557 5302 2809 5362 peccata,
2844 5302 2901 5347 et
2949 5293 3085 5350 facit
3124 5297 3371 5353 invenire
3428 5301 3749 5358 misericor-

2175 5379 2323 5431 diam
2350 5389 2406 5433 et
2431 5379 2598 5434 vitam
2620 5391 2911 5438 aeternam.
2956 5384 3059 5452 Qui
3090 5397 3272 5442 autem
3299 5389 3506 5445 faciunt
3546 5409 3745 5463 pecea-

2178 5479 2315 5535 tum,
2345 5480 2402 5525 et
2441 5472 2816 5543 iniquitatem,
2856 5477 3045 5535 hostes
3074 5489 3204 5536 sunt
3234 5481 3430 5538 animai
3483 5501 3617 5541 suae.
3644 5487 3757 5545 Ma-

2247 5606 2721 5699 ‘Ji‘tdditl’alatin.
2758 5616 2982 5699 iusaliic
3028 5619 3213 5689 tribus,
3269 5621 3381 5677 sive
3417 5621 3605 5693 habet,
3656 5647 3755 5699 pa-

2177 5684 2406 5733 rentibus
2442 5684 2556 5750 ejus
2584 5690 2751 5739 tribus
2790 5687 2936 5755 fecit.
