4050 6184
317 329 391 390 37
1680 328 1913 391 LIBER
1957 330 2229 391 TOB|:E.
3070 332 3073 333 ⁷
3511 328 3589 394 38

314 438 527 491 nil‘esto
552 451 683 505 ergo
724 434 877 491 vobis
928 436 1235 500 veritatem,
1280 445 1332 489 et
1374 453 1479 490 non
1506 437 1836 494 abscondam
1872 460 1900 495 a
1940 453 1976 503 Α
2010 457 2193 505 suum,
2220 450 2273 495 et
2307 451 2527 495 revocet
2553 441 2618 495 ad
2645 450 2695 495 te
2725 456 2914 496 omnes
2939 440 3205 511 captivos.
3242 451 3297 497 et
3344 445 3586 513 gaudeas

313 530 481 583 vobis
522 531 800 584 aconitum
874 542 1207 583 Sermonem.
1270 529 1503 595 Quando
1541 534 1739 585 orabat:
1776 549 1899 586 cum

316 621 600 691 lacrymis,
672 629 728 675 et
822 620 1127 689 sepeliebas
1193 630 1464 681 mortuos,
1540 635 1593 675 et
1661 624 1903 679 derelin-

315 716 533 783 quebas
565 712 852 783 prandium
892 724 1070 777 tuum,
1136 724 1193 767 et
1225 723 1475 769 mortuos
1526 716 1904 772 abscontlebas

316 824 421 874 per
452 806 596 859 dicm
630 807 686 860 in
729 806 896 859 domo
929 815 1045 869 tua,
1116 818 1171 859 et
1226 818 1384 861 nocte
1439 810 1748 877 sepeliebas
1786 826 1902 875 eos,

314 914 423 968 ego
454 898 622 951 obtuli
646 899 955 951 orationem
984 906 1133 951 tuam
1182 900 1436 953 Domino.
1496 901 1559 954 Et
1591 903 1715 969 quia
1749 918 1904 956 acce-

317 1001 453 1059 ptus
492 1005 613 1041 eras
646 989 782 1050 Deo.
821 1005 1051 1044 necesse
1100 991 1202 1043 fuit
1241 997 1300 1044 ut
1356 993 1588 1045 tentatio
1650 997 1905 1060 probaret

320 1092 401 1136 te.
450 1084 515 1136 Et
546 1098 690 1136 nunc
730 1082 883 1136 misit
926 1100 1013 1136 nte
1047 1084 1339 1144 Dominus.
1370 1092 1428 1137 ut
1456 1100 1706 1138 Curarem
1745 1096 1817 1149 te,
1850 1092 1905 1137 et

315 1176 516 1230 Saram
560 1192 782 1229 uxorem
814 1177 908 1229 ﬁlii
951 1177 1028 1230 ttti
1069 1192 1097 1230 a
1129 1178 1398 1231 daemonio
1442 1179 1757 1232 liberarem.
1795 1179 1904 1246 F430

315 1270 471 1322 enim
508 1285 625 1323 sum
657 1269 902 1337 Rapbael
927 1270 1181 1341 angelus,
1242 1285 1384 1323 unus
1411 1286 1475 1323 ex
1536 1281 1769 1340 septem,
1807 1271 1899 1338 qtti

319 1372 575 1413 astamus
601 1372 727 1414 ante
766 1361 1078 1414 Dominum.
1112 1362 1364 1430 Cumque
1415 1362 1532 1416 haec
1590 1363 1900 1426 audissent,

317 1453 528 1506 turbati
555 1463 706 1513 sunt.
737 1461 789 1505 et
845 1463 1138 1507 trementes
1169 1455 1491 1508 ceciderunt
1517 1470 1683 1519 super
1700 1465 1899 1508 terram

316 1546 377 1597 in
411 1545 605 1597 lat-ient
627 1559 802 1597 suam.
846 1544 1116 1613 Dixitque
1146 1547 1227 1600 eis
1256 1546 1487 1613 angelus
1527 1561 1541 1599 :
1568 1545 1678 1599 Pax
1723 1547 1899 1613 vobis,

318 1637 495 1690 nolite
524 1638 738 1689 timere.
772 1635 987 1690 Etenim
1020 1651 1145 1691 cum
1207 1652 1389 1691 essent
1431 1638 1741 1702 vobiscum,
1806 1656 1903 1708 per

316 1734 657 1781 voluntatem
690 1726 788 1781 Dei
812 1742 1001 1780 eram:
1046 1728 1221 1797 ipsum
1246 1729 1574 1790 benedicite,
1600 1740 1656 1783 et
1685 1740 1900 1786 cantate

316 1819 418 1872 illi.
454 1818 688 1873 Videbar
720 1822 945 1889 quidem
976 1822 1265 1875 vobiscum
1306 1822 1670 1887 manducare,
1712 1831 1770 1877 et
1822 1825 1900 1877 ιιι.
1934 1802 1972 1854 Β

316 1916 452 1970 bere
490 1927 505 1967 :
539 1916 634 1968 sed
666 1931 767 1985 ego
797 1916 922 1970 cibo
954 1916 1239 1981 invisibili,
1266 1926 1322 1971 et
1356 1927 1516 1985 potu,
1550 1919 1644 1987 qui
1705 1922 1773 1974 ab
1807 1920 1901 1974 ho-

316 2009 560 2061 minibus
599 2010 767 2061 videri
802 2025 909 2063 non
948 2020 1146 2078 potest,
1172 2020 1317 2063 utor.
1357 2011 1598 2081 Tempus
1633 2021 1717 2067 est
1765 2028 1899 2081 ergo

317 2111 375 2153 ut
411 2110 660 2155 revertar
691 2102 756 2154 ad
787 2118 939 2167 eum,
977 2103 1070 2170 qui
1100 2119 1184 2155 tne
1204 2104 1358 2157 misit
1393 2116 1534 2158 tros
1569 2114 1747 2158 autem
1800 2107 1899 2160 be-

316 2193 553 2247 nedicitc
581 2192 773 2256 Deum,
809 2204 864 2247 et
904 2204 1122 2249 narrate
1150 2195 1334 2249 omnia
1384 2196 1658 2250 mirabilia
1692 2199 1707 2228 ³
1754 2198 1894 2267 ejus.

314 2285 376 2338 Et
406 2302 531 2339 cum
562 2287 680 2340 ha'e
711 2288 961 2353 dixisset,
988 2289 1056 2340 ab
1078 2298 1304 2357 aspectu
1330 2304 1521 2342 eorum
1555 2291 1766 2344 ablatus
1788 2303 1891 2356 est,

311 2386 365 2427 et
395 2374 534 2427 ultra
575 2392 701 2430 eum
738 2379 920 2431 videre
944 2392 1048 2430 non
1089 2388 1402 2446 potuerunt.
1442 2378 1597 2434 Tunc
1631 2385 1890 2449 prostrati

310 2487 405 2540 per
466 2474 632 2526 horas
680 2482 794 2524 tres
839 2472 893 2524 in
944 2470 1164 2537 faciem,
1237 2471 1643 2528 benedixeruut
1696 2474 1888 2541 Deum;

308 2572 360 2617 et
428 2573 831 2634 exsurgentes,
892 2577 1269 2617 narraveruut
1361 2566 1545 2619 omnia
1617 2567 1887 2621 mirabilia

309 2659 456 2727 ejus.

377 2749 547 2820 [Cap.
584 2748 753 2820 Xlll.]
790 2748 1064 2818 Aper-iens
1100 2763 1282 2805 autem
1348 2751 1548 2805 Tobias
1603 2752 1790 2805 senior
1827 2768 1890 2807 os

306 2858 472 2895 suum
514 2843 794 2897 benedixit
850 2842 1164 2903 Dominum.
1231 2852 1289 2897 et
1340 2843 1473 2897 dixit
1508 2856 1525 2894 ε
1559 2842 1883 2912 Maguuscs,

305 2935 558 2993 Domine.
589 2936 642 2988 iu
672 2944 961 2999 :eternum,
1016 2947 1070 2989 et
1114 2935 1163 2989 in
1209 2936 1389 2988 omnia
1423 2935 1619 2988 saecula
1658 2952 1883 3005 regnum

304 3041 488 3091 tuum,
512 3028 773 3095 quoniam
800 3035 857 3079 tu
892 3027 1134 3095 ﬂagellas
1166 3036 1219 3079 et
1276 3024 1454 3079 salvas
1488 3038 1503 3078 :
1535 3026 1761 3080 deducis
1816 3025 1882 3079 ad

304 3122 529 3185 inferos,
568 3132 621 3175 et
650 3122 871 3175 reducis
912 3129 1013 3176 :et
1053 3136 1160 3174 non
1225 3128 1309 3174 est
1344 3121 1436 3189 qui
1498 3119 1724 3188 ell‘agiat
1773 3135 1887 3172 ma-
1913 3142 1954 3195 ο

302 3230 435 3266 num
462 3224 632 3266 tuam.
666 3212 1016 3267 Conﬁtemini
1060 3210 1314 3273 Domino,
1369 3210 1463 3265 ﬁlii
1509 3211 1697 3272 lsrael,
1734 3223 1790 3265 ct
1830 3214 1881 3264 itt

302 3315 602 3374 conspectu
659 3306 905 3373 gentium
984 3305 1203 3359 laudate
1238 3319 1364 3358 eum
1393 3320 1411 3359 ;
1441 3305 1699 3373 quoniam
1760 3304 1883 3357 ideo

302 3400 565 3467 dispersit
588 3414 687 3451 vos
720 3399 864 3451 inter
891 3410 1116 3466 gemes,
1168 3412 1289 3465 qute
1325 3397 1580 3466 ignorant
1639 3411 1787 3460 eum,
1824 3406 1883 3448 ut

304 3505 399 3539 vos
434 3488 707 3541 enarretis
741 3487 1012 3540 mirabilia
1055 3486 1198 3556 ejus,
1234 3493 1287 3539 et
1315 3484 1535 3538 faciatis
1577 3485 1718 3539 scire
1762 3500 1878 3548 eos,

297 3582 429 3648 quia
464 3592 687 3634 nonest
725 3581 868 3634 alius
916 3579 1058 3633 Deus
1111 3578 1462 3646 omnipotens
1499 3586 1695 3646 praeter
1730 3592 1877 3631 eum.

294 3673 419 3741 Ipse
447 3675 734 3743 eastigztvit
765 3683 1109 3741 nos-propter
1151 3671 1472 3739 iniquitates
1530 3680 1748 3723 nostras
1786 3680 1882 3723 :ct

292 3766 418 3834 ipse
478 3766 715 3819 satvabit
762 3778 861 3817 nos
937 3775 1160 3832 propter
1213 3761 1646 3817 misericordiam
1701 3778 1877 3815 suam.

291 3857 541 3923 Aspicite
580 3871 714 3921 ergo
755 3871 875 3923 qua:
912 3854 1396 3925 let-ituobiscum,
1445 3863 1497 3906 et
1528 3868 1652 3907 cum
1686 3852 1879 3908 timore

292 3959 351 4001 et
378 3960 615 4001 treuntre
647 3946 985 4000 mulitemiui
1015 3946 1089 4000 illi
1132 3962 1145 4001 :
1201 3961 1494 4016 regemque
1551 3946 1875 3999 seculorum

294 4040 536 4094 exaltate
570 4042 627 4093 itt
660 4040 924 4108 operibus
958 4041 1178 4093 vestris.
1226 4038 1340 4106 Ego
1369 4047 1551 4092 autem
1615 4038 1670 4092 in
1733 4048 1877 4091 terra

290 4134 628 4202 captititatis
688 4148 823 4186 mea:
884 4132 1185 4185 conﬁtebor
1214 4131 1289 4185 illi
1334 4146 1349 4184 :
1390 4130 1647 4199 quoniam
1694 4143 1877 4185 osten-

285 4225 369 4276 dit
403 4223 741 4291 tnajestatem
770 4236 926 4273 suam
962 4221 1017 4273 itt
1043 4228 1261 4286 gentem
1307 4221 1697 4288 peccatricem.
1733 4221 1877 4275 Cou-

288 4314 576 4369 vettituitti
626 4314 832 4381 itaque,
891 4321 1227 4381 peccatores,
1281 4320 1336 4365 et
1398 4310 1561 4365 facite
1605 4312 1874 4383 justitiam

286 4425 475 4463 coram
506 4407 635 4465 Deo.
654 4411 937 4461 credentes
960 4407 1103 4475 quod
1157 4406 1322 4462 faciat
1371 4406 1655 4462 vobiscum
1710 4408 1875 4462 mise-

2012 531 2063 583 itt
2111 532 2293 583 omnia
2318 532 2514 583 smcula
2537 533 2882 584 satculorum.
2912 531 3056 584 Luce
3089 532 3372 597 Splendida
3403 533 3583 600 lulge-

2010 623 2094 676 bis
2127 637 2141 674 :
2178 630 2230 676 et
2252 638 2441 676 omnes
2480 625 2615 677 lines
2655 633 2812 676 terrae
2847 622 3161 676 adorabunt
3193 638 3264 675 te.
3321 624 3584 678 Nationes

2006 729 2071 766 ex
2112 714 2410 783 longinquo
2443 715 2507 767 ad
2550 726 2600 770 te
2657 717 2878 769 venient
2912 730 2927 769 :
2981 725 3033 769 et
3072 731 3296 768 munera
3330 718 3584 770 deferen-

2010 817 2111 871 tes,
2142 808 2525 861 adorabuutin
2559 817 2612 862 te
2654 808 2969 869 Dominum,
3006 817 3061 862 et
3111 817 3313 861 terram
3350 817 3499 860 tuam
3528 812 3581 863 in

2006 898 2496 953 sanctiﬁcatimtem
2542 900 2843 954 habebunt.
2883 901 3090 954 Nomen
3129 901 3277 953 enim
3324 916 3581 969 magnum

2009 989 2340 1044 invocabunt
2399 991 2450 1044 in
2491 1000 2563 1043 te.
2596 991 2866 1045 Maledicti
2893 1000 3058 1045 erunt
3105 992 3197 1060 qui
3240 1001 3589 1059 contempse-

2010 1082 2119 1134 rint
2154 1090 2203 1136 te
2246 1099 2259 1134 :
2292 1091 2348 1136 et
2377 1083 2728 1137 condemnati
2763 1092 2927 1136 erunt
2964 1098 3158 1135 omnes
3190 1083 3283 1150 qui
3324 1081 3586 1151 blasphe-

2004 1172 2274 1226 maverint
2303 1183 2354 1226 te
2388 1190 2401 1225 :
2438 1174 2826 1241 benedictique
2867 1162 3037 1225 erunt
3062 1170 3152 1239 qui
3188 1170 3581 1224 tediﬁcaverint

2008 1275 2079 1319 te.
2109 1265 2187 1318 Tu
2216 1277 2397 1320 autem
2431 1266 2704 1321 laetaberis
2751 1268 2803 1320 it:
2833 1266 2957 1319 ﬁliis
2989 1266 3117 1329 tuis,
3163 1266 3422 1335 quoniam
3460 1280 3580 1318 om-

2007 1372 2102 1412 nes
2141 1358 2561 1423 benedicentur,
2588 1370 2644 1414 et
2671 1360 3158 1428 congregabuutur
3173 1359 3241 1411 ad
3262 1358 3578 1417 Dominum.

2008 1449 2156 1504 Beati
2187 1466 2381 1505 omnes
2414 1453 2506 1521 qui
2541 1453 2775 1523 diligunt
2814 1464 2885 1513 te.
2916 1460 2972 1505 et
3010 1456 3103 1521 qui
3135 1451 3376 1519 gaudent
3413 1466 3583 1518 super

2005 1558 2136 1611 pace
2172 1553 2286 1598 tua.
2314 1544 2509 1599 Anima
2545 1561 2687 1610 mea,
2715 1544 2943 1599 benedic
2973 1543 3287 1607 Dominum,
3318 1542 3580 1612 quoniam

2004 1633 2259 1688 liberavit
2302 1632 2602 1690 Jerusalem
2638 1638 2917 1691 civitatem
2973 1651 3127 1689 suam
3156 1652 3184 1688 a
3229 1636 3450 1689 cunctis
3485 1635 3584 1687 tri-

2004 1722 2381 1778 bulationibus
2420 1727 2538 1793 ejus
2590 1727 2854 1781 Dominus
2887 1728 3033 1780 Deus
3087 1735 3275 1780 ιιοδιυιδ
3310 1725 3348 1778 ⁵.
3386 1725 3583 1780 Beatus

2003 1832 2121 1880 ero,
2151 1819 2193 1871 si
2228 1818 2435 1872 fuerint
2492 1821 2736 1888 teliquiae
2766 1820 2991 1874 seminis
3050 1821 3154 1874 mei
3185 1821 3250 1872 ad
3285 1819 3578 1874 videndam

2002 1908 2301 1964 claritatem
2334 1910 2663 1966 Jerusalem.
2701 1913 2879 1967 Pot-tte
2901 1912 3202 1968 Jerusalem
3223 1928 3287 1967 ex
3312 1912 3576 1981 sapphiro

2001 2008 2056 2052 et
2083 2002 2372 2070 smaragdo
2407 2002 2828 2058 :ediﬁcahuntur
2859 2025 2871 2059 :
2916 2016 2969 2060 et
3012 2020 3078 2059 ex
3108 2005 3287 2074 lapide
3327 2007 3572 2074 pretioso

2000 2092 2179 2147 omnis
2207 2092 2471 2149 circuitus
2515 2112 2799 2151 murorum
2833 2097 2972 2167 ejus.
3011 2097 3089 2151 Ex
3123 2097 3305 2166 lapide
3334 2098 3572 2153 candido

1998 2194 2056 2238 et
2098 2188 2304 2240 mundo
2359 2203 2552 2242 omnes
2596 2189 2792 2257 plateae
2843 2192 2963 2259 ejus
3003 2198 3320 2247 sternentur
3350 2208 3365 2245 :
3398 2201 3453 2246 et
3476 2206 3575 2260 per

1999 2276 2148 2330 vicos
2202 2279 2320 2346 ejus
2377 2279 2594 2332 alleluia
2637 2283 2977 2335 cantabitur.
3012 2283 3345 2337 Benedictus
3385 2283 3574 2336 Domi-

1999 2384 2123 2434 nus,
2154 2373 2249 2440 qui
2278 2372 2539 2425 exaltavit
2569 2390 2714 2441 eam,
2756 2385 2812 2429 et
2862 2378 2936 2429 sit
2982 2391 3209 2446 regnum
3237 2377 3359 2447 ejus
3394 2376 3448 2429 in
3476 2393 3570 2430 sa:-

1995 2463 2114 2516 cula
2144 2464 2471 2518 szeculorutn
2498 2467 2517 2496 ⁸
2551 2482 2719 2536 super
2749 2482 2893 2522 eam.
2928 2471 3123 2523 Amen.

2067 2554 2223 2627 [Cap.
2255 2557 2423 2629 ΚΗΛ]
2463 2558 2531 2613 Et
2572 2562 2938 2615 consummati
2973 2573 3106 2617 sunt
3140 2577 3429 2621 sermones
3459 2564 3572 2619 To-

1993 2646 2117 2701 llite.
2152 2649 2219 2702 Et
2246 2658 2529 2718 postquam
2553 2651 2898 2708 illuminatus
2931 2664 3015 2707 est
3042 2654 3265 2721 Tobias,
3304 2657 3438 2711 vixit
3468 2674 3571 2712 au-

1992 2741 2077 2795 nis
2104 2744 2462 2813 quadraginta
2521 2745 2759 2811 duobus,
2814 2758 2868 2802 et
2925 2748 3061 2802 vidit
3111 2749 3249 2805 ﬁlios
3310 2764 3570 2820 nepotum

1989 2850 2236 2889 suorum.
2272 2836 2573 2905 (Jompletis
2617 2839 2798 2906 itaque
2837 2840 2996 2892 annis
3029 2852 3248 2894 centum
3270 2842 3486 2898 duobus
3523 2847 3569 2907 ⁸.

1987 2927 2236 2994 sepultus
2288 2936 2374 2979 est
2441 2928 2741 2981 honoriﬁce
2787 2930 2839 2982 in
2896 2930 3114 2984 Nittive.
3154 2932 3563 3004 Quinquaginta

1988 3031 2224 3085 namque
2270 3028 2321 3071 et
2356 3033 2449 3072 sex
2483 3034 2755 3073 annorum
2812 3019 3000 3076 lumen
3037 3025 3321 3078 oculorum
3352 3027 3560 3092 amisit,

1988 3108 2375 3176 sexagenarius
2405 3125 2532 3163 vero
2551 3111 2776 3178 recepit.
2814 3109 3110 3180 Reliquum
3140 3129 3270 3168 vero
3302 3117 3423 3169 vita:
3444 3133 3560 3174 sua:

1990 3199 2042 3252 in
2072 3201 2272 3269 gaudio
2302 3201 2425 3267 fuit,
2464 3212 2669 3257 etcum
2728 3205 2874 3260 bono
2910 3207 3167 3276 profectu
3220 3210 3433 3265 timoris
3469 3211 3564 3267 Dei

1986 3295 2224 3359 perrexit
2264 3295 2314 3347 in
2356 3310 2509 3361 pace.

2055 3386 2112 3439 lu
2148 3387 2279 3442 hora
2309 3398 2491 3443 autem
2520 3391 2713 3446 mortis
2751 3406 2865 3446 suae
2904 3394 3208 3448 vocavitad
3234 3412 3293 3452 se
3333 3398 3564 3455 Tobiam

1985 3478 2154 3533 ﬁlium
2190 3495 2371 3546 suum,
2403 3493 2457 3535 et
2502 3494 2714 3563 septem
2750 3484 2983 3553 juvenes
3002 3486 3142 3540 ﬁlios
3176 3490 3295 3559 ejus
3336 3505 3567 3560 nepotes

1984 3586 2137 3634 suos,
2190 3572 2438 3643 dixitque
2472 3578 2552 3630 eis
2582 3593 2595 3630 :
2625 3576 2803 3641 Prope
2843 3580 2952 3632 erit
3009 3580 3264 3635 interitus
3309 3583 3507 3640 Niuire
3542 3604 3561 3640 :

1984 3679 2092 3717 non
2122 3666 2266 3719 enim
2297 3668 2504 3721 excidit
2546 3670 2770 3722 verbum
2822 3670 3041 3725 Domini
3084 3689 3098 3724 :
3134 3684 3190 3727 et
3218 3677 3420 3731 fratres
3454 3696 3559 3733 tto-

1982 3745 2104 3821 stri,
2163 3759 2254 3826 qui
2293 3759 2524 3827 dispersi
2558 3772 2686 3815 Sunt
2739 3778 2765 3815 a
2804 3772 2948 3817 terra
2980 3764 3170 3829 Israel,
3206 3782 3559 3827 revertentur

1982 3850 2050 3903 ad
2084 3850 2632 3907 eatn.0tuuisaut-m
2668 3855 2881 3911 deserta
2914 3868 3061 3911 terra
3081 3861 3199 3928 ejus
3230 3863 3561 3933 replebitur,

1981 3958 2036 4000 et
2056 3949 2252 4003 donius
2277 3950 2392 4011 Dei,
2413 3967 2537 4019 qua:
2558 3952 2610 4004 in
2636 3967 2696 4006 ea
2721 3952 2942 4008 incensa
2965 3964 3065 4020 est,
3096 3958 3288 4009 iterum
3320 3962 3556 4016 reaedtﬁ-

1980 4038 2231 4094 cabitur:
2266 4040 2447 4110 ibique
2480 4052 2825 4097 revertentur
2854 4060 3047 4098 omnes
3076 4046 3332 4102 titnentc's
3356 4050 3555 4120 Deum,

1979 4143 2034 4191 ct
2069 4130 2385 4202 relinquent
2420 4144 2611 4201 gentes
2653 4133 2796 4187 idola
2842 4151 2965 4201 sua,
3008 4149 3061 4191 et
3118 4142 3339 4193 venient
3374 4143 3426 4195 ιιι
3460 4144 3554 4198 Je-

1980 4223 2240 4288 rusalem,
2270 4235 2327 4278 et
2356 4225 2747 4280 inhabitabant
2778 4229 2831 4282 in
2861 4242 2947 4290 ea,
2970 4239 3030 4284 et
3061 4232 3380 4299 gaudebunt
3404 4235 3455 4288 itt
3486 4252 3557 4291 ea

1978 4328 2169 4367 omnes
2200 4330 2353 4384 reges
2380 4328 2559 4377 teme.
2586 4322 2876 4372 adorantes
2916 4335 3097 4390 regem
3133 4323 3315 4378 Israel.
3351 4326 3557 4382 Audite

1976 4419 2128 4475 ergo,
2165 4405 2260 4460 lilii
2291 4407 2658 4485 mei,.patrem
2684 4418 2957 4463 vestrum:
3001 4410 3210 4464 Servite
3238 4412 3467 4470 Domino
3495 4418 3553 4473 in

287 4504 588 4556 ricortliaut
622 4515 795 4553 suam.
828 4500 1174 4570 Eguautem,
1222 4510 1279 4554 et
1305 4502 1486 4554 anima
1531 4517 1647 4556 mea
1702 4501 1757 4555 iu
1809 4518 1876 4557 eo
1907 4480 1952 4537 ο
1982 4496 2231 4557 veritate,
2266 4506 2322 4549 et
2359 4480 2643 4564 inquirite,
2691 4507 2748 4551 ut
2796 4498 3010 4554 faciatis
3040 4516 3160 4569 qua:
3189 4502 3387 4570 placita
3420 4516 3555 4563 sunt

284 4596 605 4650 lactahimur
624 4596 668 4647 ’.

364 4683 680 4739 Benedic-ite
736 4684 1026 4737 Dominum
1081 4697 1275 4739 omnes
1336 4683 1494 4738 electi
1546 4686 1687 4754 ejus,
1724 4686 1871 4755 agite

288 4778 413 4830 dies
444 4776 667 4837 Letitim.
718 4786 774 4830 et
830 4776 1164 4829 conﬁtemini
1203 4776 1304 4829 illi.
1341 4774 1642 4831 Jerusalem
1675 4777 1872 4833 civitas

291 4872 388 4924 Dei
424 4872 465 4933 ³,
500 4871 787 4938 castigavit
826 4879 878 4923 te
916 4870 1181 4922 Dominus
1224 4870 1280 4922 in
1312 4870 1577 4938 operibus
1608 4887 1870 4925 manuum

291 4972 539 5015 tuarum.
564 4960 840 5014 Conﬁtere
871 4960 1098 5014 Domino
1135 4963 1187 5013 in
1206 4961 1366 5015 bonis
1393 4963 1521 5025 tuis,
1555 4973 1609 5017 et
1642 4963 1874 5019 benedic

293 5053 467 5107 Deum
495 5054 848 5118 saeculorum,
886 5063 945 5106 ut
972 5052 1270 5107 t'eazdiﬁcet
1301 5054 1357 5106 in
1378 5064 1429 5108 te
1459 5054 1869 5109 tabernaculum

367 5213 383 5244 ⁸
413 5213 515 5267 Hic
580 5226 712 5268 vero
765 5225 954 5265 vocent
1003 5211 1204 5276 omnia,
1271 5209 1416 5264 idem
1467 5226 1571 5265 tus.

290 5287 486 5338 mittit.

360 5356 382 5383 '
412 5353 559 5407 Idem
588 5366 716 5417 ms.,
739 5357 798 5403 in
829 5349 1267 5405 Decimabimtn'.

358 5425 382 5455 ³
414 5425 540 5477 Plus
576 5426 736 5477 habet
775 5424 921 5476 idem
965 5437 1068 5476 ms.
1122 5420 1325 5474 Civitas
1368 5422 1462 5473 Dei
1494 5423 1674 5489 magni
1700 5424 1868 5475 casti-

290 5495 460 5561 garit,
501 5504 612 5547 etc.

360 5567 384 5595 δ
408 5566 593 5616 Solida
628 5563 740 5617 haec
767 5566 951 5627 verba,
982 5565 1020 5615 Α
1047 5565 1249 5616 cunctis
1293 5563 1717 5616 tribulationibus
1754 5565 1866 5632 ejus

272 5636 541 5699 pontium
572 5634 710 5687 Deus
741 5647 936 5693 uoster,
970 5649 1089 5702 qutr
1122 5639 1287 5687 etiam
1326 5642 1518 5687 abesse
1574 5638 1694 5686 sine
1731 5636 1863 5686 ret'ti

288 5723 487 5759 sensus
518 5706 809 5773 dispendio
848 5716 1099 5772 possunt,
1132 5705 1301 5757 Palat.
1343 5721 1442 5755 tus.
1474 5706 1820 5773 praeternnsit
1847 5722 1860 5767 ;

288 5784 464 5829 multo
496 5787 677 5830 autem
729 5780 885 5843 plura
911 5793 960 5827 ιιι
993 5776 1156 5830 llebt‘.
1196 5789 1248 5830 ct
1272 5776 1459 5830 b'rxco
1494 5778 1733 5829 textibus
1774 5778 1863 5828 lttc

1649 5222 1871 5281 praeter-

1978 4588 2055 4641 illi
2092 4605 2105 4641 :
2140 4598 2200 4641 et
2242 4587 2365 4642 ﬁliis
2398 4590 2596 4643 vestris
2619 4592 2874 4645 mandate
2905 4601 2967 4644 ut
3002 4595 3202 4647 faciant
3223 4596 3467 4661 justitias
3492 4608 3551 4652 et

1976 4681 2375 4750 clecmosyuas,
2420 4685 2611 4735 utsint
2660 4698 2930 4739 memores
2980 4685 3074 4739 Dei
3104 4699 3159 4740 et
3221 4689 3551 4744 benedicant

1976 4788 2099 4826 cum
2136 4774 2186 4826 itt
2220 4774 2365 4828 omni
2402 4786 2645 4841 tempore
2669 4775 2721 4828 in
2754 4776 3002 4841 veritate,
3024 4789 3081 4832 et
3110 4780 3162 4832 in
3202 4788 3315 4834 tota
3345 4783 3555 4838 virtute

1976 4880 2095 4918 sua.
2135 4865 2293 4919 Nunc
2326 4881 2483 4935 ergo,
2519 4868 2635 4930 lilii,
2682 4869 2869 4921 audite
2896 4884 3008 4935 me,
3043 4880 3099 4924 et
3129 4874 3296 4927 nolite
3331 4890 3552 4931 manere

1979 4957 2067 5011 hic
2101 4973 2114 5022 ;
2176 4959 2269 5011 sed
2311 4973 2641 5026 quacunque
2673 4959 2763 5014 die
2815 4962 3147 5030 sepelieritis
3184 4977 3414 5020 matrem
3455 4985 3552 5023 ve-

1976 5060 2143 5103 suam
2171 5053 2316 5104 circa
2359 5066 2444 5104 me
2501 5052 2555 5104 itt
2606 5066 2714 5105 uno
2767 5053 3044 5121 sepulcro,
3102 5070 3170 5109 ex
3214 5073 3281 5110 eo
3328 5059 3552 5129 dirigite

1973 5208 2081 5263 loci
2107 5209 2516 5264 desiderantur.

2046 5281 2067 5354 ξ’
2099 5279 2248 5333 idem
2271 5297 2387 5354 uis.
2421 5284 2565 5334 utsi:
2598 5296 2813 5350 regnum
2836 5285 3109 5352 cjugitttm
3144 5288 3331 5354 vettba,
3364 5290 3418 5342 in
3438 5304 3551 5343 sa:-

1972 5350 2093 5402 oula
2116 5351 2458 5414 stimulorum,
2492 5367 2598 5404 non
2625 5350 2892 5419 agnoscit.
2921 5364 2928 5377 '

2044 5421 2147 5497 ‘lu
2184 5427 2378 5497 eodem
2430 5438 2534 5475 tus.
2577 5433 2786 5497 centum
2841 5428 3137 5486 duodecim,
3187 5444 3286 5497 pro
3334 5437 3547 5480 caulam

1971 5492 2170 5545 duobus
2207 5494 2439 5557 legitur;
2487 5495 2691 5565 etenim
2746 5497 2880 5549 nihil
2934 5502 3002 5550 de
3032 5492 3311 5565 sepultura
3362 5499 3547 5551 'l’obta:

1974 5567 2194 5637 tradant
2233 5568 2349 5615 sive
2407 5564 2689 5627 ilebraaus,
2727 5567 2845 5620 sive
2896 5564 3119 5622 Gnaeus
3176 5579 3377 5631 textus,
3410 5570 3543 5637 quin

1972 5633 2155 5705 potius
2184 5634 2530 5705 istetantutn
2556 5638 2848 5705 nonaginta
2872 5653 2964 5690 se:
2992 5654 3167 5691 anno:
3203 5652 3325 5692 Vtitl:
3361 5633 3551 5693 'l'obta:

1976 5704 2191 5757 videtur
2218 5704 2482 5759 tribucre.
