3966 6184
370 315 440 383 19
1789 315 2209 379 ΡΒΕΕΑΤΙΟ.
2998 345 3002 349 ν
3546 311 3620 376 20

372 440 512 514 ipse
547 456 839 498 manuum
872 437 935 500 iu
981 439 1274 518 pleniore
1314 438 1535 506 a‘tera,
1576 453 1766 516 quam
1809 453 1954 498 cum
1987 438 2196 500 obclis
2225 445 2414 518 atque
2444 441 2771 504 asteriscis
2796 442 3153 504 adornavit.
3196 441 3618 515 Consequens

367 536 528 594 adeo
559 543 678 609 est,
714 543 904 613 atque
939 537 1231 607 evidens,
1269 550 1406 596 eam
1449 551 1593 613 quae
1643 532 2281 596 codice'Veronensi
2345 537 2740 610 continetur,
2775 545 2838 600 et
2890 557 3186 599 manuum
3221 534 3492 615 prail‘ert,
3530 532 3617 593 ita

372 631 611 691 nemini
652 633 907 692 obtrudi
972 648 1160 708 posse
1226 647 1338 709 pro
1400 630 1575 703 Itala,
1645 629 2056 708 autVulgata
2093 637 2330 698 Vetere,
2386 643 2456 693 ut
2507 634 2592 695 sit
2646 635 2837 696 etiam
2881 633 3390 712 Hieronymiana
3424 632 3620 691 altera

370 730 845 800 euiendatione,
868 728 1201 790 Gallicano
1237 729 1498 806 inquam
1531 725 1866 798 Psalterio,
1893 735 2086 805 atque
2121 730 2254 803 ipsa
2288 729 2551 808 Vulgata
2584 732 2888 794 hodierna
2917 731 3263 795 recentior.
3298 732 3388 790 Re
3423 729 3616 790 etiam

375 843 512 886 vera
541 845 618 888 ex
655 824 734 886 iis
762 826 936 888 locus
962 827 1081 886 iste
1114 833 1230 896 est,
1268 825 1509 903 quibus
1541 826 1620 886 ab
1652 824 2124 902 Augustiniana
2174 827 2556 886 recensione
2588 835 2808 889 noster
2841 828 3187 890 dissentit:
3220 825 3404 887 latuit
3436 822 3610 885 enim

375 923 586 998 ipsum
625 922 1066 1000 Augustinum
1104 939 1175 982 ea
1215 921 1429 994 lectio,
1465 921 1690 982 saltem
1745 936 1876 999 quo
1923 927 2214 996 tempore
2259 921 2571 997 psalmum
2609 922 2798 984 illum
2843 922 3202 996 enarrabat,
3242 937 3434 1000 quem
3470 932 3609 979 cun’
3656 989 3660 993 ,

374 1015 747 1076 Latinorum
779 1017 970 1094 vulgo
1008 1016 1183 1094 legit,
1221 1034 1294 1078 ac
1324 1017 1520 1078 ferme
1554 1016 1640 1078 ita
1671 1021 1866 1096 atque
1897 1016 2182 1078 Hilarius
2219 1026 2554 1095 pertentat.
2612 1019 2888 1082 Labores
2927 1020 3064 1098 (ait)
3115 1019 3438 1078 fructuum
3480 1023 3592 1077 tuo
3648 1006 3664 1072 ς

374 1131 515 1174 rum
548 1113 981 1174 manducabis.
1020 1113 1076 1174 0
1102 1133 1237 1184 vos,
1265 1132 1299 1172 ο
1325 1124 1420 1186 tu,
1444 1131 1553 1172 vos
1588 1112 1775 1172 multi
1815 1115 1923 1192 qui
1950 1131 2116 1174 unus
2156 1121 2326 1186 estis,
2374 1118 2628 1178 labores
2678 1116 3010 1179 fructuum
3048 1129 3308 1180 tuorum
3345 1113 3583 1175 mandu

371 1212 568 1270 cabis.
603 1208 800 1282 Quasi
827 1227 1124 1288 perverse
1152 1210 1400 1271 videtur
1435 1210 1640 1271 dicere
1671 1226 1798 1270 non
1837 1210 2334 1288 intelligentibus
2367 1235 2388 1274 :
2417 1212 2629 1275 debuit
2665 1217 2829 1274 enim
2881 1213 3113 1286 dicere,
3145 1214 3426 1294 fructum
3449 1209 3587 1270 laba

375 1325 511 1364 rum
541 1316 793 1366 tuorum
815 1306 1250 1368 manducabis.

460 1403 992 1479 l’oi-roejusmodi
1030 1405 1329 1480 exempla
1381 1403 1444 1464 in
1485 1403 1846 1466 Veronensi
1894 1407 2116 1468 codice
2177 1406 2300 1467 alia
2355 1409 2549 1469 multa
2605 1415 2782 1481 sunt,
2824 1414 3014 1485 atque
3045 1406 3261 1480 obvia,
3299 1421 3446 1483 qua)
3478 1418 3618 1481 pro-

374 1498 542 1560 ferre
573 1499 907 1578 sigillatim
971 1517 1098 1562 non
1141 1509 1342 1576 vacat,
1394 1511 1676 1580 suntque
1715 1503 1921 1564 obiter
1955 1502 2234 1564 indicata
2269 1503 2332 1564 in
2368 1503 2536 1564 notis
2571 1521 2586 1566 :
2619 1503 2906 1583 denique
2931 1505 2995 1563 in
3031 1503 3256 1564 oculos
3288 1500 3622 1562 incurrent

381 1595 432 1655 si
481 1612 628 1658 cum
664 1596 1047 1674 Hieronymi
1084 1598 1274 1672 epist.
1309 1599 1396 1658 ad-
1439 1599 1748 1660 Smniam
1800 1597 2230 1671 etFretelam,
2278 1600 2387 1659 ubi
2441 1599 2728 1678 quaedam
2790 1599 3134 1661 laudantur
3166 1596 3454 1674 Vulgata:
3485 1597 3627 1669 ejus

381 1692 617 1752 veteris
651 1693 988 1765 lectiones,
1050 1695 1418 1753 contendas.
1451 1693 1640 1768 Quod
1695 1693 1746 1756 si
1807 1694 2115 1754 nonnulla
2173 1705 2478 1774 superant
2523 1704 2729 1758 tamen
2764 1699 2830 1758 in
2874 1712 2951 1758 eo
3004 1696 3162 1756 libro
3219 1694 3431 1768 verba,
3480 1709 3628 1772 qum

387 1789 801 1848 vetustiorem
839 1788 1012 1848 illam
1050 1789 1412 1850 versionem
1449 1790 1803 1860 redoleant,
1862 1797 1929 1851 ut
1957 1799 2132 1860 sunt,
2167 1793 2540 1866 amarit-are,
2582 1794 2814 1870 ignire,
2885 1800 3077 1871 atque
3111 1790 3209 1852 his
3239 1790 3504 1862 similia,
3543 1805 3624 1849 ex

384 1883 486 1946 h's
521 1883 620 1947 illa
657 1891 832 1958 sunt,
867 1902 1012 1964 quae
1049 1902 1271 1946 recens
1305 1887 1680 1946 emendator
1711 1885 1990 1947 retinere
2023 1888 2225 1948 satius
2267 1890 2478 1962 duxit,
2514 1897 2575 1951 et
2609 1891 2671 1950 S.
2707 1890 2898 1951 etiam
2934 1888 3302 1966 Augustino
3334 1901 3623 1948 commo-

384 1982 630 2040 diorem
663 1998 925 2042 sensum
955 1982 1218 2054 referre,
1253 1999 1624 2062 quanquam
1663 1981 1879 2044 minus
1911 1983 2178 2047 fortasse
2214 1989 2458 2058 Latina,
2493 1987 2891 2048 viderentur.
2930 1985 3190 2063 Alioqui
3221 1986 3273 2046 si
3303 1985 3625 2062 conjicere

378 2078 532 2138 inde
575 2078 743 2150 licet,
779 2079 1156 2140 Versionem
1201 2081 1412 2140 Italam
1449 2097 1585 2140 eain
1653 2097 1820 2156 esse,
1857 2097 2002 2160 quae
2066 2083 2315 2160 propria
2350 2083 2592 2156 aliquot
2631 2084 2773 2160 ejus
2808 2082 2998 2144 verba
3049 2083 3355 2154 retineat;
3392 2080 3624 2140 Versio

379 2172 529 2234 Itala
563 2173 871 2236 hodierna
905 2192 1171 2254 quoque
1216 2177 1480 2252 Vulgata
1544 2185 1754 2238 nostra
1801 2177 2068 2240 dicenda
2125 2186 2244 2252 est,
2295 2195 2442 2256 qua)
2478 2194 2766 2255 magnam
2827 2185 3064 2256 partem
3099 2194 3177 2238 ex
3239 2177 3377 2256 ejus
3409 2175 3625 2237 verbis

379 2278 651 2344 constat,
715 2272 988 2332 maxime
1027 2287 1174 2332 vero
1231 2273 1605 2333 Psalterium
1670 2276 2051 2346 Romanum,
2107 2293 2221 2334 seu
2266 2275 2441 2352 prior
2491 2276 2855 2337 emendatio
2909 2274 3444 2353 Hieronymiana,
3484 2287 3629 2349 qua!

380 2364 570 2442 longe
605 2367 1020 2443 paucioribus
1054 2366 1209 2428 locis
1243 2387 1272 2428 a
1331 2375 1540 2429 vetere
1577 2369 1848 2430 lectione
1880 2369 2199 2432 abhorret.
2237 2372 2387 2432 Nam
2421 2371 2504 2433 ita
2557 2371 2820 2448 quidem
2871 2387 2992 2448 ego
3029 2370 3356 2444 existimo,
3387 2367 3452 2428 in
3511 2365 3630 2426 hac

383 2463 584 2539 magis
645 2480 836 2542 quam
883 2463 946 2523 in
989 2465 1281 2544 reliquis,
1317 2467 1454 2527 sive
1487 2466 1703 2535 editis,
1745 2465 1882 2528 sive
1916 2482 2064 2526 mss.
2105 2467 2498 2528 Psalmorum
2539 2467 2731 2529 variis
2763 2485 2842 2528 ex
2889 2469 3107 2532 Graeco
3143 2463 3627 2542 interpretatio-

331 2551 334 2554 ί
385 2557 574 2619 nibus
606 2559 818 2620 ltalam
857 2577 998 2621 esse
1027 2563 1505 2640 requirendam,
1539 2570 1730 2636 atque
1763 2579 1833 2623 ea
1864 2562 2119 2623 demum
2184 2579 2370 2640 posse
2411 2563 2668 2625 residua
2703 2563 2842 2641 ejus
2875 2562 3066 2625 verba
3097 2560 3249 2632 dici,
3282 2560 3351 2620 in
3384 2558 3627 2637 quibus

385 2655 688 2734 plet-aque
730 2657 942 2718 omnia
981 2659 1246 2719 aliarum
1283 2659 1716 2720 Ecclesiarum
1749 2658 2013 2736 antiqua
2074 2658 2377 2721 Psalteria
2417 2661 2833 2722 conveniunt.
2871 2661 3077 2722 Unum
3121 2677 3199 2720 ex
3245 2656 3345 2718 his
3380 2663 3474 2717 est
3507 2655 3629 2715 Ve-

382 2769 684 2826 ronense,
718 2761 948 2814 nostrae
980 2753 1172 2833 hujus
1207 2753 1508 2817 Ecclesia;
1540 2756 1765 2817 usibus
1789 2754 1968 2824 olim,
2001 2754 2238 2816 StBCUlO
2273 2763 2338 2815 ιιι
2373 2755 2630 2818 videtur
2660 2754 2959 2832 septimo,
2989 2755 3123 2815 sive
3156 2760 3337 2814 aetate
3376 2753 3627 2815 Cassio-

382 2849 546 2911 dorii
603 2851 1191 2924 accommodatum;
1235 2851 1340 2913 cui
1402 2852 1658 2930 quidem
1705 2868 1824 2931 ego
1866 2853 2101 2929 primas
2135 2851 2355 2914 defero
2417 2853 2500 2913 ob
2538 2851 2885 2913 lectionum
2951 2851 3626 2927 prmstantissimarum

381 2947 724 3024 delectum,
790 2965 1094 3010 versuum
1155 2949 1668 3021 distinctionem,
1729 2965 2178 3028 summamque
2243 2948 2615 3028 Antiquarii
2670 2948 2737 3009 in
2795 2964 2872 3009 eo
2916 2946 3342 3009 describendo
3380 2962 3624 3007 curam.

383 3043 583 3120 Spero
635 3044 826 3104 etiam
884 3061 1175 3122 magnam
1210 3044 1522 3106 initurum
1556 3063 1654 3106 me
1685 3061 1719 3106 a
1756 3045 1960 3106 doctis
2001 3046 2291 3124 gratiam,
2325 3045 2499 3124 quod
2564 3043 3093 3121 Hieronymianis
3132 3041 3564 3103 subnecterim
3608 3061 3622 3100 :

385 3155 592 3216 eoque
629 3139 828 3216 magis
866 3144 1034 3218 quod
1095 3141 1250 3202 locis
1317 3140 1646 3212 duntaxat,
1708 3140 1947 3216 quibus
1979 3157 2013 3201 a
2051 3143 2333 3203 Romano
2401 3142 2624 3212 variat,
2669 3141 3014 3213 adnotatis,
3051 3156 3279 3218 magno
3315 3135 3626 3215 temporis

384 3234 878 3314 ehartarumque
937 3234 1345 3313 compendio,
1406 3242 1608 3295 totum
1646 3233 1815 3295 haud
1874 3235 2094 3296 multis
2153 3237 2444 3298 versibus
2515 3236 3052 3315 repraisentarim.
3108 3238 3375 3306 Norunt,
3424 3243 3486 3293 et
3527 3249 3627 3293 me

388 3341 443 3390 ta
486 3343 657 3400 en'e,
697 3333 804 3410 qui
843 3330 1225 3408 penitiurem
1260 3332 1727 3408 Sciip'urarum
1791 3332 2224 3393 eruditionem
2281 3340 2515 3404 amant,
2560 3342 2796 3412 quanta
2835 3331 2982 3392 hinc
3037 3331 3197 3390 lucis
3227 3330 3510 3390 accessio
3547 3329 3622 3388 ad

385 3430 448 3490 S.
491 3429 691 3490 Patris
731 3429 1110 3492 industriam
1155 3433 1283 3501 tiat,
1332 3445 1656 3507 quamque
1699 3437 1908 3488 actum
1945 3430 2260 3506 pra'elare,
2322 3446 2468 3488 cum
2510 3430 2854 3491 lectionum
2910 3429 3244 3488 varietates
3279 3445 3390 3504 per
3431 3426 3628 3485 ferino

389 3528 475 3586 rei
512 3543 758 3599 causas,
797 3526 1184 3603 ingeniaque
1216 3527 1638 3604 interpretum
1673 3525 1819 3585 licet
1863 3525 2208 3600 inSpicere,
2248 3536 2509 3603 tamque
2549 3525 2819 3586 vetustis
2852 3526 3182 3586 memoriis
3219 3523 3369 3584 frui.
3403 3522 3524 3583 Sed
3567 3531 3629 3582 et

383 3623 505 3684 alia
542 3624 727 3684 nobis
764 3625 903 3703 ejus
938 3625 1204 3685 edenda;
1237 3624 1572 3684 Versionis
1620 3638 1810 3683 causa
1843 3619 1986 3692 fuit,
2041 3629 2106 3680 ut
2148 3638 2286 3682 eam
2323 3621 2569 3681 scilicet
2609 3623 2686 3682 ab
2720 3626 3010 3692 adversa,
3051 3638 3172 3698 qua
3231 3620 3631 3682 conﬂictaba-

389 3730 494 3780 tur
526 3720 804 3796 fortuna,
871 3721 1094 3798 quoad.
1147 3729 1506 3781 nostrarum
1557 3719 1778 3779 saltem
1845 3717 2116 3793 partium
2184 3725 2318 3778 erat
2374 3718 2864 3778 vindicaremus.
2905 3719 2972 3778 ln
3014 3734 3253 3794 nupera
3309 3715 3626 3776 Anastasii

385 3817 670 3878 editione
698 3819 1001 3889 Romana,
1037 3819 1251 3878 Graice
1280 3833 1352 3878 ac
1386 3817 1610 3878 Latine
1642 3815 2008 3892 descriptus
2045 3813 2208 3874 liber
2266 3815 2388 3874 iste
2431 3832 2543 3892 per
2592 3816 2726 3874 cola
2763 3821 2823 3873 et
2865 3822 3105 3874 comata
3145 3823 3273 3874 toto
3319 3820 3626 3873 contextu

391 3912 858 3991 Prolegomena,
892 3913 942 3973 si
973 3914 1095 3974 diis
1132 3913 1359 3992 placet,
1407 3913 1484 3974 ad
1519 3914 1824 3990 Paparum
1850 3910 2024 3970 Vitas
2053 3912 2300 3988 agebat,
2338 3929 2504 3973 novo
2535 3913 2661 3974 sibi
2699 3913 2889 3974 etiam
2922 3921 3182 3972 auctore
3211 3911 3409 3972 ascito
3445 3927 3460 3970 :
3496 3920 3629 3970 tum

385 4011 588 4072 altero
619 4009 1092 4072 coactustitulo
1150 4013 1450 4071 lectorem
1489 4009 1732 4082 fallere,
1778 4008 1985 4070 Versio
2044 4007 2215 4068 Itala
2251 4010 2749 4086 inscribebatur;
2789 4010 3068 4088 denique
3111 4010 3340 4086 pannis
3379 4008 3629 4068 obsitus

392 4109 737 4168 lectionum
801 4125 879 4169 ex
940 4107 1200 4183 linguis,
1235 4125 1397 4186 quas
1447 4105 1712 4168 minime
1768 4112 2057 4178 noverat,
2101 4106 2274 4176 visus
2333 4114 2428 4167 est
2464 4108 2678 4169 dedita
2717 4126 2909 4184 opera
2977 4110 3035 4166 in
3073 4123 3328 4168 scenam
3393 4104 3518 4181 agi,
3551 4106 3626 4163 ad

383 4205 750 4268 faciendum
793 4207 1047 4285 p0pello
1081 4211 1306 4279 risum,
1342 4213 1406 4266 ut
1439 4223 1581 4266 cum
1613 4204 1986 4275 adnotatur;
2024 4203 2302 4282 exempli
2337 4205 2534 4281 gratia
2567 4210 2640 4266 ad
2681 4205 2837 4281 psal.
2871 4221 3041 4265 cxvii
3071 4221 3254 4263 casus
3274 4201 3626 4273 ‘mulicbris,

390 4321 504 4380 pro
544 4321 763 4382 genere
792 4304 1118 4382 feminino.
1153 4306 1273 4365 Sed
1313 4303 1444 4364 hch
1505 4301 1695 4362 missa
1755 4300 2083 4374 faciamus,
2118 4320 2284 4374 quae,
2348 4313 2416 4363 ut
2474 4303 2597 4363 alia
2654 4311 2976 4375 sexcenta,
3037 4300 3448 4362 dissimulare
3494 4306 3627 4359 erat

384 4400 664 4472 animus,
700 4401 750 4462 si
788 4419 899 4480 per
937 4400 1152 4477 operis
1189 4401 1590 4479 propositum
1630 4398 1944 4460 licuisset.
1981 4399 2247 4459 Psalmis
2287 4400 2728 4462 subnectimus
2765 4400 3172 4480 praefationes
3205 4398 3268 4458 in
3305 4396 3630 4474 Paralipo-

391 4514 623 4556 menon
661 4505 720 4556 et
751 4498 1109 4558 Salomonis
1147 4499 1371 4569 libros;
1430 4499 1508 4558 de
1558 4497 1799 4574 quibus
1829 4501 1890 4570 et
1947 4495 2102 4556 satis
2137 4495 2374 4556 dictum
2439 4504 2532 4556 est
2565 4497 2754 4573 paulo
2798 4505 2965 4556 ante.
3001 4497 3117 4555 His
3161 4501 3481 4565 |lOSltelDO
3513 4509 3620 4551 or-

387 4596 536 4654 dine
569 4594 934 4670 Sapientiae,
979 4596 1431 4668 Ecclesiastici,
1463 4603 1524 4657 et
1557 4595 2060 4656 Machabazorum
2127 4589 2344 4663 libros,
2396 4607 2762 4668 quanquam
2827 4590 3480 4657 Deuterocanonicos,
3513 4605 3630 4647 nec

386 4693 498 4751 abs
529 4691 938 4768 Hieronymo.
978 4692 1354 4764 recensitos,
1415 4700 1656 4752 tantum
1699 4699 1765 4752 ut
1803 4708 1881 4751 ne
1918 4690 2170 4766 integro
2207 4689 2674 4766 Scripturarum
2728 4689 2977 4766 corpori
3006 4689 3186 4765 juxta
3244 4687 3627 4749 hodiernum

387 4789 710 4846 (lunonem
745 4786 1024 4874 deesset,
1069 4789 1447 4866 adjecimus.
1485 4789 1551 4849 ιι]
1589 4804 1737 4850 vero
1771 4787 2001 4865 ipsum,
2053 4799 2135 4845 ne
2167 4801 2365 4861 quem
2399 4785 2600 4845 series
2640 4784 2975 4864 scripturte
3004 4785 3274 4858 falleret,
3315 4786 3380 4845 in
3419 4783 3632 4844 fronte

387 4881 532 4958 ejus
563 4881 760 4959 partis
788 4883 1238 4944 admonemus.

469 4979 641 5037 Pone
673 4980 971 5056 sequitur
1001 4983 1248 5042 Nov-um
1279 4983 1786 5048 Testamentum,
1825 4977 1998 5056 quod
2034 4979 2149 5039 abs
2185 4995 2254 5039 se
2292 4977 2494 5038 fuisse
2528 4978 2760 5040 σναιςω
2796 4979 2944 5058 ﬁdei
2973 4978 3304 5054 redditum,
3342 4979 3406 5042 in
3448 4979 3633 5040 Cata-

392 5074 540 5151 logo
571 5091 842 5136 suorum
895 5093 1162 5152 cperunt
1201 5088 1462 5138 sanctus
1517 5078 1656 5155 ipse
1699 5079 1876 5136 Pater
1937 5082 2226 5137 testatur.
2259 5075 2512 5146 Quibus
2553 5076 2793 5150 verbis,
2826 5084 2896 5137 ut
2952 5094 3070 5155 ego
3103 5078 3369 5156 quidem
3399 5077 3633 5149 sentio,

393 5173 550 5252 quid
591 5173 802 5234 isthuc
842 5173 933 5233 rei
967 5183 1153 5247 esset,
1185 5177 1422 5252 quidve
1455 5176 1576 5234 sibi
1609 5174 1845 5250 negetii
1883 5173 2156 5244 dederit,
2188 5171 2590 5248 apertissime
2649 5173 2953 5233 ostendit.
3001 5175 3161 5233 Sunt
3193 5173 3638 5244 nihilominus,

390 5270 502 5350 qui
543 5272 885 5351 Evangelia
915 5273 1180 5350 quidem
1209 5272 1396 5332 abeo
1425 5272 1624 5332 fuisse
1653 5273 1726 5330 ad
1775 5271 2056 5330 Graecam
2089 5268 2422 5328 veritatem
2477 5278 2722 5343 exacta,
2755 5270 3162 5330 consentiant
3203 5290 3218 5329 :
3250 5273 3329 5328 de
3375 5267 3638 5344 reliquis

389 5379 605 5431 autem
672 5371 851 5430 libris
910 5371 1246 5444 dubitent;
1298 5389 1370 5436 ac
1423 5386 1613 5447 porro
1657 5368 1850 5428 velint
1905 5370 1983 5427 ab
2041 5364 2256 5442 aliquo
2317 5365 2440 5423 alio
2473 5364 2743 5441 Hierunj
2769 5365 2847 5424 mi
2908 5367 3274 5444 exemplum
3308 5364 3640 5424 affectante

395 5465 596 5554 {uisse
644 5469 1044 5529 emendatos.
1076 5469 1179 5528 Me
1225 5468 1412 5528 etiam
1453 5467 1688 5544 ipsum,
1743 5475 1806 5525 ut
1839 5465 1992 5526 nihil
2044 5464 2472 5532 dissimulem.
2528 5472 2760 5534 movet,
2799 5467 2972 5543 quod
3015 5465 3081 5526 hi
3141 5463 3508 5542 pra‘fatione
3542 5479 3646 5523 ca-

399 5572 602 5636 reant,
636 5583 824 5643 quam
857 5565 1001 5626 aliis
1031 5565 1331 5624 omnibus
1364 5583 1393 5622 a
1437 5582 1505 5624 se
1532 5562 1862 5624 conversis
1911 5562 2232 5639 praeﬁgere
2275 5561 2336 5620 S.
2376 5564 2713 5640 littvrpreti
2756 5564 3048 5625 solemne
3085 5563 3207 5624 fuit
3241 5586 3254 5624 :
3290 5561 3399 5622 illa
3430 5569 3644 5622 autem

395 5678 583 5738 quam
623 5661 806 5722 unice
842 5661 1146 5722 habemus
1181 5663 1448 5720 Damaso
1479 5657 1804 5734 inscripta,
1830 5657 2203 5735 pollicetur,
2231 5658 2553 5736 expressis
2589 5659 2819 5734 verbis,
2850 5669 3123 5739 quatuor
3154 5669 3399 5719 tantum
3427 5657 3643 5716 Etan-

394 5755 579 5834 gelia.
624 5757 879 5819 Accedit
914 5759 1079 5837 quod
1118 5756 1512 5835 Augustinus
1538 5755 1798 5832 epistola
1836 5754 2001 5815 inter
2053 5754 2593 5834 liieronymianas
2626 5773 2749 5832 etv,
2783 5773 2949 5818 anno
2976 5757 3115 5819 data
3148 5754 3646 5835 quadringente-
