3966 6184
362 315 423 377 21
1784 315 1928 378 PR1]

2070 319 2210 380 I'IO.
3559 317 3636 385 22

363 419 526 479 simo
562 418 751 481 tertio
782 436 909 482 non
944 419 1091 482 aliis
1132 419 1388 483 noverit
1420 437 1611 501 quam
1636 422 2131 505 Evangeliorum
2174 428 2336 491 libro
2370 426 2555 499 hanc,
2606 427 3129 507 qualemcunque
3181 422 3446 505 putarit,
3478 440 3634 491 ooe-

363 532 495 576 ram
526 517 1001 595 Hieronymum
1034 519 1448 597 impendisse.
1508 520 1653 584 Non
1710 541 1970 601 parvas,
2031 526 2242 604 inquit
2292 544 2472 590 num.
2527 528 2589 602 6,
2629 528 2754 587 Deo
2785 526 3029 604 gratias
3062 524 3304 603 agimus
3334 523 3625 602 de,opere

366 622 495 686 tuo,
528 631 651 691 quo
686 614 1103 692 Evangeiium
1150 635 1231 676 ea:
1261 616 1481 679 erco
1542 619 2000 698 interpretatus
2038 640 2123 697 es,
2162 625 2311 703 quia
2336 643 2492 704 pene
2524 625 2592 686 in
2622 624 2908 685 omnibus
2969 620 3149 683 nulla
3207 619 3469 699 offensio
3506 629 3623 691 est,

368 728 503 768 cum
532 712 936 788 Scripturam
990 712 1269 774 Grtecam
1306 715 1780 779 contulerimus.
1834 718 1990 793 Quae
2042 721 2304 797 quidem
2366 722 2610 800 accepit
2658 720 3135 800 Hieronymus,
3170 717 3424 795 epistol.
3467 734 3626 791 ειη,

367 823 489 881 qua
521 808 785 868 demum
843 808 934 870 illi
988 810 1337 888 respondit,
1383 810 1644 888 perinde
1682 820 1873 891 atque
1917 813 1995 876 de
2044 819 2221 880 Novo
2257 820 2665 880 Testamento
2712 816 3001 878 dixisset.
3036 815 3142 883 Et,
3174 814 3376 885 sime,
3411 813 3626 893 inquit
3692 888 3693 891 η

367 918 541 964 num.
576 903 678 975 20,
720 914 791 964 ut
824 906 1008 981 dicis,
1036 908 1103 968 in
1143 907 1310 970 Νουί
1345 910 1717 971 Testamenti
1762 913 2184 974 emendatione
2234 913 2537 991 suscipis,
2580 912 2961 990 exponisque
3009 927 3284 981 causam,
3338 927 3453 970 cur
3491 928 3631 969 sus-
3675 900 3697 915 ὑ

367 998 596 1073 “Pius.
627 1007 751 1062 etc.
802 1002 1037 1063 Verum
1099 1019 1226 1065 non
1261 1005 1466 1066 deerit
1500 1005 1768 1068 fortasse
1806 1008 1921 1083 qui
1977 1009 2103 1071 hoc
2136 1011 2279 1087 ipso
2333 1009 2500 1071 Novi
2558 1006 2937 1069 Testamenti
2981 1006 3240 1065 nomine
3279 1006 3432 1066 satis
3464 1006 3628 1066 bene

371 1096 717 1171 Evangelia
751 1098 1068 1174 denotari,
1101 1099 1242 1161 aliis
1285 1101 1606 1180 ejusmodi
1650 1103 2050 1167 loculionum
2113 1103 2428 1181 exemplis
2477 1102 2651 1165 velit.
2686 1102 3124 1165 Nihilosecius
3170 1108 3473 1163 constans
3507 1101 3628 1161 iste

367 1204 437 1249 ac
481 1201 837 1269 perpetuus
870 1194 1266 1274 Hieronymo
1306 1198 1617 1277 loquendi
1653 1201 1884 1262 modus
1939 1203 2018 1263 de
2070 1203 2250 1263 Novo
2280 1210 2471 1273 ἁπλῶς
2502 1202 2934 1274 Testamento,
2968 1214 3093 1258 non
3131 1197 3401 1258 laudatis
3433 1199 3629 1259 modo

376 1284 558 1361 locis,
594 1290 705 1351 sed
740 1298 799 1351 et
828 1293 1098 1368 epistola
1132 1311 1309 1366 Lxxr,
1356 1296 1432 1356 ad
1468 1295 1836 1366 Lucinium.
1874 1297 2010 1372 ubi,
2040 1298 2306 1370 Novum,
2339 1299 2449 1371 ait,
2483 1298 2942 1358 Testamentum
2980 1294 3211 1357 Greece!
3233 1292 3483 1356 reddidi
3510 1312 3630 1353 au-

371 1385 684 1459 ctoritati,
718 1393 953 1465 etquae
995 1390 1165 1465 paria
1225 1389 1325 1451 his
1357 1389 1545 1452 habet
1600 1393 1855 1469 epistol.
1890 1412 2016 1469 ενι,
2051 1395 2125 1455 ad
2181 1394 2490 1456 Sunniam
2550 1400 2613 1455 et
2642 1391 2985 1462 Fretelam,
3025 1399 3245 1466 putare
3282 1390 3343 1449 id
3376 1389 3454 1449 de
3488 1390 3630 1448 solo

370 1482 873 1558 Evangeliorum
933 1483 1091 1546 libro
1143 1485 1295 1560 dici,
1343 1486 1608 1548 omnino
1644 1505 1770 1549 non
1831 1489 2067 1551 sinent.
2104 1492 2193 1552 Re
2225 1492 2414 1552 etiam
2470 1490 2608 1569 ipsa
2654 1486 2914 1568 prOprio
2969 1488 3433 1560 nomine,cum
3478 1501 3628 1544 eum

370 1574 555 1637 unice
592 1576 825 1638 librum
869 1580 1069 1641 voluit
1120 1581 1486 1660 designare,
1521 1600 1680 1643 usus
1719 1591 1839 1659 est,
1872 1594 1940 1647 ut
1976 1587 2040 1648 in
2090 1588 2357 1666 prologo
2400 1587 2477 1649 ad
2539 1589 2914 1657 Damasum;
2961 1599 3092 1661 quo
3149 1582 3288 1643 loco
3342 1580 3626 1641 nondum

369 1687 436 1730 se
491 1672 567 1731 ad
622 1672 906 1753 reliquas
958 1676 1244 1755 ejusdem
1306 1679 1701 1740 Testamenti
1766 1690 1977 1757 partes
2037 1681 2326 1744 animum
2386 1679 2764 1752 advertisse,
2810 1677 3047 1740 indicat
3098 1693 3258 1757 quas
3313 1670 3627 1750 cvestigio

370 1773 572 1829 tamen
620 1767 682 1828 in
735 1787 962 1832 manus
1016 1773 1314 1850 sumpsit,
1349 1774 1707 1855 eodemque
1754 1777 1968 1838 studio
2028 1777 2455 1855 perlustravit.
2504 1776 2852 1855 Reliquum
2888 1775 2990 1835 vix
3062 1773 3211 1836 facit
3242 1771 3625 1834 dubitationi

369 1862 574 1926 locum
602 1866 876 1941 epistola
919 1886 1127 1943 xxvii,
1155 1871 1229 1931 ad
1259 1872 1646 1945 Marcellam,
1683 1889 1810 1951 qua
1844 1891 2104 1937 suarum
2131 1873 2735 1953 interpretationum
2762 1889 2839 1934 ex
2866 1874 3043 1934 Novo
3076 1873 3484 1932 Testamento
3515 1870 3628 1931 ob-

370 1967 820 2028 trectatoribus
886 1969 1309 2049 respondens,
1340 1971 1629 2050 exempla
1663 1971 1741 2034 de
1778 1972 1954 2033 Pauli
1985 1970 2290 2053 Epistolis
2320 1969 2521 2031 ferme
2574 1970 2788 2031 omnia
2823 1954 3039 2030 sumit.
3076 1964 3190 2027 Illi
3242 1963 3472 2044 tegant,
3509 1982 3625 2044 spe

368 2063 747 2138 gaudentes,
792 2068 1062 2139 tempori
1119 2068 1484 2130 servientes
1525 2092 1540 2129 :
1576 2087 1691 2129 nos
1744 2068 2057 2148 legamus,
2116 2084 2231 2145 spe
2284 2066 2666 2145 gaudentes,
2742 2064 3020 2131 Domino
3081 2062 3466 2127 servientes.
3511 2058 3627 2121 11ιί

366 2156 667 2219 adversus
694 2161 1130 2240 presbyterum
1172 2165 1632 2226 accusationem
1692 2166 1940 2225 omnino
1967 2172 2192 2242 putent
2257 2160 2679 2242 recipiendam
2717 2183 2738 2221 :
2776 2159 3074 2238 legamus,
3111 2158 3419 2219 adversus
3472 2173 3620 2235 pre-

368 2257 695 2333 sbyterum
730 2260 1202 2321 accusationem
1241 2279 1319 2323 ne
1344 2262 1689 2341 receperis,
1724 2270 1837 2323 etc.
1869 2261 2012 2323 Illis
2036 2259 2661 2340 placeat,Humanus
2698 2272 2935 2330 sermo,
2958 2262 3020 2318 et
3049 2253 3226 2316 omni
3253 2251 3624 2330 acceptione

368 2350 600 2429 dignus
636 2374 652 2411 :
688 2371 802 2414 nos
870 2375 1011 2415 cum
1056 2355 1422 2420 Greecis.....
1481 2375 1782 2434 erremus,
1830 2358 2072 2420 Fidelis
2130 2374 2366 2432 sermo,
2402 2364 2517 2417 etc.
2548 2354 2718 2417 Hinc
2776 2352 3058 2416 sumitur
3087 2357 3150 2413 et
3203 2366 3315 2429 pro
3356 2348 3624 2427 reliquis

369 2446 547 2509 libris
580 2463 1059 2527 argumentum,
1094 2462 1284 2532 atque
1337 2453 1499 2516 adeo
1540 2455 1844 2516 universo
1898 2455 2062 2517 Novi
2116 2451 2509 2517 Testamenti
2565 2452 2849 2525 Canone,
2883 2466 3074 2530 quem
3112 2448 3188 2510 ad
3255 2447 3620 2509 Grmcorum

369 2544 667 2606 codicum
707 2548 892 2610 ﬁdem
953 2551 1242 2626 exegerit
1276 2552 1338 2613 S.
1401 2553 1581 2613 Pater
1619 2569 1632 2612 :
1669 2551 1922 2611 tametsi
1977 2552 2111 2613 sola
2173 2550 2516 2629 Evangelia
2573 2548 2839 2628 prologo
2904 2541 3514 2621 instruxerit,quod
3549 2556 3624 2601 ea

372 2656 513 2715 pars
552 2641 639 2703 sit
673 2645 964 2706 omnium
999 2646 1203 2724 prima
1238 2655 1298 2708 ct
1328 2646 1746 2721 nobilissima,
1780 2644 2051 2708 fortasse
2086 2648 2298 2719 etiam,
2332 2646 2507 2727 quod
2550 2644 2740 2723 longe
2773 2642 3072 2721 pluribus
3102 2639 3258 2702 locis
3311 2635 3622 2699 medicam

369 2739 426 2799 ei
445 2755 709 2801 manum
744 2752 936 2822 atque
970 2761 1183 2822 Opem,
1211 2746 1598 2809 adhibuerit.
1642 2747 1997 2809 Richardus
2030 2744 2390 2820 Bentleius,
2430 2742 2541 2823 qui
2564 2758 2683 2822 pro
2711 2740 3081 2802 adornanda
3116 2734 3438 2815 ejusmodi
3468 2733 3626 2795 Hie-

371 2837 751 2914 ronymiana
791 2840 1079 2903 editione
1137 2859 1213 2902 ex
1253 2843 1726 2921 antiquissimis
1785 2844 2101 2905 variarum
2144 2841 2433 2920 gentium
2492 2837 2823 2900 codicibus
2858 2852 3010 2897 mss.
3052 2840 3523 2912 programmate
3556 2831 3621 2892 in

371 2935 601 3011 vulgus
663 2935 859 3010 edito,
919 2938 1187 2999 tentavit
1241 2939 1575 3001 doctorum
1644 2940 1984 3002 hominum
2025 2936 2294 3018 judicia,
2368 2933 2696 3014 specimen
2746 2932 2958 3009 magni
2996 2928 3232 3007 Operis
3283 2927 3622 2989 maluitex

370 3030 785 3109 Apocalypsis
819 3033 1023 3113 capite
1057 3043 1379 3113 postremo
1414 3036 1743 3113 exhibere,
1776 3045 1845 3099 ut
1876 3055 1955 3099 ne
1986 3039 2064 3099 de
2097 3035 2216 3098 hoc
2247 3032 2513 3113 quidem
2553 3029 2739 3103 libro,
2773 3027 2887 3108 qui
2921 3024 3219 3106 pluribus
3250 3024 3621 3085 criticorum

371 3128 713 3191 calumniis
753 3130 1007 3192 videtur
1041 3131 1382 3201 obnoxius,
1419 3132 1714 3195 dubitare
1745 3151 1838 3209 se,
1886 3134 2044 3212 quin
2086 3132 2282 3194 fuerit
2313 3128 2424 3192 abs
2479 3124 2883 3204 Hieronymo
2942 3120 3306 3184 recensitus
3338 3119 3417 3181 ad
3452 3121 3625 3181 Grie-

371 3243 540 3296 cum,
566 3228 960 3289 ostenderet.
990 3229 1237 3289 Poterat
1272 3228 1447 3290 labor
1477 3229 1608 3304 ille,
1645 3229 1766 3291 nisi
1798 3239 1941 3309 post
1974 3230 2199 3310 longas
2239 3241 2475 3299 moras,
2506 3239 2681 3285 mors
2719 3220 2861 3298 ipsa
2893 3216 3177 3281 Editoris
3210 3213 3619 3276 intercessis-

370 3332 485 3393 set,
515 3324 679 3384 bene
714 3324 900 3384 nobis
936 3325 1265 3400 prodesse.
1302 3328 1554 3388 Interea
1588 3335 1652 3389 et
1679 3328 1822 3388 sine
1856 3326 1992 3402 illo,
2028 3309 2188 3387 nihil
2225 3322 2400 3404 quod
2436 3327 2568 3382 erat
2600 3337 2633 3381 e
2678 3336 2747 3380 re
2790 3324 3031 3385 nostra,
3068 3309 3618 3392 praetermisimus.

370 3418 734 3481 Canonibus
774 3419 1269 3498 Bvangeliorum
1308 3421 1699 3501 prmﬁximus
1739 3423 1956 3484 Graece
2001 3428 2066 3484 et
2094 3421 2321 3481 Latine
2383 3414 2726 3495 epistolam
2763 3408 3031 3475 Eusebii
3068 3408 3141 3470 ad
3205 3404 3624 3483 Carpiauum.

372 3533 513 3593 quin
566 3516 634 3577 in
695 3517 1081 3594 praecedenti
1146 3520 1501 3581 Martiantei
1575 3518 1864 3581 editione
1898 3515 2416 3588 desiderabatur,
2452 3518 2586 3574 erat
2618 3524 2772 3573 vero
2810 3511 2887 3570 ad
2930 3506 3263 3569 Canonum
3307 3502 3625 3562 rationem

374 3613 851 3691 percipiendam
889 3616 1155 3679 omnino
1197 3615 1587 3681 necessaria.
1619 3616 1761 3693 lpsa
1794 3612 2170 3691 Evangelia,
2222 3609 2403 3674 Pauli
2440 3607 2788 3688 Epistolas,
2832 3613 2892 3668 et
2925 3602 3249 3705 reliquum
3285 3598 3631 3705 Scriptura)

372 3719 619 3773 textum
653 3712 728 3773 ad
772 3729 925 3776 mss.
958 3715 1218 3777 codices
1268 3713 1791 3793 antiquissimos,
1843 3719 2038 3791 atque
2094 3709 2357 3788 Optima:
2388 3716 2559 3768 nonae
2590 3705 2953 3783 exegimus,
2990 3697 3185 3767 nulla.
3238 3704 3349 3759 aut
3386 3697 3623 3773 exigua

373 3811 616 3873 ratione
651 3812 866 3875 habita
889 3813 1349 3886 recentiorum,
1385 3830 1663 3896 quorum
1698 3827 1927 3891 magna
1961 3810 2056 3871 vis
2097 3808 2362 3888 quidem
2396 3813 2495 3869 est
2527 3807 2595 3868 in
2633 3803 2832 3866 Italia:
2864 3797 3303 3896 bibliothecis,
3337 3796 3449 3856 sed
3484 3810 3613 3856 non

367 3924 547 3985 teque
581 3911 954 3984 auctoritas,
990 3911 1102 3973 ubi
1162 3913 1241 3973 de
1294 3894 1567 3987 pristina
1630 3907 2017 3987 Hieronymi
2044 3904 2322 3968 lectione
2380 3902 2783 3966 restituenda
2839 3916 2940 3961 res
2987 3897 3223 3966 agitur.
3281 3894 3515 3956 Caetera
3551 3909 3629 3954 ex

366 4003 894 4070 adnotationibus
939 4006 1305 4086 dignosces.
