3966 6184
246 374 312 439 25
1599 382 1834 443 LIBER
1869 383 2141 444 TOBUE.
3434 382 3505 445 26

251 505 349 545 non
372 498 549 543 tamen
583 503 707 543 meo
739 488 942 543 studio.
974 490 1227 559 Arguunt
1262 493 1409 548 enim
1446 510 1546 549 nos
1576 496 1832 551 llehrazo-
1861 507 1903 561 Α
1937 514 2051 553 cem
2094 498 2374 568 reperiens
2397 540 2410 564 ,
2465 479 2630 552 unius
2675 498 2782 552 dici
2843 497 3090 553 laborem
3140 497 3346 566 arripui
3381 515 3395 553 :
3449 508 3506 552 et

251 601 361 638 rum
402 583 609 646 studia,
643 593 700 638 et
741 584 1014 652 imputant
1062 586 1245 649 nobis,
1288 597 1480 642 contra
1537 606 1695 642 suum
1733 606 1824 644 ca-

252 691 442 732 nooem
474 676 686 731 Latinis
720 676 950 731 auribus
985 678 1085 733 ista
1116 668 1437 735 transferre.
1474 680 1578 735 Sed
1624 682 1822 735 melius

254 784 367 824 esse
409 768 665 838 judicans
708 767 1109 824 Pharisaeorum
1153 771 1455 861 displicere§
1492 774 1723 841 judicio,
1771 784 1827 827 et

252 863 624 931 episcoporum
650 860 994 930 jussionibus
1017 863 1321 926 deservire,
1355 864 1527 918 iustiti
1559 875 1616 917 ut
1647 867 1819 933 potui.

255 953 314 1007 Et
346 953 475 1022 quia
530 951 712 1007 vicina
768 960 850 1005 est
898 951 1277 1007 Chaldaeorum
1333 955 1517 1023 lingua
1579 957 1821 1009 sermoni

256 1044 518 1102 llebraico
547 1084 563 1110 ,
609 1044 900 1114 utriusque
940 1045 1142 1113 lingua;
1191 1022 1581 1115 peritissim'um
1634 1049 1827 1117 loqua-

256 1206 388 1261 aliis.
425 1204 571 1271 Quin
600 1205 765 1260 etiam
790 1220 854 1260 ex
879 1206 964 1260 his
999 1221 1134 1261 mss.
1161 1207 1249 1275 qui
1290 1206 1661 1276 Hagt'ographa
1699 1221 1836 1274 prte-

258 1277 456 1331 ferunt.
499 1284 593 1327 aut
636 1277 723 1328 hic
754 1288 847 1329 aut
882 1277 1113 1329 inferius
1154 1278 1219 1329 ad
1256 1278 1535 1346 prologum
1564 1277 1831 1339 Judithae,

258 1346 343 1411 qui
376 1346 637 1414 geminus
684 1346 815 1399 huic
862 1347 1014 1399 locus
1055 1358 1158 1411 est,
1193 1347 1440 1400 nonnulli
1469 1346 1735 1399 aduotant
1765 1346 1831 1399 ad

258 1416 371 1470 libri
405 1430 591 1486 oram,
624 1417 944 1486 apocrypha.
987 1416 1077 1469 Sic
1105 1417 1271 1470 habet
1306 1416 1485 1485 glossa
1514 1416 1833 1486 interlinea-

261 1488 328 1539 ris
348 1486 415 1538 ad
452 1485 602 1539 hunc
629 1485 833 1550 locum,
866 1486 1056 1554 sicque
1086 1486 1276 1540 haberi
1320 1496 1552 1540 testatur
1578 1485 1835 1539 llumfre-

260 1555 353 1610 dus
390 1554 617 1625 Hodyus
651 1557 704 1609 in
730 1558 988 1625 quodam
1037 1572 1139 1609 ms.
1190 1556 1569 1610 Lambethano
1606 1555 1671 1609 ad
1711 1571 1834 1622 pro-

259 1629 354 1696 log.
386 1624 651 1696 Judithze,
686 1624 785 1680 ubi
810 1636 1057 1678 notatum
1099 1626 1154 1679 in
1192 1625 1435 1694 margine
1463 1642 1626 1678 manu
1666 1641 1829 1696 supra

257 1694 341 1778 an.
508 1703 725 1778 vetusta
756 1698 1126 1778 inponi/ph:
1155 1706 1230 1778 est
1254 1698 1428 1778 verior
1460 1696 1644 1778 lectio.
1678 1695 1827 1778 Ideni

257 1766 325 1821 ait
359 1782 375 1821 z
413 1767 487 1835 In
527 1765 638 1820 alio
674 1763 1145 1835 Bodlejano't'NE.
1191 1768 1259 1819 A.
1292 1765 1328 1819 Ξ
1352 1764 1402 1833 1)
1427 1766 1723 1819 aduOtatur
1761 1763 1828 1817 ad

259 1837 389 1903 prol.
445 1833 634 1891 Tollite
683 1833 859 1890 manu
895 1838 1141 1904 antiqua,
1172 1839 1277 1889 imo
1318 1836 1486 1889 verius
1530 1837 1671 1888 inter
1701 1851 1829 1904 apo-

258 1906 473 1976 crypha.
510 1904 604 1960 Sic
654 1907 963 1978 apocrypha
1008 1906 1209 1977 legitur
1251 1906 1307 1961 in
1346 1907 1486 1974 prol.
1517 1905 1731 1961 Juditb.
1774 1907 1827 1959 in

1935 592 2201 661 quidquid
2238 591 2329 645 ille
2355 592 2484 644 mihi
2522 590 2805 645 llebraieis
2846 591 3030 646 verbis
3060 591 3355 659 expressit,
3405 589 3511 644 hoc

1935 700 2059 751 ego,
2109 666 2286 737 accito
2320 685 2557 749 notario,
2610 683 2955 737 sermonibus
3002 682 3213 737 Latinis
3256 697 3507 750 exposui.

1940 775 2299 829 Orationibus
2341 776 2535 828 vestris
2587 774 2895 828 mercedem
2945 773 3112 843 hujus
3146 772 3331 842 operis
3359 787 3514 825 com-

1935 867 2201 936 pensabo,
2259 882 2383 922 cum
2436 876 2649 937 gratum
2705 867 2859 919 vobis
2907 866 3153 920 didicero
3202 879 3311 929 me,
3364 862 3511 932 quod

1930 960 2121 1029 jubere
2150 958 2285 1014 estis
2319 959 2550 1027 dignati,
2587 959 2908 1028 complesse.

1944 1205 2054 1259 alio
2095 1205 2271 1259 Biblio
2305 1202 2681 1259 Lambethano
2716 1203 2937 1271 optimae
2983 1212 3126 1257 nota:
3163 1203 3197 1257 2
3233 1203 3339 1255 vol.
3373 1218 3513 1271 prac-

1944 1277 2139 1345 grand.
2171 1285 2225 1327 et
2257 1276 2309 1328 in
2347 1276 2519 1329 Biblio
2554 1274 2848 1345 Bodlejano
2877 1273 3009 1345 (ΝΕ.
3041 1274 3096 1326 F.
3136 1275 3168 1328 3
3196 1272 3287 1341 ‘25)
3314 1273 3514 1345 legitur

1946 1343 2251 1416 apocrypha
2298 1346 2351 1398 in
2389 1356 2622 1416 utroque
2666 1344 2913 1412 prologo.
2972 1343 3119 1397 Inter
3168 1343 3514 1416 antiquiores

1944 1413 2213 1483 quotquot
2244 1416 2531 1468 lcetionem
2560 1413 2936 1483 llagiographa
2970 1429 3149 1467 veram
3182 1430 3303 1467 esse
3335 1413 3515 1465 credi-

1941 1487 2160 1543 derunt,
2213 1486 2428 1553 largiori
2479 1499 2643 1537 sensu
2686 1484 3009 1537 Slttttendztlll
3063 1499 3203 1553 esse,
3239 1491 3509 1553 statuunt.

1936 1555 2027 1608 Sic
2072 1551 2362 1623 Dionysius
2398 1555 2663 1609 Carthus.
2695 1563 2750 1604 et
2782 1552 2834 1605 in
2871 1554 3034 1607 tertio
3063 1552 3301 1623 quodam
3336 1551 3512 1623 szlio

1934 1639 2049 1704 tns._
2073 1621 2368 1704 Bodlejatio
2411 1624 2495 1704 (F.
2533 1623 2678 1702 IU7)_
2708 1623 2775 1704 ad
2815 1640 3003 1704 vocent
3044 1621 3509 1704 llagiogruphrtdn

1933 1696 2073 1761 prol.
2110 1694 2297 1747 Tobias
2343 1702 2614 1756 notatum,
2664 1694 2718 1744 id
2775 1701 2873 1754 est,
2922 1692 3265 1764 apocrypha:
3317 1692 3514 1744 scilicet

1936 1763 2317 1844 llagiograplta
2366 1765 2614 1816 dicuntur
2661 1762 2830 1844 large.
2892 1762 2958 1816 Et
3005 1765 3060 1844 in
3115 1760 3511 1844 prolmludith.

1930 1835 1996 1957 :Itd
2027 1831 2303 1889 'eaiudem
2352 1848 2540 1888 vocent
2590 1834 2884 1902 apponitur
2938 1841 3064 1886 nota
3116 1831 3513 1895 interlinearis,

1955 1920 2099 1957 arae.

1955 1920 2099 1973 urge.

1349 2094 3494 2123 ___..____.______..___...___.____.__—_._—————

1748 2268 2031 2333 INCIPIT

1068 2436 1716 2645 LIBER
1848 2428 2602 2611 TOBUE
2648 2399 2724 2602 ’.

324 2913 476 2989 [ϐαρ.
527 2910 603 2985 1.]
640 2907 847 2966 Tobias
890 2919 960 2961 ex
1006 2901 1153 2958 tribu
1194 2911 1252 2957 et
1282 2899 1506 2955 civitate
1536 2894 1829 2968 Nephthali
1864 2900 1905 2955 Β
1936 2893 2037 2948 iste
2060 2890 2358 2989 custodivit
2389 2890 2630 2989 animam
2667 2904 2821 2945 suam
2859 2898 2916 2945 et
2942 2902 3226 2959 nunquam
3252 2885 3521 2945 contami—

258 3016 393 3084 (σιω
416 3020 502 3066 est
554 3010 610 3063 in
654 3000 1039 3077 superioribus
1082 2998 1317 3054 Galilaeaa
1368 3011 1534 3064 supra
1562 2993 1827 3057 Naasson,

262 3115 377 3171 post
400 3105 549 3160 viam
577 3114 696 3171 qua
717 3096 871 3151 ducit
902 3095 968 3147 ad
1000 3092 1366 3153 occidentem,
1397 3088 1453 3142 in
1488 3085 1715 3142 sinistro
1739 3084 1837 3138 ba-

262 3198 391 3253 bens
427 3195 709 3251 civitatem
742 3186 968 3259 Sephet)
994 3201 1118 3240 cum
1145 3195 1339 3253 captus
1374 3191 1525 3237 esset
1558 3181 1612 3235 in
1639 3178 1835 3233 diebus

264 3291 611 3345 Salmanasar
648 3282 792 3352 regis
823 3279 1193 3349 Assyriorum,
1222 3276 1275 3330 in
1306 3273 1621 3345 captivitate
1648 3281 1833 3326 tamen

266 3382 498 3451 positus,
528 3377 672 3431 viam
698 3371 951 3429 veritatis
988 3384 1096 3423 non
1129 3366 1394 3432 deseruit,
1425 3366 1498 3419 ita
1527 3375 1587 3419 ut
1624 3363 1832 3426 omnia,

265 3491 378 3544 qua:
410 3472 611 3526 habere
636 3476 870 3537 peierat,
898 3463 1146 3534 quotidie
1174 3460 1516 3531 coneaptivis
1547 3457 1831 3523 fratribus,

264 3568 353 3638 qui
374 3574 537 3622 erant
556 3578 623 3616 ex
644 3561 764 3631 ejus
786 3571 1005 3628 genere,
1046 3554 1375 3624 impertiret.
1417 3552 1662 3621 Cumque
1691 3560 1839 3604 esset

263 3662 448 3733 junior
464 3656 726 3713 omnibus
749 3668 803 3706 tn
835 3650 979 3704 tribu
999 3647 1312 3712 Nepltthali,
1338 3645 1474 3700 nihil
1504 3654 1683 3699 tamen
1708 3658 1840 3709 pue-

268 3752 363 3805 rile
395 3747 560 3819 gessit
599 3745 657 3799 in
703 3739 1188 3811 opere.7Denique
1220 3752 1342 3791 cum
1379 3737 1524 3789 irent
1552 3748 1744 3788 onmes
1772 3734 1838 3787 ad

268 3843 467 3898 vitulos
519 3850 739 3898 aureos,
782 3846 923 3902 quos
968 3830 1256 3885 Jeroboam
1281 3826 1489 3881 fecerat
1517 3841 1609 3880 rex
1641 3823 1839 3887 Israel,

266 3935 354 3989 hic
385 3933 538 3987 solus
573 3924 817 3997 fugiebat
844 3921 1117 3979 consortia
1150 3918 1421 3980 omnium,
1453 3915 1549 3970 sed
1581 3915 1842 3985 pergebat

269 4026 320 4081 in
358 4021 665 4080 Jerusalem
706 4017 772 4071 ad
823 4015 1081 4083 templum
1113 4011 1349 4071 Domini,
1393 4017 1446 4063 et
1474 4008 1549 4062 ibi
1578 4006 1844 4061 adorabat

272 4117 555 4172 Dominum
596 4110 767 4163 Deum
794 4106 979 4171 Israel,
1006 4104 1188 4159 omnia
1220 4102 1495 4171 primitiva
1530 4116 1628 4154 sua
1662 4108 1717 4153 et
1749 4098 1845 4151 de-

267 4207 435 4258 cimas
464 4216 592 4257 suas
617 4198 854 4252 ﬁdeliter
883 4195 1146 4259 ollerens,
1197 4193 1270 4247 ita
1308 4204 1367 4246 ut
1399 4193 1454 4245 in
1499 4191 1666 4245 tertio
1696 4204 1840 4243 anno

269 4296 551 4367 proselytis
596 4303 653 4348 et
686 4292 914 4346 advenis
956 4286 1295 4342 ministraret
1341 4299 1559 4337 omnem
1594 4282 1829 4335 decima-

268 4391 496 4445 tionem.
549 4387 676 4441 Ilrec
728 4392 785 4439 et
825 4383 910 4437 his
955 4380 1153 4435 similia
1194 4376 1497 4432 secundum
1538 4379 1709 4443 legem
1745 4373 1838 4427 Dei

267 4482 529 4551 puerulus
577 4475 923 4533 observabat.
968 4472 1103 4527 Cum
1144 4483 1272 4522 vero
1322 4467 1500 4520 factus
1555 4465 1841 4527 essetvir,

266 4575 473 4641 accepit
510 4582 733 4622 uxorem
772 4566 979 4620 Annam
1007 4562 1076 4617 de
1110 4562 1255 4615 tribu
1285 4573 1404 4621 sua,
1448 4556 1746 4626 genuitqoe
1772 4569 1837 4608 ex

266 4683 326 4721 ea
364 4666 556 4726 lilium,
619 4674 820 4714 nomen
876 4670 1035 4709 snum
1092 4656 1383 4721 imponens
1433 4650 1505 4713 ei,
1558 4665 1721 4719 quem
1772 4648 1841 4703 ab

266 4758 493 4814 infantia
529 4755 722 4809 timere
753 4750 921 4805 Deum
958 4746 1165 4811 docuit,
1205 4752 1261 4799 et
1290 4744 1563 4797 abstinere
1596 4741 1665 4796 ab
1692 4742 1839 4796 omni

267 4862 514 4923 peccato.

337 4945 527 5014 Igitur,
581 4954 708 4996 cum
774 4952 870 5008 per
920 4934 1289 5005 captivitatem
1347 4930 1665 4986 devenissel
1715 4943 1841 4982 cum

269 5052 433 5092 uxore
456 5050 579 5100 sua,
614 5043 670 5086 et
706 5030 814 5085 filio
862 5033 917 5083 in
948 5027 1226 5083 civitatem
1256 5023 1506 5079 Niniveut
1541 5038 1664 5075 cum
1695 5021 1843 5075 omni

271 5128 413 5183 tribu
442 5142 565 5191 sua,
603 5138 733 5180 cunt
778 5136 970 5175 omnes
1006 5118 1235 5173 ederent
1268 5132 1335 5171 ex
1362 5115 1501 5168 cibis
1529 5114 1844 5183 gentilium,

345 5327 363 5358 ¹
396 5326 550 5381 Hunc
589 5325 817 5379 librum.
868 5334 1033 5374 quem
1083 5318 1217 5374 Satis
1257 5317 1447 5371 habuit
1493 5315 1741 5369 Martiae.
1775 5330 1843 5369 ex

271 5397 528 5451 Vaticana
563 5395 700 5448 edit.
740 5392 974 5446 lideliter
1013 5390 1377 5459 expressisse,
1427 5402 1523 5439 nos
1572 5385 1669 5459 ad_
1697 5388 1845 5459 anti-

270 5470 596 5536 quissimum
622 5463 870 5536 ejusdem
913 5453 1190 5536 Vaticana:
1244 5458 1595 5510 bibliothecae
1629 5453 1839 5536 .Palati-

272 5526 402 5590 tium
443 5550 543 5590 ms.
585 5526 828 5588 codicem
886 5548 941 5584 n.
976 5530 1047 5583 24
1092 5539 1449 5596 ντειτηοιειυιυ
1484 5526 1845 5596 continenter

272 5607 572 5679 exegimus.
594 5605 714 5679 _Sed
748 5615 803 5657 et
844 5594 1422 5679 aliuuLcmtsuluimus
1462 5598 1652 5679 itidem
1696 5594 1841 5679 Vati-

273 5665 507 5739 tauutn,
558 5676 687 5728 olint
748 5675 950 5743 regina:
1000 5669 1311 5743 Succorum
1353 5686 1458 5722 ms.
1508 5666 1610 5721 sub
1664 5682 1718 5719 n.
1768 5665 1837 5743 .7,

272 5762 435 5813 quem
481 5734 536 5799 et
567 5745 621 5798 in
657 5734 960 5810 superioris
1011 5740 1141 5795 tomi
1178 5740 1346 5813 libris
1380 5734 1837 5813 recognoscendis

277 5808 433 5870 Iona:
475 5816 643 5886 frugis
675 5808 883 5886 experti
917 5827 1127 5869 sumus.
1173 5810 1382 5865 Dicitur
1414 5823 1577 5879 porro
1611 5808 1834 5877 quidam

1936 2994 2097 3038 natus
2143 2992 2226 3038 est
2255 2982 2308 3036 in
2340 2981 2484 3037 escis
2520 2994 2716 3036 eorum
2736 3018 2749 3034 .
2789 2982 2856 3035 Et
2887 2982 3146 3050 quoniam
3178 2994 3386 3034 memor
3415 2979 3522 3035 fuit

1936 3074 2152 3131 Domini
2184 3075 2236 3129 in
2275 3082 2396 3130 toto
2445 3071 2619 3128 corde
2664 3087 2789 3136 suo,
2827 3071 2978 3126 dedit
3012 3070 3089 3125 illi
3123 3071 3263 3125 Deus
3291 3071 3522 3141 gratiam

1936 3170 1989 3223 in
2022 3178 2323 3239 conspectu
2365 3166 2714 3223 Salmanasar
2767 3167 2932 3237 regis,
2963 3173 3019 3219 et
3052 3163 3204 3219 dedit
3251 3164 3328 3218 illi
3365 3173 3521 3233 pote-

1939 3271 2136 3317 statem
2176 3275 2506 3330 quocunque
2555 3259 2722 3314 vellet
2777 3258 2887 3322 ire,
2945 3258 3152 3312 habens
3196 3257 3508 3310 libertatem

1948 3369 2293 3425 quacunque
2353 3354 2535 3407 facere
2586 3352 2878 3405 voluisset.
2935 3351 3199 3420 l’ergebat
3267 3364 3398 3417 ergo
3451 3346 3521 3401 ad

1941 3463 2155 3509 omnes,
2209 3446 2302 3515 qui
2339 3455 2497 3501 erant
2530 3444 2584 3499 in
2621 3443 2958 3512 captivitate,
2996 3451 3053 3496 et
3093 3442 3297 3495 monita
3330 3439 3524 3493 salutis

1941 3544 2104 3599 dabat
2131 3544 2231 3598 eis.

2011 3636 2149 3689 Cum
2191 3642 2372 3688 autem
2409 3632 2649 3687 venisset
2703 3630 2758 3685 in
2795 3630 2975 3700 Reges
3021 3628 3300 3683 civitatem
3330 3625 3518 3682 Medo-

1943 3744 2086 3789 rum,
2121 3737 2177 3781 ct
2208 3742 2269 3780 ex
2319 3726 2424 3790 his,
2459 3723 2663 3794 quibus
2718 3723 3029 3776 honoratus
3063 3720 3243 3775 fuerat
3289 3735 3317 3773 a
3370 3734 3522 3789 rege,

1945 3819 2232 3873 habuisset
2253 3818 2439 3871 decem
2478 3815 2679 3867 talenta
2712 3811 2921 3881 argenti
2957 3828 2971 3864 :
3019 3819 3072 3863 et
3105 3826 3227 3864 cum
3260 3810 3313 3862 in
3349 3809 3522 3863 multa

1948 3913 2103 3967 turba
2138 3909 2353 3978 generis
2398 3907 2481 3962 sui
2524 3904 2789 3960 Gabolum
2837 3912 3090 3973 egentem
3128 3901 3378 3964 videret,
3421 3905 3515 3969 qui

1944 4014 2063 4060 erat
2102 4018 2164 4054 ex
2214 4000 2356 4054 tribu
2406 3998 2548 4067 ejus,
2587 3997 2688 4051 sub
2718 3992 3089 4065 chirographo
3121 3991 3271 4047 dedit
3298 3994 3373 4047 illi
3410 4009 3525 4048 me-

1952 4103 2219 4149 moratum
2253 4090 2465 4160 pondus
2494 4087 2732 4159 argenti.

2019 4185 2149 4239 Post
2182 4183 2412 4237 multum
2442 4197 2576 4235 vero
2607 4181 2893 4249 temporis,
2932 4190 3149 4234 mortuo
3175 4177 3527 4234 Salmanasar

1945 4293 2090 4348 rege,
2122 4291 2246 4331 cum
2279 4282 2530 4345 regnaret
2565 4272 2943 4327 Sennacherib
2977 4272 3120 4325 illius
3147 4272 3268 4338 ejus
3304 4287 3400 4339 pro
3434 4286 3526 4337 eo,

1942 4378 1997 4423 et
2050 4368 2189 4421 tilios
2230 4365 2393 4420 Israel
2432 4378 2631 4418 exesos
2684 4364 2912 4417 haberet
2965 4366 3018 4417 in
3068 4365 3364 4433 conspectu
3402 4379 3528 4429 suo,

1944 4456 2141 4511 Tobias
2173 4455 2420 4526 quotidie
2448 4454 2706 4524 pergebat
2748 4469 2847 4523 per
2893 4468 3113 4507 omnem
3142 4455 3527 4524 cognationem

1943 4568 2119 4615 suam,
2145 4562 2201 4604 et
2227 4547 2613 4604 consolabatur
2638 4561 2755 4609 eos,
2790 4546 3179 4616 dividebatque
3205 4546 3528 4616 unicuique,

1944 4650 2109 4714 prout
2166 4649 2397 4712 poterat,
2456 4641 2525 4695 de
2587 4638 2940 4693 facultatibus
2993 4639 3149 4693 suis:
3210 4639 3525 4694 esurientes

1944 4737 2144 4799 alebat,
2178 4733 2447 4802 nudisque
2478 4734 2821 4786 vestimenta
2858 4730 3154 4800 praebebat,
3208 4739 3265 4785 et
3294 4732 3532 4786 mortuis

1944 4840 2108 4899 atque
2131 4828 2330 4883 occisis
2358 4829 2700 4896 sepulturam
2729 4824 2997 4879 sollicitus
3029 4822 3346 4878 exhibebat.

2023 4922 2267 4990 Denique
2331 4934 2455 4973 cum
2515 4932 2772 4972 reversus
2803 4927 2950 4971 esset
3004 4932 3095 4971 rex
3125 4915 3530 4979 Sennacherib,

1945 5015 2163 5086 fugiens
2201 5030 2229 5067 a
2257 5012 2440 5068 Iudaea
2474 5013 2710 5081 plagam,
2748 5025 2911 5081 quam
2946 5009 3093 5064 circa
3140 5025 3266 5064 eum
3318 5010 3527 5064 fecerat

1947 5109 2092 5163 Deus
2122 5116 2347 5177 propter
2382 5103 2776 5173 blasphemiam
2812 5116 2990 5169 suam,
3029 5111 3084 5157 ct
3120 5101 3295 5158 iratus
3329 5102 3533 5157 multos

1947 5314 2088 5369 alius
2107 5310 2166 5365 S.
2186 5308 2443 5365 Germani
2478 5308 2758 5362 Prateusis
2784 5321 2884 5361 ms.
2912 5307 3054 5361 hanc
3076 5307 3333 5374 praeferre
3364 5305 3532 5359 inter-

1947 5382 2353 5453 seriptionetn:
2395 5378 3036 5453 LilLer‘Actorunthobia:
3071 5377 3182 5453 lilii
3221 5376 3527 5453 4_i_iar_tielis,

1946 5444 2347 5522 ﬁlii'Gabrielis
2373 5451 2437 5503 de
2467 5449 2622 5501 Tribu
2652 5447 3023 5522 Nephthulim.
3080 5448 3183 5501 Sed
3232 5444 3530 5522 (φωρ-ἀείρω

1952 5513 2131 5578 textus
2164 5523 2307 5574 unde
2333 5521 2637 5574 versionem
2675 5513 2814 5572 hanc
2845 5532 3004 5573 suam
3035 5516 3303 5584 expressit
3342 5513 3399 5567 S.
3430 5515 3528 5566 ιιι.-

1953 5605 2054 5657 ter,
2089 5593 2292 5647 nullam
2324 5590 2510 5644 Tobiae
2534 5588 3144 5660 genealogiamividetur
3168 5585 3529 5660 exhibuisse;

1950 5654 2162 5720 tametsi
2190 5662 2282 5715 alii
2317 5654 2607 5726 textusfet
2638 5654 2841 5715 Graeca:
2863 5659 2999 5712 edit.
3035 5670 3266 5725 quarunt
3298 5654 3387 5709 iII-e
3421 5670 3527 5726 tos.

1946 5734 2199 5802 sequitur
2261 5747 2550 5795 normam,
2603 5729 2784 5782 adhuc
2843 5728 3079 5783 fusimes
3148 5725 3537 5797 genealogias,

1942 5819 2145 5873 easque
2183 5804 2325 5859 inter
2364 5819 2419 5858 sc
2450 5802 2629 5856 varias
2662 5808 2784 5852 ncet
2806 5807 2906 5853 unt.
