3966 6184
486 5352 489 5355 ’
505 5344 517 5407 ἕ

512 280 583 341 27

1420 280 1479 344 S.
1523 278 1959 341 illEiiONYMI
2004 281 2280 343 DlVlNA
2324 283 2863 345 BlBLlOTHECA.

3696 280 3767 344 23

515 392 794 450 occideret
819 406 883 446 ex
918 392 1042 449 ﬁliis
1071 393 1261 460 lsrael,
1294 393 1498 449 Tobias
1529 395 1831 464 sepeliebat
1853 410 2090 460 corpora
2125 408 2165 460 Α
2196 396 2337 461 suis,
2370 398 2494 464 quia
2547 413 2653 451 non
2709 397 2837 451 licet
2860 383 3026 449 nobis
3058 402 3153 449 attt
3191 392 3354 449 edere
3388 407 3451 448 ex
3490 392 3639 449 furto
3671 398 3769 449 ali-

515 501 736 541 eorum.
774 486 843 540 At
875 486 967 541 ubi
1002 487 1315 541 nuntiatum
1346 496 1432 541 est
1474 487 1612 554 regi.
1643 487 1808 557 jussit
1844 503 1969 543 eum
2000 505 2095 543 oc-

514 577 647 644 cidi,
706 589 761 631 et
829 578 954 631 tulit
1015 593 1235 632 omnem
1294 577 1653 633 substantiam
1691 568 1829 650 ejus.
1894 580 2097 636 Tobias

515 685 651 725 vero
705 685 827 724 cum
872 670 983 724 ﬁlio
1040 685 1143 725 suo
1172 678 1380 723 etcum
1422 686 1594 724 uxore
1628 672 1866 741 fugiens,
1916 673 2098 728 nudus

515 761 705 826 latuit,
746 762 873 829 quia
908 761 1062 815 multi
1096 761 1405 830 diligebant
1436 777 1583 816 eum.
1628 762 1757 817 Post
1798 764 1916 819 dies
1965 779 2097 818 vero

522 854 890 923 quadraginta
918 853 1166 921 quinque
1205 854 1526 908 occiderunt
1564 870 1742 922 regem
1776 854 1872 908 lilii
1899 854 2092 924 ipsius,

516 954 573 1001 et
613 959 863 999 reversus
901 955 985 1000 est
1013 944 1214 1001 Touias
1249 946 1303 1000 iu
1340 946 1567 1000 doinum
1594 962 1773 1012 suam,
1801 949 2094 1017 omnisque

526 1036 763 1090 facultas
802 1038 923 1106 ejus
958 1038 1209 1093 restituta
1239 1048 1324 1093 est
1354 1038 1427 1092 ei.

597 1126 760 1199 [Cap.
789 1128 882 1200 ll.)
924 1128 1053 1183 Post
1102 1131 1217 1184 haec
1252 1145 1402 1195 vero,
1435 1145 1558 1184 cum
1590 1138 1738 1185 esset
1772 1131 1891 1186 dies
1926 1131 2099 1189 festus

519 1218 761 1285 Domini,
797 1232 853 1277 et
888 1223 1089 1277 factum
1121 1233 1265 1279 esset
1299 1225 1590 1292 prandium
1620 1227 1821 1281 bonum
1856 1227 1909 1282 in
1934 1228 2098 1282 domo

522 1308 730 1374 Tobiae,
764 1312 902 1367 dixit
939 1313 1048 1367 filio
1082 1328 1183 1368 Suo
1217 1334 1230 1369 :
1270 1316 1437 1382 Vade,
1489 1326 1546 1370 et
1584 1317 1763 1372 adduc
1790 1319 2002 1388 aliquos
2032 1321 2101 1372 de

520 1402 663 1455 t'ibu
693 1415 902 1467 nostra,
954 1405 1207 1461 timentes
1255 1406 1447 1472 Deum,
1496 1417 1554 1459 ut
1584 1410 1876 1476 epulentur
1908 1409 2098 1463 nobis-

521 1508 668 1546 eum.
704 1492 954 1563 Cumque
978 1495 1205 1549 abiisset
1258 1511 1509 1551 reversus
1532 1497 1801 1550 nuntiavit
1827 1497 1899 1561 ei,
1932 1513 2099 1550 unum

520 1600 588 1638 ex
632 1587 755 1640 lilits
793 1588 955 1642 Israel
983 1589 1290 1659 jugulatum
1318 1590 1501 1659 jacere
1536 1590 1590 1643 itt
1630 1593 1831 1658 platea.
1874 1591 2102 1644 Statim-

523 1692 632 1745 que
657 1680 915 1735 exsiliens
964 1681 1032 1735 de
1082 1683 1339 1735 accubitu
1383 1696 1507 1746 suo,
1563 1685 1882 1752 relinquens
1937 1700 2100 1753 pran-

2200 489 2355 557 quid,
2413 474 2523 541 aut
2557 488 2895 557 contingere.
2942 486 3022 542 Ad
3050 487 3161 541 lucc
3190 501 3327 540 uxor
3354 485 3477 556 ejus
3504 486 3638 542 irata
3689 504 3774 541 re-

2200 580 2468 649 spondit:
2522 579 2807 635 Mauifeste
2843 594 2979 633 vana
3014 578 3153 632 facta
3206 586 3295 632 est
3344 592 3474 646 spes
3535 589 3661 641 tua.
3717 591 3774 634 et

2198 669 2561 741 eleetnosynaa
2585 682 2688 725 tua:
2710 670 2872 725 modo
2906 668 3403 739 apparueruntldl.
3428 670 3770 740 paruerunt].

2200 760 2378 829 Atque
2414 762 2498 816 bis
2538 773 2594 816 et
2638 762 2763 817 aliis
2816 761 3194 832 hujuscemodi
3230 762 3416 817 verbis
3464 762 3773 832 exprobra-

2199 850 2292 904 bat
2320 852 2392 906 ei.

2275 939 2428 1011 [Cap.
2462 940 2583 1015 lll.j
2620 942 2776 997 Tunc
2799 942 3000 998 Tobias
3030 943 3317 1011 ingemuit,
3346 951 3404 999 et
3427 944 3595 1013 cmpit
3615 960 3776 1000 orare

2201 1050 2324 1088 cum
2391 1037 2673 1106 lacrymis,
2733 1037 2924 1090 dicens
2984 1054 2999 1089 :
3060 1036 3248 1091 Justus
3279 1052 3359 1104 es,
3413 1037 3662 1105 Domine,
3716 1049 3775 1092 et

2201 1126 2381 1179 omnia
2408 1127 2611 1194 judicia
2648 1137 2740 1180 tua
2767 1127 2915 1195 justa
2963 1136 3091 1179 sunt
3129 1126 3165 1191 ‘,
3197 1137 3252 1180 et
3280 1141 3473 1180 omnes
3503 1126 3601 1180 vite
3640 1137 3769 1192 tute,

2202 1217 2602 1283 misericordia,
2660 1227 2716 1271 et
2772 1220 2995 1282 veritas,
3048 1228 3106 1271 et
3155 1217 3450 1286 judicium.
3502 1218 3565 1272 Et
3601 1234 3772 1283 nunc,

2202 1306 2451 1373 Domine,
2485 1326 2694 1363 memor
2721 1320 2840 1364 esto
2866 1311 2995 1375 mei,
3033 1319 3088 1364 et
3140 1326 3207 1365 ne
3249 1310 3544 1365 vindictam
3588 1324 3776 1365 sumas

2201 1400 2270 1455 de
2302 1404 2538 1469 peet‘atis
2573 1404 2731 1466 meis,
2771 1419 2949 1472 neque
2983 1405 3357 1458 reminiscaris
3390 1404 3589 1459 delicta
3629 1420 3773 1469 mea,

2202 1493 2285 1545 νιιι
2324 1506 2607 1560 parentum
2649 1509 2914 1549 meorum.
2947 1493 3217 1560 Quoniam
3264 1510 3371 1549 non
3421 1494 3777 1549 obcdivimus

2203 1586 2491 1655 praeceptis
2524 1587 2653 1649 tuis.
2708 1589 2832 1641 ideo
2875 1586 3061 1640 traditi
3118 1589 3357 1642 sumus'
3417 1588 3470 1641 in
3509 1587 3777 1656 direptio-

2202 1693 2351 1741 nem,
2383 1688 2438 1732 et
2474 1678 2873 1748 captivitatem,
2916 1689 2974 1732 et
3020 1690 3275 1743 mortem,
3319 1687 3376 1733 et
3416 1678 3469 1732 in
3502 1679 3773 1743 fabulam,

523 1784 701 1830 nium,
729 1770 951 1839 jejunus
978 1773 1229 1839 pervenit
1258 1773 1323 1826 ad
1357 1788 1596 1842 corpus:
1636 1775 1939 1843 tollensque
1968 1775 2097 1828 illud
2133 1766 2170 1819 Β
2202 1776 2259 1821 et
2293 1768 2345 1822 in
2381 1768 2775 1837 improperium
2817 1768 3074 1822 omnibus
3104 1768 3442 1831 nationibus,
3479 1768 3533 1822 in
3567 1768 3773 1837 quibus

526 1862 761 1924 portavit
794 1862 859 1914 ad
895 1863 1113 1915 domum
1147 1878 1300 1916 suam
1343 1866 1580 1925 occulte.
1613 1876 1691 1930 ttt,
1732 1869 1858 1919 dum
1895 1868 1974 1921 sol
2007 1882 2100 1921 oc-

523 1952 829 2016 cubuisset,
855 1963 1014 2008 caute
1035 1957 1291 2023 sepeliret
1314 1972 1462 2010 eum.
1490 1958 1740 2025 Cumque
1770 1959 2101 2014 occultasset

523 2059 749 2113 corpus,
788 2047 1136 2100 manducavit
1167 2064 1359 2115 panem
1391 2063 1514 2102 cum
1554 2050 1701 2104 luctu
1736 2062 1790 2104 et
1836 2062 2098 2116 tremere,

528 2147 842 2187 memorans
897 2136 1045 2188 illunt
1096 2152 1428 2200 sermonem,
1466 2155 1624 2206 quem
1662 2141 1795 2193 dixit
1840 2141 2101 2195 Dominus

524 2236 625 2289 per
651 2225 815 2279 Amos
854 2229 1177 2294 ptOplIclatll
1215 2247 1227 2282 :
1272 2230 1393 2282 Dies
1428 2230 1553 2282 festi
1582 2234 1747 2285 vestri
1777 2247 2103 2288 converten-

529 2326 618 2368 t-tr
670 2316 721 2368 in
776 2318 1227 2374 lamentationem
1286 2332 1341 2373 et
1396 2323 1627 2376 luctum.
1685 2322 1820 2377 Cum
1864 2339 1997 2377 vero
2022 2325 2101 2379 sol

520 2406 894 2473 occubuisset,
946 2411 1103 2476 abiit,
1161 2422 1219 2465 et
1281 2414 1535 2483 sepelivit
1584 2430 1733 2468 eum.
1790 2418 2100 2484 Arguebant

524 2508 709 2551 autem
768 2516 893 2554 eum
952 2518 1145 2557 omnes
1203 2504 1436 2575 proximi
1493 2505 2100 2574 ejus,tlicentes:Jam

525 2587 689 2657 ltujus
723 2592 798 2644 rei
852 2608 1016 2648 causa
1047 2594 1280 2648 interfici
1308 2597 1499 2663 jussus
1547 2612 1625 2660 es,
1660 2608 1713 2651 et
1745 2599 1833 2652 vix
1866 2599 2101 2668 effugisti

528 2682 724 2735 mortis
761 2684 1072 2752 imperium,
1117 2695 1172 2739 et
1205 2686 1403 2741 iterum
1439 2690 1639 2758 sepelis
1677 2692 1965 2744 mortuos?
1998 2692 2103 2746 Sed

527 2770 732 2827 Τυιιὶηε
782 2778 904 2843 plus
946 2778 1142 2831 timens
1190 2780 1357 2832 Deunt
1398 2796 1559 2848 quam
1615 2796 1820 2850 regem,
1862 2785 2107 2851 rapiebat

524 2879 756 2932 corpora
803 2870 1135 2935 occisorum,
1167 2882 1225 2925 et
1262 2874 1573 2926 occultabat
1604 2874 1661 2927 itt
1702 2874 1866 2930 domo
1899 2891 2019 2943 sua,
2051 2885 2108 2931 et

530 2956 726 3011 lLL‘tiliS
764 2961 1020 3019 noctibus
1049 2963 1353 3030 sepeliebat
1380 2980 1465 3019 ea.

603 3044 843 3115 Contigit
868 3059 1050 3102 autem
1087 3060 1146 3104 ut
1181 3054 1416 3120 quadam
1443 3054 1532 3110 die
1566 3055 1823 3127 fatigatus
1849 3074 1877 3113 ο
1912 3059 2104 3128 sepul—

532 3144 675 3198 tura,
716 3140 939 3194 veniens
990 3140 1045 3194 in
1096 3143 1319 3196 domum
1370 3160 1551 3210 suam,
1581 3148 1842 3216 jactasset
1866 3167 1923 3204 se
1948 3152 2103 3222 juxta

529 3227 815 3295 parietem,
853 3241 908 3284 et
938 3233 1327 3298 obdormisset.
1380 3248 1434 3290 et
1471 3255 1533 3291 ex
1570 3240 1698 3295 nido
1745 3242 2104 3297 hirundinum

529 3321 820 3376 dormienti
880 3324 955 3377 illi
1022 3327 1200 3380 calida
1267 3342 1515 3384 stercora
1575 3333 1878 3387 inciderent
1940 3351 2107 3404 super

533 3413 722 3466 oculos
754 3415 890 3479 ejus,
927 3417 1186 3488 lieretqne
1219 3436 1417 3477 οωρυε.
1454 3422 1603 3479 llanc
1630 3436 1811 3479 autem
1843 3431 2105 3483 teutatio-

532 3518 656 3555 nem
688 3505 810 3559 ideo
841 3511 1087 3576 permisit
1112 3512 1374 3568 Dominus
1402 3518 1625 3571 cvi-nire
1654 3518 1751 3581 illi,
1784 3528 1841 3572 ut
1872 3523 2107 3588 posteris

531 3592 758 3648 daretur
781 3602 1089 3669 exemplum
1138 3605 1411 3670 patientia:
1444 3609 1585 3674 ejus,
1635 3609 1781 3662 sicut
1831 3620 1887 3662 et
1931 3611 2105 3665 sancti

532 3683 652 3739 Job.
710 3687 843 3740 Nam
886 3704 1006 3743 cum
1044 3692 1110 3747 ab
1143 3693 1372 3751 infantia
1418 3712 1516 3751 sua
1563 3712 1781 3767 semper
1826 3698 1995 3753 Deutu
2046 3702 2110 3754 ti-

534 3782 754 3844 nun-rit,
796 3792 849 3834 et
894 3784 1149 3838 mandata
1177 3785 1296 3856 ejus
1325 3789 1678 3854 custodierit,
1713 3806 1820 3845 non
1851 3803 1936 3846 est
1971 3810 2106 3847 con-

530 3872 786 3925 tristatus
814 3882 1001 3926 contra
1032 3874 1224 3941 Deum,
1255 3879 1397 3946 quod
1433 3879 1584 3950 plaga
1610 3883 1875 3938 caacitatis
1903 3899 2103 3938 evene-

534 3961 604 4012 rit
628 3962 703 4024 ei,
730 3964 823 4016 sed
860 3964 1157 4020 immobilis
1181 3968 1233 4020 in
1260 3969 1353 4022 Dei
1384 3971 1578 4026 timore
1599 3976 1922 4041 permansit,
1946 3989 2112 4043 agens

532 4054 737 4119 gratias
784 4056 892 4110 Deo
921 4060 1180 4113 omnibus
1219 4060 1420 4116 diebus
1460 4065 1586 4117 vita:
1631 4079 1765 4119 suze.
1805 4066 1938 4119 Nam
1972 4066 2113 4121 sicut

536 4145 701 4201 beato
747 4147 848 4201 Job
900 4149 1237 4205 insultabant
1288 4166 1465 4220 reges,
1503 4153 1573 4205 ita
1613 4154 1700 4207 isti
1764 4165 2015 4223 parentes
2057 4168 2113 4211 et

534 4240 752 4307 cognati
785 4240 907 4310 ejus
948 4241 1251 4296 irridebant
1281 4242 1445 4298 vitam
1476 4243 1618 4314 ejus,
1674 4246 1919 4302 dicentes
1957 4266 1970 4301 :
2011 4246 2111 4303 Ubi

532 4339 773 4398 estSpes
824 4340 932 4393 tua,
992 4346 1090 4399 pro
1119 4348 1226 4401 qua
1277 4332 1651 4405 cleemosynas
1702 4346 1756 4390 et
1804 4336 2113 4406 sepulturas

2212 1859 2515 1927 dispersisti
2549 1876 2670 1913 nos.
2721 1859 2787 1914 Et
2821 1874 2986 1921 nunc,
3022 1858 3272 1922 Domine,
3325 1874 3515 1928 magna
3566 1859 3780 1928 judicia

2204 1959 2316 2015 tua,
2338 1951 2462 2020 quia
2488 1950 2597 2022 [Αἰ.
2631 1948 2749 2020 qui]
2785 1967 2892 2003 non
2931 1952 3144 2020 egimus
3174 1950 3477 2006 secundum
3508 1963 3782 2019 praaccpta

2206 2052 2314 2108 tua,
2352 2054 2407 2097 et
2464 2059 2571 2095 non
2621 2044 3024 2096 ambulavituus
3058 2042 3349 2096 sinceriter
3382 2057 3563 2095 coram
3598 2052 3671 2096 te.
3711 2040 3782 2095 Et

2206 2150 2374 2199 ttunc,
2428 2134 2679 2199 Domine,
2740 2136 3043 2188 secundent
3103 2135 3437 2188 voluntatem
3487 2144 3631 2187 tuam
3693 2133 3784 2187 fac

2207 2241 2462 2291 mecum,
2533 2235 2589 2279 ct
2647 2227 2883 2294 praecipe
2943 2226 3001 2279 in
3064 2240 3196 2294 pace
3275 2225 3445 2293 recipi
3525 2222 3785 2292 spiritum

2208 2337 2383 2376 meum
2426 2337 2442 2377 ;
2480 2320 2704 2389 expedit
2743 2323 2892 2375 enim
2940 2320 3074 2373 tuitti
3134 2319 3273 2373 mori
3303 2319 3474 2387 magis
3504 2332 3666 2386 quam
3700 2316 3788 2369 vi-

2205 2430 2353 2469 vere.

2277 2505 2481 2560 Eadem
2510 2503 2694 2573 itaque
2727 2501 2819 2557 die
2847 2500 3098 2570 contigit,
3136 2512 3196 2556 ut
3222 2500 3356 2555 Sara
3387 2498 3495 2553 (ilia
3526 2496 3790 2568 Raguelis

2208 2596 2261 2649 itt
2298 2596 2472 2663 Rages
2517 2596 2743 2648 civitate
2779 2593 3060 2647 Medorum
3090 2592 3129 2657 ⁸,
3171 2602 3225 2647 et
3269 2592 3383 2661 ipsa
3414 2591 3633 2646 audiret
3682 2590 3788 2642 itu-

2207 2686 2520 2754 properium
2568 2686 2635 2739 ab
2673 2701 2778 2738 una
2807 2701 2873 2738 ex
2912 2685 3130 2738 ancillis
3164 2685 3335 2753 patris
3385 2683 3489 2747 sui,
3521 2682 3787 2751 quoniam

2210 2778 2405 2831 tradita
2440 2780 2620 2833 fuerat
2646 2791 2853 2848 septem
2891 2780 3044 2843 viris,
3089 2788 3143 2844 et
3189 2777 3521 2832 daemonium
3558 2777 3787 2829 nomine

2207 2870 2532 2925 Asmodteus
2563 2871 2838 2925 occiderat
2866 2887 2983 2935 eos,
3025 2886 3149 2925 mox
3183 2878 3241 2923 ut
3274 2869 3505 2939 ingressi
3548 2867 3789 2924 fuissent

2208 2962 2273 3014 ad
2300 2976 2443 3015 eam.
2477 2961 2620 3030 Ergo
2653 2978 2775 3016 cum
2806 2978 2903 3031 pro
2937 2960 3093 3030 culpa
3132 2976 3229 3014 sua
3270 2960 3580 3028 increparet
3614 2961 3739 3029 puel
3761 2992 3773 3001 ο

2210 3054 2340 3115 lam,
2389 3055 2673 3122 respondit
2702 3055 2775 3119 ei,
2813 3053 3001 3107 dicens
3034 3072 3047 3108 :
3098 3052 3346 3123 Amplius
3380 3066 3444 3106 ex
3480 3062 3532 3105 te
3558 3066 3663 3105 non
3694 3054 3779 3104 vi-

2209 3143 2437 3198 deamus
2461 3143 2481 3173 "
2506 3145 2675 3197 tilium
2701 3154 2793 3198 aut
2820 3144 2983 3198 tiliam
3003 3160 3169 3212 super
3193 3152 3415 3208 terram,
3441 3143 3787 3198 interfectrix

2209 3236 2454 3290 virorum
2484 3244 2725 3290 tuorum.
2756 3234 3032 3304 Numquid
3058 3246 3113 3289 et
3142 3236 3395 3291 occidere
3423 3249 3509 3289 me
3533 3235 3614 3289 vis
3643 3234 3791 3290 sicut

2202 3328 2314 3399 jam
2349 3327 2600 3382 occidisti
2645 3336 2855 3397 septem
2888 3328 3090 3382 viros?
3148 3328 3226 3382 Ad
3264 3328 3401 3381 banc
3434 3341 3620 3380 vocem
3662 3340 3791 3395 per-

2212 3421 2353 3474 rexit
2406 3420 2460 3473 itt
2517 3421 2775 3488 superius
2805 3420 3124 3475 cubiculum
3176 3418 3287 3491 [AL
3322 3419 3593 3488 superiori
3627 3417 3792 3472 cubi-

2209 3509 2357 3581 culo]
2389 3510 2585 3565 domus
2616 3526 2727 3565 sum
2762 3527 2776 3568 :
2818 3522 2872 3565 ut.
2902 3511 3081 3565 tribus
3112 3513 3328 3572 diebus,
3366 3519 3423 3564 et
3473 3512 3646 3564 tribus
3680 3523 3789 3563 no-

2211 3604 2389 3657 ctibus
2415 3618 2519 3657 non
2555 3603 2927 3666 manducavit,
2964 3618 3145 3673 neque
3186 3602 3368 3657 bibit:
3414 3604 3506 3657 sed
3555 3603 3610 3655 itt
3663 3616 3795 3655 ora-

2213 3698 2358 3750 ti0ne
2385 3697 2707 3764 persistens,
2735 3712 2854 3749 cum
2884 3696 3141 3765 lacrymis
3162 3695 3559 3764 deprecabatur
3590 3693 3790 3759 Deum,

2215 3797 2273 3839 ut
2320 3789 2390 3841 ab
2432 3788 2535 3841 isto
2569 3788 2907 3857 improperio
2950 3786 3215 3841 liberaret
3265 3802 3413 3842 eam.
3449 3785 3671 3840 Factum
3704 3796 3793 3841 est

2212 3890 2392 3931 autem
2427 3878 2517 3932 die
2565 3877 2745 3944 tertia,
2782 3876 2911 3931 dum
2944 3878 3248 3947 compleret
3282 3877 3587 3931 orationem
3622 3878 3794 3933 bene-

2214 3968 2401 4023 diceus
2454 3968 2767 4033 Dominum,
2826 3968 3012 4022 dixit:
3068 3968 3424 4023 Benedictum
3457 3979 3544 4023 est
3586 3985 3791 4025 nomen

2214 4068 2390 4126 tuum,
2446 4060 2591 4114 Deus
2623 4070 2841 4127 patrum
2887 4072 3197 4115 nostrorum
3233 4076 3248 4114 :
3282 4063 3377 4130 qui
3429 4074 3554 4114 cum
3616 4061 3793 4116 iratus

2216 4151 2405 4214 fueris,
2441 4151 2876 4205 misericordiam
2916 4150 3102 4215 facies,
3138 4160 3195 4205 et
3246 4150 3301 4204 in
3336 4159 3582 4220 tempore
3614 4151 3792 4206 tribu-

2216 4241 2435 4298 lationis
2487 4253 2711 4310 peccata
2760 4242 2995 4296 dimittis
3056 4242 3143 4296 his
3173 4242 3265 4312 qui
3299 4241 3672 4298 invocaut‘te.
3706 4246 3791 4299 Ad

2218 4345 2291 4399 te,
2327 4335 2577 4396 Domine,
2628 4332 2822 4388 faciem
2856 4349 3031 4387 meam
3066 4344 3348 4397 converto,
3381 4335 3447 4388 ad
3496 4344 3547 4389 te
3595 4337 3793 4391 oculos

536 4421 818 4477 faciebas?
849 4422 1052 4479 Tobias
1081 4440 1211 4479 vero
1244 4425 1563 4496 increpabat
1589 4442 1705 4492 eos,
1739 4428 1970 4485 dicens:
2006 4429 2110 4484 No-
2147 4442 2186 4494 ο
2217 4441 2368 4480 meos
2405 4424 2582 4495 dirigo
2612 4425 2653 4479 ⁸.
2713 4425 2868 4487 Peto,
2904 4425 3154 4488 Domine,
3222 4435 3279 4479 ut
3319 4427 3386 4481 de
3422 4427 3638 4481 vinculo
3687 4429 3793 4483 im-

534 4513 633 4567 ttte
666 4514 737 4566 ita
784 4514 929 4583 loqui
960 4530 975 4565 :
1028 4518 1288 4584 quoniam
1321 4517 1417 4571 ﬁlii
1445 4526 1757 4572 sanctorum
1797 4534 2009 4586 sumus,
2060 4531 2115 4576 et

541 4606 709 4660 vitam
763 4606 911 4662 illam
967 4618 1352 4678 exspectamus
1389 4624 1553 4678 quam
1588 4609 1731 4665 Deus
1761 4611 1995 4667 daturus
2032 4622 2117 4668 est

540 4701 651 4764 his,
683 4700 774 4770 qui
814 4699 974 4754 fidem
1007 4716 1162 4755 suam
1195 4717 1471 4771 nunquam
1504 4713 1717 4757 mutant
1751 4704 1821 4759 ab
1852 4719 1941 4759 eo.

611 4793 770 4847 Anna
806 4809 933 4847 vero
971 4809 1109 4848 uxor
1158 4795 1280 4864 ejus
1331 4793 1448 4849 ibat
1509 4793 1575 4847 ad
1624 4810 1763 4863 Opus
1820 4798 2115 4850 textrinum

539 4885 810 4953 quotidie,
842 4885 1005 4940 etde
1059 4887 1248 4941 labore
1298 4902 1555 4941 tnanuum
1607 4902 1831 4941 suarum
1891 4888 2116 4951 victum,

541 4992 704 5047 quem
751 4978 1013 5048 consequi
1071 4987 1307 5049 poterat,
1358 4978 1654 5034 deferebat.
1718 4979 1872 5034 Unde
1912 4981 2116 5035 factum

541 5080 649 5134 est,
675 5081 731 5123 ut
754 5072 964 5124 haedum
988 5086 1275 5140 caprarum
1308 5072 1583 5140 accipiens
1608 5072 1893 5126 detulisset
1921 5072 2071 5126 dumi
2102 5089 2118 5129 ;

546 5162 707 5232 cujus
737 5176 859 5215 cum
901 5177 1094 5216 vocent
1130 5162 1365 5216 balantis
1397 5164 1478 5216 vir
1505 5164 1624 5234 ejus
1652 5163 1917 5227 audisset,
1943 5163 2118 5229 dixit:

464 5256 491 5321 ρ
548 5252 761 5319 Videte,
804 5268 871 5307 ne
906 5254 1047 5308 forte
1084 5254 1321 5309 furtivus
1353 5255 1442 5319 sit,
1483 5255 1697 5309 reddite
1730 5269 1855 5309 eum
1882 5255 2122 5311 dominis

620 5440 638 5471 ¹
673 5439 732 5494 ιη
762 5438 1006 5494 Palatino
1035 5454 1137 5494 ms.
1165 5439 1379 5493 Iudicia
1411 5447 1502 5493 tua
1538 5456 1661 5493 vera
1684 5449 1829 5494 sunt.

548 5580 579 5631 θ
616 5510 637 5540 ⁸
670 5511 819 5565 Idem
868 5525 972 5563 tus.
1014 5510 1081 5564 Et
1106 5510 1290 5563 traditi
1323 5526 1521 5565 sumus.
1551 5510 1741 5566 Graece
1776 5511 1886 5565 Καὶ
1913 5508 2123 5571 ἔδωκας

573 5581 721 5634 ιαᾶς.
747 5588 857 5634 etc.

571 5597 628 5630 ,α
682 5598 721 5640 ,θ
766 5600 778 5615 ,
843 5619 857 5635 .

571 5597 836 5730 ‘:_'ai1u‘ii_tc
867 5650 1111 5730 Palatino
1155 5646 1378 5730 Reginae
1410 5668 1515 5730 ms._
1547 5652 1696 5730 Filig
1729 5650 1929 5720 Raguel
1971 5654 2023 5707 in
2052 5652 2121 5706 ci-

553 5721 735 5788 vitate,
764 5722 971 5792 abSque
1001 5721 1329 5779 intermedio
1370 5723 1614 5790 nomine,
1653 5722 1842 5792 Rages.

2219 4514 2456 4586 proper-ii
2488 4515 2647 4586 hujus
2677 4513 2933 4569 absolvas
2964 4529 3070 4576 me,
3102 4527 3193 4570 aut
3219 4527 3368 4570 certe
3398 4516 3638 4587 desuper
3678 4525 3793 4573 ter-

2220 4624 2336 4662 rant
2388 4608 2594 4677 eripias
2625 4623 2733 4662 nte.
2778 4606 2860 4661 Tu
2892 4608 3023 4669 scis,
3060 4606 3313 4672 Domine,
3350 4611 3476 4678 quia
3511 4626 3792 4679 nunquam

2218 4701 2508 4771 concupivi
2565 4700 2791 4765 virum,
2846 4711 2904 4755 et
2958 4702 3219 4754 mundam
3281 4702 3493 4755 servavi
3554 4704 3791 4758 animam

2220 4811 2395 4849 meatu
2454 4794 2520 4849 ab
2570 4794 2721 4849 omni
2781 4794 3251 4864 concupiscentia.
3317 4794 3607 4864 Nunquam
3667 4811 3791 4851 cum

2219 4888 2536 4944 ludentibus
2556 4889 2747 4945 miscui
2777 4904 2864 4944 me
2894 4908 2908 4944 :
2941 4904 3118 4958 neque
3149 4904 3272 4943 cum
3306 4888 3390 4943 bis
3436 4889 3530 4958 qui
3568 4890 3622 4943 in
3652 4890 3788 4944 levi-

2222 4991 2337 5036 tate
2372 4982 2681 5049 ambulant,
2725 4982 3045 5052 participem
3079 4997 3163 5035 me
3194 4982 3420 5051 praebui.
3476 4980 3660 5034 Virum
3696 4997 3795 5035 au-

2225 5084 2332 5129 tein
2362 5089 2483 5129 cum
2515 5077 2711 5130 timore
2759 5084 2875 5140 tuo,
2927 5088 3035 5127 non
3068 5088 3192 5127 cum
3230 5072 3460 5127 libidine
3492 5087 3611 5124 mea
3659 5088 3791 5125 con-

2223 5165 2370 5218 sensi
2424 5164 2729 5233 suscipere.
2778 5161 2866 5227 Et,
2902 5174 2995 5218 aut
3023 5179 3126 5232 ego
3156 5164 3378 5233 indigna
3419 5162 3496 5217 fui
3539 5162 3667 5226 illis,
3701 5172 3795 5215 aut

2226 5256 2307 5311 illi
2342 5256 2569 5311 forsitan
2609 5270 2696 5310 me
2723 5255 3073 5310 nonfeerunt
3104 5256 3252 5325 digni
3282 5256 3344 5307 οε
3403 5254 3528 5322 quia
3563 5252 3792 5307 forsitan

2296 5438 2316 5467 ⁸
2352 5437 2519 5491 lidetn
2547 5450 2681 5491 mss.
2718 5434 2837 5489 Non
2864 5436 3175 5490 videbimus.

2297 5509 2316 5539 ⁵
2352 5508 2552 5561 lterunt
2594 5516 2833 5560 converto
2859 5523 2959 5577 pro
3004 5508 3194 5575 dirigo,
3227 5503 3399 5557 nostri
3440 5518 3569 5559 mss.
3605 5502 3799 5573 pratic-

2337 5595 2373 5630 1.

2226 5595 2327 5678 m9
2350 5647 2579 5703 Palatio.
2638 5662 2739 5702 tus.
2788 5645 2881 5701 Illi
2940 5646 3065 5700 mihi
3120 5644 3344 5715 forsitan
3400 5660 3499 5697 non
3568 5643 3799 5713 (uerunt,

2227 5730 2331 5775 CiC.
