  <div class='ocr_page' id='page_1' title='image "/cluster/home/n/w/nwhite01/storage/ocr_20150623/29/hvd.32044096580519/030.png"; bbox 0 0 3966 6184; ppageno 0'>
   <div class='ocr_carea' id='block_1_1' title="bbox 235 362 1815 437">
    <p class='ocr_par' dir='ltr' id='par_1_1' title="bbox 235 366 1815 437">
     <span class='ocr_line' id='line_1_1' title="bbox 235 366 1815 437; baseline -0.006 -1"><span class='ocrx_word' id='word_1_1' title='bbox 235 373 303 437; x_wconf 78' lang='grc'>29</span> <span class='ocrx_word' id='word_1_2' title='bbox 1146 381 1157 391; x_wconf 89' lang='lat'><strong>&#39;</strong></span> <span class='ocrx_word' id='word_1_3' title='bbox 1596 366 1815 427; x_wconf 66' lang='lat' dir='ltr'><strong>LIBER</strong></span> 
     </span>
    </p>
   </div>
   <div class='ocr_carea' id='block_1_2' title="bbox 1932 362 3503 437">
    <p class='ocr_par' dir='ltr' id='par_1_2' title="bbox 1932 362 3503 430">
     <span class='ocr_line' id='line_1_2' title="bbox 1932 362 3503 430; baseline -0.002 -3"><span class='ocrx_word' id='word_1_4' title='bbox 1932 368 2142 430; x_wconf 70' lang='grc' dir='ltr'><strong>ΟΒΗΕ.</strong></span> <span class='ocrx_word' id='word_1_5' title='bbox 3416 362 3503 424; x_wconf 66' lang='grc'><strong>30</strong></span> 
     </span>
    </p>
   </div>
   <div class='ocr_carea' id='block_1_3' title="bbox 240 486 1893 548">
    <p class='ocr_par' dir='ltr' id='par_1_3' title="bbox 240 486 1893 548">
     <span class='ocr_line' id='line_1_3' title="bbox 240 486 1893 548; baseline -0.004 0"><span class='ocrx_word' id='word_1_6' title='bbox 240 496 355 548; x_wconf 75' lang='lat' dir='ltr'><strong>\iro</strong></span> <span class='ocrx_word' id='word_1_7' title='bbox 386 490 477 545; x_wconf 92' lang='lat' dir='ltr'><strong>alii</strong></span> <span class='ocrx_word' id='word_1_8' title='bbox 511 488 852 544; x_wconf 83' lang='lat' dir='ltr'><strong>conservasti</strong></span> <span class='ocrx_word' id='word_1_9' title='bbox 893 499 1000 541; x_wconf 86' lang='lat' dir='ltr'><strong>me.</strong></span> <span class='ocrx_word' id='word_1_10' title='bbox 1034 487 1154 542; x_wconf 82' lang='lat' dir='ltr'><strong>Non</strong></span> <span class='ocrx_word' id='word_1_11' title='bbox 1189 494 1276 541; x_wconf 89' lang='lat' dir='ltr'><strong>est</strong></span> <span class='ocrx_word' id='word_1_12' title='bbox 1309 486 1455 541; x_wconf 88' lang='lat' dir='ltr'><strong>enim</strong></span> <span class='ocrx_word' id='word_1_13' title='bbox 1490 487 1545 541; x_wconf 91' lang='lat' dir='ltr'><strong>in</strong></span> <span class='ocrx_word' id='word_1_14' title='bbox 1581 487 1818 543; x_wconf 94' lang='lat' dir='ltr'><strong>hominis</strong></span> <span class='ocrx_word' id='word_1_15' title='bbox 1851 494 1893 548; x_wconf 82' lang='grc' dir='ltr'><strong>Α</strong></span> 
     </span>
    </p>
   </div>
   <div class='ocr_carea' id='block_1_4' title="bbox 233 578 1807 656">
    <p class='ocr_par' dir='ltr' id='par_1_4' title="bbox 233 578 1807 656">
     <span class='ocr_line' id='line_1_4' title="bbox 233 578 1807 656; baseline -0.003 -17"><span class='ocrx_word' id='word_1_16' title='bbox 233 591 493 656; x_wconf 78' lang='lat' dir='ltr'><strong>potestate</strong></span> <span class='ocrx_word' id='word_1_17' title='bbox 546 582 843 636; x_wconf 92' lang='lat' dir='ltr'><strong>consilium</strong></span> <span class='ocrx_word' id='word_1_18' title='bbox 897 590 1075 635; x_wconf 88' lang='lat' dir='ltr'><strong>tuum.</strong></span> <span class='ocrx_word' id='word_1_19' title='bbox 1146 578 1261 633; x_wconf 86' lang='lat' dir='ltr'><strong>lloc</strong></span> <span class='ocrx_word' id='word_1_20' title='bbox 1308 588 1490 634; x_wconf 82' lang='lat' dir='ltr'><strong>autem</strong></span> <span class='ocrx_word' id='word_1_21' title='bbox 1525 593 1626 647; x_wconf 84' lang='lat' dir='ltr'><strong>pro</strong></span> <span class='ocrx_word' id='word_1_22' title='bbox 1655 590 1807 635; x_wconf 88' lang='lat' dir='ltr'><strong>certo</strong></span> 
     </span>
    </p>
   </div>
   <div class='ocr_carea' id='block_1_5' title="bbox 235 672 1809 743">
    <p class='ocr_par' dir='ltr' id='par_1_5' title="bbox 235 672 1809 743">
     <span class='ocr_line' id='line_1_5' title="bbox 235 672 1809 743; baseline -0.004 -12"><span class='ocrx_word' id='word_1_23' title='bbox 235 677 393 731; x_wconf 86' lang='lat' dir='ltr'><strong>habet</strong></span> <span class='ocrx_word' id='word_1_24' title='bbox 427 675 610 729; x_wconf 89' lang='lat' dir='ltr'><strong>omnis</strong></span> <span class='ocrx_word' id='word_1_25' title='bbox 633 674 728 743; x_wconf 86' lang='lat' dir='ltr'><strong>qui</strong></span> <span class='ocrx_word' id='word_1_26' title='bbox 763 683 813 728; x_wconf 84' lang='lat' dir='ltr'><strong>te</strong></span> <span class='ocrx_word' id='word_1_27' title='bbox 839 674 970 727; x_wconf 87' lang='lat' dir='ltr'><strong>colit</strong></span> <span class='ocrx_word' id='word_1_28' title='bbox 995 690 1009 739; x_wconf 89' lang='lat'>;</span> <span class='ocrx_word' id='word_1_29' title='bbox 1037 672 1183 743; x_wconf 85' lang='lat' dir='ltr'><strong>quod</strong></span> <span class='ocrx_word' id='word_1_30' title='bbox 1218 672 1327 725; x_wconf 83' lang='lat' dir='ltr'><strong>vita</strong></span> <span class='ocrx_word' id='word_1_31' title='bbox 1355 672 1493 741; x_wconf 84' lang='lat' dir='ltr'><strong>ejus.</strong></span> <span class='ocrx_word' id='word_1_32' title='bbox 1524 674 1567 726; x_wconf 89' lang='lat' dir='ltr'><strong>si</strong></span> <span class='ocrx_word' id='word_1_33' title='bbox 1603 674 1656 724; x_wconf 90' lang='lat' dir='ltr'><strong>in</strong></span> <span class='ocrx_word' id='word_1_34' title='bbox 1683 687 1809 740; x_wconf 85' lang='lat' dir='ltr'><strong>pro-</strong></span> 
     </span>
    </p>
   </div>
   <div class='ocr_carea' id='block_1_6' title="bbox 232 764 1809 833">
    <p class='ocr_par' dir='ltr' id='par_1_6' title="bbox 232 764 1809 833">
     <span class='ocr_line' id='line_1_6' title="bbox 232 764 1809 833; baseline -0.004 -8"><span class='ocrx_word' id='word_1_35' title='bbox 232 770 449 825; x_wconf 87' lang='lat' dir='ltr'><strong>batione</strong></span> <span class='ocrx_word' id='word_1_36' title='bbox 501 767 687 833; x_wconf 82' lang='lat' dir='ltr'><strong>fuerit,</strong></span> <span class='ocrx_word' id='word_1_37' title='bbox 739 766 1097 821; x_wconf 86' lang='lat' dir='ltr'><strong>coronabitur</strong></span> <span class='ocrx_word' id='word_1_38' title='bbox 1130 781 1144 824; x_wconf 87' lang='lat'><strong>:</strong></span> <span class='ocrx_word' id='word_1_39' title='bbox 1200 764 1244 819; x_wconf 91' lang='lat' dir='ltr'><strong>si</strong></span> <span class='ocrx_word' id='word_1_40' title='bbox 1277 773 1458 818; x_wconf 81' lang='lat' dir='ltr'><strong>autem</strong></span> <span class='ocrx_word' id='word_1_41' title='bbox 1496 765 1547 817; x_wconf 89' lang='lat' dir='ltr'><strong>in</strong></span> <span class='ocrx_word' id='word_1_42' title='bbox 1583 766 1809 818; x_wconf 78' lang='lat' dir='ltr'><strong>tribula-</strong></span> 
     </span>
    </p>
   </div>
   <div class='ocr_carea' id='block_1_7' title="bbox 235 855 1808 923">
    <p class='ocr_par' dir='ltr' id='par_1_7' title="bbox 235 855 1808 923">
     <span class='ocr_line' id='line_1_7' title="bbox 235 855 1808 923; baseline -0.004 -8"><span class='ocrx_word' id='word_1_43' title='bbox 235 862 378 916; x_wconf 88' lang='lat' dir='ltr'><strong>tione</strong></span> <span class='ocrx_word' id='word_1_44' title='bbox 418 859 602 920; x_wconf 80' lang='lat' dir='ltr'><strong>fuerit,</strong></span> <span class='ocrx_word' id='word_1_45' title='bbox 637 857 1009 912; x_wconf 90' lang='lat' dir='ltr'><strong>liberabitur:</strong></span> <span class='ocrx_word' id='word_1_46' title='bbox 1052 870 1105 910; x_wconf 87' lang='lat' dir='ltr'><strong>et</strong></span> <span class='ocrx_word' id='word_1_47' title='bbox 1139 855 1184 910; x_wconf 93' lang='lat' dir='ltr'><strong>si</strong></span> <span class='ocrx_word' id='word_1_48' title='bbox 1221 856 1272 909; x_wconf 96' lang='lat' dir='ltr'><strong>in</strong></span> <span class='ocrx_word' id='word_1_49' title='bbox 1300 857 1651 923; x_wconf 76' lang='lat' dir='ltr'><strong>correptione</strong></span> <span class='ocrx_word' id='word_1_50' title='bbox 1688 855 1808 909; x_wconf 80' lang='lat' dir='ltr'><strong>fue-</strong></span> 
     </span>
    </p>
   </div>
   <div class='ocr_carea' id='block_1_8' title="bbox 235 944 1808 1018">
    <p class='ocr_par' dir='ltr' id='par_1_8' title="bbox 235 944 1808 1018">
     <span class='ocr_line' id='line_1_8' title="bbox 235 944 1808 1018; baseline -0.002 -16"><span class='ocrx_word' id='word_1_51' title='bbox 235 950 321 1011; x_wconf 85' lang='lat' dir='ltr'><strong>rit,</strong></span> <span class='ocrx_word' id='word_1_52' title='bbox 372 948 439 1001; x_wconf 88' lang='lat' dir='ltr'><strong>ad</strong></span> <span class='ocrx_word' id='word_1_53' title='bbox 474 948 912 1002; x_wconf 89' lang='lat' dir='ltr'><strong>misericordiam</strong></span> <span class='ocrx_word' id='word_1_54' title='bbox 946 956 1094 1000; x_wconf 90' lang='lat' dir='ltr'><strong>tuam</strong></span> <span class='ocrx_word' id='word_1_55' title='bbox 1131 945 1317 1000; x_wconf 88' lang='lat' dir='ltr'><strong>venire</strong></span> <span class='ocrx_word' id='word_1_56' title='bbox 1346 944 1457 1018; x_wconf 80' lang='grc' dir='ltr'><strong>[Αι.</strong></span> <span class='ocrx_word' id='word_1_57' title='bbox 1497 946 1808 1017; x_wconf 73' lang='lat' dir='ltr'><strong>pervenire]</strong></span> 
     </span>
    </p>
   </div>
   <div class='ocr_carea' id='block_1_9' title="bbox 234 1039 1809 1111">
    <p class='ocr_par' dir='ltr' id='par_1_9' title="bbox 234 1039 1809 1111">
     <span class='ocr_line' id='line_1_9' title="bbox 234 1039 1809 1111; baseline 0.001 -18"><span class='ocrx_word' id='word_1_58' title='bbox 234 1039 439 1095; x_wconf 89' lang='lat' dir='ltr'><strong>licebit.</strong></span> <span class='ocrx_word' id='word_1_59' title='bbox 490 1039 609 1093; x_wconf 80' lang='lat' dir='ltr'><strong>Non</strong></span> <span class='ocrx_word' id='word_1_60' title='bbox 652 1039 803 1093; x_wconf 92' lang='lat' dir='ltr'><strong>enim</strong></span> <span class='ocrx_word' id='word_1_61' title='bbox 850 1039 1147 1095; x_wconf 88' lang='lat' dir='ltr'><strong>delectaris</strong></span> <span class='ocrx_word' id='word_1_62' title='bbox 1180 1042 1234 1095; x_wconf 91' lang='lat' dir='ltr'><strong>in</strong></span> <span class='ocrx_word' id='word_1_63' title='bbox 1270 1042 1675 1111; x_wconf 86' lang='lat' dir='ltr'><strong>perditionibns</strong></span> <span class='ocrx_word' id='word_1_64' title='bbox 1708 1060 1809 1095; x_wconf 90' lang='lat' dir='ltr'><strong>no-</strong></span> 
     </span>
    </p>
   </div>
   <div class='ocr_carea' id='block_1_10' title="bbox 235 1130 1805 1204">
    <p class='ocr_par' dir='ltr' id='par_1_10' title="bbox 235 1130 1805 1204">
     <span class='ocr_line' id='line_1_10' title="bbox 235 1130 1805 1204; baseline 0.004 -19"><span class='ocrx_word' id='word_1_65' title='bbox 235 1131 356 1185; x_wconf 86' lang='lat' dir='ltr'><strong>stris</strong></span> <span class='ocrx_word' id='word_1_66' title='bbox 390 1147 404 1183; x_wconf 92' lang='lat'><strong>:</strong></span> <span class='ocrx_word' id='word_1_67' title='bbox 444 1130 570 1199; x_wconf 92' lang='lat' dir='ltr'><strong>quia</strong></span> <span class='ocrx_word' id='word_1_68' title='bbox 606 1142 729 1200; x_wconf 89' lang='lat' dir='ltr'><strong>post</strong></span> <span class='ocrx_word' id='word_1_69' title='bbox 787 1142 1191 1202; x_wconf 82' lang='lat' dir='ltr'><strong>tempestatem,</strong></span> <span class='ocrx_word' id='word_1_70' title='bbox 1239 1135 1591 1204; x_wconf 87' lang='lat' dir='ltr'><strong>tranquillum</strong></span> <span class='ocrx_word' id='word_1_71' title='bbox 1628 1135 1805 1191; x_wconf 79' lang='lat' dir='ltr'><strong>facis:</strong></span> 
     </span>
    </p>
   </div>
   <div class='ocr_carea' id='block_1_11' title="bbox 235 1223 1807 1293">
    <p class='ocr_par' dir='ltr' id='par_1_11' title="bbox 235 1223 1807 1293">
     <span class='ocr_line' id='line_1_11' title="bbox 235 1223 1807 1293; baseline 0.003 -19"><span class='ocrx_word' id='word_1_72' title='bbox 235 1234 287 1275; x_wconf 88' lang='lat' dir='ltr'><strong>et</strong></span> <span class='ocrx_word' id='word_1_73' title='bbox 336 1231 458 1290; x_wconf 91' lang='lat' dir='ltr'><strong>post</strong></span> <span class='ocrx_word' id='word_1_74' title='bbox 513 1223 966 1293; x_wconf 80' lang='lat' dir='ltr'><strong>lacrymatiouem</strong></span> <span class='ocrx_word' id='word_1_75' title='bbox 1020 1234 1072 1277; x_wconf 89' lang='lat' dir='ltr'><strong>et</strong></span> <span class='ocrx_word' id='word_1_76' title='bbox 1126 1224 1333 1287; x_wconf 81' lang='lat' dir='ltr'><strong>ﬂetum,</strong></span> <span class='ocrx_word' id='word_1_77' title='bbox 1385 1226 1807 1280; x_wconf 81' lang='lat' dir='ltr'><strong>exsultationem</strong></span> 
     </span>
    </p>
   </div>
   <div class='ocr_carea' id='block_1_12' title="bbox 236 1312 1808 1383">
    <p class='ocr_par' dir='ltr' id='par_1_12' title="bbox 236 1312 1808 1383">
     <span class='ocr_line' id='line_1_12' title="bbox 236 1312 1808 1383; baseline 0.002 -17"><span class='ocrx_word' id='word_1_78' title='bbox 236 1312 489 1366; x_wconf 78' lang='lat' dir='ltr'><strong>infundis.</strong></span> <span class='ocrx_word' id='word_1_79' title='bbox 519 1314 600 1368; x_wconf 86' lang='lat' dir='ltr'><strong>Sit</strong></span> <span class='ocrx_word' id='word_1_80' title='bbox 633 1329 828 1369; x_wconf 86' lang='lat' dir='ltr'><strong>nomen</strong></span> <span class='ocrx_word' id='word_1_81' title='bbox 858 1324 1033 1378; x_wconf 88' lang='lat' dir='ltr'><strong>tuum,</strong></span> <span class='ocrx_word' id='word_1_82' title='bbox 1064 1315 1207 1371; x_wconf 90' lang='lat' dir='ltr'><strong>Deus</strong></span> <span class='ocrx_word' id='word_1_83' title='bbox 1246 1315 1427 1383; x_wconf 89' lang='lat' dir='ltr'><strong>Israel,</strong></span> <span class='ocrx_word' id='word_1_84' title='bbox 1460 1318 1808 1372; x_wconf 78' lang='lat' dir='ltr'><strong>benedictum</strong></span> 
     </span>
    </p>
   </div>
   <div class='ocr_carea' id='block_1_13' title="bbox 236 1406 534 1459">
    <p class='ocr_par' dir='ltr' id='par_1_13' title="bbox 236 1406 534 1459">
     <span class='ocr_line' id='line_1_13' title="bbox 236 1406 534 1459; baseline 0.003 -2"><span class='ocrx_word' id='word_1_85' title='bbox 236 1406 286 1457; x_wconf 92' lang='lat' dir='ltr'><strong>in</strong></span> <span class='ocrx_word' id='word_1_86' title='bbox 310 1406 534 1459; x_wconf 63' lang='lat' dir='ltr'><strong>saecula.</strong></span> 
     </span>
    </p>
   </div>
   <div class='ocr_carea' id='block_1_14' title="bbox 300 1494 1805 1569">
    <p class='ocr_par' dir='ltr' id='par_1_14' title="bbox 300 1494 1805 1569">
     <span class='ocr_line' id='line_1_14' title="bbox 300 1494 1805 1569; baseline 0.004 -21"><span class='ocrx_word' id='word_1_87' title='bbox 300 1494 354 1548; x_wconf 92' lang='lat' dir='ltr'><strong>ln</strong></span> <span class='ocrx_word' id='word_1_88' title='bbox 390 1497 485 1548; x_wconf 92' lang='lat' dir='ltr'><strong>illo</strong></span> <span class='ocrx_word' id='word_1_89' title='bbox 518 1505 769 1566; x_wconf 81' lang='lat' dir='ltr'><strong>tempore</strong></span> <span class='ocrx_word' id='word_1_90' title='bbox 800 1501 1078 1555; x_wconf 77' lang='lat' dir='ltr'><strong>exaudita:</strong></span> <span class='ocrx_word' id='word_1_91' title='bbox 1114 1510 1245 1554; x_wconf 89' lang='lat' dir='ltr'><strong>sunt</strong></span> <span class='ocrx_word' id='word_1_92' title='bbox 1293 1515 1493 1569; x_wconf 88' lang='lat' dir='ltr'><strong>preces</strong></span> <span class='ocrx_word' id='word_1_93' title='bbox 1520 1502 1805 1555; x_wconf 88' lang='lat' dir='ltr'><strong>amborum</strong></span> 
     </span>
    </p>
   </div>
   <div class='ocr_carea' id='block_1_15' title="bbox 239 1584 1813 1655">
    <p class='ocr_par' dir='ltr' id='par_1_15' title="bbox 239 1584 1813 1655">
     <span class='ocr_line' id='line_1_15' title="bbox 239 1584 1813 1655; baseline 0.007 -19"><span class='ocrx_word' id='word_1_94' title='bbox 239 1584 287 1637; x_wconf 92' lang='lat' dir='ltr'><strong>in</strong></span> <span class='ocrx_word' id='word_1_95' title='bbox 318 1600 615 1655; x_wconf 80' lang='lat' dir='ltr'><strong>conspectu</strong></span> <span class='ocrx_word' id='word_1_96' title='bbox 645 1590 830 1655; x_wconf 68' lang='lat' dir='ltr'><strong>gloria:</strong></span> <span class='ocrx_word' id='word_1_97' title='bbox 866 1594 1066 1645; x_wconf 79' lang='lat' dir='ltr'><strong>snnmii</strong></span> <span class='ocrx_word' id='word_1_98' title='bbox 1113 1592 1243 1649; x_wconf 89' lang='lat' dir='ltr'><strong>Dei:</strong></span> <span class='ocrx_word' id='word_1_99' title='bbox 1273 1602 1327 1645; x_wconf 87' lang='lat' dir='ltr'><strong>et</strong></span> <span class='ocrx_word' id='word_1_100' title='bbox 1362 1593 1563 1647; x_wconf 84' lang='lat' dir='ltr'><strong>missus</strong></span> <span class='ocrx_word' id='word_1_101' title='bbox 1595 1602 1677 1647; x_wconf 87' lang='lat' dir='ltr'><strong>est</strong></span> <span class='ocrx_word' id='word_1_102' title='bbox 1714 1609 1813 1647; x_wconf 88' lang='lat' dir='ltr'><strong>an-</strong></span> 
     </span>
    </p>
   </div>
   <div class='ocr_carea' id='block_1_16' title="bbox 236 1676 1792 1751">
    <p class='ocr_par' dir='ltr' id='par_1_16' title="bbox 236 1676 1792 1751">
     <span class='ocr_line' id='line_1_16' title="bbox 236 1676 1792 1751; baseline 0.006 -22"><span class='ocrx_word' id='word_1_103' title='bbox 236 1677 379 1744; x_wconf 84' lang='lat' dir='ltr'><strong>gelus</strong></span> <span class='ocrx_word' id='word_1_104' title='bbox 408 1676 624 1732; x_wconf 83' lang='lat' dir='ltr'><strong>Domini</strong></span> <span class='ocrx_word' id='word_1_105' title='bbox 675 1690 901 1736; x_wconf 85' lang='lat' dir='ltr'><strong>sanctus</strong></span> <span class='ocrx_word' id='word_1_106' title='bbox 956 1681 1218 1751; x_wconf 74' lang='lat' dir='ltr'><strong>Rapliael,</strong></span> <span class='ocrx_word' id='word_1_107' title='bbox 1275 1694 1333 1737; x_wconf 88' lang='lat' dir='ltr'><strong>ut</strong></span> <span class='ocrx_word' id='word_1_108' title='bbox 1386 1694 1606 1737; x_wconf 83' lang='lat' dir='ltr'><strong>curaret</strong></span> <span class='ocrx_word' id='word_1_109' title='bbox 1649 1700 1745 1738; x_wconf 86' lang='lat' dir='ltr'><strong>eos</strong></span> <span class='ocrx_word' id='word_1_110' title='bbox 1778 1686 1792 1714; x_wconf 78' lang='grc'>⁸</span> 
     </span>
    </p>
   </div>
   <div class='ocr_carea' id='block_1_17' title="bbox 238 1771 1809 1843">
    <p class='ocr_par' dir='ltr' id='par_1_17' title="bbox 238 1771 1809 1843">
     <span class='ocr_line' id='line_1_17' title="bbox 238 1771 1809 1843; baseline 0.007 -24"><span class='ocrx_word' id='word_1_111' title='bbox 238 1771 444 1829; x_wconf 88' lang='lat' dir='ltr'><strong>ambos,</strong></span> <span class='ocrx_word' id='word_1_112' title='bbox 502 1785 741 1837; x_wconf 89' lang='lat' dir='ltr'><strong>quorum</strong></span> <span class='ocrx_word' id='word_1_113' title='bbox 799 1787 907 1825; x_wconf 90' lang='lat' dir='ltr'><strong>uno</strong></span> <span class='ocrx_word' id='word_1_114' title='bbox 961 1780 1209 1843; x_wconf 83' lang='lat' dir='ltr'><strong>tempore</strong></span> <span class='ocrx_word' id='word_1_115' title='bbox 1259 1785 1389 1829; x_wconf 87' lang='lat' dir='ltr'><strong>sunt</strong></span> <span class='ocrx_word' id='word_1_116' title='bbox 1438 1779 1716 1832; x_wconf 88' lang='lat' dir='ltr'><strong>orationes</strong></span> <span class='ocrx_word' id='word_1_117' title='bbox 1758 1778 1809 1831; x_wconf 89' lang='lat' dir='ltr'><strong>in</strong></span> 
     </span>
    </p>
   </div>
   <div class='ocr_carea' id='block_1_18' title="bbox 238 1859 1096 1927">
    <p class='ocr_par' dir='ltr' id='par_1_18' title="bbox 238 1859 1096 1927">
     <span class='ocr_line' id='line_1_18' title="bbox 238 1859 1096 1927; baseline 0.009 -16"><span class='ocrx_word' id='word_1_118' title='bbox 238 1870 526 1927; x_wconf 71' lang='lat' dir='ltr'><strong>c0115pectu</strong></span> <span class='ocrx_word' id='word_1_119' title='bbox 563 1859 783 1916; x_wconf 85' lang='lat' dir='ltr'><strong>Domini</strong></span> <span class='ocrx_word' id='word_1_120' title='bbox 821 1859 1096 1919; x_wconf 71' lang='lat' dir='ltr'><strong>recitatae.</strong></span> 
     </span>
    </p>
   </div>
   <div class='ocr_carea' id='block_1_19' title="bbox 299 1949 1808 2029">
    <p class='ocr_par' dir='ltr' id='par_1_19' title="bbox 299 1949 1808 2029">
     <span class='ocr_line' id='line_1_19' title="bbox 299 1949 1808 2029; baseline 0.008 -24"><span class='ocrx_word' id='word_1_121' title='bbox 299 1949 452 2022; x_wconf 75' lang='grc' dir='ltr'><strong>[ϐαρ.</strong></span> <span class='ocrx_word' id='word_1_122' title='bbox 490 1951 606 2023; x_wconf 83' lang='grc' dir='ltr'><strong>ιν.]</strong></span> <span class='ocrx_word' id='word_1_123' title='bbox 661 1954 834 2024; x_wconf 80' lang='lat' dir='ltr'><strong>Igitur</strong></span> <span class='ocrx_word' id='word_1_124' title='bbox 855 1970 979 2009; x_wconf 87' lang='lat' dir='ltr'><strong>cum</strong></span> <span class='ocrx_word' id='word_1_125' title='bbox 1009 1956 1209 2012; x_wconf 81' lang='lat' dir='ltr'><strong>Tobias</strong></span> <span class='ocrx_word' id='word_1_126' title='bbox 1245 1969 1468 2029; x_wconf 90' lang='lat' dir='ltr'><strong>putaret</strong></span> <span class='ocrx_word' id='word_1_127' title='bbox 1498 1963 1808 2017; x_wconf 84' lang='lat' dir='ltr'><strong>orationem</strong></span> 
     </span>
    </p>
   </div>
   <div class='ocr_carea' id='block_1_20' title="bbox 237 2047 1807 2118">
    <p class='ocr_par' dir='ltr' id='par_1_20' title="bbox 237 2047 1807 2118">
     <span class='ocr_line' id='line_1_20' title="bbox 237 2047 1807 2118; baseline 0.01 -23"><span class='ocrx_word' id='word_1_128' title='bbox 237 2056 379 2096; x_wconf 85' lang='lat' dir='ltr'><strong>suam</strong></span> <span class='ocrx_word' id='word_1_129' title='bbox 405 2047 659 2099; x_wconf 77' lang='lat' dir='ltr'><strong>exaudiri</strong></span> <span class='ocrx_word' id='word_1_130' title='bbox 690 2058 749 2100; x_wconf 95' lang='lat' dir='ltr'><strong>ut</strong></span> <span class='ocrx_word' id='word_1_131' title='bbox 781 2052 917 2103; x_wconf 90' lang='lat' dir='ltr'><strong>mori</strong></span> <span class='ocrx_word' id='word_1_132' title='bbox 951 2050 1239 2118; x_wconf 85' lang='lat' dir='ltr'><strong>potuisset,</strong></span> <span class='ocrx_word' id='word_1_133' title='bbox 1268 2054 1486 2107; x_wconf 84' lang='lat' dir='ltr'><strong>vocavit</strong></span> <span class='ocrx_word' id='word_1_134' title='bbox 1510 2055 1577 2108; x_wconf 86' lang='lat' dir='ltr'><strong>ad</strong></span> <span class='ocrx_word' id='word_1_135' title='bbox 1612 2070 1670 2110; x_wconf 91' lang='lat' dir='ltr'><strong>se</strong></span> <span class='ocrx_word' id='word_1_136' title='bbox 1697 2056 1807 2110; x_wconf 87' lang='lat' dir='ltr'><strong>To-</strong></span> 
     </span>
    </p>
   </div>
   <div class='ocr_carea' id='block_1_21' title="bbox 240 2132 1811 2213">
    <p class='ocr_par' dir='ltr' id='par_1_21' title="bbox 240 2132 1811 2213">
     <span class='ocr_line' id='line_1_21' title="bbox 240 2132 1811 2213; baseline 0.008 -26"><span class='ocrx_word' id='word_1_137' title='bbox 240 2132 371 2188; x_wconf 85' lang='lat' dir='ltr'><strong>biam</strong></span> <span class='ocrx_word' id='word_1_138' title='bbox 423 2135 601 2191; x_wconf 85' lang='lat' dir='ltr'><strong>lilium</strong></span> <span class='ocrx_word' id='word_1_139' title='bbox 662 2154 848 2205; x_wconf 87' lang='lat' dir='ltr'><strong>suum,</strong></span> <span class='ocrx_word' id='word_1_140' title='bbox 908 2142 1157 2209; x_wconf 68' lang='lat' dir='ltr'><strong>dixitque</strong></span> <span class='ocrx_word' id='word_1_141' title='bbox 1212 2145 1310 2199; x_wconf 86' lang='lat' dir='ltr'><strong>ei:</strong></span> <span class='ocrx_word' id='word_1_142' title='bbox 1358 2145 1523 2210; x_wconf 84' lang='lat' dir='ltr'><strong>Audi,</strong></span> <span class='ocrx_word' id='word_1_143' title='bbox 1584 2146 1658 2199; x_wconf 75' lang='lat' dir='ltr'><strong>ﬁli</strong></span> <span class='ocrx_word' id='word_1_144' title='bbox 1715 2150 1811 2213; x_wconf 92' lang='lat' dir='ltr'><strong>mi,</strong></span> 
     </span>
    </p>
   </div>
   <div class='ocr_carea' id='block_1_22' title="bbox 239 2229 1809 2307">
    <p class='ocr_par' dir='ltr' id='par_1_22' title="bbox 239 2229 1809 2307">
     <span class='ocr_line' id='line_1_22' title="bbox 239 2229 1809 2307; baseline 0.009 -29"><span class='ocrx_word' id='word_1_145' title='bbox 239 2229 392 2280; x_wconf 71' lang='lat' dir='ltr'><strong>verba</strong></span> <span class='ocrx_word' id='word_1_146' title='bbox 421 2230 539 2282; x_wconf 88' lang='lat' dir='ltr'><strong>oris</strong></span> <span class='ocrx_word' id='word_1_147' title='bbox 573 2230 701 2294; x_wconf 87' lang='lat' dir='ltr'><strong>n.ei,</strong></span> <span class='ocrx_word' id='word_1_148' title='bbox 732 2245 792 2285; x_wconf 89' lang='lat' dir='ltr'><strong>et</strong></span> <span class='ocrx_word' id='word_1_149' title='bbox 839 2247 906 2286; x_wconf 88' lang='lat' dir='ltr'><strong>ea</strong></span> <span class='ocrx_word' id='word_1_150' title='bbox 958 2232 1010 2286; x_wconf 92' lang='lat' dir='ltr'><strong>in</strong></span> <span class='ocrx_word' id='word_1_151' title='bbox 1045 2236 1209 2288; x_wconf 84' lang='lat' dir='ltr'><strong>corde</strong></span> <span class='ocrx_word' id='word_1_152' title='bbox 1261 2246 1373 2298; x_wconf 91' lang='lat' dir='ltr'><strong>tuo,</strong></span> <span class='ocrx_word' id='word_1_153' title='bbox 1424 2240 1580 2307; x_wconf 90' lang='lat' dir='ltr'><strong>quasi</strong></span> <span class='ocrx_word' id='word_1_154' title='bbox 1615 2239 1809 2291; x_wconf 83' lang='lat' dir='ltr'><strong>funda--</strong></span> 
     </span>
    </p>
   </div>
   <div class='ocr_carea' id='block_1_23' title="bbox 241 2325 1809 2396">
    <p class='ocr_par' dir='ltr' id='par_1_23' title="bbox 241 2325 1809 2396">
     <span class='ocr_line' id='line_1_23' title="bbox 241 2325 1809 2396; baseline 0.007 -25"><span class='ocrx_word' id='word_1_155' title='bbox 241 2331 476 2374; x_wconf 88' lang='lat' dir='ltr'><strong>mentum</strong></span> <span class='ocrx_word' id='word_1_156' title='bbox 529 2335 811 2378; x_wconf 77' lang='lat' dir='ltr'><strong>construe.</strong></span> <span class='ocrx_word' id='word_1_157' title='bbox 876 2325 1013 2379; x_wconf 82' lang='lat' dir='ltr'><strong>Cum</strong></span> <span class='ocrx_word' id='word_1_158' title='bbox 1075 2328 1350 2396; x_wconf 85' lang='lat' dir='ltr'><strong>acceperit</strong></span> <span class='ocrx_word' id='word_1_159' title='bbox 1399 2327 1545 2383; x_wconf 85' lang='lat' dir='ltr'><strong>Deus</strong></span> <span class='ocrx_word' id='word_1_160' title='bbox 1574 2329 1809 2383; x_wconf 86' lang='lat' dir='ltr'><strong>animam</strong></span> 
     </span>
    </p>
   </div>
   <div class='ocr_carea' id='block_1_24' title="bbox 240 2418 1815 2487">
    <p class='ocr_par' dir='ltr' id='par_1_24' title="bbox 240 2418 1815 2487">
     <span class='ocr_line' id='line_1_24' title="bbox 240 2418 1815 2487; baseline 0.008 -24"><span class='ocrx_word' id='word_1_161' title='bbox 240 2424 430 2475; x_wconf 80' lang='lat' dir='ltr'><strong>meam,</strong></span> <span class='ocrx_word' id='word_1_162' title='bbox 464 2428 667 2482; x_wconf 91' lang='lat' dir='ltr'><strong>corpus</strong></span> <span class='ocrx_word' id='word_1_163' title='bbox 698 2431 878 2469; x_wconf 88' lang='lat' dir='ltr'><strong>memn</strong></span> <span class='ocrx_word' id='word_1_164' title='bbox 906 2418 1076 2487; x_wconf 79' lang='lat' dir='ltr'><strong>sepeli</strong></span> <span class='ocrx_word' id='word_1_165' title='bbox 1109 2436 1123 2482; x_wconf 88' lang='lat'><strong>;</strong></span> <span class='ocrx_word' id='word_1_166' title='bbox 1176 2430 1231 2472; x_wconf 85' lang='lat' dir='ltr'><strong>et</strong></span> <span class='ocrx_word' id='word_1_167' title='bbox 1279 2419 1545 2474; x_wconf 89' lang='lat' dir='ltr'><strong>honorem</strong></span> <span class='ocrx_word' id='word_1_168' title='bbox 1581 2420 1815 2476; x_wconf 80' lang='lat' dir='ltr'><strong>habebis</strong></span> 
     </span>
    </p>
   </div>
   <div class='ocr_carea' id='block_1_25' title="bbox 239 2503 1810 2578">
    <p class='ocr_par' dir='ltr' id='par_1_25' title="bbox 239 2503 1810 2578">
     <span class='ocr_line' id='line_1_25' title="bbox 239 2503 1810 2578; baseline 0.008 -26"><span class='ocrx_word' id='word_1_169' title='bbox 239 2503 388 2554; x_wconf 84' lang='lat' dir='ltr'><strong>matri</strong></span> <span class='ocrx_word' id='word_1_170' title='bbox 418 2512 524 2556; x_wconf 68' lang='lat' dir='ltr'><strong>tua:</strong></span> <span class='ocrx_word' id='word_1_171' title='bbox 554 2507 808 2558; x_wconf 85' lang='lat' dir='ltr'><strong>omnibus</strong></span> <span class='ocrx_word' id='word_1_172' title='bbox 840 2507 1034 2560; x_wconf 87' lang='lat' dir='ltr'><strong>diebus</strong></span> <span class='ocrx_word' id='word_1_173' title='bbox 1067 2509 1187 2562; x_wconf 70' lang='lat' dir='ltr'><strong>vitae</strong></span> <span class='ocrx_word' id='word_1_174' title='bbox 1218 2510 1337 2578; x_wconf 85' lang='lat' dir='ltr'><strong>ejus</strong></span> <span class='ocrx_word' id='word_1_175' title='bbox 1370 2525 1384 2564; x_wconf 87' lang='lat'><strong>:</strong></span> <span class='ocrx_word' id='word_1_176' title='bbox 1427 2527 1637 2565; x_wconf 90' lang='lat' dir='ltr'><strong>memor</strong></span> <span class='ocrx_word' id='word_1_177' title='bbox 1664 2514 1810 2566; x_wconf 85' lang='lat' dir='ltr'><strong>enim</strong></span> 
     </span>
    </p>
   </div>
   <div class='ocr_carea' id='block_1_26' title="bbox 239 2595 1814 2673">
    <p class='ocr_par' dir='ltr' id='par_1_26' title="bbox 239 2595 1814 2673">
     <span class='ocr_line' id='line_1_26' title="bbox 239 2595 1814 2673; baseline 0.007 -26"><span class='ocrx_word' id='word_1_178' title='bbox 239 2608 351 2647; x_wconf 85' lang='lat' dir='ltr'><strong>esse</strong></span> <span class='ocrx_word' id='word_1_179' title='bbox 391 2595 580 2659; x_wconf 82' lang='lat' dir='ltr'><strong>debes,</strong></span> <span class='ocrx_word' id='word_1_180' title='bbox 618 2612 740 2665; x_wconf 75' lang='lat' dir='ltr'><strong>quae</strong></span> <span class='ocrx_word' id='word_1_181' title='bbox 776 2606 831 2652; x_wconf 91' lang='lat' dir='ltr'><strong>et</strong></span> <span class='ocrx_word' id='word_1_182' title='bbox 862 2609 1064 2669; x_wconf 87' lang='lat' dir='ltr'><strong>quanta</strong></span> <span class='ocrx_word' id='word_1_183' title='bbox 1097 2602 1343 2670; x_wconf 85' lang='lat' dir='ltr'><strong>pericula</strong></span> <span class='ocrx_word' id='word_1_184' title='bbox 1388 2620 1545 2672; x_wconf 77' lang='lat' dir='ltr'><strong>passa</strong></span> <span class='ocrx_word' id='word_1_185' title='bbox 1581 2605 1654 2658; x_wconf 86' lang='lat' dir='ltr'><strong>sit</strong></span> <span class='ocrx_word' id='word_1_186' title='bbox 1686 2621 1814 2673; x_wconf 90' lang='lat' dir='ltr'><strong>pro-</strong></span> 
     </span>
    </p>
   </div>
   <div class='ocr_carea' id='block_1_27' title="bbox 239 2686 1814 2761">
    <p class='ocr_par' dir='ltr' id='par_1_27' title="bbox 239 2686 1814 2761">
     <span class='ocr_line' id='line_1_27' title="bbox 239 2686 1814 2761; baseline 0.006 -24"><span class='ocrx_word' id='word_1_187' title='bbox 239 2693 353 2755; x_wconf 91' lang='lat' dir='ltr'><strong>pter</strong></span> <span class='ocrx_word' id='word_1_188' title='bbox 397 2692 453 2738; x_wconf 90' lang='lat' dir='ltr'><strong>te</strong></span> <span class='ocrx_word' id='word_1_189' title='bbox 497 2686 551 2739; x_wconf 92' lang='lat' dir='ltr'><strong>in</strong></span> <span class='ocrx_word' id='word_1_190' title='bbox 588 2696 742 2741; x_wconf 90' lang='lat' dir='ltr'><strong>utero</strong></span> <span class='ocrx_word' id='word_1_191' title='bbox 775 2703 898 2741; x_wconf 89' lang='lat' dir='ltr'><strong>suo.</strong></span> <span class='ocrx_word' id='word_1_192' title='bbox 934 2688 1071 2742; x_wconf 88' lang='lat' dir='ltr'><strong>Cum</strong></span> <span class='ocrx_word' id='word_1_193' title='bbox 1109 2701 1296 2744; x_wconf 87' lang='lat' dir='ltr'><strong>autem</strong></span> <span class='ocrx_word' id='word_1_194' title='bbox 1327 2700 1382 2745; x_wconf 91' lang='lat' dir='ltr'><strong>et</strong></span> <span class='ocrx_word' id='word_1_195' title='bbox 1420 2693 1535 2758; x_wconf 81' lang='lat' dir='ltr'><strong>ipsa</strong></span> <span class='ocrx_word' id='word_1_196' title='bbox 1572 2694 1814 2761; x_wconf 82' lang='lat' dir='ltr'><strong>complc-</strong></span> 
     </span>
    </p>
   </div>
   <div class='ocr_carea' id='block_1_28' title="bbox 240 2767 1811 2856">
    <p class='ocr_par' dir='ltr' id='par_1_28' title="bbox 240 2767 1811 2856">
     <span class='ocr_line' id='line_1_28' title="bbox 240 2767 1811 2856; baseline 0.006 -30"><span class='ocrx_word' id='word_1_197' title='bbox 240 2775 377 2829; x_wconf 75' lang='lat' dir='ltr'><strong>verit</strong></span> <span class='ocrx_word' id='word_1_198' title='bbox 409 2784 627 2846; x_wconf 79' lang='lat' dir='ltr'><strong>tempus</strong></span> <span class='ocrx_word' id='word_1_199' title='bbox 670 2780 792 2833; x_wconf 60' lang='lat' dir='ltr'><strong>Vita:</strong></span> <span class='ocrx_word' id='word_1_200' title='bbox 824 2795 958 2846; x_wconf 63' lang='lat' dir='ltr'><strong>sum,</strong></span> <span class='ocrx_word' id='word_1_201' title='bbox 1007 2783 1241 2849; x_wconf 82' lang='lat' dir='ltr'><strong>sepelias</strong></span> <span class='ocrx_word' id='word_1_202' title='bbox 1271 2781 1384 2854; x_wconf 80' lang='lat' dir='ltr'><strong>[AL</strong></span> <span class='ocrx_word' id='word_1_203' title='bbox 1410 2767 1665 2856; x_wconf 83' lang='lat' dir='ltr'><strong>sepelies]</strong></span> <span class='ocrx_word' id='word_1_204' title='bbox 1693 2801 1811 2838; x_wconf 86' lang='lat' dir='ltr'><strong>eam</strong></span> 
     </span>
    </p>
   </div>
   <div class='ocr_carea' id='block_1_29' title="bbox 241 2867 1810 2947">
    <p class='ocr_par' dir='ltr' id='par_1_29' title="bbox 241 2867 1810 2947">
     <span class='ocr_line' id='line_1_29' title="bbox 241 2867 1810 2947; baseline 0.005 -28"><span class='ocrx_word' id='word_1_205' title='bbox 241 2867 379 2922; x_wconf 75' lang='lat' dir='ltr'><strong>circa</strong></span> <span class='ocrx_word' id='word_1_206' title='bbox 438 2886 547 2923; x_wconf 88' lang='lat' dir='ltr'><strong>me.</strong></span> <span class='ocrx_word' id='word_1_207' title='bbox 600 2869 871 2926; x_wconf 84' lang='lat' dir='ltr'><strong>Omnibus</strong></span> <span class='ocrx_word' id='word_1_208' title='bbox 922 2886 1105 2927; x_wconf 88' lang='lat' dir='ltr'><strong>autem</strong></span> <span class='ocrx_word' id='word_1_209' title='bbox 1158 2874 1352 2928; x_wconf 85' lang='lat' dir='ltr'><strong>diebus</strong></span> <span class='ocrx_word' id='word_1_210' title='bbox 1414 2876 1701 2947; x_wconf 57' lang='lat' dir='ltr'><strong>vitgotuue</strong></span> <span class='ocrx_word' id='word_1_211' title='bbox 1762 2878 1810 2932; x_wconf 71' lang='lat' dir='ltr'><strong>in</strong></span> 
     </span>
    </p>
   </div>
   <div class='ocr_carea' id='block_1_30' title="bbox 240 2950 1813 3035">
    <p class='ocr_par' dir='ltr' id='par_1_30' title="bbox 240 2950 1813 3035">
     <span class='ocr_line' id='line_1_30' title="bbox 240 2950 1813 3035; baseline 0.005 -24"><span class='ocrx_word' id='word_1_212' title='bbox 240 2968 411 3014; x_wconf 80' lang='lat' dir='ltr'><strong>mente</strong></span> <span class='ocrx_word' id='word_1_213' title='bbox 448 2961 649 3014; x_wconf 88' lang='lat' dir='ltr'><strong>habeto</strong></span> <span class='ocrx_word' id='word_1_214' title='bbox 681 2962 851 3015; x_wconf 91' lang='lat' dir='ltr'><strong>Deum</strong></span> <span class='ocrx_word' id='word_1_215' title='bbox 889 2981 901 3016; x_wconf 91' lang='lat'><strong>:</strong></span> <span class='ocrx_word' id='word_1_216' title='bbox 965 2974 1021 3017; x_wconf 91' lang='lat' dir='ltr'><strong>et</strong></span> <span class='ocrx_word' id='word_1_217' title='bbox 1061 2981 1212 3030; x_wconf 81' lang='lat' dir='ltr'><strong>cave,</strong></span> <span class='ocrx_word' id='word_1_218' title='bbox 1251 2983 1318 3020; x_wconf 88' lang='lat' dir='ltr'><strong>ne</strong></span> <span class='ocrx_word' id='word_1_219' title='bbox 1363 2954 1659 3034; x_wconf 73' lang='lat' dir='ltr'><strong>aliqdar&#39;ido</strong></span> <span class='ocrx_word' id='word_1_220' title='bbox 1687 2950 1813 3035; x_wconf 77' lang='lat' dir='ltr'><strong>pec-</strong></span> 
     </span>
    </p>
   </div>
   <div class='ocr_carea' id='block_1_31' title="bbox 239 3053 1812 3132">
    <p class='ocr_par' dir='ltr' id='par_1_31' title="bbox 239 3053 1812 3132">
     <span class='ocr_line' id='line_1_31' title="bbox 239 3053 1812 3132; baseline 0.004 -28"><span class='ocrx_word' id='word_1_221' title='bbox 239 3060 353 3104; x_wconf 82' lang='lat' dir='ltr'><strong>cato</strong></span> <span class='ocrx_word' id='word_1_222' title='bbox 381 3053 727 3119; x_wconf 83' lang='lat' dir='ltr'><strong>consentias,</strong></span> <span class='ocrx_word' id='word_1_223' title='bbox 754 3065 807 3108; x_wconf 88' lang='lat' dir='ltr'><strong>et</strong></span> <span class='ocrx_word' id='word_1_224' title='bbox 840 3057 1226 3123; x_wconf 72' lang='lat' dir='ltr'><strong>praetermittas</strong></span> <span class='ocrx_word' id='word_1_225' title='bbox 1254 3067 1521 3132; x_wconf 72' lang='lat' dir='ltr'><strong>praecepta</strong></span> <span class='ocrx_word' id='word_1_226' title='bbox 1552 3059 1762 3132; x_wconf 56' lang='lat' dir='ltr'><strong>Domini</strong></span> <span class='ocrx_word' id='word_1_227' title='bbox 1793 3059 1812 3132; x_wconf 55' lang='grc' dir='ltr'><em>ξ</em></span> 
     </span>
    </p>
   </div>
   <div class='ocr_carea' id='block_1_32' title="bbox 243 3125 1815 3220">
    <p class='ocr_par' dir='ltr' id='par_1_32' title="bbox 243 3125 1815 3220">
     <span class='ocr_line' id='line_1_32' title="bbox 243 3125 1815 3220; baseline 0.004 -24"><span class='ocrx_word' id='word_1_228' title='bbox 243 3141 330 3197; x_wconf 79' lang='lat' dir='ltr'><strong>Dei</strong></span> <span class='ocrx_word' id='word_1_229' title='bbox 364 3148 567 3199; x_wconf 85' lang='lat' dir='ltr'><strong>nostri.</strong></span> <span class='ocrx_word' id='word_1_230' title='bbox 605 3145 684 3200; x_wconf 78' lang='lat' dir='ltr'><strong>Ex</strong></span> <span class='ocrx_word' id='word_1_231' title='bbox 717 3147 1028 3203; x_wconf 79' lang='lat' dir='ltr'><strong>substantia</strong></span> <span class='ocrx_word' id='word_1_232' title='bbox 1061 3159 1149 3202; x_wconf 82' lang='lat' dir='ltr'><strong>tua</strong></span> <span class='ocrx_word' id='word_1_233' title='bbox 1184 3125 1737 3220; x_wconf 54' lang='grc' dir='ltr'><strong>ι’ωέἶξξιέέῖιιςῖςςςιῖἱιιῖιἱ</strong></span> <span class='ocrx_word' id='word_1_234' title='bbox 1760 3127 1815 3220; x_wconf 54' lang='grc' dir='ltr'>εξ</span> 
     </span>
    </p>
   </div>
   <div class='ocr_carea' id='block_1_33' title="bbox 240 3216 1819 3308">
    <p class='ocr_par' dir='ltr' id='par_1_33' title="bbox 240 3216 1819 3308">
     <span class='ocr_line' id='line_1_33' title="bbox 240 3216 1819 3308; baseline 0.004 -23"><span class='ocrx_word' id='word_1_235' title='bbox 240 3231 342 3287; x_wconf 79' lang='lat' dir='ltr'><strong>noli</strong></span> <span class='ocrx_word' id='word_1_236' title='bbox 384 3245 638 3289; x_wconf 74' lang='lat' dir='ltr'><strong>avertere</strong></span> <span class='ocrx_word' id='word_1_237' title='bbox 685 3236 879 3290; x_wconf 82' lang='lat' dir='ltr'><strong>faciem</strong></span> <span class='ocrx_word' id='word_1_238' title='bbox 934 3247 1083 3291; x_wconf 86' lang='lat' dir='ltr'><strong>tuam</strong></span> <span class='ocrx_word' id='word_1_239' title='bbox 1147 3241 1216 3292; x_wconf 90' lang='lat' dir='ltr'><strong>ab</strong></span> <span class='ocrx_word' id='word_1_240' title='bbox 1269 3218 1656 3308; x_wconf 35' lang='lat' dir='ltr'><strong>ull‘o‘anp&#39;eFe</strong></span> <span class='ocrx_word' id='word_1_241' title='bbox 1684 3255 1698 3291; x_wconf 92' lang='lat'><strong>:</strong></span> <span class='ocrx_word' id='word_1_242' title='bbox 1731 3216 1819 3291; x_wconf 72' lang='lat' dir='ltr'><strong>ita</strong></span> 
     </span>
    </p>
   </div>
   <div class='ocr_carea' id='block_1_34' title="bbox 241 3326 1804 3388">
    <p class='ocr_par' dir='ltr' id='par_1_34' title="bbox 241 3326 1804 3388">
     <span class='ocr_line' id='line_1_34' title="bbox 241 3326 1804 3388; baseline 0.002 -10"><span class='ocrx_word' id='word_1_243' title='bbox 241 3327 377 3379; x_wconf 83' lang='lat' dir='ltr'><strong>enim</strong></span> <span class='ocrx_word' id='word_1_244' title='bbox 436 3326 552 3388; x_wconf 76' lang='lat' dir='ltr'><strong>ﬁet,</strong></span> <span class='ocrx_word' id='word_1_245' title='bbox 613 3335 673 3380; x_wconf 93' lang='lat' dir='ltr'><strong>ut</strong></span> <span class='ocrx_word' id='word_1_246' title='bbox 724 3343 826 3382; x_wconf 84' lang='lat' dir='ltr'><strong>nec</strong></span> <span class='ocrx_word' id='word_1_247' title='bbox 864 3346 891 3381; x_wconf 88' lang='lat' dir='ltr'><strong>a</strong></span> <span class='ocrx_word' id='word_1_248' title='bbox 944 3340 993 3382; x_wconf 87' lang='lat' dir='ltr'><strong>te</strong></span> <span class='ocrx_word' id='word_1_249' title='bbox 1040 3338 1321 3383; x_wconf 82' lang='lat' dir='ltr'><strong>avertatur</strong></span> <span class='ocrx_word' id='word_1_250' title='bbox 1359 3328 1527 3383; x_wconf 79' lang='lat' dir='ltr'><strong>facies</strong></span> <span class='ocrx_word' id='word_1_251' title='bbox 1566 3330 1804 3382; x_wconf 87' lang='lat' dir='ltr'><strong>Domini.</strong></span> 
     </span>
    </p>
   </div>
   <div class='ocr_carea' id='block_1_35' title="bbox 242 3415 1819 3487">
    <p class='ocr_par' dir='ltr' id='par_1_35' title="bbox 242 3415 1819 3487">
     <span class='ocr_line' id='line_1_35' title="bbox 242 3415 1819 3487; baseline 0.002 -19"><span class='ocrx_word' id='word_1_252' title='bbox 242 3415 523 3483; x_wconf 86' lang='lat' dir='ltr'><strong>Quomodo</strong></span> <span class='ocrx_word' id='word_1_253' title='bbox 552 3421 818 3487; x_wconf 78' lang='lat' dir='ltr'><strong>potueris,</strong></span> <span class='ocrx_word' id='word_1_254' title='bbox 860 3419 932 3473; x_wconf 86' lang='lat' dir='ltr'><strong>ita</strong></span> <span class='ocrx_word' id='word_1_255' title='bbox 962 3428 1084 3474; x_wconf 88' lang='lat' dir='ltr'><strong>esto</strong></span> <span class='ocrx_word' id='word_1_256' title='bbox 1120 3421 1458 3474; x_wconf 85' lang='lat' dir='ltr'><strong>misericors.</strong></span> <span class='ocrx_word' id='word_1_257' title='bbox 1492 3420 1548 3474; x_wconf 87' lang='lat' dir='ltr'><strong>Si</strong></span> <span class='ocrx_word' id='word_1_258' title='bbox 1586 3421 1819 3472; x_wconf 89' lang='lat' dir='ltr'><strong>multum</strong></span> 
     </span>
    </p>
   </div>
   <div class='ocr_carea' id='block_1_36' title="bbox 246 3509 1814 3581">
    <p class='ocr_par' dir='ltr' id='par_1_36' title="bbox 246 3509 1814 3581">
     <span class='ocr_line' id='line_1_36' title="bbox 246 3509 1814 3581; baseline 0.004 -21"><span class='ocrx_word' id='word_1_259' title='bbox 246 3509 339 3562; x_wconf 87' lang='lat' dir='ltr'><strong>tibi</strong></span> <span class='ocrx_word' id='word_1_260' title='bbox 384 3509 579 3575; x_wconf 81' lang='lat' dir='ltr'><strong>fuerit,</strong></span> <span class='ocrx_word' id='word_1_261' title='bbox 640 3512 992 3566; x_wconf 86' lang='lat' dir='ltr'><strong>abundanter</strong></span> <span class='ocrx_word' id='word_1_262' title='bbox 1045 3512 1274 3566; x_wconf 82' lang='lat' dir='ltr'><strong>tribue:</strong></span> <span class='ocrx_word' id='word_1_263' title='bbox 1318 3513 1363 3567; x_wconf 89' lang='lat' dir='ltr'><strong>si</strong></span> <span class='ocrx_word' id='word_1_264' title='bbox 1401 3512 1659 3581; x_wconf 82' lang='lat' dir='ltr'><strong>exiguum</strong></span> <span class='ocrx_word' id='word_1_265' title='bbox 1716 3512 1814 3567; x_wconf 89' lang='lat' dir='ltr'><strong>tibi</strong></span> 
     </span>
    </p>
   </div>
   <div class='ocr_carea' id='block_1_37' title="bbox 245 3600 1819 3673">
    <p class='ocr_par' dir='ltr' id='par_1_37' title="bbox 245 3600 1819 3673">
     <span class='ocr_line' id='line_1_37' title="bbox 245 3600 1819 3673; baseline 0.004 -21"><span class='ocrx_word' id='word_1_266' title='bbox 245 3600 429 3666; x_wconf 81' lang='lat' dir='ltr'><strong>luerit,</strong></span> <span class='ocrx_word' id='word_1_267' title='bbox 487 3603 652 3655; x_wconf 81' lang='lat' dir='ltr'><strong>etiam</strong></span> <span class='ocrx_word' id='word_1_268' title='bbox 710 3604 969 3671; x_wconf 82' lang='lat' dir='ltr'><strong>exiguum</strong></span> <span class='ocrx_word' id='word_1_269' title='bbox 1013 3603 1254 3658; x_wconf 87' lang='lat' dir='ltr'><strong>libenter</strong></span> <span class='ocrx_word' id='word_1_270' title='bbox 1311 3604 1583 3673; x_wconf 84' lang='lat' dir='ltr'><strong>impertiri</strong></span> <span class='ocrx_word' id='word_1_271' title='bbox 1634 3604 1819 3658; x_wconf 89' lang='lat' dir='ltr'><strong>stude.</strong></span> 
     </span>
    </p>
   </div>
   <div class='ocr_carea' id='block_1_38' title="bbox 244 3691 1821 3750">
    <p class='ocr_par' dir='ltr' id='par_1_38' title="bbox 244 3691 1821 3750">
     <span class='ocr_line' id='line_1_38' title="bbox 244 3691 1821 3750; baseline 0.002 -4"><span class='ocrx_word' id='word_1_272' title='bbox 244 3691 530 3747; x_wconf 67' lang='lat' dir='ltr'><strong>Praemium</strong></span> <span class='ocrx_word' id='word_1_273' title='bbox 573 3701 723 3749; x_wconf 91' lang='lat' dir='ltr'><strong>enim</strong></span> <span class='ocrx_word' id='word_1_274' title='bbox 760 3696 968 3748; x_wconf 88' lang='lat' dir='ltr'><strong>bonum</strong></span> <span class='ocrx_word' id='word_1_275' title='bbox 1015 3696 1115 3750; x_wconf 86' lang='lat' dir='ltr'><strong>tibi</strong></span> <span class='ocrx_word' id='word_1_276' title='bbox 1151 3697 1493 3750; x_wconf 85' lang='lat' dir='ltr'><strong>thesaurizas</strong></span> <span class='ocrx_word' id='word_1_277' title='bbox 1525 3695 1578 3749; x_wconf 91' lang='lat' dir='ltr'><strong>in</strong></span> <span class='ocrx_word' id='word_1_278' title='bbox 1620 3696 1705 3749; x_wconf 91' lang='lat' dir='ltr'><strong>die</strong></span> <span class='ocrx_word' id='word_1_279' title='bbox 1731 3711 1821 3749; x_wconf 82' lang='lat' dir='ltr'><strong>ne—</strong></span> 
     </span>
    </p>
   </div>
   <div class='ocr_carea' id='block_1_39' title="bbox 245 3785 1823 3857">
    <p class='ocr_par' dir='ltr' id='par_1_39' title="bbox 245 3785 1823 3857">
     <span class='ocr_line' id='line_1_39' title="bbox 245 3785 1823 3857; baseline 0.002 -21"><span class='ocrx_word' id='word_1_280' title='bbox 245 3785 533 3839; x_wconf 82' lang='lat' dir='ltr'><strong>cessitatis.</strong></span> <span class='ocrx_word' id='word_1_281' title='bbox 576 3785 855 3849; x_wconf 77' lang='lat' dir='ltr'><strong>Quoniam</strong></span> <span class='ocrx_word' id='word_1_282' title='bbox 905 3786 1259 3857; x_wconf 82' lang='lat' dir='ltr'><strong>eleemosyna</strong></span> <span class='ocrx_word' id='word_1_283' title='bbox 1312 3786 1380 3839; x_wconf 86' lang='lat' dir='ltr'><strong>ab</strong></span> <span class='ocrx_word' id='word_1_284' title='bbox 1411 3786 1559 3840; x_wconf 90' lang='lat' dir='ltr'><strong>omni</strong></span> <span class='ocrx_word' id='word_1_285' title='bbox 1596 3798 1823 3856; x_wconf 88' lang='lat' dir='ltr'><strong>peccato</strong></span> 
     </span>
    </p>
   </div>
   <div class='ocr_carea' id='block_1_40' title="bbox 245 3877 1824 3947">
    <p class='ocr_par' dir='ltr' id='par_1_40' title="bbox 245 3877 1824 3947">
     <span class='ocr_line' id='line_1_40' title="bbox 245 3877 1824 3947; baseline 0.003 -19"><span class='ocrx_word' id='word_1_286' title='bbox 245 3886 349 3929; x_wconf 83' lang='lat' dir='ltr'><strong>eta</strong></span> <span class='ocrx_word' id='word_1_287' title='bbox 387 3889 568 3932; x_wconf 90' lang='lat' dir='ltr'><strong>morte</strong></span> <span class='ocrx_word' id='word_1_288' title='bbox 602 3877 821 3941; x_wconf 85' lang='lat' dir='ltr'><strong>liberat,</strong></span> <span class='ocrx_word' id='word_1_289' title='bbox 859 3887 916 3933; x_wconf 92' lang='lat' dir='ltr'><strong>et</strong></span> <span class='ocrx_word' id='word_1_290' title='bbox 943 3893 1049 3932; x_wconf 91' lang='lat' dir='ltr'><strong>non</strong></span> <span class='ocrx_word' id='word_1_291' title='bbox 1081 3880 1321 3947; x_wconf 87' lang='lat' dir='ltr'><strong>patietur</strong></span> <span class='ocrx_word' id='word_1_292' title='bbox 1353 3879 1592 3932; x_wconf 87' lang='lat' dir='ltr'><strong>animam</strong></span> <span class='ocrx_word' id='word_1_293' title='bbox 1642 3881 1719 3932; x_wconf 91' lang='lat' dir='ltr'><strong>ire</strong></span> <span class='ocrx_word' id='word_1_294' title='bbox 1766 3879 1824 3933; x_wconf 87' lang='lat' dir='ltr'><strong>in</strong></span> 
     </span>
    </p>
   </div>
   <div class='ocr_carea' id='block_1_41' title="bbox 249 3968 1825 4037">
    <p class='ocr_par' dir='ltr' id='par_1_41' title="bbox 249 3968 1825 4037">
     <span class='ocr_line' id='line_1_41' title="bbox 249 3968 1825 4037; baseline 0.001 -15"><span class='ocrx_word' id='word_1_295' title='bbox 249 3969 527 4024; x_wconf 80' lang='lat' dir='ltr'><strong>tenebras.</strong></span> <span class='ocrx_word' id='word_1_296' title='bbox 580 3968 812 4023; x_wconf 76' lang='lat' dir='ltr'><strong>Fiducia</strong></span> <span class='ocrx_word' id='word_1_297' title='bbox 867 3985 1062 4037; x_wconf 84' lang='lat' dir='ltr'><strong>magna</strong></span> <span class='ocrx_word' id='word_1_298' title='bbox 1094 3976 1200 4024; x_wconf 85' lang='lat' dir='ltr'><strong>erit</strong></span> <span class='ocrx_word' id='word_1_299' title='bbox 1248 3985 1432 4025; x_wconf 89' lang='lat' dir='ltr'><strong>coram</strong></span> <span class='ocrx_word' id='word_1_300' title='bbox 1466 3972 1684 4025; x_wconf 89' lang='lat' dir='ltr'><strong>summo</strong></span> <span class='ocrx_word' id='word_1_301' title='bbox 1714 3969 1825 4023; x_wconf 86' lang='lat' dir='ltr'><strong>Deo</strong></span> 
     </span>
    </p>
   </div>
   <div class='ocr_carea' id='block_1_42' title="bbox 250 4060 1823 4135">
    <p class='ocr_par' dir='ltr' id='par_1_42' title="bbox 250 4060 1823 4135">
     <span class='ocr_line' id='line_1_42' title="bbox 250 4060 1823 4135; baseline -0.003 -17"><span class='ocrx_word' id='word_1_302' title='bbox 250 4064 591 4135; x_wconf 79' lang='lat' dir='ltr'><strong>eleemosyna</strong></span> <span class='ocrx_word' id='word_1_303' title='bbox 643 4064 900 4118; x_wconf 90' lang='lat' dir='ltr'><strong>omnibus</strong></span> <span class='ocrx_word' id='word_1_304' title='bbox 942 4063 1275 4118; x_wconf 79' lang='lat' dir='ltr'><strong>facientibus</strong></span> <span class='ocrx_word' id='word_1_305' title='bbox 1312 4062 1427 4134; x_wconf 74' lang='lat' dir='ltr'><strong>[AL</strong></span> <span class='ocrx_word' id='word_1_306' title='bbox 1460 4062 1549 4131; x_wconf 90' lang='lat' dir='ltr'><strong>qui</strong></span> <span class='ocrx_word' id='word_1_307' title='bbox 1588 4060 1823 4134; x_wconf 78' lang='lat' dir='ltr'><strong>faciunt]</strong></span> 
     </span>
    </p>
   </div>
   <div class='ocr_carea' id='block_1_43' title="bbox 250 4153 1828 4221">
    <p class='ocr_par' dir='ltr' id='par_1_43' title="bbox 250 4153 1828 4221">
     <span class='ocr_line' id='line_1_43' title="bbox 250 4153 1828 4221; baseline -0.003 -11"><span class='ocrx_word' id='word_1_308' title='bbox 250 4172 384 4210; x_wconf 82' lang='lat' dir='ltr'><strong>eam.</strong></span> <span class='ocrx_word' id='word_1_309' title='bbox 415 4158 652 4209; x_wconf 76' lang='lat' dir='ltr'><strong>Attende</strong></span> <span class='ocrx_word' id='word_1_310' title='bbox 680 4156 797 4217; x_wconf 88' lang='lat' dir='ltr'><strong>tibi.</strong></span> <span class='ocrx_word' id='word_1_311' title='bbox 841 4156 915 4208; x_wconf 88' lang='lat' dir='ltr'><strong>tili</strong></span> <span class='ocrx_word' id='word_1_312' title='bbox 941 4156 1037 4221; x_wconf 90' lang='lat' dir='ltr'><strong>mi,</strong></span> <span class='ocrx_word' id='word_1_313' title='bbox 1071 4156 1138 4208; x_wconf 90' lang='lat' dir='ltr'><strong>ab</strong></span> <span class='ocrx_word' id='word_1_314' title='bbox 1169 4155 1321 4208; x_wconf 88' lang='lat' dir='ltr'><strong>omni</strong></span> <span class='ocrx_word' id='word_1_315' title='bbox 1354 4153 1737 4218; x_wconf 75' lang='lat' dir='ltr'><strong>fornicatione,</strong></span> <span class='ocrx_word' id='word_1_316' title='bbox 1771 4164 1828 4207; x_wconf 89' lang='lat' dir='ltr'><strong>et</strong></span> 
     </span>
    </p>
   </div>
   <div class='ocr_carea' id='block_1_44' title="bbox 248 4245 1823 4320">
    <p class='ocr_par' dir='ltr' id='par_1_44' title="bbox 248 4245 1823 4320">
     <span class='ocr_line' id='line_1_44' title="bbox 248 4245 1823 4320; baseline -0.004 -16"><span class='ocrx_word' id='word_1_317' title='bbox 248 4260 447 4320; x_wconf 73' lang='lat' dir='ltr'><strong>praeter</strong></span> <span class='ocrx_word' id='word_1_318' title='bbox 481 4264 709 4302; x_wconf 81' lang='lat' dir='ltr'><strong>uxorem</strong></span> <span class='ocrx_word' id='word_1_319' title='bbox 763 4258 947 4314; x_wconf 87' lang='lat' dir='ltr'><strong>tuam,</strong></span> <span class='ocrx_word' id='word_1_320' title='bbox 1002 4261 1280 4317; x_wconf 84' lang='lat' dir='ltr'><strong>nunquam</strong></span> <span class='ocrx_word' id='word_1_321' title='bbox 1329 4246 1556 4316; x_wconf 87' lang='lat' dir='ltr'><strong>patiaris</strong></span> <span class='ocrx_word' id='word_1_322' title='bbox 1614 4245 1823 4299; x_wconf 90' lang='lat' dir='ltr'><strong>crimen</strong></span> 
     </span>
    </p>
   </div>
   <div class='ocr_carea' id='block_1_45' title="bbox 249 4340 1826 4411">
    <p class='ocr_par' dir='ltr' id='par_1_45' title="bbox 249 4340 1826 4411">
     <span class='ocr_line' id='line_1_45' title="bbox 249 4340 1826 4411; baseline -0.002 -15"><span class='ocrx_word' id='word_1_323' title='bbox 249 4345 413 4397; x_wconf 85' lang='lat' dir='ltr'><strong>scire.</strong></span> <span class='ocrx_word' id='word_1_324' title='bbox 463 4341 789 4411; x_wconf 87' lang='lat' dir='ltr'><strong>Superbiam</strong></span> <span class='ocrx_word' id='word_1_325' title='bbox 836 4356 1108 4410; x_wconf 83' lang='lat' dir='ltr'><strong>nunquam</strong></span> <span class='ocrx_word' id='word_1_326' title='bbox 1165 4342 1219 4395; x_wconf 89' lang='lat' dir='ltr'><strong>in</strong></span> <span class='ocrx_word' id='word_1_327' title='bbox 1275 4351 1368 4394; x_wconf 90' lang='lat' dir='ltr'><strong>tuo</strong></span> <span class='ocrx_word' id='word_1_328' title='bbox 1418 4355 1608 4406; x_wconf 87' lang='lat' dir='ltr'><strong>sensu,</strong></span> <span class='ocrx_word' id='word_1_329' title='bbox 1645 4350 1740 4393; x_wconf 91' lang='lat' dir='ltr'><strong>aut</strong></span> <span class='ocrx_word' id='word_1_330' title='bbox 1771 4340 1826 4393; x_wconf 91' lang='lat' dir='ltr'><strong>in</strong></span> 
     </span>
    </p>
   </div>
   <div class='ocr_carea' id='block_1_46' title="bbox 252 4433 1829 4504">
    <p class='ocr_par' dir='ltr' id='par_1_46' title="bbox 252 4433 1829 4504">
     <span class='ocr_line' id='line_1_46' title="bbox 252 4433 1829 4504; baseline -0.002 -16"><span class='ocrx_word' id='word_1_331' title='bbox 252 4446 343 4488; x_wconf 86' lang='lat' dir='ltr'><strong>tuo</strong></span> <span class='ocrx_word' id='word_1_332' title='bbox 398 4436 569 4489; x_wconf 85' lang='lat' dir='ltr'><strong>verbo</strong></span> <span class='ocrx_word' id='word_1_333' title='bbox 599 4434 870 4488; x_wconf 88' lang='lat' dir='ltr'><strong>dominari</strong></span> <span class='ocrx_word' id='word_1_334' title='bbox 922 4434 1250 4504; x_wconf 86' lang='lat' dir='ltr'><strong>permittas:</strong></span> <span class='ocrx_word' id='word_1_335' title='bbox 1299 4435 1354 4488; x_wconf 89' lang='lat' dir='ltr'><strong>in</strong></span> <span class='ocrx_word' id='word_1_336' title='bbox 1400 4434 1515 4503; x_wconf 86' lang='lat' dir='ltr'><strong>ipsa</strong></span> <span class='ocrx_word' id='word_1_337' title='bbox 1546 4434 1694 4487; x_wconf 90' lang='lat' dir='ltr'><strong>enim</strong></span> <span class='ocrx_word' id='word_1_338' title='bbox 1725 4433 1829 4486; x_wconf 84' lang='lat' dir='ltr'><strong>ini-</strong></span> 
     </span>
    </p>
   </div>
   <div class='ocr_carea' id='block_1_47' title="bbox 1997 478 3505 547">
    <p class='ocr_par' dir='ltr' id='par_1_47' title="bbox 1997 478 3505 547">
     <span class='ocr_line' id='line_1_47' title="bbox 1997 478 3505 547; baseline -0.007 -6"><span class='ocrx_word' id='word_1_339' title='bbox 1997 487 2183 541; x_wconf 82' lang='lat' dir='ltr'><strong>Indico</strong></span> <span class='ocrx_word' id='word_1_340' title='bbox 2226 486 2390 540; x_wconf 88' lang='lat' dir='ltr'><strong>etiam</strong></span> <span class='ocrx_word' id='word_1_341' title='bbox 2424 485 2540 547; x_wconf 87' lang='lat' dir='ltr'><strong>tibi,</strong></span> <span class='ocrx_word' id='word_1_342' title='bbox 2577 484 2649 539; x_wconf 87' lang='lat' dir='ltr'><strong>ﬁli</strong></span> <span class='ocrx_word' id='word_1_343' title='bbox 2684 483 2780 547; x_wconf 91' lang='lat' dir='ltr'><strong>mi,</strong></span> <span class='ocrx_word' id='word_1_344' title='bbox 2824 481 3045 537; x_wconf 75' lang='lat' dir='ltr'><strong>dedisse</strong></span> <span class='ocrx_word' id='word_1_345' title='bbox 3077 494 3163 534; x_wconf 89' lang='lat' dir='ltr'><strong>me</strong></span> <span class='ocrx_word' id='word_1_346' title='bbox 3197 478 3389 533; x_wconf 82' lang='lat' dir='ltr'><strong>decem</strong></span> <span class='ocrx_word' id='word_1_347' title='bbox 3424 489 3505 531; x_wconf 87' lang='lat' dir='ltr'><strong>ta-</strong></span> 
     </span>
    </p>
   </div>
   <div class='ocr_carea' id='block_1_48' title="bbox 1919 571 3503 648">
    <p class='ocr_par' dir='ltr' id='par_1_48' title="bbox 1919 571 3503 648">
     <span class='ocr_line' id='line_1_48' title="bbox 1919 571 3503 648; baseline -0.007 -15"><span class='ocrx_word' id='word_1_348' title='bbox 1919 580 2062 633; x_wconf 85' lang='lat' dir='ltr'><strong>lenta</strong></span> <span class='ocrx_word' id='word_1_349' title='bbox 2100 579 2335 648; x_wconf 82' lang='lat' dir='ltr'><strong>argenti,</strong></span> <span class='ocrx_word' id='word_1_350' title='bbox 2364 576 2494 630; x_wconf 83' lang='lat' dir='ltr'><strong>dum</strong></span> <span class='ocrx_word' id='word_1_351' title='bbox 2528 577 2706 631; x_wconf 83' lang='lat' dir='ltr'><strong>adimo</strong></span> <span class='ocrx_word' id='word_1_352' title='bbox 2753 575 3054 629; x_wconf 81' lang='lat' dir='ltr'><strong>infantulus</strong></span> <span class='ocrx_word' id='word_1_353' title='bbox 3084 587 3250 633; x_wconf 80' lang='lat' dir='ltr'><strong>esses,</strong></span> <span class='ocrx_word' id='word_1_354' title='bbox 3282 571 3503 637; x_wconf 81' lang='lat' dir='ltr'><strong>Gabclo,</strong></span> 
     </span>
    </p>
   </div>
   <div class='ocr_carea' id='block_1_49' title="bbox 1920 662 3505 742">
    <p class='ocr_par' dir='ltr' id='par_1_49' title="bbox 1920 662 3505 742">
     <span class='ocr_line' id='line_1_49' title="bbox 1920 662 3505 742; baseline -0.008 -14"><span class='ocrx_word' id='word_1_355' title='bbox 1920 676 1971 729; x_wconf 93' lang='lat' dir='ltr'><strong>in</strong></span> <span class='ocrx_word' id='word_1_356' title='bbox 2012 674 2189 742; x_wconf 81' lang='lat' dir='ltr'><strong>Rages</strong></span> <span class='ocrx_word' id='word_1_357' title='bbox 2219 672 2444 726; x_wconf 81' lang='lat' dir='ltr'><strong>civitate</strong></span> <span class='ocrx_word' id='word_1_358' title='bbox 2479 670 2783 728; x_wconf 80' lang='lat' dir='ltr'><strong>Medorum.</strong></span> <span class='ocrx_word' id='word_1_359' title='bbox 2839 676 2891 721; x_wconf 91' lang='lat' dir='ltr'><strong>et</strong></span> <span class='ocrx_word' id='word_1_360' title='bbox 2926 665 3352 733; x_wconf 81' lang='lat' dir='ltr'><strong>chirographum</strong></span> <span class='ocrx_word' id='word_1_361' title='bbox 3383 662 3505 730; x_wconf 82' lang='lat' dir='ltr'><strong>ejus</strong></span> 
     </span>
    </p>
   </div>
   <div class='ocr_carea' id='block_1_50' title="bbox 1922 755 3501 833">
    <p class='ocr_par' dir='ltr' id='par_1_50' title="bbox 1922 755 3501 833">
     <span class='ocr_line' id='line_1_50' title="bbox 1922 755 3501 833; baseline -0.006 -17"><span class='ocrx_word' id='word_1_362' title='bbox 1922 767 2062 833; x_wconf 83' lang='lat' dir='ltr'><strong>apud</strong></span> <span class='ocrx_word' id='word_1_363' title='bbox 2095 779 2178 817; x_wconf 89' lang='lat' dir='ltr'><strong>me</strong></span> <span class='ocrx_word' id='word_1_364' title='bbox 2210 763 2385 816; x_wconf 86' lang='lat' dir='ltr'><strong>habeo</strong></span> <span class='ocrx_word' id='word_1_365' title='bbox 2415 778 2427 814; x_wconf 90' lang='lat'><strong>:</strong></span> <span class='ocrx_word' id='word_1_366' title='bbox 2458 772 2512 816; x_wconf 90' lang='lat' dir='ltr'><strong>et</strong></span> <span class='ocrx_word' id='word_1_367' title='bbox 2543 761 2664 815; x_wconf 88' lang='lat' dir='ltr'><strong>ideo</strong></span> <span class='ocrx_word' id='word_1_368' title='bbox 2688 758 2944 828; x_wconf 88' lang='lat' dir='ltr'><strong>perquire</strong></span> <span class='ocrx_word' id='word_1_369' title='bbox 2974 756 3252 825; x_wconf 84' lang='lat' dir='ltr'><strong>quomodo</strong></span> <span class='ocrx_word' id='word_1_370' title='bbox 3281 755 3349 807; x_wconf 84' lang='lat' dir='ltr'><strong>ad</strong></span> <span class='ocrx_word' id='word_1_371' title='bbox 3377 770 3501 809; x_wconf 89' lang='lat' dir='ltr'><strong>eum</strong></span> 
     </span>
    </p>
   </div>
   <div class='ocr_carea' id='block_1_51' title="bbox 1922 854 3502 927">
    <p class='ocr_par' dir='ltr' id='par_1_51' title="bbox 1922 854 3502 927">
     <span class='ocr_line' id='line_1_51' title="bbox 1922 854 3502 927; baseline -0.005 -18"><span class='ocrx_word' id='word_1_372' title='bbox 1922 858 2246 927; x_wconf 72' lang='lat' dir='ltr'><strong>pervenias,</strong></span> <span class='ocrx_word' id='word_1_373' title='bbox 2298 866 2355 911; x_wconf 88' lang='lat' dir='ltr'><strong>et</strong></span> <span class='ocrx_word' id='word_1_374' title='bbox 2406 856 2639 923; x_wconf 85' lang='lat' dir='ltr'><strong>recipias</strong></span> <span class='ocrx_word' id='word_1_375' title='bbox 2683 854 2752 907; x_wconf 87' lang='lat' dir='ltr'><strong>ab</strong></span> <span class='ocrx_word' id='word_1_376' title='bbox 2805 868 2871 905; x_wconf 88' lang='lat' dir='ltr'><strong>eo</strong></span> <span class='ocrx_word' id='word_1_377' title='bbox 2927 866 3088 917; x_wconf 85' lang='lat' dir='ltr'><strong>supra</strong></span> <span class='ocrx_word' id='word_1_378' title='bbox 3142 858 3502 903; x_wconf 83' lang='lat' dir='ltr'><strong>memoratum</strong></span> 
     </span>
    </p>
   </div>
   <div class='ocr_carea' id='block_1_52' title="bbox 1920 942 3504 1017">
    <p class='ocr_par' dir='ltr' id='par_1_52' title="bbox 1920 942 3504 1017">
     <span class='ocr_line' id='line_1_52' title="bbox 1920 942 3504 1017; baseline -0.006 -16"><span class='ocrx_word' id='word_1_379' title='bbox 1920 949 2136 1017; x_wconf 88' lang='lat' dir='ltr'><strong>pondus</strong></span> <span class='ocrx_word' id='word_1_380' title='bbox 2160 946 2395 1016; x_wconf 76' lang='lat' dir='ltr'><strong>argenti,</strong></span> <span class='ocrx_word' id='word_1_381' title='bbox 2420 956 2476 1000; x_wconf 89' lang='lat' dir='ltr'><strong>et</strong></span> <span class='ocrx_word' id='word_1_382' title='bbox 2499 947 2758 998; x_wconf 85' lang='lat' dir='ltr'><strong>restituas</strong></span> <span class='ocrx_word' id='word_1_383' title='bbox 2781 942 2831 997; x_wconf 85' lang='lat' dir='ltr'><strong>ei</strong></span> <span class='ocrx_word' id='word_1_384' title='bbox 2858 942 3287 1007; x_wconf 85' lang='lat' dir='ltr'><strong>chirographum</strong></span> <span class='ocrx_word' id='word_1_385' title='bbox 3317 955 3504 996; x_wconf 89' lang='lat' dir='ltr'><strong>suum.</strong></span> 
     </span>
    </p>
   </div>
   <div class='ocr_carea' id='block_1_53' title="bbox 1921 1032 3507 1105">
    <p class='ocr_par' dir='ltr' id='par_1_53' title="bbox 1921 1032 3507 1105">
     <span class='ocr_line' id='line_1_53' title="bbox 1921 1032 3507 1105; baseline -0.008 -12"><span class='ocrx_word' id='word_1_386' title='bbox 1921 1040 2038 1093; x_wconf 78' lang='lat' dir='ltr'><strong>Noli</strong></span> <span class='ocrx_word' id='word_1_387' title='bbox 2078 1042 2291 1099; x_wconf 83' lang='lat' dir='ltr'><strong>timere,</strong></span> <span class='ocrx_word' id='word_1_388' title='bbox 2337 1038 2408 1092; x_wconf 81' lang='lat' dir='ltr'><strong>(ili</strong></span> <span class='ocrx_word' id='word_1_389' title='bbox 2452 1039 2523 1091; x_wconf 94' lang='lat' dir='ltr'><strong>mi</strong></span> <span class='ocrx_word' id='word_1_390' title='bbox 2570 1056 2582 1091; x_wconf 92' lang='lat'><strong>:</strong></span> <span class='ocrx_word' id='word_1_391' title='bbox 2626 1050 2917 1105; x_wconf 81' lang='lat' dir='ltr'><strong>pauperem</strong></span> <span class='ocrx_word' id='word_1_392' title='bbox 2952 1032 3171 1101; x_wconf 88' lang='lat' dir='ltr'><strong>quidem</strong></span> <span class='ocrx_word' id='word_1_393' title='bbox 3209 1032 3374 1085; x_wconf 82' lang='lat' dir='ltr'><strong>vitam</strong></span> <span class='ocrx_word' id='word_1_394' title='bbox 3412 1042 3507 1101; x_wconf 77' lang='lat' dir='ltr'><strong>ge-</strong></span> 
     </span>
    </p>
   </div>
   <div class='ocr_carea' id='block_1_54' title="bbox 1923 1124 3508 1198">
    <p class='ocr_par' dir='ltr' id='par_1_54' title="bbox 1923 1124 3508 1198">
     <span class='ocr_line' id='line_1_54' title="bbox 1923 1124 3508 1198; baseline -0.006 -11"><span class='ocrx_word' id='word_1_395' title='bbox 1923 1134 2114 1198; x_wconf 89' lang='lat' dir='ltr'><strong>rimus,</strong></span> <span class='ocrx_word' id='word_1_396' title='bbox 2162 1132 2255 1187; x_wconf 89' lang='lat' dir='ltr'><strong>sed</strong></span> <span class='ocrx_word' id='word_1_397' title='bbox 2300 1133 2469 1186; x_wconf 88' lang='lat' dir='ltr'><strong>multa</strong></span> <span class='ocrx_word' id='word_1_398' title='bbox 2512 1131 2651 1185; x_wconf 88' lang='lat' dir='ltr'><strong>bona</strong></span> <span class='ocrx_word' id='word_1_399' title='bbox 2689 1127 3033 1188; x_wconf 89' lang='lat' dir='ltr'><strong>habebimus,</strong></span> <span class='ocrx_word' id='word_1_400' title='bbox 3083 1126 3127 1179; x_wconf 89' lang='lat' dir='ltr'><strong>si</strong></span> <span class='ocrx_word' id='word_1_401' title='bbox 3162 1124 3508 1177; x_wconf 83' lang='lat' dir='ltr'><strong>timuerimus</strong></span> 
     </span>
    </p>
   </div>
   <div class='ocr_carea' id='block_1_55' title="bbox 1924 1215 3508 1289">
    <p class='ocr_par' dir='ltr' id='par_1_55' title="bbox 1924 1215 3508 1289">
     <span class='ocr_line' id='line_1_55' title="bbox 1924 1215 3508 1289; baseline -0.008 -10"><span class='ocrx_word' id='word_1_402' title='bbox 1924 1226 2114 1289; x_wconf 87' lang='lat' dir='ltr'><strong>Deum,</strong></span> <span class='ocrx_word' id='word_1_403' title='bbox 2150 1233 2203 1278; x_wconf 86' lang='lat' dir='ltr'><strong>et</strong></span> <span class='ocrx_word' id='word_1_404' title='bbox 2231 1228 2626 1279; x_wconf 86' lang='lat' dir='ltr'><strong>recesserimus</strong></span> <span class='ocrx_word' id='word_1_405' title='bbox 2656 1221 2725 1275; x_wconf 88' lang='lat' dir='ltr'><strong>ab</strong></span> <span class='ocrx_word' id='word_1_406' title='bbox 2749 1219 2896 1275; x_wconf 91' lang='lat' dir='ltr'><strong>omni</strong></span> <span class='ocrx_word' id='word_1_407' title='bbox 2930 1226 3179 1288; x_wconf 87' lang='lat' dir='ltr'><strong>peccato,</strong></span> <span class='ocrx_word' id='word_1_408' title='bbox 3209 1227 3264 1271; x_wconf 91' lang='lat' dir='ltr'><strong>et</strong></span> <span class='ocrx_word' id='word_1_409' title='bbox 3313 1215 3508 1269; x_wconf 71' lang='lat' dir='ltr'><strong>feceri-</strong></span> 
     </span>
    </p>
   </div>
   <div class='ocr_carea' id='block_1_56' title="bbox 1925 1324 2252 1370">
    <p class='ocr_par' dir='ltr' id='par_1_56' title="bbox 1925 1324 2252 1370">
     <span class='ocr_line' id='line_1_56' title="bbox 1925 1324 2252 1370; baseline -0.009 0"><span class='ocrx_word' id='word_1_410' title='bbox 1925 1334 2045 1370; x_wconf 74' lang='lat' dir='ltr'><strong>mus</strong></span> <span class='ocrx_word' id='word_1_411' title='bbox 2094 1324 2252 1369; x_wconf 83' lang='lat' dir='ltr'><strong>bene.</strong></span> 
     </span>
    </p>
   </div>
   <div class='ocr_carea' id='block_1_57' title="bbox 1997 1394 3511 1479">
    <p class='ocr_par' dir='ltr' id='par_1_57' title="bbox 1997 1394 3511 1479">
     <span class='ocr_line' id='line_1_57' title="bbox 1997 1394 3511 1479; baseline -0.009 -17"><span class='ocrx_word' id='word_1_412' title='bbox 1997 1408 2166 1479; x_wconf 70' lang='lat' dir='ltr'><strong>[Cap.</strong></span> <span class='ocrx_word' id='word_1_413' title='bbox 2201 1407 2327 1479; x_wconf 82' lang='lat' dir='ltr'><strong>‘V&#39;.]</strong></span> <span class='ocrx_word' id='word_1_414' title='bbox 2360 1407 2515 1461; x_wconf 86' lang='lat' dir='ltr'><strong>Tunc</strong></span> <span class='ocrx_word' id='word_1_415' title='bbox 2559 1403 2843 1473; x_wconf 73' lang='lat' dir='ltr'><strong>respondit</strong></span> <span class='ocrx_word' id='word_1_416' title='bbox 2875 1399 3078 1456; x_wconf 83' lang='lat' dir='ltr'><strong>Tobias</strong></span> <span class='ocrx_word' id='word_1_417' title='bbox 3108 1394 3246 1467; x_wconf 85' lang='lat' dir='ltr'><strong>patri</strong></span> <span class='ocrx_word' id='word_1_418' title='bbox 3285 1410 3408 1461; x_wconf 88' lang='lat' dir='ltr'><strong>suo,</strong></span> <span class='ocrx_word' id='word_1_419' title='bbox 3453 1404 3511 1448; x_wconf 88' lang='lat' dir='ltr'><strong>et</strong></span> 
     </span>
    </p>
   </div>
   <div class='ocr_carea' id='block_1_58' title="bbox 1921 1488 3509 1567">
    <p class='ocr_par' dir='ltr' id='par_1_58' title="bbox 1921 1488 3509 1567">
     <span class='ocr_line' id='line_1_58' title="bbox 1921 1488 3509 1567; baseline -0.01 -14"><span class='ocrx_word' id='word_1_420' title='bbox 1921 1501 2060 1554; x_wconf 72' lang='lat' dir='ltr'><strong>dixit</strong></span> <span class='ocrx_word' id='word_1_421' title='bbox 2097 1518 2108 1554; x_wconf 90' lang='lat'><strong>:</strong></span> <span class='ocrx_word' id='word_1_422' title='bbox 2146 1499 2339 1553; x_wconf 87' lang='lat' dir='ltr'><strong>Omnia</strong></span> <span class='ocrx_word' id='word_1_423' title='bbox 2379 1511 2719 1567; x_wconf 71' lang='lat' dir='ltr'><strong>qua‘cunque</strong></span> <span class='ocrx_word' id='word_1_424' title='bbox 2752 1493 3058 1563; x_wconf 57' lang='lat' dir='ltr'><strong>prmerpisti</strong></span> <span class='ocrx_word' id='word_1_425' title='bbox 3100 1490 3254 1552; x_wconf 80' lang='lat' dir='ltr'><strong>Inibi,</strong></span> <span class='ocrx_word' id='word_1_426' title='bbox 3291 1488 3509 1550; x_wconf 79' lang='lat' dir='ltr'><strong>faciam,</strong></span> 
     </span>
    </p>
   </div>
   <div class='ocr_carea' id='block_1_59' title="bbox 1921 1579 3508 1661">
    <p class='ocr_par' dir='ltr' id='par_1_59' title="bbox 1921 1579 3508 1661">
     <span class='ocr_line' id='line_1_59' title="bbox 1921 1579 3508 1661; baseline -0.009 -16"><span class='ocrx_word' id='word_1_427' title='bbox 1921 1604 2097 1661; x_wconf 84' lang='lat' dir='ltr'><strong>pater.</strong></span> <span class='ocrx_word' id='word_1_428' title='bbox 2136 1590 2422 1656; x_wconf 86' lang='lat' dir='ltr'><strong>Quomodo</strong></span> <span class='ocrx_word' id='word_1_429' title='bbox 2458 1600 2640 1641; x_wconf 88' lang='lat' dir='ltr'><strong>autem</strong></span> <span class='ocrx_word' id='word_1_430' title='bbox 2697 1585 2987 1655; x_wconf 80' lang='lat' dir='ltr'><strong>pecuniam</strong></span> <span class='ocrx_word' id='word_1_431' title='bbox 3020 1583 3163 1636; x_wconf 88' lang='lat' dir='ltr'><strong>hanc</strong></span> <span class='ocrx_word' id='word_1_432' title='bbox 3213 1579 3508 1648; x_wconf 86' lang='lat' dir='ltr'><strong>requiram,</strong></span> 
     </span>
    </p>
   </div>
   <div class='ocr_carea' id='block_1_60' title="bbox 1922 1672 3532 1753">
    <p class='ocr_par' dir='ltr' id='par_1_60' title="bbox 1922 1672 3532 1753">
     <span class='ocr_line' id='line_1_60' title="bbox 1922 1672 3532 1753; baseline -0.008 -16"><span class='ocrx_word' id='word_1_433' title='bbox 1922 1686 2134 1753; x_wconf 77' lang='lat' dir='ltr'><strong>ignoro.</strong></span> <span class='ocrx_word' id='word_1_434' title='bbox 2176 1684 2269 1736; x_wconf 87' lang='lat' dir='ltr'><strong>Ille</strong></span> <span class='ocrx_word' id='word_1_435' title='bbox 2323 1697 2406 1734; x_wconf 89' lang='lat' dir='ltr'><strong>me</strong></span> <span class='ocrx_word' id='word_1_436' title='bbox 2440 1681 2637 1744; x_wconf 86' lang='lat' dir='ltr'><strong>nescit,</strong></span> <span class='ocrx_word' id='word_1_437' title='bbox 2688 1688 2743 1734; x_wconf 91' lang='lat' dir='ltr'><strong>et</strong></span> <span class='ocrx_word' id='word_1_438' title='bbox 2776 1690 2877 1745; x_wconf 82' lang='lat' dir='ltr'><strong>ego</strong></span> <span class='ocrx_word' id='word_1_439' title='bbox 2914 1692 3037 1731; x_wconf 88' lang='lat' dir='ltr'><strong>eum</strong></span> <span class='ocrx_word' id='word_1_440' title='bbox 3071 1676 3263 1744; x_wconf 70' lang='lat' dir='ltr'><strong>ignoro</strong></span> <span class='ocrx_word' id='word_1_441' title='bbox 3314 1692 3327 1727; x_wconf 89' lang='lat'><strong>:</strong></span> <span class='ocrx_word' id='word_1_442' title='bbox 3361 1672 3532 1741; x_wconf 85' lang='lat' dir='ltr'><strong>quod&#39;</strong></span> 
     </span>
    </p>
   </div>
   <div class='ocr_carea' id='block_1_61' title="bbox 1918 1769 3507 1842">
    <p class='ocr_par' dir='ltr' id='par_1_61' title="bbox 1918 1769 3507 1842">
     <span class='ocr_line' id='line_1_61' title="bbox 1918 1769 3507 1842; baseline -0.008 -14"><span class='ocrx_word' id='word_1_443' title='bbox 1918 1776 2131 1842; x_wconf 83' lang='lat' dir='ltr'><strong>signum</strong></span> <span class='ocrx_word' id='word_1_444' title='bbox 2158 1773 2296 1826; x_wconf 83' lang='lat' dir='ltr'><strong>dabo</strong></span> <span class='ocrx_word' id='word_1_445' title='bbox 2332 1772 2419 1824; x_wconf 87' lang='lat' dir='ltr'><strong>ei?</strong></span> <span class='ocrx_word' id='word_1_446' title='bbox 2448 1770 2541 1824; x_wconf 82' lang='lat' dir='ltr'><strong>sed</strong></span> <span class='ocrx_word' id='word_1_447' title='bbox 2573 1783 2748 1838; x_wconf 87' lang='lat' dir='ltr'><strong>neque</strong></span> <span class='ocrx_word' id='word_1_448' title='bbox 2777 1769 2943 1829; x_wconf 87' lang='lat' dir='ltr'><strong>viam,</strong></span> <span class='ocrx_word' id='word_1_449' title='bbox 2983 1781 3083 1835; x_wconf 89' lang='lat' dir='ltr'><strong>per</strong></span> <span class='ocrx_word' id='word_1_450' title='bbox 3117 1780 3277 1834; x_wconf 88' lang='lat' dir='ltr'><strong>quam</strong></span> <span class='ocrx_word' id='word_1_451' title='bbox 3315 1778 3507 1833; x_wconf 85' lang='lat' dir='ltr'><strong>perga-</strong></span> 
     </span>
    </p>
   </div>
   <div class='ocr_carea' id='block_1_62' title="bbox 1847 1846 3497 1933">
    <p class='ocr_par' dir='ltr' id='par_1_62' title="bbox 1847 1846 3497 1933">
     <span class='ocr_line' id='line_1_62' title="bbox 1847 1846 3497 1933; baseline -0.005 -16"><span class='ocrx_word' id='word_1_452' title='bbox 1847 1846 1886 1902; x_wconf 72' lang='grc' dir='ltr'><strong><em>Β</em></strong></span> <span class='ocrx_word' id='word_1_453' title='bbox 1920 1875 2009 1918; x_wconf 91' lang='lat' dir='ltr'><strong>tur</strong></span> <span class='ocrx_word' id='word_1_454' title='bbox 2042 1865 2193 1928; x_wconf 87' lang='lat' dir='ltr'><strong>illuc,</strong></span> <span class='ocrx_word' id='word_1_455' title='bbox 2227 1864 2518 1933; x_wconf 83' lang='lat' dir='ltr'><strong>aliquando</strong></span> <span class='ocrx_word' id='word_1_456' title='bbox 2550 1862 2805 1931; x_wconf 75' lang='lat' dir='ltr'><strong>cognovi.</strong></span> <span class='ocrx_word' id='word_1_457' title='bbox 2844 1861 2997 1913; x_wconf 91' lang='lat' dir='ltr'><strong>Tunc</strong></span> <span class='ocrx_word' id='word_1_458' title='bbox 3034 1870 3187 1927; x_wconf 85' lang='lat' dir='ltr'><strong>pater</strong></span> <span class='ocrx_word' id='word_1_459' title='bbox 3216 1872 3349 1910; x_wconf 88' lang='lat' dir='ltr'><strong>suus</strong></span> <span class='ocrx_word' id='word_1_460' title='bbox 3414 1873 3497 1909; x_wconf 82' lang='lat' dir='ltr'><strong>re-</strong></span> 
     </span>
    </p>
   </div>
   <div class='ocr_carea' id='block_1_63' title="bbox 1924 1949 3511 2023">
    <p class='ocr_par' dir='ltr' id='par_1_63' title="bbox 1924 1949 3511 2023">
     <span class='ocr_line' id='line_1_63' title="bbox 1924 1949 3511 2023; baseline -0.005 -13"><span class='ocrx_word' id='word_1_461' title='bbox 1924 1957 2153 2023; x_wconf 89' lang='lat' dir='ltr'><strong>spondit</strong></span> <span class='ocrx_word' id='word_1_462' title='bbox 2193 1956 2289 2009; x_wconf 91' lang='lat' dir='ltr'><strong>illi.</strong></span> <span class='ocrx_word' id='word_1_463' title='bbox 2330 1968 2383 2009; x_wconf 87' lang='lat' dir='ltr'><strong>et</strong></span> <span class='ocrx_word' id='word_1_464' title='bbox 2425 1954 2557 2008; x_wconf 83' lang='lat' dir='ltr'><strong>dixit</strong></span> <span class='ocrx_word' id='word_1_465' title='bbox 2594 1971 2609 2008; x_wconf 92' lang='lat'><strong>:</strong></span> <span class='ocrx_word' id='word_1_466' title='bbox 2644 1951 3081 2020; x_wconf 79' lang='lat' dir='ltr'><strong>Chirographum</strong></span> <span class='ocrx_word' id='word_1_467' title='bbox 3108 1950 3324 2019; x_wconf 88' lang='lat' dir='ltr'><strong>quidem</strong></span> <span class='ocrx_word' id='word_1_468' title='bbox 3362 1949 3511 2002; x_wconf 89' lang='lat' dir='ltr'><strong>illius</strong></span> 
     </span>
    </p>
   </div>
   <div class='ocr_carea' id='block_1_64' title="bbox 1925 2041 3510 2118">
    <p class='ocr_par' dir='ltr' id='par_1_64' title="bbox 1925 2041 3510 2118">
     <span class='ocr_line' id='line_1_64' title="bbox 1925 2041 3510 2118; baseline -0.006 -15"><span class='ocrx_word' id='word_1_469' title='bbox 1925 2064 2091 2118; x_wconf 84' lang='lat' dir='ltr'><strong>penes</strong></span> <span class='ocrx_word' id='word_1_470' title='bbox 2122 2064 2208 2102; x_wconf 90' lang='lat' dir='ltr'><strong>me</strong></span> <span class='ocrx_word' id='word_1_471' title='bbox 2231 2048 2427 2110; x_wconf 87' lang='lat' dir='ltr'><strong>habeo,</strong></span> <span class='ocrx_word' id='word_1_472' title='bbox 2446 2046 2591 2117; x_wconf 80' lang='lat' dir='ltr'><strong>quod</strong></span> <span class='ocrx_word' id='word_1_473' title='bbox 2615 2047 2743 2099; x_wconf 86' lang='lat' dir='ltr'><strong>dum</strong></span> <span class='ocrx_word' id='word_1_474' title='bbox 2770 2045 2847 2099; x_wconf 85' lang='lat' dir='ltr'><strong>illi</strong></span> <span class='ocrx_word' id='word_1_475' title='bbox 2866 2041 3191 2105; x_wconf 87' lang='lat' dir='ltr'><strong>ostenderis,</strong></span> <span class='ocrx_word' id='word_1_476' title='bbox 3219 2042 3402 2095; x_wconf 86' lang='lat' dir='ltr'><strong>statim</strong></span> <span class='ocrx_word' id='word_1_477' title='bbox 3424 2056 3510 2093; x_wconf 61' lang='lat' dir='ltr'><strong>reo</strong></span> 
     </span>
    </p>
   </div>
   <div class='ocr_carea' id='block_1_65' title="bbox 1926 2134 3505 2210">
    <p class='ocr_par' dir='ltr' id='par_1_65' title="bbox 1926 2134 3505 2210">
     <span class='ocr_line' id='line_1_65' title="bbox 1926 2134 3505 2210; baseline -0.006 -16"><span class='ocrx_word' id='word_1_478' title='bbox 1926 2144 2134 2196; x_wconf 87' lang='lat' dir='ltr'><strong>stituet.</strong></span> <span class='ocrx_word' id='word_1_479' title='bbox 2169 2141 2275 2198; x_wconf 85' lang='lat' dir='ltr'><strong>Sed</strong></span> <span class='ocrx_word' id='word_1_480' title='bbox 2310 2156 2471 2210; x_wconf 81' lang='lat' dir='ltr'><strong>perge</strong></span> <span class='ocrx_word' id='word_1_481' title='bbox 2504 2154 2669 2203; x_wconf 90' lang='lat' dir='ltr'><strong>nunc,</strong></span> <span class='ocrx_word' id='word_1_482' title='bbox 2708 2146 2766 2192; x_wconf 89' lang='lat' dir='ltr'><strong>et</strong></span> <span class='ocrx_word' id='word_1_483' title='bbox 2799 2135 3014 2204; x_wconf 91' lang='lat' dir='ltr'><strong>inquire</strong></span> <span class='ocrx_word' id='word_1_484' title='bbox 3050 2134 3141 2187; x_wconf 90' lang='lat' dir='ltr'><strong>tibi</strong></span> <span class='ocrx_word' id='word_1_485' title='bbox 3174 2134 3411 2201; x_wconf 85' lang='lat' dir='ltr'><strong>aliquem</strong></span> <span class='ocrx_word' id='word_1_486' title='bbox 3439 2134 3505 2185; x_wconf 84' lang='lat' dir='ltr'><strong>ti-</strong></span> 
     </span>
    </p>
   </div>
   <div class='ocr_carea' id='block_1_66' title="bbox 1925 2226 3509 2303">
    <p class='ocr_par' dir='ltr' id='par_1_66' title="bbox 1925 2226 3509 2303">
     <span class='ocr_line' id='line_1_66' title="bbox 1925 2226 3509 2303; baseline -0.006 -13"><span class='ocrx_word' id='word_1_487' title='bbox 1925 2238 2100 2290; x_wconf 60' lang='lat' dir='ltr'><strong>delnm</strong></span> <span class='ocrx_word' id='word_1_488' title='bbox 2141 2236 2339 2301; x_wconf 80' lang='lat' dir='ltr'><strong>virum,</strong></span> <span class='ocrx_word' id='word_1_489' title='bbox 2378 2234 2468 2303; x_wconf 89' lang='lat' dir='ltr'><strong>qui</strong></span> <span class='ocrx_word' id='word_1_490' title='bbox 2510 2245 2595 2286; x_wconf 87' lang='lat' dir='ltr'><strong>eat</strong></span> <span class='ocrx_word' id='word_1_491' title='bbox 2636 2240 2815 2285; x_wconf 74' lang='lat' dir='ltr'><strong>tecum</strong></span> <span class='ocrx_word' id='word_1_492' title='bbox 2868 2230 3012 2284; x_wconf 82' lang='lat' dir='ltr'><strong>salva</strong></span> <span class='ocrx_word' id='word_1_493' title='bbox 3050 2226 3301 2282; x_wconf 87' lang='lat' dir='ltr'><strong>mercede</strong></span> <span class='ocrx_word' id='word_1_494' title='bbox 3344 2241 3442 2280; x_wconf 81' lang='lat' dir='ltr'><strong>sua</strong></span> <span class='ocrx_word' id='word_1_495' title='bbox 3495 2243 3509 2280; x_wconf 89' lang='lat'><strong>:</strong></span> 
     </span>
    </p>
   </div>
   <div class='ocr_carea' id='block_1_67' title="bbox 1930 2323 2997 2392">
    <p class='ocr_par' dir='ltr' id='par_1_67' title="bbox 1930 2323 2997 2392">
     <span class='ocr_line' id='line_1_67' title="bbox 1930 2323 2997 2392; baseline -0.006 -11"><span class='ocrx_word' id='word_1_496' title='bbox 1930 2339 2008 2391; x_wconf 90' lang='lat' dir='ltr'><strong>ut,</strong></span> <span class='ocrx_word' id='word_1_497' title='bbox 2041 2328 2172 2379; x_wconf 87' lang='lat' dir='ltr'><strong>dum</strong></span> <span class='ocrx_word' id='word_1_498' title='bbox 2206 2327 2388 2381; x_wconf 89' lang='lat' dir='ltr'><strong>adhuc</strong></span> <span class='ocrx_word' id='word_1_499' title='bbox 2419 2325 2564 2389; x_wconf 78' lang='lat' dir='ltr'><strong>vivo,</strong></span> <span class='ocrx_word' id='word_1_500' title='bbox 2598 2323 2828 2392; x_wconf 82' lang='lat' dir='ltr'><strong>recipias</strong></span> <span class='ocrx_word' id='word_1_501' title='bbox 2854 2338 2997 2375; x_wconf 88' lang='lat' dir='ltr'><strong>eam.</strong></span> 
     </span>
    </p>
   </div>
   <div class='ocr_carea' id='block_1_68' title="bbox 2000 2410 3517 2485">
    <p class='ocr_par' dir='ltr' id='par_1_68' title="bbox 2000 2410 3517 2485">
     <span class='ocr_line' id='line_1_68' title="bbox 2000 2410 3517 2485; baseline -0.006 -14"><span class='ocrx_word' id='word_1_502' title='bbox 2000 2419 2153 2471; x_wconf 89' lang='lat' dir='ltr'><strong>Tunc</strong></span> <span class='ocrx_word' id='word_1_503' title='bbox 2203 2433 2460 2485; x_wconf 80' lang='lat' dir='ltr'><strong>egressus</strong></span> <span class='ocrx_word' id='word_1_504' title='bbox 2488 2415 2717 2476; x_wconf 87' lang='lat' dir='ltr'><strong>Tobias,</strong></span> <span class='ocrx_word' id='word_1_505' title='bbox 2753 2414 2961 2467; x_wconf 76' lang='lat' dir='ltr'><strong>invenit</strong></span> <span class='ocrx_word' id='word_1_506' title='bbox 2983 2414 3240 2484; x_wconf 89' lang='lat' dir='ltr'><strong>juvenem</strong></span> <span class='ocrx_word' id='word_1_507' title='bbox 3273 2410 3517 2476; x_wconf 77' lang='lat' dir='ltr'><strong>Splendi-</strong></span> 
     </span>
    </p>
   </div>
   <div class='ocr_carea' id='block_1_69' title="bbox 1928 2502 3514 2575">
    <p class='ocr_par' dir='ltr' id='par_1_69' title="bbox 1928 2502 3514 2575">
     <span class='ocr_line' id='line_1_69' title="bbox 1928 2502 3514 2575; baseline -0.006 -12"><span class='ocrx_word' id='word_1_508' title='bbox 1928 2509 2057 2563; x_wconf 87' lang='lat' dir='ltr'><strong>dum</strong></span> <span class='ocrx_word' id='word_1_509' title='bbox 2089 2549 2103 2573; x_wconf 91' lang='lat'><strong>,</strong></span> <span class='ocrx_word' id='word_1_510' title='bbox 2155 2517 2388 2561; x_wconf 65' lang='lat' dir='ltr'><strong>stantem</strong></span> <span class='ocrx_word' id='word_1_511' title='bbox 2440 2505 2794 2575; x_wconf 67' lang='lat' dir='ltr'><strong>praecinctum</strong></span> <span class='ocrx_word' id='word_1_512' title='bbox 2845 2513 2899 2557; x_wconf 87' lang='lat' dir='ltr'><strong>et</strong></span> <span class='ocrx_word' id='word_1_513' title='bbox 2946 2503 3102 2572; x_wconf 87' lang='lat' dir='ltr'><strong>quasi</strong></span> <span class='ocrx_word' id='word_1_514' title='bbox 3160 2512 3410 2569; x_wconf 88' lang='lat' dir='ltr'><strong>paratum</strong></span> <span class='ocrx_word' id='word_1_515' title='bbox 3446 2502 3514 2553; x_wconf 87' lang='lat' dir='ltr'><strong>ad</strong></span> 
     </span>
    </p>
   </div>
   <div class='ocr_carea' id='block_1_70' title="bbox 1925 2594 3513 2666">
    <p class='ocr_par' dir='ltr' id='par_1_70' title="bbox 1925 2594 3513 2666">
     <span class='ocr_line' id='line_1_70' title="bbox 1925 2594 3513 2666; baseline -0.006 -11"><span class='ocrx_word' id='word_1_516' title='bbox 1925 2602 2337 2655; x_wconf 73' lang='lat' dir='ltr'><strong>ambulandum.</strong></span> <span class='ocrx_word' id='word_1_517' title='bbox 2376 2601 2441 2653; x_wconf 84' lang='lat' dir='ltr'><strong>Et</strong></span> <span class='ocrx_word' id='word_1_518' title='bbox 2474 2599 2729 2666; x_wconf 84' lang='lat' dir='ltr'><strong>ignorans</strong></span> <span class='ocrx_word' id='word_1_519' title='bbox 2763 2597 2906 2665; x_wconf 86' lang='lat' dir='ltr'><strong>quod</strong></span> <span class='ocrx_word' id='word_1_520' title='bbox 2958 2596 3184 2665; x_wconf 73' lang='lat' dir='ltr'><strong>angelus</strong></span> <span class='ocrx_word' id='word_1_521' title='bbox 3222 2594 3311 2647; x_wconf 87' lang='lat' dir='ltr'><strong>Dei</strong></span> <span class='ocrx_word' id='word_1_522' title='bbox 3340 2600 3513 2655; x_wconf 82' lang='lat' dir='ltr'><strong>esset,</strong></span> 
     </span>
    </p>
   </div>
   <div class='ocr_carea' id='block_1_71' title="bbox 1927 2688 3517 2753">
    <p class='ocr_par' dir='ltr' id='par_1_71' title="bbox 1927 2688 3517 2753">
     <span class='ocr_line' id='line_1_71' title="bbox 1927 2688 3517 2753; baseline -0.003 -7"><span class='ocrx_word' id='word_1_523' title='bbox 1927 2692 2185 2746; x_wconf 76' lang='lat' dir='ltr'><strong>Salutavit</strong></span> <span class='ocrx_word' id='word_1_524' title='bbox 2217 2707 2363 2753; x_wconf 88' lang='lat' dir='ltr'><strong>cum,</strong></span> <span class='ocrx_word' id='word_1_525' title='bbox 2409 2700 2464 2746; x_wconf 91' lang='lat' dir='ltr'><strong>et</strong></span> <span class='ocrx_word' id='word_1_526' title='bbox 2490 2692 2625 2746; x_wconf 80' lang='lat' dir='ltr'><strong>dixit</strong></span> <span class='ocrx_word' id='word_1_527' title='bbox 2664 2707 2678 2746; x_wconf 90' lang='lat'><strong>:</strong></span> <span class='ocrx_word' id='word_1_528' title='bbox 2718 2689 2873 2744; x_wconf 89' lang='lat' dir='ltr'><strong>Unde</strong></span> <span class='ocrx_word' id='word_1_529' title='bbox 2910 2701 2961 2744; x_wconf 90' lang='lat' dir='ltr'><strong>te</strong></span> <span class='ocrx_word' id='word_1_530' title='bbox 3014 2689 3278 2741; x_wconf 79' lang='lat' dir='ltr'><strong>habemus</strong></span> <span class='ocrx_word' id='word_1_531' title='bbox 3306 2730 3319 2748; x_wconf 89' lang='lat'><strong>,</strong></span> <span class='ocrx_word' id='word_1_532' title='bbox 3374 2688 3517 2741; x_wconf 80' lang='lat' dir='ltr'><strong>boue</strong></span> 
     </span>
    </p>
   </div>
   <div class='ocr_carea' id='block_1_72' title="bbox 1921 2778 3516 2862">
    <p class='ocr_par' dir='ltr' id='par_1_72' title="bbox 1921 2778 3516 2862">
     <span class='ocr_line' id='line_1_72' title="bbox 1921 2778 3516 2862; baseline -0.003 -26"><span class='ocrx_word' id='word_1_533' title='bbox 1921 2786 2031 2855; x_wconf 54' lang='lat' dir='ltr'><strong>ju&#39;p</strong></span> <span class='ocrx_word' id='word_1_534' title='bbox 2059 2784 2409 2862; x_wconf 45' lang='grc' dir='ltr'><strong>,ιξεῖεᾼξεῐμς</strong></span> <span class='ocrx_word' id='word_1_535' title='bbox 2438 2784 2717 2851; x_wconf 61' lang='lat' dir='ltr'><strong>respondit</strong></span> <span class='ocrx_word' id='word_1_536' title='bbox 2751 2802 2763 2836; x_wconf 92' lang='lat'><strong>:</strong></span> <span class='ocrx_word' id='word_1_537' title='bbox 2804 2782 2876 2836; x_wconf 77' lang='lat' dir='ltr'><strong>Ex</strong></span> <span class='ocrx_word' id='word_1_538' title='bbox 2919 2782 3045 2834; x_wconf 80' lang='lat' dir='ltr'><strong>ﬁliis</strong></span> <span class='ocrx_word' id='word_1_539' title='bbox 3088 2781 3276 2833; x_wconf 83' lang='lat' dir='ltr'><strong>Israel.</strong></span> <span class='ocrx_word' id='word_1_540' title='bbox 3310 2779 3375 2832; x_wconf 88' lang='lat' dir='ltr'><strong>Et</strong></span> <span class='ocrx_word' id='word_1_541' title='bbox 3409 2778 3516 2831; x_wconf 77' lang='grc' dir='ltr'><strong>Το-</strong></span> 
     </span>
    </p>
   </div>
   <div class='ocr_carea' id='block_1_73' title="bbox 1920 2847 3511 2951">
    <p class='ocr_par' dir='ltr' id='par_1_73' title="bbox 1920 2847 3511 2951">
     <span class='ocr_line' id='line_1_73' title="bbox 1920 2847 3511 2951; baseline -0.006 -25"><span class='ocrx_word' id='word_1_542' title='bbox 1920 2847 2372 2951; x_wconf 31' lang='grc' dir='ltr'><strong>λξὶκλξδθῖδε</strong></span> <span class='ocrx_word' id='word_1_543' title='bbox 2406 2861 2554 2927; x_wconf 69' lang='lat' dir='ltr'><strong>Nosti</strong></span> <span class='ocrx_word' id='word_1_544' title='bbox 2598 2873 2763 2935; x_wconf 81' lang='lat' dir='ltr'><strong>viam,</strong></span> <span class='ocrx_word' id='word_1_545' title='bbox 2804 2888 2924 2941; x_wconf 81' lang='lat' dir='ltr'><strong>qua:</strong></span> <span class='ocrx_word' id='word_1_546' title='bbox 2958 2870 3104 2923; x_wconf 82' lang='lat' dir='ltr'><strong>ducit</strong></span> <span class='ocrx_word' id='word_1_547' title='bbox 3142 2871 3193 2922; x_wconf 92' lang='lat' dir='ltr'><strong>in</strong></span> <span class='ocrx_word' id='word_1_548' title='bbox 3232 2868 3511 2937; x_wconf 71' lang='lat' dir='ltr'><strong>regionem</strong></span> 
     </span>
    </p>
   </div>
   <div class='ocr_carea' id='block_1_74' title="bbox 1932 2960 3516 3032">
    <p class='ocr_par' dir='ltr' id='par_1_74' title="bbox 1932 2960 3516 3032">
     <span class='ocr_line' id='line_1_74' title="bbox 1932 2960 3516 3032; baseline -0.006 -13"><span class='ocrx_word' id='word_1_549' title='bbox 1932 2965 2253 3019; x_wconf 84' lang='lat' dir='ltr'><strong>Medorum?</strong></span> <span class='ocrx_word' id='word_1_550' title='bbox 2283 2963 2381 3019; x_wconf 90' lang='lat' dir='ltr'><strong>Cui</strong></span> <span class='ocrx_word' id='word_1_551' title='bbox 2414 2964 2695 3032; x_wconf 85' lang='lat' dir='ltr'><strong>respondit</strong></span> <span class='ocrx_word' id='word_1_552' title='bbox 2730 2980 2744 3019; x_wconf 89' lang='lat'><strong>:</strong></span> <span class='ocrx_word' id='word_1_553' title='bbox 2777 2962 2910 3017; x_wconf 77' lang='lat' dir='ltr'><strong>Novi</strong></span> <span class='ocrx_word' id='word_1_554' title='bbox 2944 2978 2960 3021; x_wconf 85' lang='lat'><strong>:</strong></span> <span class='ocrx_word' id='word_1_555' title='bbox 2995 2970 3049 3015; x_wconf 90' lang='lat' dir='ltr'><strong>et</strong></span> <span class='ocrx_word' id='word_1_556' title='bbox 3080 2961 3267 3014; x_wconf 86' lang='lat' dir='ltr'><strong>omnia</strong></span> <span class='ocrx_word' id='word_1_557' title='bbox 3317 2960 3516 3013; x_wconf 84' lang='lat' dir='ltr'><strong>itinera</strong></span> 
     </span>
    </p>
   </div>
   <div class='ocr_carea' id='block_1_75' title="bbox 1926 3051 3512 3143">
    <p class='ocr_par' dir='ltr' id='par_1_75' title="bbox 1926 3051 3512 3143">
     <span class='ocr_line' id='line_1_75' title="bbox 1926 3051 3512 3143; baseline -0.004 -33"><span class='ocrx_word' id='word_1_558' title='bbox 1926 3056 2397 3143; x_wconf 45' lang='lat' dir='ltr'><strong>ejusirejluenter</strong></span> <span class='ocrx_word' id='word_1_559' title='bbox 2428 3054 2726 3137; x_wconf 58' lang='lat' dir='ltr'><strong>ambulavi,</strong></span> <span class='ocrx_word' id='word_1_560' title='bbox 2762 3063 2817 3109; x_wconf 88' lang='lat' dir='ltr'><strong>et</strong></span> <span class='ocrx_word' id='word_1_561' title='bbox 2856 3054 3029 3108; x_wconf 88' lang='lat' dir='ltr'><strong>mansi</strong></span> <span class='ocrx_word' id='word_1_562' title='bbox 3066 3052 3207 3121; x_wconf 84' lang='lat' dir='ltr'><strong>apud</strong></span> <span class='ocrx_word' id='word_1_563' title='bbox 3247 3051 3512 3107; x_wconf 73' lang='lat' dir='ltr'><strong>Gabolum</strong></span> 
     </span>
    </p>
   </div>
   <div class='ocr_carea' id='block_1_76' title="bbox 1877 3134 3517 3216">
    <p class='ocr_par' dir='ltr' id='par_1_76' title="bbox 1877 3134 3517 3216">
     <span class='ocr_line' id='line_1_76' title="bbox 1877 3134 3517 3216; baseline -0.002 -15"><span class='ocrx_word' id='word_1_564' title='bbox 1877 3149 1891 3216; x_wconf 69' lang='grc' dir='ltr'>ξ</span> <span class='ocrx_word' id='word_1_565' title='bbox 1932 3136 2172 3211; x_wconf 34' lang='lat' dir='ltr'><strong>fratre-af</strong></span> <span class='ocrx_word' id='word_1_566' title='bbox 2196 3134 2443 3201; x_wconf 60' lang='lat' dir='ltr'><strong>nosti-im}</strong></span> <span class='ocrx_word' id='word_1_567' title='bbox 2470 3164 2485 3202; x_wconf 91' lang='lat'><strong>:</strong></span> <span class='ocrx_word' id='word_1_568' title='bbox 2512 3134 2653 3216; x_wconf 8' lang='lat' dir='ltr'><strong>liqui“</strong></span> <span class='ocrx_word' id='word_1_569' title='bbox 2677 3156 2922 3200; x_wconf 89' lang='lat' dir='ltr'><strong>moratur</strong></span> <span class='ocrx_word' id='word_1_570' title='bbox 2968 3146 3021 3198; x_wconf 91' lang='lat' dir='ltr'><strong>in</strong></span> <span class='ocrx_word' id='word_1_571' title='bbox 3073 3144 3243 3213; x_wconf 81' lang='lat' dir='ltr'><strong>Ragcs</strong></span> <span class='ocrx_word' id='word_1_572' title='bbox 3294 3142 3517 3197; x_wconf 84' lang='lat' dir='ltr'><strong>civitate</strong></span> 
     </span>
    </p>
   </div>
   <div class='ocr_carea' id='block_1_77' title="bbox 1928 3234 3513 3309">
    <p class='ocr_par' dir='ltr' id='par_1_77' title="bbox 1928 3234 3513 3309">
     <span class='ocr_line' id='line_1_77' title="bbox 1928 3234 3513 3309; baseline -0.006 -14"><span class='ocrx_word' id='word_1_573' title='bbox 1928 3240 2231 3304; x_wconf 81' lang='lat' dir='ltr'><strong>Medorum,</strong></span> <span class='ocrx_word' id='word_1_574' title='bbox 2265 3254 2384 3309; x_wconf 79' lang='lat' dir='ltr'><strong>quze</strong></span> <span class='ocrx_word' id='word_1_575' title='bbox 2412 3240 2586 3309; x_wconf 86' lang='lat' dir='ltr'><strong>posita</strong></span> <span class='ocrx_word' id='word_1_576' title='bbox 2615 3248 2701 3294; x_wconf 89' lang='lat' dir='ltr'><strong>est</strong></span> <span class='ocrx_word' id='word_1_577' title='bbox 2733 3238 2787 3292; x_wconf 92' lang='lat' dir='ltr'><strong>in</strong></span> <span class='ocrx_word' id='word_1_578' title='bbox 2825 3247 3019 3291; x_wconf 85' lang='lat' dir='ltr'><strong>monte</strong></span> <span class='ocrx_word' id='word_1_579' title='bbox 3058 3234 3373 3290; x_wconf 81' lang='lat' dir='ltr'><strong>Ecbatanis.</strong></span> <span class='ocrx_word' id='word_1_580' title='bbox 3409 3234 3513 3286; x_wconf 81' lang='lat' dir='ltr'><strong>Cui</strong></span> 
     </span>
    </p>
   </div>
   <div class='ocr_carea' id='block_1_78' title="bbox 1925 3327 3516 3394">
    <p class='ocr_par' dir='ltr' id='par_1_78' title="bbox 1925 3327 3516 3394">
     <span class='ocr_line' id='line_1_78' title="bbox 1925 3327 3516 3394; baseline -0.005 -7"><span class='ocrx_word' id='word_1_581' title='bbox 1925 3334 2131 3387; x_wconf 85' lang='lat' dir='ltr'><strong>Tobias</strong></span> <span class='ocrx_word' id='word_1_582' title='bbox 2175 3332 2295 3386; x_wconf 88' lang='lat' dir='ltr'><strong>ait:</strong></span> <span class='ocrx_word' id='word_1_583' title='bbox 2327 3330 2548 3386; x_wconf 91' lang='lat' dir='ltr'><strong>Sustine</strong></span> <span class='ocrx_word' id='word_1_584' title='bbox 2581 3346 2688 3391; x_wconf 88' lang='lat' dir='ltr'><strong>me,</strong></span> <span class='ocrx_word' id='word_1_585' title='bbox 2735 3329 2984 3394; x_wconf 84' lang='lat' dir='ltr'><strong>obsecro,</strong></span> <span class='ocrx_word' id='word_1_586' title='bbox 3032 3328 3208 3382; x_wconf 89' lang='lat' dir='ltr'><strong>donec</strong></span> <span class='ocrx_word' id='word_1_587' title='bbox 3242 3328 3353 3380; x_wconf 70' lang='lat' dir='ltr'><strong>haec</strong></span> <span class='ocrx_word' id='word_1_588' title='bbox 3396 3327 3516 3394; x_wconf 77' lang='lat' dir='ltr'><strong>ipsa</strong></span> 
     </span>
    </p>
   </div>
   <div class='ocr_carea' id='block_1_79' title="bbox 1928 3424 2533 3493">
    <p class='ocr_par' dir='ltr' id='par_1_79' title="bbox 1928 3424 2533 3493">
     <span class='ocr_line' id='line_1_79' title="bbox 1928 3424 2533 3493; baseline -0.007 -14"><span class='ocrx_word' id='word_1_589' title='bbox 1928 3424 2173 3479; x_wconf 87' lang='lat' dir='ltr'><strong>nuntiem</strong></span> <span class='ocrx_word' id='word_1_590' title='bbox 2211 3424 2352 3493; x_wconf 86' lang='lat' dir='ltr'><strong>patri</strong></span> <span class='ocrx_word' id='word_1_591' title='bbox 2391 3436 2533 3476; x_wconf 90' lang='lat' dir='ltr'><strong>meo.</strong></span> 
     </span>
    </p>
   </div>
   <div class='ocr_carea' id='block_1_80' title="bbox 1996 3509 3519 3585">
    <p class='ocr_par' dir='ltr' id='par_1_80' title="bbox 1996 3509 3519 3585">
     <span class='ocr_line' id='line_1_80' title="bbox 1996 3509 3519 3585; baseline -0.005 -16"><span class='ocrx_word' id='word_1_592' title='bbox 1996 3516 2154 3570; x_wconf 86' lang='lat' dir='ltr'><strong>Tunc</strong></span> <span class='ocrx_word' id='word_1_593' title='bbox 2206 3516 2489 3585; x_wconf 80' lang='lat' dir='ltr'><strong>ingressus</strong></span> <span class='ocrx_word' id='word_1_594' title='bbox 2532 3513 2756 3577; x_wconf 88' lang='lat' dir='ltr'><strong>Tobias,</strong></span> <span class='ocrx_word' id='word_1_595' title='bbox 2795 3510 3063 3566; x_wconf 88' lang='lat' dir='ltr'><strong>indicavit</strong></span> <span class='ocrx_word' id='word_1_596' title='bbox 3093 3510 3351 3565; x_wconf 82' lang='lat' dir='ltr'><strong>universa</strong></span> <span class='ocrx_word' id='word_1_597' title='bbox 3403 3509 3519 3562; x_wconf 57' lang='lat' dir='ltr'><strong>hac</strong></span> 
     </span>
    </p>
   </div>
   <div class='ocr_carea' id='block_1_81' title="bbox 1925 3604 3515 3677">
    <p class='ocr_par' dir='ltr' id='par_1_81' title="bbox 1925 3604 3515 3677">
     <span class='ocr_line' id='line_1_81' title="bbox 1925 3604 3515 3677; baseline -0.005 -14"><span class='ocrx_word' id='word_1_598' title='bbox 1925 3609 2086 3676; x_wconf 87' lang='lat' dir='ltr'><strong>patri</strong></span> <span class='ocrx_word' id='word_1_599' title='bbox 2114 3622 2237 3665; x_wconf 87' lang='lat' dir='ltr'><strong>suo.</strong></span> <span class='ocrx_word' id='word_1_600' title='bbox 2284 3608 2463 3677; x_wconf 89' lang='lat' dir='ltr'><strong>Super</strong></span> <span class='ocrx_word' id='word_1_601' title='bbox 2496 3621 2618 3677; x_wconf 71' lang='lat' dir='ltr'><strong>qua:</strong></span> <span class='ocrx_word' id='word_1_602' title='bbox 2644 3605 2949 3660; x_wconf 86' lang='lat' dir='ltr'><strong>admiratus</strong></span> <span class='ocrx_word' id='word_1_603' title='bbox 2974 3613 3151 3673; x_wconf 86' lang='lat' dir='ltr'><strong>pater,</strong></span> <span class='ocrx_word' id='word_1_604' title='bbox 3184 3604 3412 3674; x_wconf 81' lang='lat' dir='ltr'><strong>rogavit,</strong></span> <span class='ocrx_word' id='word_1_605' title='bbox 3451 3612 3515 3656; x_wconf 89' lang='lat' dir='ltr'><strong>ut</strong></span> 
     </span>
    </p>
   </div>
   <div class='ocr_carea' id='block_1_82' title="bbox 1928 3701 2464 3756">
    <p class='ocr_par' dir='ltr' id='par_1_82' title="bbox 1928 3701 2464 3756">
     <span class='ocr_line' id='line_1_82' title="bbox 1928 3701 2464 3756; baseline -0.004 0"><span class='ocrx_word' id='word_1_606' title='bbox 1928 3701 2189 3756; x_wconf 89' lang='lat' dir='ltr'><strong>introiret</strong></span> <span class='ocrx_word' id='word_1_607' title='bbox 2214 3701 2282 3755; x_wconf 87' lang='lat' dir='ltr'><strong>ad</strong></span> <span class='ocrx_word' id='word_1_608' title='bbox 2313 3716 2464 3755; x_wconf 90' lang='lat' dir='ltr'><strong>eum.</strong></span> 
     </span>
    </p>
   </div>
   <div class='ocr_carea' id='block_1_83' title="bbox 1996 3786 3518 3863">
    <p class='ocr_par' dir='ltr' id='par_1_83' title="bbox 1996 3786 3518 3863">
     <span class='ocr_line' id='line_1_83' title="bbox 1996 3786 3518 3863; baseline -0.005 -17"><span class='ocrx_word' id='word_1_609' title='bbox 1996 3793 2276 3863; x_wconf 87' lang='lat' dir='ltr'><strong>Ingressus</strong></span> <span class='ocrx_word' id='word_1_610' title='bbox 2314 3792 2501 3861; x_wconf 85' lang='lat' dir='ltr'><strong>itaque</strong></span> <span class='ocrx_word' id='word_1_611' title='bbox 2547 3790 2801 3844; x_wconf 86' lang='lat' dir='ltr'><strong>salutavit</strong></span> <span class='ocrx_word' id='word_1_612' title='bbox 2844 3805 2997 3853; x_wconf 88' lang='lat' dir='ltr'><strong>eum,</strong></span> <span class='ocrx_word' id='word_1_613' title='bbox 3054 3801 3112 3844; x_wconf 89' lang='lat' dir='ltr'><strong>et</strong></span> <span class='ocrx_word' id='word_1_614' title='bbox 3154 3790 3288 3844; x_wconf 79' lang='lat' dir='ltr'><strong>dixit</strong></span> <span class='ocrx_word' id='word_1_615' title='bbox 3330 3786 3518 3842; x_wconf 81' lang='lat' dir='ltr'><strong>:Gau-</strong></span> 
     </span>
    </p>
   </div>
   <div class='ocr_carea' id='block_1_84' title="bbox 1928 3880 3513 3953">
    <p class='ocr_par' dir='ltr' id='par_1_84' title="bbox 1928 3880 3513 3953">
     <span class='ocr_line' id='line_1_84' title="bbox 1928 3880 3513 3953; baseline -0.006 -14"><span class='ocrx_word' id='word_1_616' title='bbox 1928 3884 2079 3939; x_wconf 91' lang='lat' dir='ltr'><strong>dium</strong></span> <span class='ocrx_word' id='word_1_617' title='bbox 2103 3884 2199 3939; x_wconf 90' lang='lat' dir='ltr'><strong>tibi</strong></span> <span class='ocrx_word' id='word_1_618' title='bbox 2228 3886 2298 3937; x_wconf 91' lang='lat' dir='ltr'><strong>sit</strong></span> <span class='ocrx_word' id='word_1_619' title='bbox 2323 3900 2561 3953; x_wconf 86' lang='lat' dir='ltr'><strong>semper.</strong></span> <span class='ocrx_word' id='word_1_620' title='bbox 2591 3884 2659 3936; x_wconf 89' lang='lat' dir='ltr'><strong>Et</strong></span> <span class='ocrx_word' id='word_1_621' title='bbox 2688 3885 2763 3936; x_wconf 89' lang='lat' dir='ltr'><strong>ait</strong></span> <span class='ocrx_word' id='word_1_622' title='bbox 2788 3884 2986 3937; x_wconf 82' lang='lat' dir='ltr'><strong>Tobias</strong></span> <span class='ocrx_word' id='word_1_623' title='bbox 3014 3901 3026 3936; x_wconf 88' lang='lat'><strong>:</strong></span> <span class='ocrx_word' id='word_1_624' title='bbox 3056 3883 3221 3947; x_wconf 83' lang='lat' dir='ltr'><strong>Quale</strong></span> <span class='ocrx_word' id='word_1_625' title='bbox 3252 3880 3513 3949; x_wconf 80' lang='lat' dir='ltr'><strong>gaudium</strong></span> 
     </span>
    </p>
   </div>
   <div class='ocr_carea' id='block_1_85' title="bbox 1928 3972 3516 4046">
    <p class='ocr_par' dir='ltr' id='par_1_85' title="bbox 1928 3972 3516 4046">
     <span class='ocr_line' id='line_1_85' title="bbox 1928 3972 3516 4046; baseline -0.002 -16"><span class='ocrx_word' id='word_1_626' title='bbox 1928 3977 2063 4030; x_wconf 91' lang='lat' dir='ltr'><strong>mihi</strong></span> <span class='ocrx_word' id='word_1_627' title='bbox 2091 3978 2217 4040; x_wconf 89' lang='lat' dir='ltr'><strong>erit,</strong></span> <span class='ocrx_word' id='word_1_628' title='bbox 2251 3977 2343 4046; x_wconf 90' lang='lat' dir='ltr'><strong>qui</strong></span> <span class='ocrx_word' id='word_1_629' title='bbox 2376 3976 2428 4029; x_wconf 93' lang='lat' dir='ltr'><strong>in</strong></span> <span class='ocrx_word' id='word_1_630' title='bbox 2465 3976 2707 4030; x_wconf 86' lang='lat' dir='ltr'><strong>tenebris</strong></span> <span class='ocrx_word' id='word_1_631' title='bbox 2732 3976 2918 4039; x_wconf 83' lang='lat' dir='ltr'><strong>sedeo,</strong></span> <span class='ocrx_word' id='word_1_632' title='bbox 2945 3984 3000 4028; x_wconf 89' lang='lat' dir='ltr'><strong>et</strong></span> <span class='ocrx_word' id='word_1_633' title='bbox 3031 3974 3217 4026; x_wconf 88' lang='lat' dir='ltr'><strong>lumen</strong></span> <span class='ocrx_word' id='word_1_634' title='bbox 3246 3972 3369 4027; x_wconf 75' lang='grc' dir='ltr'><strong>ρωΙί</strong></span> <span class='ocrx_word' id='word_1_635' title='bbox 3405 3988 3516 4027; x_wconf 85' lang='lat' dir='ltr'><strong>non</strong></span> 
     </span>
    </p>
   </div>
   <div class='ocr_carea' id='block_1_86' title="bbox 1927 4066 3518 4137">
    <p class='ocr_par' dir='ltr' id='par_1_86' title="bbox 1927 4066 3518 4137">
     <span class='ocr_line' id='line_1_86' title="bbox 1927 4066 3518 4137; baseline -0.001 -17"><span class='ocrx_word' id='word_1_636' title='bbox 1927 4069 2121 4123; x_wconf 82' lang='lat' dir='ltr'><strong>video?</strong></span> <span class='ocrx_word' id='word_1_637' title='bbox 2157 4068 2260 4124; x_wconf 87' lang='lat' dir='ltr'><strong>Cui</strong></span> <span class='ocrx_word' id='word_1_638' title='bbox 2291 4069 2369 4122; x_wconf 90' lang='lat' dir='ltr'><strong>ait</strong></span> <span class='ocrx_word' id='word_1_639' title='bbox 2396 4069 2617 4137; x_wconf 77' lang='lat' dir='ltr'><strong>juvenis</strong></span> <span class='ocrx_word' id='word_1_640' title='bbox 2650 4085 2666 4126; x_wconf 70' lang='grc' dir='ltr'><strong>ι</strong></span> <span class='ocrx_word' id='word_1_641' title='bbox 2710 4068 2855 4122; x_wconf 88' lang='lat' dir='ltr'><strong>Forti</strong></span> <span class='ocrx_word' id='word_1_642' title='bbox 2887 4066 3072 4120; x_wconf 90' lang='lat' dir='ltr'><strong>animo</strong></span> <span class='ocrx_word' id='word_1_643' title='bbox 3101 4076 3242 4126; x_wconf 86' lang='lat' dir='ltr'><strong>esto,</strong></span> <span class='ocrx_word' id='word_1_644' title='bbox 3296 4066 3348 4116; x_wconf 93' lang='lat' dir='ltr'><strong>in</strong></span> <span class='ocrx_word' id='word_1_645' title='bbox 3390 4080 3518 4131; x_wconf 83' lang='lat' dir='ltr'><strong>pro-</strong></span> 
     </span>
    </p>
   </div>
   <div class='ocr_carea' id='block_1_87' title="bbox 1931 4156 3512 4228">
    <p class='ocr_par' dir='ltr' id='par_1_87' title="bbox 1931 4156 3512 4228">
     <span class='ocr_line' id='line_1_87' title="bbox 1931 4156 3512 4228; baseline -0.003 -13"><span class='ocrx_word' id='word_1_646' title='bbox 1931 4164 2077 4217; x_wconf 82' lang='lat' dir='ltr'><strong>ximo</strong></span> <span class='ocrx_word' id='word_1_647' title='bbox 2108 4172 2192 4216; x_wconf 88' lang='lat' dir='ltr'><strong>est</strong></span> <span class='ocrx_word' id='word_1_648' title='bbox 2224 4172 2282 4216; x_wconf 92' lang='lat' dir='ltr'><strong>ut</strong></span> <span class='ocrx_word' id='word_1_649' title='bbox 2311 4177 2339 4215; x_wconf 89' lang='lat' dir='ltr'><strong>a</strong></span> <span class='ocrx_word' id='word_1_650' title='bbox 2372 4162 2483 4215; x_wconf 85' lang='lat' dir='ltr'><strong>Deo</strong></span> <span class='ocrx_word' id='word_1_651' title='bbox 2515 4163 2748 4216; x_wconf 90' lang='lat' dir='ltr'><strong>cureris.</strong></span> <span class='ocrx_word' id='word_1_652' title='bbox 2785 4160 2928 4214; x_wconf 83' lang='lat' dir='ltr'><strong>Dixit</strong></span> <span class='ocrx_word' id='word_1_653' title='bbox 2964 4161 3149 4228; x_wconf 84' lang='lat' dir='ltr'><strong>itaque</strong></span> <span class='ocrx_word' id='word_1_654' title='bbox 3179 4158 3254 4211; x_wconf 92' lang='lat' dir='ltr'><strong>illi</strong></span> <span class='ocrx_word' id='word_1_655' title='bbox 3288 4156 3512 4210; x_wconf 83' lang='lat' dir='ltr'><strong>Tobias:</strong></span> 
     </span>
    </p>
   </div>
   <div class='ocr_carea' id='block_1_88' title="bbox 1929 4250 3519 4324">
    <p class='ocr_par' dir='ltr' id='par_1_88' title="bbox 1929 4250 3519 4324">
     <span class='ocr_line' id='line_1_88' title="bbox 1929 4250 3519 4324; baseline -0.003 -17"><span class='ocrx_word' id='word_1_656' title='bbox 1929 4255 2212 4324; x_wconf 88' lang='lat' dir='ltr'><strong>Numquid</strong></span> <span class='ocrx_word' id='word_1_657' title='bbox 2247 4256 2453 4324; x_wconf 90' lang='lat' dir='ltr'><strong>poteris</strong></span> <span class='ocrx_word' id='word_1_658' title='bbox 2474 4256 2794 4323; x_wconf 73' lang='lat' dir='ltr'><strong>perducere</strong></span> <span class='ocrx_word' id='word_1_659' title='bbox 2829 4252 2999 4306; x_wconf 80' lang='lat' dir='ltr'><strong>lilium</strong></span> <span class='ocrx_word' id='word_1_660' title='bbox 3032 4266 3211 4306; x_wconf 89' lang='lat' dir='ltr'><strong>meum</strong></span> <span class='ocrx_word' id='word_1_661' title='bbox 3242 4251 3308 4304; x_wconf 91' lang='lat' dir='ltr'><strong>ad</strong></span> <span class='ocrx_word' id='word_1_662' title='bbox 3341 4250 3519 4305; x_wconf 79' lang='lat' dir='ltr'><strong>Gube-</strong></span> 
     </span>
    </p>
   </div>
   <div class='ocr_carea' id='block_1_89' title="bbox 1930 4344 3520 4414">
    <p class='ocr_par' dir='ltr' id='par_1_89' title="bbox 1930 4344 3520 4414">
     <span class='ocr_line' id='line_1_89' title="bbox 1930 4344 3520 4414; baseline -0.003 -13"><span class='ocrx_word' id='word_1_663' title='bbox 1930 4347 2043 4401; x_wconf 91' lang='lat' dir='ltr'><strong>lum</strong></span> <span class='ocrx_word' id='word_1_664' title='bbox 2074 4348 2128 4401; x_wconf 90' lang='lat' dir='ltr'><strong>in</strong></span> <span class='ocrx_word' id='word_1_665' title='bbox 2161 4346 2339 4414; x_wconf 83' lang='lat' dir='ltr'><strong>Ragcs</strong></span> <span class='ocrx_word' id='word_1_666' title='bbox 2366 4347 2645 4400; x_wconf 78' lang='lat' dir='ltr'><strong>civitatem</strong></span> <span class='ocrx_word' id='word_1_667' title='bbox 2674 4344 2997 4400; x_wconf 82' lang='lat' dir='ltr'><strong>Medorum?</strong></span> <span class='ocrx_word' id='word_1_668' title='bbox 3030 4354 3085 4399; x_wconf 86' lang='lat' dir='ltr'><strong>et</strong></span> <span class='ocrx_word' id='word_1_669' title='bbox 3110 4359 3233 4399; x_wconf 87' lang='lat' dir='ltr'><strong>cum</strong></span> <span class='ocrx_word' id='word_1_670' title='bbox 3267 4345 3520 4408; x_wconf 73' lang='lat' dir='ltr'><strong>redieris,</strong></span> 
     </span>
    </p>
   </div>
   <div class='ocr_carea' id='block_1_90' title="bbox 1934 4435 3515 4504">
    <p class='ocr_par' dir='ltr' id='par_1_90' title="bbox 1934 4435 3515 4504">
     <span class='ocr_line' id='line_1_90' title="bbox 1934 4435 3515 4504; baseline -0.002 -14"><span class='ocrx_word' id='word_1_671' title='bbox 1934 4437 2222 4491; x_wconf 87' lang='lat' dir='ltr'><strong>restituam</strong></span> <span class='ocrx_word' id='word_1_672' title='bbox 2254 4438 2353 4491; x_wconf 87' lang='lat' dir='ltr'><strong>tibi</strong></span> <span class='ocrx_word' id='word_1_673' title='bbox 2386 4436 2695 4491; x_wconf 90' lang='lat' dir='ltr'><strong>mercedem</strong></span> <span class='ocrx_word' id='word_1_674' title='bbox 2727 4446 2895 4489; x_wconf 89' lang='lat' dir='ltr'><strong>tuam.</strong></span> <span class='ocrx_word' id='word_1_675' title='bbox 2928 4436 2989 4489; x_wconf 84' lang='lat' dir='ltr'><strong>Et</strong></span> <span class='ocrx_word' id='word_1_676' title='bbox 3018 4436 3158 4489; x_wconf 86' lang='lat' dir='ltr'><strong>dixit</strong></span> <span class='ocrx_word' id='word_1_677' title='bbox 3182 4435 3232 4489; x_wconf 91' lang='lat' dir='ltr'><strong>ei</strong></span> <span class='ocrx_word' id='word_1_678' title='bbox 3266 4436 3515 4504; x_wconf 81' lang='lat' dir='ltr'><strong>angelus:</strong></span> 
     </span>
    </p>
   </div>
   <div class='ocr_carea' id='block_1_91' title="bbox 252 4523 3521 4599">
    <p class='ocr_par' dir='ltr' id='par_1_91' title="bbox 252 4523 3521 4599">
     <span class='ocr_line' id='line_1_91' title="bbox 252 4523 3521 4599; baseline 0 -20"><span class='ocrx_word' id='word_1_679' title='bbox 252 4529 386 4581; x_wconf 89' lang='lat' dir='ltr'><strong>tium</strong></span> <span class='ocrx_word' id='word_1_680' title='bbox 428 4528 667 4593; x_wconf 81' lang='lat' dir='ltr'><strong>sumpsit</strong></span> <span class='ocrx_word' id='word_1_681' title='bbox 709 4529 888 4580; x_wconf 88' lang='lat' dir='ltr'><strong>omnis</strong></span> <span class='ocrx_word' id='word_1_682' title='bbox 925 4525 1185 4595; x_wconf 89' lang='lat' dir='ltr'><strong>perditio.</strong></span> <span class='ocrx_word' id='word_1_683' title='bbox 1216 4524 1542 4592; x_wconf 85' lang='lat' dir='ltr'><strong>Quicunque</strong></span> <span class='ocrx_word' id='word_1_684' title='bbox 1584 4524 1682 4578; x_wconf 89' lang='lat' dir='ltr'><strong>tibi</strong></span> <span class='ocrx_word' id='word_1_685' title='bbox 1724 4523 1824 4577; x_wconf 87' lang='lat' dir='ltr'><strong>ali-</strong></span> <span class='ocrx_word' id='word_1_686' title='bbox 1858 4535 1900 4589; x_wconf 74' lang='grc' dir='ltr'><strong>υ</strong></span> <span class='ocrx_word' id='word_1_687' title='bbox 1935 4527 2045 4599; x_wconf 83' lang='lat' dir='ltr'><strong>Ego</strong></span> <span class='ocrx_word' id='word_1_688' title='bbox 2072 4528 2262 4582; x_wconf 85' lang='lat' dir='ltr'><strong>ducam</strong></span> <span class='ocrx_word' id='word_1_689' title='bbox 2294 4536 2349 4582; x_wconf 91' lang='lat' dir='ltr'><strong>et</strong></span> <span class='ocrx_word' id='word_1_690' title='bbox 2382 4529 2638 4581; x_wconf 89' lang='lat' dir='ltr'><strong>reducam</strong></span> <span class='ocrx_word' id='word_1_691' title='bbox 2675 4544 2799 4582; x_wconf 90' lang='lat' dir='ltr'><strong>eum</strong></span> <span class='ocrx_word' id='word_1_692' title='bbox 2834 4527 2901 4581; x_wconf 85' lang='lat' dir='ltr'><strong>ad</strong></span> <span class='ocrx_word' id='word_1_693' title='bbox 2931 4538 3005 4581; x_wconf 88' lang='lat' dir='ltr'><strong>te.</strong></span> <span class='ocrx_word' id='word_1_694' title='bbox 3040 4526 3141 4583; x_wconf 90' lang='lat' dir='ltr'><strong>Cui</strong></span> <span class='ocrx_word' id='word_1_695' title='bbox 3181 4525 3383 4581; x_wconf 84' lang='lat' dir='ltr'><strong>Tobias</strong></span> <span class='ocrx_word' id='word_1_696' title='bbox 3436 4541 3521 4579; x_wconf 88' lang='lat' dir='ltr'><strong>rc-</strong></span> 
     </span>
    </p>
   </div>
   <div class='ocr_carea' id='block_1_92' title="bbox 252 4614 1820 4684">
    <p class='ocr_par' dir='ltr' id='par_1_92' title="bbox 252 4614 1820 4684">
     <span class='ocr_line' id='line_1_92' title="bbox 252 4614 1820 4684; baseline -0.003 -12"><span class='ocrx_word' id='word_1_697' title='bbox 252 4620 383 4680; x_wconf 80' lang='lat' dir='ltr'><strong>quid</strong></span> <span class='ocrx_word' id='word_1_698' title='bbox 413 4628 670 4684; x_wconf 84' lang='lat' dir='ltr'><strong>cperatus</strong></span> <span class='ocrx_word' id='word_1_699' title='bbox 699 4618 888 4680; x_wconf 84' lang='lat' dir='ltr'><strong>luerit,</strong></span> <span class='ocrx_word' id='word_1_700' title='bbox 925 4617 1109 4669; x_wconf 84' lang='lat' dir='ltr'><strong>statim</strong></span> <span class='ocrx_word' id='word_1_701' title='bbox 1148 4614 1195 4669; x_wconf 88' lang='lat' dir='ltr'><strong>ei</strong></span> <span class='ocrx_word' id='word_1_702' title='bbox 1227 4618 1537 4669; x_wconf 86' lang='lat' dir='ltr'><strong>mercedem</strong></span> <span class='ocrx_word' id='word_1_703' title='bbox 1568 4615 1820 4680; x_wconf 82' lang='lat' dir='ltr'><strong>restitue,</strong></span> 
     </span>
    </p>
   </div>
   <div class='ocr_carea' id='block_1_93' title="bbox 253 4709 1822 4778">
    <p class='ocr_par' dir='ltr' id='par_1_93' title="bbox 253 4709 1822 4778">
     <span class='ocr_line' id='line_1_93' title="bbox 253 4709 1822 4778; baseline -0.003 -13"><span class='ocrx_word' id='word_1_704' title='bbox 253 4722 307 4765; x_wconf 90' lang='lat' dir='ltr'><strong>ct</strong></span> <span class='ocrx_word' id='word_1_705' title='bbox 340 4726 559 4766; x_wconf 88' lang='lat' dir='ltr'><strong>merces</strong></span> <span class='ocrx_word' id='word_1_706' title='bbox 602 4711 935 4765; x_wconf 85' lang='lat' dir='ltr'><strong>mercenarii</strong></span> <span class='ocrx_word' id='word_1_707' title='bbox 971 4710 1049 4763; x_wconf 92' lang='lat' dir='ltr'><strong>tui</strong></span> <span class='ocrx_word' id='word_1_708' title='bbox 1085 4709 1226 4778; x_wconf 86' lang='lat' dir='ltr'><strong>apud</strong></span> <span class='ocrx_word' id='word_1_709' title='bbox 1261 4717 1313 4762; x_wconf 90' lang='lat' dir='ltr'><strong>te</strong></span> <span class='ocrx_word' id='word_1_710' title='bbox 1342 4711 1566 4762; x_wconf 89' lang='lat' dir='ltr'><strong>omnino</strong></span> <span class='ocrx_word' id='word_1_711' title='bbox 1600 4724 1709 4762; x_wconf 89' lang='lat' dir='ltr'><strong>non</strong></span> <span class='ocrx_word' id='word_1_712' title='bbox 1739 4723 1822 4762; x_wconf 90' lang='lat' dir='ltr'><strong>re-</strong></span> 
     </span>
    </p>
   </div>
   <div class='ocr_carea' id='block_1_94' title="bbox 255 4799 1822 4869">
    <p class='ocr_par' dir='ltr' id='par_1_94' title="bbox 255 4799 1822 4869">
     <span class='ocr_line' id='line_1_94' title="bbox 255 4799 1822 4869; baseline -0.003 -12"><span class='ocrx_word' id='word_1_713' title='bbox 255 4812 491 4857; x_wconf 84' lang='lat' dir='ltr'><strong>maneat.</strong></span> <span class='ocrx_word' id='word_1_714' title='bbox 528 4802 683 4869; x_wconf 90' lang='lat' dir='ltr'><strong>Quod</strong></span> <span class='ocrx_word' id='word_1_715' title='bbox 723 4804 791 4854; x_wconf 81' lang='lat' dir='ltr'><strong>ab</strong></span> <span class='ocrx_word' id='word_1_716' title='bbox 822 4804 929 4855; x_wconf 90' lang='lat' dir='ltr'><strong>alio</strong></span> <span class='ocrx_word' id='word_1_717' title='bbox 968 4802 1154 4856; x_wconf 89' lang='lat' dir='ltr'><strong>oderis</strong></span> <span class='ocrx_word' id='word_1_718' title='bbox 1193 4800 1307 4854; x_wconf 89' lang='lat' dir='ltr'><strong>lieri</strong></span> <span class='ocrx_word' id='word_1_719' title='bbox 1349 4799 1470 4865; x_wconf 87' lang='lat' dir='ltr'><strong>tibi,</strong></span> <span class='ocrx_word' id='word_1_720' title='bbox 1513 4799 1633 4854; x_wconf 91' lang='lat' dir='ltr'><strong>vide</strong></span> <span class='ocrx_word' id='word_1_721' title='bbox 1662 4814 1731 4852; x_wconf 92' lang='lat' dir='ltr'><strong>ne</strong></span> <span class='ocrx_word' id='word_1_722' title='bbox 1765 4809 1822 4853; x_wconf 94' lang='lat' dir='ltr'><strong>tu</strong></span> 
     </span>
    </p>
   </div>
   <div class='ocr_carea' id='block_1_95' title="bbox 254 4892 1826 4967">
    <p class='ocr_par' dir='ltr' id='par_1_95' title="bbox 254 4892 1826 4967">
     <span class='ocr_line' id='line_1_95' title="bbox 254 4892 1826 4967; baseline -0.005 -16"><span class='ocrx_word' id='word_1_723' title='bbox 254 4897 550 4967; x_wconf 80' lang='lat' dir='ltr'><strong>aliquando</strong></span> <span class='ocrx_word' id='word_1_724' title='bbox 571 4895 731 4949; x_wconf 79' lang='lat' dir='ltr'><strong>alteri</strong></span> <span class='ocrx_word' id='word_1_725' title='bbox 768 4896 958 4947; x_wconf 79' lang='lat' dir='ltr'><strong>facias.</strong></span> <span class='ocrx_word' id='word_1_726' title='bbox 994 4894 1195 4947; x_wconf 79' lang='lat' dir='ltr'><strong>Panem</strong></span> <span class='ocrx_word' id='word_1_727' title='bbox 1229 4901 1383 4946; x_wconf 86' lang='lat' dir='ltr'><strong>tuum</strong></span> <span class='ocrx_word' id='word_1_728' title='bbox 1421 4907 1544 4947; x_wconf 88' lang='lat' dir='ltr'><strong>cum</strong></span> <span class='ocrx_word' id='word_1_729' title='bbox 1575 4892 1826 4946; x_wconf 79' lang='lat' dir='ltr'><strong>esui-icu-</strong></span> 
     </span>
    </p>
   </div>
   <div class='ocr_carea' id='block_1_96' title="bbox 260 4982 1823 5058">
    <p class='ocr_par' dir='ltr' id='par_1_96' title="bbox 260 4982 1823 5058">
     <span class='ocr_line' id='line_1_96' title="bbox 260 4982 1823 5058; baseline -0.006 -13"><span class='ocrx_word' id='word_1_730' title='bbox 260 4992 405 5046; x_wconf 88' lang='lat' dir='ltr'><strong>tibus</strong></span> <span class='ocrx_word' id='word_1_731' title='bbox 452 4999 508 5044; x_wconf 89' lang='lat' dir='ltr'><strong>et</strong></span> <span class='ocrx_word' id='word_1_732' title='bbox 555 4988 749 5058; x_wconf 77' lang='lat' dir='ltr'><strong>egenis</strong></span> <span class='ocrx_word' id='word_1_733' title='bbox 804 4986 1053 5050; x_wconf 86' lang='lat' dir='ltr'><strong>comede,</strong></span> <span class='ocrx_word' id='word_1_734' title='bbox 1112 4994 1169 5039; x_wconf 91' lang='lat' dir='ltr'><strong>et</strong></span> <span class='ocrx_word' id='word_1_735' title='bbox 1213 4983 1281 5039; x_wconf 90' lang='lat' dir='ltr'><strong>de</strong></span> <span class='ocrx_word' id='word_1_736' title='bbox 1327 4984 1676 5038; x_wconf 79' lang='lat' dir='ltr'><strong>vestimentis</strong></span> <span class='ocrx_word' id='word_1_737' title='bbox 1717 4982 1823 5036; x_wconf 88' lang='lat' dir='ltr'><strong>tuis</strong></span> 
     </span>
    </p>
   </div>
   <div class='ocr_carea' id='block_1_97' title="bbox 259 5079 1824 5152">
    <p class='ocr_par' dir='ltr' id='par_1_97' title="bbox 259 5079 1824 5152">
     <span class='ocr_line' id='line_1_97' title="bbox 259 5079 1824 5152; baseline -0.006 -15"><span class='ocrx_word' id='word_1_738' title='bbox 259 5088 435 5139; x_wconf 86' lang='lat' dir='ltr'><strong>nudos</strong></span> <span class='ocrx_word' id='word_1_739' title='bbox 466 5092 606 5152; x_wconf 84' lang='lat' dir='ltr'><strong>tege.</strong></span> <span class='ocrx_word' id='word_1_740' title='bbox 641 5082 843 5135; x_wconf 86' lang='lat' dir='ltr'><strong>Panem</strong></span> <span class='ocrx_word' id='word_1_741' title='bbox 868 5090 1020 5133; x_wconf 90' lang='lat' dir='ltr'><strong>tuum</strong></span> <span class='ocrx_word' id='word_1_742' title='bbox 1050 5087 1106 5134; x_wconf 88' lang='lat' dir='ltr'><strong>et</strong></span> <span class='ocrx_word' id='word_1_743' title='bbox 1138 5079 1321 5131; x_wconf 83' lang='lat' dir='ltr'><strong>viuum</strong></span> <span class='ocrx_word' id='word_1_744' title='bbox 1358 5087 1510 5131; x_wconf 91' lang='lat' dir='ltr'><strong>tuum</strong></span> <span class='ocrx_word' id='word_1_745' title='bbox 1544 5091 1711 5145; x_wconf 89' lang='lat' dir='ltr'><strong>super</strong></span> <span class='ocrx_word' id='word_1_746' title='bbox 1738 5090 1824 5129; x_wconf 87' lang='lat' dir='ltr'><strong>se-</strong></span> 
     </span>
    </p>
   </div>
   <div class='ocr_carea' id='block_1_98' title="bbox 260 5170 1825 5249">
    <p class='ocr_par' dir='ltr' id='par_1_98' title="bbox 260 5170 1825 5249">
     <span class='ocr_line' id='line_1_98' title="bbox 260 5170 1825 5249; baseline -0.008 -16"><span class='ocrx_word' id='word_1_747' title='bbox 260 5180 533 5249; x_wconf 89' lang='lat' dir='ltr'><strong>pulturam</strong></span> <span class='ocrx_word' id='word_1_748' title='bbox 560 5177 696 5248; x_wconf 89' lang='lat' dir='ltr'><strong>justi</strong></span> <span class='ocrx_word' id='word_1_749' title='bbox 736 5174 1037 5240; x_wconf 87' lang='lat' dir='ltr'><strong>constitue,</strong></span> <span class='ocrx_word' id='word_1_750' title='bbox 1063 5180 1117 5226; x_wconf 91' lang='lat' dir='ltr'><strong>et</strong></span> <span class='ocrx_word' id='word_1_751' title='bbox 1152 5171 1262 5225; x_wconf 91' lang='lat' dir='ltr'><strong>noli</strong></span> <span class='ocrx_word' id='word_1_752' title='bbox 1294 5187 1362 5226; x_wconf 79' lang='lat' dir='ltr'><strong>ex</strong></span> <span class='ocrx_word' id='word_1_753' title='bbox 1397 5184 1462 5224; x_wconf 88' lang='lat' dir='ltr'><strong>eo</strong></span> <span class='ocrx_word' id='word_1_754' title='bbox 1493 5170 1825 5224; x_wconf 83' lang='lat' dir='ltr'><strong>manducare</strong></span> 
     </span>
    </p>
   </div>
   <div class='ocr_carea' id='block_1_99' title="bbox 256 5265 1824 5339">
    <p class='ocr_par' dir='ltr' id='par_1_99' title="bbox 256 5265 1824 5339">
     <span class='ocr_line' id='line_1_99' title="bbox 256 5265 1824 5339; baseline -0.008 -14"><span class='ocrx_word' id='word_1_755' title='bbox 256 5284 310 5325; x_wconf 82' lang='lat' dir='ltr'><strong>et</strong></span> <span class='ocrx_word' id='word_1_756' title='bbox 361 5272 547 5327; x_wconf 77' lang='lat' dir='ltr'><strong>bibere</strong></span> <span class='ocrx_word' id='word_1_757' title='bbox 586 5285 711 5326; x_wconf 87' lang='lat' dir='ltr'><strong>cum</strong></span> <span class='ocrx_word' id='word_1_758' title='bbox 747 5269 1153 5339; x_wconf 77' lang='lat' dir='ltr'><strong>peccatoribus.</strong></span> <span class='ocrx_word' id='word_1_759' title='bbox 1192 5265 1489 5320; x_wconf 83' lang='lat' dir='ltr'><strong>Consilium</strong></span> <span class='ocrx_word' id='word_1_760' title='bbox 1541 5277 1756 5332; x_wconf 89' lang='lat' dir='ltr'><strong>semper</strong></span> <span class='ocrx_word' id='word_1_761' title='bbox 1794 5278 1824 5314; x_wconf 86' lang='lat' dir='ltr'><strong>a</strong></span> 
     </span>
    </p>
   </div>
   <div class='ocr_carea' id='block_1_100' title="bbox 259 5354 1823 5433">
    <p class='ocr_par' dir='ltr' id='par_1_100' title="bbox 259 5354 1823 5433">
     <span class='ocr_line' id='line_1_100' title="bbox 259 5354 1823 5433; baseline -0.005 -16"><span class='ocrx_word' id='word_1_762' title='bbox 259 5366 504 5433; x_wconf 79' lang='lat' dir='ltr'><strong>sapiente</strong></span> <span class='ocrx_word' id='word_1_763' title='bbox 537 5360 816 5433; x_wconf 86' lang='lat' dir='ltr'><strong>perquire.</strong></span> <span class='ocrx_word' id='word_1_764' title='bbox 852 5359 1013 5415; x_wconf 85' lang='lat' dir='ltr'><strong>Omni</strong></span> <span class='ocrx_word' id='word_1_765' title='bbox 1044 5369 1289 5428; x_wconf 89' lang='lat' dir='ltr'><strong>tempore</strong></span> <span class='ocrx_word' id='word_1_766' title='bbox 1335 5356 1567 5412; x_wconf 89' lang='lat' dir='ltr'><strong>benedic</strong></span> <span class='ocrx_word' id='word_1_767' title='bbox 1607 5354 1777 5409; x_wconf 91' lang='lat' dir='ltr'><strong>Deum</strong></span> <span class='ocrx_word' id='word_1_768' title='bbox 1809 5374 1823 5409; x_wconf 84' lang='lat'><strong>:</strong></span> 
     </span>
    </p>
   </div>
   <div class='ocr_carea' id='block_1_101' title="bbox 259 5448 1827 5525">
    <p class='ocr_par' dir='ltr' id='par_1_101' title="bbox 259 5448 1827 5525">
     <span class='ocr_line' id='line_1_101' title="bbox 259 5448 1827 5525; baseline -0.004 -17"><span class='ocrx_word' id='word_1_769' title='bbox 259 5466 313 5508; x_wconf 86' lang='lat' dir='ltr'><strong>et</strong></span> <span class='ocrx_word' id='word_1_770' title='bbox 344 5466 468 5525; x_wconf 81' lang='lat' dir='ltr'><strong>pete</strong></span> <span class='ocrx_word' id='word_1_771' title='bbox 490 5455 558 5509; x_wconf 88' lang='lat' dir='ltr'><strong>ab</strong></span> <span class='ocrx_word' id='word_1_772' title='bbox 579 5470 669 5519; x_wconf 84' lang='lat' dir='ltr'><strong>eo,</strong></span> <span class='ocrx_word' id='word_1_773' title='bbox 696 5464 755 5508; x_wconf 91' lang='lat' dir='ltr'><strong>ut</strong></span> <span class='ocrx_word' id='word_1_774' title='bbox 781 5455 898 5509; x_wconf 82' lang='lat' dir='ltr'><strong>vias</strong></span> <span class='ocrx_word' id='word_1_775' title='bbox 928 5462 1049 5508; x_wconf 88' lang='lat' dir='ltr'><strong>tuas</strong></span> <span class='ocrx_word' id='word_1_776' title='bbox 1071 5452 1290 5522; x_wconf 79' lang='lat' dir='ltr'><strong>dirigat,</strong></span> <span class='ocrx_word' id='word_1_777' title='bbox 1313 5465 1369 5505; x_wconf 82' lang='lat' dir='ltr'><strong>et</strong></span> <span class='ocrx_word' id='word_1_778' title='bbox 1386 5449 1572 5504; x_wconf 89' lang='lat' dir='ltr'><strong>omnia</strong></span> <span class='ocrx_word' id='word_1_779' title='bbox 1599 5448 1827 5504; x_wconf 82' lang='lat' dir='ltr'><strong>consilia</strong></span> 
     </span>
    </p>
   </div>
   <div class='ocr_carea' id='block_1_102' title="bbox 262 5548 993 5619">
    <p class='ocr_par' dir='ltr' id='par_1_102' title="bbox 262 5548 993 5619">
     <span class='ocr_line' id='line_1_102' title="bbox 262 5548 993 5619; baseline -0.001 -18"><span class='ocrx_word' id='word_1_780' title='bbox 262 5556 354 5602; x_wconf 74' lang='lat' dir='ltr'><strong>tua</strong></span> <span class='ocrx_word' id='word_1_781' title='bbox 380 5548 435 5602; x_wconf 90' lang='lat' dir='ltr'><strong>in</strong></span> <span class='ocrx_word' id='word_1_782' title='bbox 465 5550 587 5619; x_wconf 87' lang='lat' dir='ltr'><strong>ipso</strong></span> <span class='ocrx_word' id='word_1_783' title='bbox 616 5556 993 5618; x_wconf 84' lang='lat' dir='ltr'><strong>permaneant.</strong></span> 
     </span>
    </p>
   </div>
   <div class='ocr_carea' id='block_1_103' title="bbox 337 5741 1835 5813">
    <p class='ocr_par' dir='ltr' id='par_1_103' title="bbox 337 5741 1835 5813">
     <span class='ocr_line' id='line_1_103' title="bbox 337 5741 1835 5813; baseline -0.007 -7"><span class='ocrx_word' id='word_1_784' title='bbox 337 5752 351 5781; x_wconf 84' lang='lat'>&#39;</span> <span class='ocrx_word' id='word_1_785' title='bbox 394 5751 693 5805; x_wconf 78' lang='lat' dir='ltr'><strong>Dronomen</strong></span> <span class='ocrx_word' id='word_1_786' title='bbox 735 5765 842 5813; x_wconf 78' lang='lat' dir='ltr'><strong>eos,</strong></span> <span class='ocrx_word' id='word_1_787' title='bbox 876 5756 1017 5802; x_wconf 84' lang='lat' dir='ltr'><strong>tacet</strong></span> <span class='ocrx_word' id='word_1_788' title='bbox 1048 5747 1190 5801; x_wconf 88' lang='lat' dir='ltr'><strong>idem</strong></span> <span class='ocrx_word' id='word_1_789' title='bbox 1233 5760 1334 5798; x_wconf 88' lang='lat' dir='ltr'><strong>ms.</strong></span> <span class='ocrx_word' id='word_1_790' title='bbox 1369 5752 1479 5798; x_wconf 90' lang='lat' dir='ltr'><strong>tum</strong></span> <span class='ocrx_word' id='word_1_791' title='bbox 1507 5742 1658 5811; x_wconf 78' lang='lat' dir='ltr'><strong>legit,</strong></span> <span class='ocrx_word' id='word_1_792' title='bbox 1690 5741 1835 5807; x_wconf 83' lang='lat' dir='ltr'><strong>Quo-</strong></span> 
     </span>
    </p>
   </div>
   <div class='ocr_carea' id='block_1_104' title="bbox 269 5817 1831 5887">
    <p class='ocr_par' dir='ltr' id='par_1_104' title="bbox 269 5817 1831 5887">
     <span class='ocr_line' id='line_1_104' title="bbox 269 5817 1831 5887; baseline -0.004 -12"><span class='ocrx_word' id='word_1_793' title='bbox 269 5838 384 5876; x_wconf 66' lang='lat' dir='ltr'><strong>rum</strong></span> <span class='ocrx_word' id='word_1_794' title='bbox 434 5839 534 5875; x_wconf 83' lang='lat' dir='ltr'><strong>uno</strong></span> <span class='ocrx_word' id='word_1_795' title='bbox 592 5832 817 5875; x_wconf 82' lang='lat' dir='ltr'><strong>temoore</strong></span> <span class='ocrx_word' id='word_1_796' title='bbox 871 5823 1049 5887; x_wconf 75' lang='lat' dir='ltr'><strong>fuerat</strong></span> <span class='ocrx_word' id='word_1_797' title='bbox 1099 5817 1275 5873; x_wconf 76' lang='lat' dir='ltr'><strong>oratio</strong></span> <span class='ocrx_word' id='word_1_798' title='bbox 1323 5817 1374 5868; x_wconf 77' lang='lat' dir='ltr'><strong>in</strong></span> <span class='ocrx_word' id='word_1_799' title='bbox 1429 5825 1706 5884; x_wconf 75' lang='lat' dir='ltr'><strong>conspectu</strong></span> <span class='ocrx_word' id='word_1_800' title='bbox 1750 5830 1831 5869; x_wconf 80' lang='lat' dir='ltr'><strong>rc-</strong></span> 
     </span>
    </p>
   </div>
   <div class='ocr_carea' id='block_1_105' title="bbox 1932 4619 3533 4690">
    <p class='ocr_par' dir='ltr' id='par_1_105' title="bbox 1932 4619 3533 4690">
     <span class='ocr_line' id='line_1_105' title="bbox 1932 4619 3533 4690; baseline -0.002 -17"><span class='ocrx_word' id='word_1_801' title='bbox 1932 4620 2199 4688; x_wconf 87' lang='lat' dir='ltr'><strong>spondit:</strong></span> <span class='ocrx_word' id='word_1_802' title='bbox 2234 4619 2385 4689; x_wconf 85' lang='lat' dir='ltr'><strong>Rogo</strong></span> <span class='ocrx_word' id='word_1_803' title='bbox 2418 4629 2487 4681; x_wconf 88' lang='lat' dir='ltr'><strong>te,</strong></span> <span class='ocrx_word' id='word_1_804' title='bbox 2522 4620 2700 4674; x_wconf 87' lang='lat' dir='ltr'><strong>indica</strong></span> <span class='ocrx_word' id='word_1_805' title='bbox 2736 4620 2888 4685; x_wconf 89' lang='lat' dir='ltr'><strong>mihi,</strong></span> <span class='ocrx_word' id='word_1_806' title='bbox 2926 4619 2994 4673; x_wconf 86' lang='lat' dir='ltr'><strong>de</strong></span> <span class='ocrx_word' id='word_1_807' title='bbox 3039 4634 3147 4690; x_wconf 85' lang='lat' dir='ltr'><strong>qua</strong></span> <span class='ocrx_word' id='word_1_808' title='bbox 3190 4619 3376 4682; x_wconf 87' lang='lat' dir='ltr'><strong>domo,</strong></span> <span class='ocrx_word' id='word_1_809' title='bbox 3426 4629 3533 4672; x_wconf 65' lang='lat' dir='ltr'><strong>aut,</strong></span> 
     </span>
    </p>
   </div>
   <div class='ocr_carea' id='block_1_106' title="bbox 1931 4711 3522 4781">
    <p class='ocr_par' dir='ltr' id='par_1_106' title="bbox 1931 4711 3522 4781">
     <span class='ocr_line' id='line_1_106' title="bbox 1931 4711 3522 4781; baseline -0.002 -15"><span class='ocrx_word' id='word_1_810' title='bbox 1931 4711 2000 4766; x_wconf 90' lang='lat' dir='ltr'><strong>de</strong></span> <span class='ocrx_word' id='word_1_811' title='bbox 2023 4727 2128 4781; x_wconf 86' lang='lat' dir='ltr'><strong>qua</strong></span> <span class='ocrx_word' id='word_1_812' title='bbox 2156 4712 2304 4766; x_wconf 90' lang='lat' dir='ltr'><strong>tribu</strong></span> <span class='ocrx_word' id='word_1_813' title='bbox 2331 4728 2390 4767; x_wconf 90' lang='lat' dir='ltr'><strong>es</strong></span> <span class='ocrx_word' id='word_1_814' title='bbox 2420 4713 2514 4766; x_wconf 81' lang='lat' dir='ltr'><strong>tu?</strong></span> <span class='ocrx_word' id='word_1_815' title='bbox 2544 4712 2644 4766; x_wconf 76' lang='lat' dir='ltr'><strong>Cui</strong></span> <span class='ocrx_word' id='word_1_816' title='bbox 2672 4712 2912 4781; x_wconf 70' lang='lat' dir='ltr'><strong>liaphael</strong></span> <span class='ocrx_word' id='word_1_817' title='bbox 2944 4713 3171 4781; x_wconf 87' lang='lat' dir='ltr'><strong>angelus</strong></span> <span class='ocrx_word' id='word_1_818' title='bbox 3199 4712 3338 4765; x_wconf 69' lang='lat' dir='ltr'><strong>dixit</strong></span> <span class='ocrx_word' id='word_1_819' title='bbox 3365 4727 3379 4763; x_wconf 91' lang='lat'><strong>:</strong></span> <span class='ocrx_word' id='word_1_820' title='bbox 3414 4711 3522 4764; x_wconf 81' lang='lat' dir='ltr'><strong>Ge-</strong></span> 
     </span>
    </p>
   </div>
   <div class='ocr_carea' id='block_1_107' title="bbox 1933 4803 3531 4873">
    <p class='ocr_par' dir='ltr' id='par_1_107' title="bbox 1933 4803 3531 4873">
     <span class='ocr_line' id='line_1_107' title="bbox 1933 4803 3531 4873; baseline 0 -19"><span class='ocrx_word' id='word_1_821' title='bbox 1933 4818 2037 4856; x_wconf 89' lang='lat' dir='ltr'><strong>nus</strong></span> <span class='ocrx_word' id='word_1_822' title='bbox 2080 4804 2280 4871; x_wconf 58' lang='lat' dir='ltr'><strong>quieris</strong></span> <span class='ocrx_word' id='word_1_823' title='bbox 2328 4804 2693 4870; x_wconf 88' lang='lat' dir='ltr'><strong>mercenarii,</strong></span> <span class='ocrx_word' id='word_1_824' title='bbox 2745 4820 2811 4857; x_wconf 89' lang='lat' dir='ltr'><strong>an</strong></span> <span class='ocrx_word' id='word_1_825' title='bbox 2868 4806 3044 4873; x_wconf 87' lang='lat' dir='ltr'><strong>ipsum</strong></span> <span class='ocrx_word' id='word_1_826' title='bbox 3095 4803 3531 4867; x_wconf 74' lang='lat' dir='ltr'><strong>mercenarium,</strong></span> 
     </span>
    </p>
   </div>
   <div class='ocr_carea' id='block_1_108' title="bbox 1932 4895 3527 4964">
    <p class='ocr_par' dir='ltr' id='par_1_108' title="bbox 1932 4895 3527 4964">
     <span class='ocr_line' id='line_1_108' title="bbox 1932 4895 3527 4964; baseline 0.001 -17"><span class='ocrx_word' id='word_1_827' title='bbox 1932 4895 2024 4964; x_wconf 92' lang='lat' dir='ltr'><strong>qui</strong></span> <span class='ocrx_word' id='word_1_828' title='bbox 2081 4909 2206 4947; x_wconf 90' lang='lat' dir='ltr'><strong>cum</strong></span> <span class='ocrx_word' id='word_1_829' title='bbox 2243 4895 2355 4949; x_wconf 82' lang='lat' dir='ltr'><strong>lilio</strong></span> <span class='ocrx_word' id='word_1_830' title='bbox 2398 4903 2494 4950; x_wconf 92' lang='lat' dir='ltr'><strong>tuo</strong></span> <span class='ocrx_word' id='word_1_831' title='bbox 2524 4895 2651 4950; x_wconf 82' lang='lat' dir='ltr'><strong>eat?</strong></span> <span class='ocrx_word' id='word_1_832' title='bbox 2700 4895 2806 4951; x_wconf 87' lang='lat' dir='ltr'><strong>Sed</strong></span> <span class='ocrx_word' id='word_1_833' title='bbox 2851 4910 2921 4950; x_wconf 89' lang='lat' dir='ltr'><strong>ne</strong></span> <span class='ocrx_word' id='word_1_834' title='bbox 2955 4896 3097 4950; x_wconf 78' lang='lat' dir='ltr'><strong>forte</strong></span> <span class='ocrx_word' id='word_1_835' title='bbox 3128 4896 3423 4949; x_wconf 84' lang='lat' dir='ltr'><strong>sollicitum</strong></span> <span class='ocrx_word' id='word_1_836' title='bbox 3460 4903 3527 4948; x_wconf 15' lang='lat' dir='ltr'><strong>tce</strong></span> 
     </span>
    </p>
   </div>
   <div class='ocr_carea' id='block_1_109' title="bbox 1936 4986 3522 5057">
    <p class='ocr_par' dir='ltr' id='par_1_109' title="bbox 1936 4986 3522 5057">
     <span class='ocr_line' id='line_1_109' title="bbox 1936 4986 3522 5057; baseline 0.001 -19"><span class='ocrx_word' id='word_1_837' title='bbox 1936 4986 2186 5053; x_wconf 89' lang='lat' dir='ltr'><strong>reddam,</strong></span> <span class='ocrx_word' id='word_1_838' title='bbox 2219 5001 2319 5057; x_wconf 90' lang='lat' dir='ltr'><strong>ego</strong></span> <span class='ocrx_word' id='word_1_839' title='bbox 2353 5003 2475 5043; x_wconf 87' lang='lat' dir='ltr'><strong>sum</strong></span> <span class='ocrx_word' id='word_1_840' title='bbox 2506 4988 2727 5041; x_wconf 77' lang='lat' dir='ltr'><strong>Azarias</strong></span> <span class='ocrx_word' id='word_1_841' title='bbox 2755 4988 2980 5041; x_wconf 84' lang='lat' dir='ltr'><strong>Ananiae</strong></span> <span class='ocrx_word' id='word_1_842' title='bbox 3025 4988 3204 5057; x_wconf 86' lang='lat' dir='ltr'><strong>magni</strong></span> <span class='ocrx_word' id='word_1_843' title='bbox 3240 4988 3401 5042; x_wconf 80' lang='lat' dir='ltr'><strong>ﬁlius.</strong></span> <span class='ocrx_word' id='word_1_844' title='bbox 3455 4987 3522 5039; x_wconf 84' lang='lat' dir='ltr'><strong>Et</strong></span> 
     </span>
    </p>
   </div>
   <div class='ocr_carea' id='block_1_110' title="bbox 1932 5078 3532 5151">
    <p class='ocr_par' dir='ltr' id='par_1_110' title="bbox 1932 5078 3532 5151">
     <span class='ocr_line' id='line_1_110' title="bbox 1932 5078 3532 5151; baseline 0 -18"><span class='ocrx_word' id='word_1_845' title='bbox 1932 5078 2130 5133; x_wconf 85' lang='lat' dir='ltr'><strong>Tobias</strong></span> <span class='ocrx_word' id='word_1_846' title='bbox 2165 5080 2449 5149; x_wconf 90' lang='lat' dir='ltr'><strong>respondit</strong></span> <span class='ocrx_word' id='word_1_847' title='bbox 2480 5094 2503 5136; x_wconf 92' lang='lat'><strong><em>:</em></strong></span> <span class='ocrx_word' id='word_1_848' title='bbox 2531 5083 2605 5135; x_wconf 78' lang='lat' dir='ltr'><strong>Ex</strong></span> <span class='ocrx_word' id='word_1_849' title='bbox 2642 5094 2837 5151; x_wconf 74' lang='lat' dir='ltr'><strong>magno</strong></span> <span class='ocrx_word' id='word_1_850' title='bbox 2866 5095 3066 5149; x_wconf 86' lang='lat' dir='ltr'><strong>genere</strong></span> <span class='ocrx_word' id='word_1_851' title='bbox 3092 5096 3155 5136; x_wconf 87' lang='lat' dir='ltr'><strong>es</strong></span> <span class='ocrx_word' id='word_1_852' title='bbox 3188 5091 3265 5134; x_wconf 89' lang='lat' dir='ltr'><strong>tu.</strong></span> <span class='ocrx_word' id='word_1_853' title='bbox 3292 5081 3395 5136; x_wconf 84' lang='lat' dir='ltr'><strong>Sed</strong></span> <span class='ocrx_word' id='word_1_854' title='bbox 3429 5096 3532 5147; x_wconf 66' lang='lat' dir='ltr'><strong>pc~</strong></span> 
     </span>
    </p>
   </div>
   <div class='ocr_carea' id='block_1_111' title="bbox 1934 5170 3531 5243">
    <p class='ocr_par' dir='ltr' id='par_1_111' title="bbox 1934 5170 3531 5243">
     <span class='ocr_line' id='line_1_111' title="bbox 1934 5170 3531 5243; baseline 0.004 -22"><span class='ocrx_word' id='word_1_855' title='bbox 1934 5176 1990 5225; x_wconf 92' lang='lat' dir='ltr'><strong>to</strong></span> <span class='ocrx_word' id='word_1_856' title='bbox 2055 5185 2127 5225; x_wconf 85' lang='lat' dir='ltr'><strong>ne</strong></span> <span class='ocrx_word' id='word_1_857' title='bbox 2172 5170 2427 5225; x_wconf 88' lang='lat' dir='ltr'><strong>irascaris</strong></span> <span class='ocrx_word' id='word_1_858' title='bbox 2471 5172 2616 5241; x_wconf 91' lang='lat' dir='ltr'><strong>quod</strong></span> <span class='ocrx_word' id='word_1_859' title='bbox 2666 5173 2936 5226; x_wconf 81' lang='lat' dir='ltr'><strong>voluerim</strong></span> <span class='ocrx_word' id='word_1_860' title='bbox 2970 5188 3306 5243; x_wconf 82' lang='lat' dir='ltr'><strong>cognoscere</strong></span> <span class='ocrx_word' id='word_1_861' title='bbox 3349 5189 3531 5242; x_wconf 69' lang='lat' dir='ltr'><strong>genus</strong></span> 
     </span>
    </p>
   </div>
   <div class='ocr_carea' id='block_1_112' title="bbox 1933 5262 3521 5334">
    <p class='ocr_par' dir='ltr' id='par_1_112' title="bbox 1933 5262 3521 5334">
     <span class='ocr_line' id='line_1_112' title="bbox 1933 5262 3521 5334; baseline -0.001 -19"><span class='ocrx_word' id='word_1_862' title='bbox 1933 5271 2110 5317; x_wconf 90' lang='lat' dir='ltr'><strong>tuum.</strong></span> <span class='ocrx_word' id='word_1_863' title='bbox 2144 5263 2287 5317; x_wconf 81' lang='lat' dir='ltr'><strong>Dixit</strong></span> <span class='ocrx_word' id='word_1_864' title='bbox 2317 5272 2501 5317; x_wconf 86' lang='lat' dir='ltr'><strong>autem</strong></span> <span class='ocrx_word' id='word_1_865' title='bbox 2529 5262 2602 5316; x_wconf 92' lang='lat' dir='ltr'><strong>illi</strong></span> <span class='ocrx_word' id='word_1_866' title='bbox 2632 5263 2860 5333; x_wconf 81' lang='lat' dir='ltr'><strong>angelus</strong></span> <span class='ocrx_word' id='word_1_867' title='bbox 2897 5279 2911 5318; x_wconf 92' lang='lat'><strong>:</strong></span> <span class='ocrx_word' id='word_1_868' title='bbox 2945 5263 3054 5334; x_wconf 78' lang='lat' dir='ltr'><strong>Ego</strong></span> <span class='ocrx_word' id='word_1_869' title='bbox 3079 5278 3269 5319; x_wconf 88' lang='lat' dir='ltr'><strong>sanum</strong></span> <span class='ocrx_word' id='word_1_870' title='bbox 3298 5264 3521 5326; x_wconf 87' lang='lat' dir='ltr'><strong>ducam,</strong></span> 
     </span>
    </p>
   </div>
   <div class='ocr_carea' id='block_1_113' title="bbox 1933 5354 3527 5424">
    <p class='ocr_par' dir='ltr' id='par_1_113' title="bbox 1933 5354 3527 5424">
     <span class='ocr_line' id='line_1_113' title="bbox 1933 5354 3527 5424; baseline -0.001 -13"><span class='ocrx_word' id='word_1_871' title='bbox 1933 5364 1992 5411; x_wconf 87' lang='lat' dir='ltr'><strong>et</strong></span> <span class='ocrx_word' id='word_1_872' title='bbox 2016 5369 2209 5408; x_wconf 82' lang='lat' dir='ltr'><strong>sanum</strong></span> <span class='ocrx_word' id='word_1_873' title='bbox 2251 5354 2347 5409; x_wconf 84' lang='lat' dir='ltr'><strong>tibi</strong></span> <span class='ocrx_word' id='word_1_874' title='bbox 2397 5354 2658 5409; x_wconf 80' lang='lat' dir='ltr'><strong>reducam</strong></span> <span class='ocrx_word' id='word_1_875' title='bbox 2703 5355 2874 5410; x_wconf 82' lang='lat' dir='ltr'><strong>lilium</strong></span> <span class='ocrx_word' id='word_1_876' title='bbox 2930 5366 3105 5411; x_wconf 90' lang='lat' dir='ltr'><strong>tuum.</strong></span> <span class='ocrx_word' id='word_1_877' title='bbox 3163 5355 3527 5424; x_wconf 80' lang='lat' dir='ltr'><strong>llespondeus</strong></span> 
     </span>
    </p>
   </div>
   <div class='ocr_carea' id='block_1_114' title="bbox 1935 5443 3579 5511">
    <p class='ocr_par' dir='ltr' id='par_1_114' title="bbox 1935 5443 3579 5511">
     <span class='ocr_line' id='line_1_114' title="bbox 1935 5443 3579 5511; baseline 0.001 -14"><span class='ocrx_word' id='word_1_878' title='bbox 1935 5452 2118 5499; x_wconf 85' lang='lat' dir='ltr'><strong>autem</strong></span> <span class='ocrx_word' id='word_1_879' title='bbox 2150 5443 2376 5511; x_wconf 88' lang='lat' dir='ltr'><strong>Tobias,</strong></span> <span class='ocrx_word' id='word_1_880' title='bbox 2411 5445 2490 5500; x_wconf 87' lang='lat' dir='ltr'><strong>ait</strong></span> <span class='ocrx_word' id='word_1_881' title='bbox 2531 5462 2545 5498; x_wconf 90' lang='lat'><strong>:</strong></span> <span class='ocrx_word' id='word_1_882' title='bbox 2580 5445 2724 5500; x_wconf 87' lang='lat' dir='ltr'><strong>Bene</strong></span> <span class='ocrx_word' id='word_1_883' title='bbox 2757 5446 3073 5510; x_wconf 84' lang='lat' dir='ltr'><strong>ambuletis,</strong></span> <span class='ocrx_word' id='word_1_884' title='bbox 3105 5456 3161 5500; x_wconf 89' lang='lat' dir='ltr'><strong>et</strong></span> <span class='ocrx_word' id='word_1_885' title='bbox 3187 5447 3257 5500; x_wconf 91' lang='lat' dir='ltr'><strong>sit</strong></span> <span class='ocrx_word' id='word_1_886' title='bbox 3294 5445 3437 5497; x_wconf 89' lang='lat' dir='ltr'><strong>Deus</strong></span> <span class='ocrx_word' id='word_1_887' title='bbox 3464 5445 3531 5498; x_wconf 91' lang='lat' dir='ltr'><strong>in.</strong></span> <span class='ocrx_word' id='word_1_888' title='bbox 3564 5479 3579 5497; x_wconf 93' lang='lat'><strong>.</strong></span> 
     </span>
    </p>
   </div>
   <div class='ocr_carea' id='block_1_115' title="bbox 1937 5538 3535 5611">
    <p class='ocr_par' dir='ltr' id='par_1_115' title="bbox 1937 5538 3535 5611">
     <span class='ocr_line' id='line_1_115' title="bbox 1937 5538 3535 5611; baseline 0.001 -17"><span class='ocrx_word' id='word_1_889' title='bbox 1937 5540 2130 5595; x_wconf 87' lang='lat' dir='ltr'><strong>itinere</strong></span> <span class='ocrx_word' id='word_1_890' title='bbox 2148 5549 2353 5609; x_wconf 86' lang='lat' dir='ltr'><strong>vestro,</strong></span> <span class='ocrx_word' id='word_1_891' title='bbox 2374 5550 2431 5595; x_wconf 88' lang='lat' dir='ltr'><strong>et</strong></span> <span class='ocrx_word' id='word_1_892' title='bbox 2463 5541 2689 5611; x_wconf 84' lang='lat' dir='ltr'><strong>angelus</strong></span> <span class='ocrx_word' id='word_1_893' title='bbox 2705 5540 2825 5611; x_wconf 83' lang='lat' dir='ltr'><strong>ejus</strong></span> <span class='ocrx_word' id='word_1_894' title='bbox 2866 5542 3159 5596; x_wconf 82' lang='lat' dir='ltr'><strong>comitetur</strong></span> <span class='ocrx_word' id='word_1_895' title='bbox 3199 5538 3535 5595; x_wconf 52' lang='lat' dir='ltr'><strong>vobiscum-</strong></span> 
     </span>
    </p>
   </div>
   <div class='ocr_carea' id='block_1_116' title="bbox 2016 5762 2130 5798">
    <p class='ocr_par' dir='ltr' id='par_1_116' title="bbox 2016 5762 2130 5798">
     <span class='ocr_line' id='line_1_116' title="bbox 2016 5762 2130 5798; baseline -0.009 0"><span class='ocrx_word' id='word_1_896' title='bbox 2016 5762 2130 5798; x_wconf 86' lang='lat' dir='ltr'><strong>ata.</strong></span> 
     </span>
    </p>
   </div>
   <div class='ocr_carea' id='block_1_117' title="bbox 1940 5753 3426 5887">
    <p class='ocr_par' dir='ltr' id='par_1_117' title="bbox 1940 5753 3426 5887">
     <span class='ocr_line' id='line_1_117' title="bbox 2016 5762 2130 5798; baseline -0.009 0"><span class='ocrx_word' id='word_1_897' title='bbox 2016 5762 2047 5798; x_wconf 92' lang='lat' dir='ltr'><strong>a</strong></span> <span class='ocrx_word' id='word_1_898' title='bbox 2117 5784 2130 5797; x_wconf 88' lang='lat'><strong>.</strong></span> 
     </span>
     <span class='ocr_line' id='line_1_118' title="bbox 1940 5753 3426 5887; baseline -0.001 -16"><span class='ocrx_word' id='word_1_899' title='bbox 1940 5754 2030 5850; x_wconf 52' lang='lat' dir='ltr'><strong>cui</strong></span> <span class='ocrx_word' id='word_1_900' title='bbox 2052 5753 2170 5875; x_wconf 41' lang='lat' dir='ltr'><strong>Illic</strong></span> <span class='ocrx_word' id='word_1_901' title='bbox 2200 5833 2419 5887; x_wconf 82' lang='lat' dir='ltr'><strong>quoque</strong></span> <span class='ocrx_word' id='word_1_902' title='bbox 2448 5833 2649 5877; x_wconf 87' lang='lat' dir='ltr'><strong>nomen</strong></span> <span class='ocrx_word' id='word_1_903' title='bbox 2679 5816 2892 5873; x_wconf 83' lang='lat' dir='ltr'><strong>Domini</strong></span> <span class='ocrx_word' id='word_1_904' title='bbox 2918 5817 3085 5876; x_wconf 85' lang='lat' dir='ltr'><strong>idem.</strong></span> <span class='ocrx_word' id='word_1_905' title='bbox 3121 5832 3221 5873; x_wconf 86' lang='lat' dir='ltr'><strong>ms.</strong></span> <span class='ocrx_word' id='word_1_906' title='bbox 3260 5825 3426 5872; x_wconf 81' lang='lat' dir='ltr'><strong>tacet.</strong></span> 
     </span>
    </p>
   </div>
  </div>
