3966 6184
504 319 570 384 31

1431 319 1489 382 S.
1536 318 1975 380 IIIERONYMI
2024 319 2295 383 DIVINA
2344 322 2884 384 BlBLIOTIlECA.

3693 315 3774 386 32

572 440 729 496 Tunc
752 440 956 511 paratis
972 440 1256 507 omnibus,
1289 455 1410 512 qua:
1425 451 1582 497 erant
1606 442 1659 495 in
1681 442 1768 495 via
1797 440 2084 510 portanda,
2118 449 2161 501 Α
2194 439 2355 501 habet
2385 451 2708 508 potestatem
2743 442 3075 496 daemonium
3108 455 3274 509 super
3312 453 3425 495 eos.
3480 438 3561 493 Tu
3591 449 3775 494 autem

500 535 632 589 fecit
661 534 861 589 Tobias
898 535 1017 590 vale
1049 537 1188 605 patri
1220 549 1322 591 suo
1352 544 1407 590 et
1437 536 1598 590 matri
1628 550 1763 599 suae,
1800 544 1856 589 et
1886 535 2083 591 ambu—

498 623 750 681 laverunt
771 628 932 681 ambo
957 628 1138 682 simul.
1199 618 1201 621 ’

572 714 822 786 Cumque
850 716 1080 786 profecti
1116 728 1328 781 essent,
1364 718 1533 787 coepit
1569 730 1744 775 mater
1775 722 1896 793 ejus
1927 723 2083 787 ﬂere,

501 814 559 859 et
608 805 837 861 dicere:
883 808 1143 862 Baculum
1192 808 1496 863 senectutis
1548 821 1747 866 nostra;
1798 813 1991 875 tulisti,
2031 822 2089 867 et

503 898 853 953 transmisisti
881 915 910 952 a
939 900 1122 954 nobis.
1146 900 1436 968 Nunquam
1467 902 1659 957 fuisset
1686 904 1799 974 ipsa
1827 908 2084 974 pecunia,

504 1004 605 1058 pro
643 1005 750 1058 qua
783 992 977 1046 misisti
1014 1006 1163 1045 eum.
1202 993 1519 1049 Suﬂiciebat
1547 998 1695 1050 enim
1740 998 1900 1052 nobis
1947 1014 2085 1068 pau-

503 1089 690 1150 pertas
716 1091 928 1148 nostra,
963 1094 1021 1138 ut
1051 1087 1269 1141 divitias
1302 1098 1749 1155 computaremus
1783 1090 1903 1155 hoc,
1937 1092 2084 1160 quod

503 1170 827 1227 videbamus
847 1174 1014 1228 filium
1045 1186 1315 1230 nostrum.
1346 1177 1597 1246 Dixitque
1619 1179 1669 1232 ei
1695 1179 1896 1233 Tobias
1926 1197 1940 1233 :
1967 1178 2087 1233 Noli

506 1260 661 1323 flere,
686 1262 873 1316 salvus
902 1267 1184 1332 perveniet
1208 1264 1352 1320 filius
1382 1277 1590 1332 noster,
1613 1277 1668 1321 et
1693 1268 1880 1323 salvus
1908 1284 2091 1323 rever-

504 1362 653 1408 tetur
692 1353 759 1409 ad
797 1370 915 1417 nos.
950 1365 1005 1409 et
1043 1358 1185 1411 oculi
1239 1360 1312 1413 lui
1363 1360 1627 1414 videl'unt
1680 1359 1857 1414 illum.
1911 1359 2092 1415 Credo

504 1447 656 1497 enim
684 1445 830 1513 quod
861 1448 1086 1517 angelus
1118 1449 1207 1503 Dei
1240 1452 1415 1505 bonus
1444 1452 1741 1506 comitetur
1763 1452 1836 1516 ei,
1868 1462 1921 1506 et
1951 1458 2094 1508 bene

507 1534 764 1604 disponat
799 1537 1006 1603 omnia,
1042 1554 1162 1607 quae
1192 1541 1336 1594 circa
1376 1557 1500 1596 eum
1558 1550 1848 1611 geruntur,
1902 1543 1974 1595 ita
2034 1552 2094 1597 ut

447 1633 464 1653 '
504 1641 632 1681 cum
661 1629 862 1697 gaudio
894 1641 1199 1688 revertatur
1226 1633 1294 1687 ad
1323 1648 1441 1690 nos.
1476 1634 1556 1688 Ad
1593 1634 1734 1691 hanc
1763 1650 1948 1691 vocem
1977 1650 2095 1692 ces-

506 1719 651 1774 savit
684 1729 859 1775 mater
889 1720 1010 1792 ejus
1038 1721 1193 1785 llere.
1230 1734 1285 1779 et
1317 1725 1508 1781 tacuit.

580 1811 741 1884 [Cap.
782 1811 893 1884 VL]
929 1814 1216 1872 Profectus
1251 1827 1334 1871 est
1369 1829 1552 1871 autem
1590 1817 1815 1880 Tobias,
1850 1828 1906 1873 et
1938 1818 2091 1873 canis

508 1910 733 1956 secutus
762 1911 846 1957 est
885 1918 1035 1969 eum,
1066 1912 1121 1958 et
1164 1906 1369 1960 mansit
1417 1907 1593 1976 prima
1629 1908 1908 1962 mansione
1934 1909 2091 1977 juxta

510 1991 737 2045 fluvium
769 1991 968 2062 Tigris.
1008 1995 1075 2048 Et
1104 1995 1277 2049 exivit
1313 2005 1370 2050 ut
1408 1998 1612 2051 lavari-1
1647 1998 1814 2067 pedes
1847 2014 1999 2059 suos,
2038 2008 2093 2052 et

506 2099 638 2138 ecce
693 2084 862 2153 piscis
912 2085 1168 2141 immanis
1216 2087 1387 2142 exivit
1434 2088 1500 2142 ad
1533 2088 1911 2143 devorandum
1942 2105 2090 2144 eum.

508 2178 681 2241 Quem
721 2191 1086 2246 expavescens
1136 2178 1337 2235 Tobias
1389 2181 1648 2235 clamavit
1699 2198 1835 2238 voce
1878 2199 2090 2253 magna,

509 2270 744 2325 dicens:
779 2269 1033 2334 Domine.
1069 2273 1277 2327 invadit
1312 2288 1417 2327 me.
1456 2272 1522 2327 Et
1557 2274 1691 2328 dixit
1726 2276 1776 2329 ei
1816 2276 2041 2344 angi-lus
2077 2292 2091 2329 :

512 2360 879 2429 Apprehende
932 2362 1251 2418 branehfam
1287 2364 1434 2433 ejus,
1465 2374 1520 2419 et
1566 2367 1722 2421 trahe
1754 2382 1878 2421 eum
1913 2367 1978 2419 ad
2019 2376 2092 2421 te.

510 2451 667 2518 Quod
702 2466 827 2507 cum
857 2452 1097 2520 fecisset,
1130 2458 1357 2510 attraxit
1382 2472 1506 2511 eum
1543 2459 1597 2511 in
1629 2458 1864 2523 siccum,
1898 2467 1954 2513 et
1985 2461 2097 2528 pal-

512 2546 687 2612 pitare
734 2546 905 2615 ccepit
950 2556 1076 2600 ante
1120 2548 1288 2617 pedes
1344 2550 1487 2618 ejus.
1535 2550 1691 2604 Tunc
1727 2551 1867 2605 dixit
1905 2554 1954 2605 ei
1997 2566 2097 2605 an-

512 2634 667 2700 gelus
700 2652 714 2689 :
759 2635 1029 2691 Exeutera
1066 2637 1215 2693 hunc
1250 2638 1477 2709 piscem,
1512 2649 1567 2695 et
1597 2654 1695 2694 cor
1722 2640 1862 2709 ejus,
1893 2649 1950 2694 et
1990 2638 2057 2694 fel
2081 2676 2098 2701 ,

511 2736 567 2782 et
599 2726 756 2799 jecur
789 2743 992 2798 repone
1024 2729 1124 2784 tibi
1156 2747 1171 2785 :
1202 2740 1332 2785 sunt
1360 2731 1517 2811 enim
1546 2732 1997 2811 legcgisgessaria
2017 2730 2099 2811 3d

504 2815 910 2871 medicamenta
960 2818 1191 2875 utiliter.
1243 2798 2101 2904 ριιυᾶξΐξέίἒξςξὲξιξῇγὶἰ

511 2924 709 2963 carnes
736 2912 878 2978 ejus,
904 2922 960 2965 et
996 2927 1181 2967 secum
1207 2914 1452 2969 tulerunt
1484 2914 1539 2969 in
1574 2892 1914 2970 viazcaeiera.
1928 2893 2101 2970 salici

512 3013 665 3064 runt,
697 3018 819 3069 quae
845 3002 1161 3059 sufﬁcerent
1197 3006 1299 3071 eis,
1324 2997 2006 3096 ξιξδνξτῐιφξρρτηξιὶνςιη

516 3183 794 3253 angi-lum.
831 3194 888 3238 et
925 3185 1065 3241 dixit
1096 3186 1147 3242 ei
1176 3204 1190 3241 :
1225 3185 1466 3242 Obsecro
1495 3197 1565 3254 te,
1607 3190 1800 3243 Azaria
1830 3190 2024 3255 frater,
2043 3183 2103 3245 ut

516 3278 671 3332 dlcas
705 3278 858 3342 inibi,
891 3279 1036 3349 quod
1066 3281 1370 3335 remedium
1405 3280 1689 3337 habebunt
1722 3284 1848 3349 ista,
1882 3299 2005 3354 qua:
2036 3284 2104 3339 de

518 3372 666 3438 pisce
692 3385 911 3426 servare
935 3372 1186 3442 jussisti?
1216 3372 1283 3427 Et
1315 3374 1660 3442 respondens
1689 3376 1935 3444 angelus,
1966 3375 2105 3430 dixit

516 3464 569 3517 ci
603 3480 617 3516 :
652 3462 850 3520 Cordis
880 3465 999 3534 ejus
1030 3465 1354 3534 particulam
1402 3465 1449 3521 si
1486 3482 1655 3535 super
1698 3469 1965 3522 carbones
2000 3482 2104 3538 po-

520 3570 641 3624 nas,
672 3555 857 3611 fumus
882 3557 1000 3627 ejus
1030 3557 1444 3613 extricatomne
1479 3574 1653 3629 genus
1682 3558 2102 3626 daemoniorum,

520 3648 638 3704 sive
667 3663 697 3701 a
726 3647 866 3711 viro,
901 3649 1018 3703 sive
1044 3664 1074 3702 a
1108 3648 1361 3713 muliere,
1392 3649 1463 3704 ita
1491 3662 1549 3703 ut
1578 3651 1718 3705 ultra
1742 3665 1849 3703 non
1883 3654 2107 3706 accedat

519 3740 587 3796 ad
615 3755 729 3796 eos.
778 3740 847 3795 Et
884 3740 953 3796 fel
1003 3741 1149 3797 valet
1186 3741 1253 3797 ad
1289 3743 1574 3814 ungendos
1600 3742 1790 3798 oculos
1822 3742 1877 3798 in
1904 3742 2108 3813 quibus

521 3835 688 3889 fuerit
719 3834 940 3904 albugo,
971 3846 1025 3890 et
1055 3836 1403 3890 sanabuntur
1442 3839 1483 3892 ‘.

595 3922 662 3978 Et
701 3924 839 3979 dixit
874 3925 920 3981 ei
959 3925 1161 3982 Tobias
1198 3925 1334 3982 :Ubi
1374 3928 1456 3981 vis
1500 3936 1558 3981 ut
1610 3941 1928 3981 maneamus
1952 3926 1975 3979 ?
1999 3926 2106 3981 Re-

521 4020 917 4089 spondensque
942 4021 1192 4090 angelus,
1222 4023 1299 4073 ait
1335 4038 1349 4075 :
1384 4019 1476 4075 Est
1508 4022 1594 4073 hic
1626 4017 1827 4089 Raguel
1862 4020 2105 4085 nomine,

524 4113 609 4167 vir
659 4112 1002 4182 prapinquus
1052 4113 1118 4166 de
1170 4113 1315 4166 tribu
1355 4122 1468 4177 tua,
1522 4121 1576 4164 et
1612 4112 1700 4166 hic
1740 4111 1905 4167 habet
1944 4111 2107 4165 ﬁliam

526 4204 753 4259 nomine
787 4205 1000 4266 Saraui,
1040 4203 1139 4258 sed
1172 4218 1349 4273 neque
1380 4202 1703 4268 masculum,
1742 4219 1921 4275 neque
1953 4203 2109 4258 femi-

525 4310 652 4350 nam
701 4295 866 4350 ullam
916 4295 1080 4350 habet
1115 4295 1275 4349 aliain
1316 4302 1514 4364 praeter
1542 4309 1687 4348 eam.
1725 4295 1846 4351 Tibi
1876 4295 2109 4352 debetur

524 4386 707 4443 omnis
750 4388 1056 4443 substantia
1094 4388 1236 4459 ejus,
1264 4397 1318 4443 et
1349 4396 1567 4457 oportet
1609 4403 1729 4444 eam
1768 4398 1818 4444 te
1856 4391 2109 4461 accipere

518 3093 690 3163 llagcs
715 3094 819 3148 civi
831 3105 993 3149 tatem
1014 3090 1341 3150 Medorum;
1352 3077 2115 3186 Ῠυῆοἶίηἰᾶίάὶμθιιξῗουίξί

2190 548 2314 586 cum
2344 535 2625 603 acceperis
2652 549 2771 589 eam
2805 520 3432 604 ingressus-cubiculum
3464 572 3481 598 ,
3537 547 3633 601 per
3663 542 3776 587 tres

2191 625 2312 680 dies
2371 627 2663 680 continens
2712 635 2835 681 esto
2880 626 2948 680 ab
2996 640 3061 680 ea
3096 665 3111 688 ,
3158 635 3214 677 et
3251 624 3386 678 nihil
3434 625 3580 679 aliud
3614 668 3628 685 ,
3667 624 3772 679 nisi

2191 717 2530 771 orationibus
2560 716 2779 771 vacabis
2808 731 2931 770 cum
2982 731 3070 770 ea.
3104 716 3222 786 ipsa
3267 725 3449 770 autem
3484 724 3663 777 nocte.
3696 716 3779 769 in-

2192 825 2355 863 censo
2379 810 2567 879 jecore
2605 809 2786 878 piscis.
2823 808 3104 878 fugabitur
3133 808 3485 862 daemonium.
3518 807 3769 861 Secunda

2194 916 2325 956 vero
2366 910 2525 955 nocte
2574 901 2628 954 in
2672 901 3023 970 copulatione
3072 909 3387 954 sanctorum
3442 898 3777 967 patriarcha-

2196 1010 2316 1047 rum
2340 993 2668 1048 admitteris.
2697 993 2880 1048 Tertia
2910 1004 3091 1047 autem
3128 1001 3308 1056 not-te,
3337 991 3777 1046 benedictionem

2195 1085 2571 1153 consequeris,
2600 1096 2659 1139 ut
2688 1086 2779 1138 filii
2805 1100 2869 1137 ex
2897 1086 3053 1139 vobis
3078 1092 3435 1153 procreentur
3457 1083 3778 1136 incolumes.

2198 1177 2493 1231 Transacta
2546 1188 2725 1230 autent
2784 1178 2940 1229 tertia
2998 1185 3178 1239 nocte,
3233 1176 3469 1237 accipies
3519 1174 3779 1241 virginem

2196 1284 2321 1322 cum
2383 1270 2580 1323 timore
2623 1267 2834 1319 Domini
2877 1282 3065 1321 amore
3120 1267 3352 1319 lilioium
3398 1268 3566 1336 magis
3619 1282 3782 1333 quam

2199 1362 2426 1416 libidine
2466 1360 2684 1421 ductus,
2725 1370 2783 1412 ut
2826 1359 2877 1412 in
2920 1361 3131 1414 semine
3171 1360 3407 1413 Abrahte
3448 1359 3785 1414 benedictio-

2198 1470 2321 1509 nem
2361 1454 2418 1507 in
2455 1452 2581 1506 filiis
2612 1452 2992 1520 consequaris.

2270 1586 2441 1660 [Cap.
2480 1584 2638 1659 Vll.]
2678 1585 2912 1658 lngressi
2950 1595 3082 1643 sunt
3119 1597 3304 1644 autem
3346 1588 3413 1643 ad
3456 1588 3783 1658 Raguelem.

2196 1693 2252 1736 et
2300 1680 2547 1750 suscepit
2595 1696 2692 1736 eos
2741 1680 2947 1749 Raguel
2984 1680 3126 1744 lcum
3179 1678 3401 1747 gaudio.
3454 1680 3788 1750 Intuensque

2126 1785 2162 1840 Β
2194 1774 2419 1828 Tobiam
2458 1773 2683 1841 Raguel,
2735 1772 2871 1826 dixit
2901 1772 3071 1825 Anna:
3104 1772 3260 1825 uxori
3291 1786 3405 1826 sua:
3439 1786 3453 1823 :
3495 1771 3672 1838 Quam
3715 1773 3792 1826 si-

2198 1867 2339 1919 milis
2368 1876 2454 1921 est
2481 1865 2697 1933 juvenis
2720 1865 2823 1919 iste
2855 1864 3194 1917 consobrino
3224 1866 3374 1919 meo!
3412 1863 3473 1917 Et
3503 1879 3626 1918 cum
3672 1865 3793 1921 haec

2196 1956 2443 2019 dixisset,
2476 1955 2553 2009 ait
2582 1974 2597 2010 :
2633 1954 2787 2009 Unde
2813 1954 2971 2014 estis.
3001 1956 3225 2023 juvenes
3248 1954 3445 2009 fratres
3475 1955 3687 2010 nostri?
3721 1956 3792 2009 At

2199 2050 2273 2102 illi
2300 2049 2557 2103 dixerunt
2591 2066 2605 2105 :
2637 2048 2712 2102 Ex
2748 2048 2896 2102 tribu
2931 2049 3185 2117 Neplitali
3221 2064 3413 2103 sumus
3438 2065 3504 2102 ex
3542 2049 3785 2115 captivi-

2199 2150 2307 2194 tate
2350 2139 2563 2194 Niziive.
2620 2138 2876 2208 Dixitque
2926 2138 3034 2194 illis
3078 2139 3279 2209 Raguel
3307 2150 3321 2192 :
3352 2138 3534 2193 Nostis
3561 2139 3793 2194 Tobiam

2199 2232 2420 2285 fratrem
2462 2230 2692 2285 meum?
2741 2230 2842 2295 Qui
2877 2230 3133 2284 dixerunt
3175 2230 3495 2285 :Novimns.
3542 2231 3798 2301 Cumque

2200 2324 2366 2377 multa
2398 2322 2539 2375 bona
2576 2323 2903 2391 loqueretur
2935 2320 3002 2375 de
3036 2336 3124 2388 eo,
3155 2321 3296 2375 dixit
3323 2324 3551 2392 angelus
3580 2324 3646 2376 ad
3682 2324 3796 2379 Ra-

2198 2415 2442 2482 guelem:
2474 2413 2694 2476 Tobias,
2721 2413 2788 2468 de
2810 2427 2922 2483 quo
2948 2413 3274 2484 interrogas,
3302 2424 3457 2483 leel‘
3486 2415 3651 2469 istius
3679 2429 3792 2472 est.

2202 2508 2261 2561 Et
2309 2507 2457 2561 misit
2488 2522 2547 2561 se
2581 2506 2806 2576 Raguel,
2836 2515 2892 2561 et
2925 2523 3049 2562 cum
3088 2494 3673 2577 lacrymisiosculatus
3710 2524 3799 2568 est

2200 2613 2348 2662 cum,
2376 2607 2431 2652 et
2476 2597 2697 2666 plorans
2722 2612 2887 2669 supra
2916 2598 3119 2654 collum
3150 2598 3297 2669 ejus,
3327 2600 3465 2655 dixit
3501 2619 3515 2655 :
3548 2602 3794 2660 Benedi-

2201 2690 2311 2745 ctio
2344 2691 2416 2744 sit
2449 2688 2569 2753 tibi,
2602 2688 2673 2743 fili
2712 2690 2804 2755 mi,
2833 2690 2962 2760 quia
2990 2690 3119 2744 boni
3155 2700 3211 2745 et
3256 2692 3449 2761 optimi
3501 2693 3603 2747 viri
3648 2695 3800 2752 filius

2144 2785 2279 2864 εἶρε.
2405 2782 2721 2880 pxor
2750 2781 2893 2850 ejus,
2920 2790 2974 2837 et
2997 2783 3135 2839 Sara
3165 2783 3412 2854 ipsorum
3446 2783 3577 2850 filia,
3611 2786 3795 2861 lacry-

2209 3055 2228 3073 .
2251 2983 2570 3073 olfostquam
2588 2995 2773 3041 autem
2798 2986 2963 3042 locuti
2994 2996 3144 3051 sunt.
3166 2989 3423 3060 praecepit
3456 2989 3663 3060 Raguel
3692 3003 3794 3044 oc-

2204 3055 2643 3164 eggfjééjedg;
2655 3090 2711 3163 et
2757 3078 2937 3148 parari
2964 3055 3301 3135 convivium.
3335 3055 3581 3149 Cumque
3608 3080 3804 3134 horta-

2170 3151 2373 3227 :réﬁir:
2389 3151 2868 3228 ἐοέοῆἰίἓὸυᾶιὺετθ
2899 3172 2968 3227 ad
3009 3173 3332 3243 prandium,
3374 3173 3577 3229 Tobias
3606 3173 3753 3228 dixit
3782 3189 3803 3229 :

2208 3265 2305 3319 llic
2333 3280 2436 3334 ego
2468 3265 2631 3319 hodie
2673 3280 2780 3319 non
2831 3264 3181 3320 manducabo
3235 3280 3413 3334 neque
3452 3264 3658 3328 bibam,
3692 3266 3804 3322 nisi

2210 3359 2363 3426 prius
2397 3357 2716 3427 petitionem
2747 3372 2926 3411 meam
2949 3356 3269 3422 confirmes,
3297 3367 3351 3411 et
3379 3358 3669 3426 promittas
3695 3357 3808 3411 mi-

2211 3452 2264 3506 hi
2304 3452 2437 3506 dare
2469 3449 2659 3506 Saram
2699 3450 2865 3503 tiliam
2900 3461 3067 3505 tuam.
3098 3449 3217 3517 Quo
3248 3450 3436 3504 audito
3467 3451 3656 3515 verbo,
3689 3448 3805 3504 Ra-

2208 3543 2331 3611 guel
2363 3542 2602 3611 expavit.
2635 3542 2819 3597 sciens
2850 3542 2981 3612 quid
3008 3541 3255 3596 evenerit
3287 3542 3395 3596 illis
3423 3550 3635 3611 septem
3668 3541 3808 3596 viris

2208 3635 2301 3704 qui
2341 3634 2572 3705 ingressi
2602 3641 2734 3688 sunt
2759 3634 2827 3689 ad
2858 3649 2978 3688 eam
3012 3651 3026 3691 :
3055 3642 3111 3689 et
3139 3635 3333 3689 timere
3357 3635 3527 3705 erepit
3556 3650 3627 3690 ne
3659 3634 3808 3689 forte

2209 3736 2265 3781 et
2298 3726 2429 3781 huic
2476 3725 2733 3779 similiter
2779 3726 3145 3793 contingeret.
3199 3725 3265 3779 Et
3303 3740 3428 3780 cum
3478 3736 3717 3790 nutaret,
3750 3736 3811 3781 et

2211 3835 2319 3874 non
2389 3818 2547 3873 daret
2608 3818 2818 3888 petenti
2884 3818 3055 3871 ullutn
3126 3833 3492 3887 responsum,
3553 3819 3692 3873 dixit
3750 3819 3807 3873 ei

2209 3914 2438 3982 angelus
2472 3929 2484 3965 :
2532 3911 2653 3965 Noli
2688 3913 2881 3966 timere
2912 3912 3047 3966 dare
3074 3925 3193 3965 eam
3225 3913 3340 3979 isti,
3369 3912 3635 3980 quoniam
3668 3912 3804 3968 huic

2214 4004 2426 4058 timenti
2464 4003 2628 4057 Deum
2665 4002 2898 4059 debetur
2924 4005 3121 4074 eonjux
3156 4004 3265 4057 filia
3300 4014 3391 4057 tua
3434 4019 3449 4069 ;
3496 4014 3789 4071 propterea

2212 4096 2354 4151 alius
2385 4109 2495 4148 non
2528 4097 2705 4164 potuit
2736 4095 2939 4149 habere
2976 4096 3146 4148 illam.
3184 4094 3340 4150 Tunc
3371 4096 3509 4149 dixit
3540 4097 3750 4167 [lagui-J
3784 4113 3798 4147 :

2213 4186 2330 4242 Non
2376 4188 2570 4242 dubito
2613 4185 2760 4257 quod
2806 4186 2950 4241 Deus
2994 4200 3212 4255 preces,
3248 4199 3305 4241 et
3348 4189 3619 4256 lacrymas
3654 4204 3814 4244 meas

2217 4280 2272 4334 in
2301 4288 2601 4349 conspectu
2632 4292 2734 4331 suo
2759 4277 3064 4331 admiserit.
3100 4278 3169 4331 Et
3200 4278 3366 4332 credo
3396 4279 3653 4348 quoniam
3684 4279 3816 4335 ideo

2216 4370 2346 4424 fecit
2404 4384 2500 4424 vos
2549 4368 2738 4423 venire
2785 4368 2851 4423 ad
2882 4384 2990 4434 me,
3030 4377 3089 4421 ut
3121 4370 3224 4423 ista
3257 4371 3686 4439 conjungeretur
3717 4386 3817 4425 co-

525 4483 836 4554 conjugem.
878 4483 1008 4538 Pete
1037 4499 1168 4554 ergo
1198 4498 1318 4537 eam
1352 4499 1381 4537 a
1418 4494 1572 4552 patre
1600 4484 1741 4554 ejus.
1773 4495 1827 4538 et
1858 4459 2010 4539 dabit
2039 4486 2108 4538 ii-
2137 4464 2186 4523 Ι)
2213 4461 2457 4532 gnationi
2490 4476 2601 4516 suae
2636 4460 2940 4514 secundum
2977 4459 3149 4529 legem
3185 4459 3359 4529 Moysi
3392 4473 3407 4512 :
3436 4470 3490 4513 et
3521 4476 3667 4514 nunc
3695 4460 3815 4515 noli

526 4573 580 4628 bi
631 4588 751 4628 eam
802 4575 855 4629 in
888 4590 1137 4630 uxorem.
1184 4572 1340 4631 Tunc
1379 4577 1660 4645 respOndii
1692 4576 1915 4643 Tobias,
1945 4587 2000 4631 et
2028 4577 2109 4632 di-

526 4669 607 4720 xit
634 4681 652 4720 :
677 4667 858 4721 Audio
891 4667 1021 4737 quia
1055 4668 1252 4722 tradita
1281 4676 1363 4722 est
1390 4677 1601 4737 septem
1637 4669 1793 4733 viris,
1821 4681 1879 4724 et
1908 4668 2110 4724 mortui

525 4770 687 4826 sunt;
722 4761 816 4814 sed
845 4771 901 4815 et
929 4762 1031 4816 hoc
1062 4761 1271 4828 audivi,
1303 4762 1433 4831 quia
1455 4762 1783 4817 daemonium
1816 4762 2017 4817 occidit
2050 4762 2111 4815 il-

529 4853 632 4907 los.
669 4852 857 4908 Timeo
880 4870 1033 4924 ergo,
1064 4868 1132 4909 ne
1160 4853 1299 4909 forte
1331 4864 1383 4909 et
1416 4854 1551 4909 mihi
1587 4856 1701 4909 haec
1729 4868 1810 4907 ενι
1832 4852 1985 4906 niant
2014 4869 2028 4904 :
2059 4859 2114 4905 et

530 4962 661 5000 cuin
687 4946 791 5001 sim
818 4949 1014 5003 unicus
1039 4946 1360 5017 parentibus
1385 4947 1541 5013 meis,
1570 4946 1838 5015 deponam
1859 4954 2115 4998 senectu-

532 5048 643 5094 tem
676 5039 893 5094 illorum
924 5054 1049 5093 cum
1087 5039 1305 5093 tristitia
1342 5038 1409 5093 ad
1446 5037 1671 5093 inferos.
1706 5037 1862 5091 Tunc
1890 5037 2117 5106 angelus

534 5134 775 5203 llapliael
824 5130 963 5187 dixit
1008 5133 1096 5188 ei:
1155 5132 1297 5187 Audi
1331 5147 1436 5198 me,
1475 5140 1527 5185 ct
1561 5131 1847 5186 ostendam
1888 5128 1989 5183 tibi
2020 5129 2113 5199 qui

532 5232 683 5288 sunt,
716 5224 914 5291 quibus
946 5222 1240 5292 praevalere
1277 5230 1456 5292 potest
1483 5220 1835 5275 da'monium.
1869 5218 1933 5273 lli
1961 5234 2115 5273 nam-

533 5330 642 5386 que
667 5319 760 5386 qui
787 5317 1102 5388 conjugium
1134 5316 1206 5370 ita
1235 5314 1568 5383 suscipiunt,
1604 5320 1663 5365 ut
1695 5313 1867 5366 Deum
1912 5325 1943 5363 a
1971 5325 2029 5365 se
2062 5320 2119 5365 ct

532 5426 564 5462 a
596 5426 694 5465 sua
740 5423 922 5465 mente
960 5409 1274 5477 excludant,
1320 5417 1375 5464 et
1414 5422 1526 5461 sua:
1551 5406 1762 5461 libidini
1796 5405 1869 5459 ita
1901 5413 2117 5467 vacent,

535 5503 680 5558 sicut
711 5520 889 5573 equus
926 5513 982 5558 et
1022 5503 1226 5569 mulus,
1257 5502 1460 5575 quibus
1489 5516 1601 5556 non
1640 5509 1724 5555 est
1756 5497 2110 5553 intellectus:

616 5640 629 5668 ¹
666 5638 803 5691 Tota
837 5638 1025 5692 istlizec
1062 5637 1336 5706 pericope,
1368 5637 1443 5706 Et
1479 5633 1550 5704 {el
1579 5632 1715 5688 valet
1750 5632 1819 5706 ad
1853 5631 2121 5706 ungendus

541 5708 719 5777 oculos
767 5709 819 5760 in
874 5705 1072 5777 quibus
1113 5706 1271 5775 fuerit
1320 5705 1531 5777 albugo,
1582 5714 1629 5759 ct
1665 5705 2021 5775 sanabuntur,
2067 5705 2120 5761 in

539 5776 789 5835 Palatino
820 5795 923 5835 ms.
954 5778 1317 5835 desideratur.

2217 4555 2442 4607 dubium
2476 4567 2667 4619 gerere
2706 4551 2851 4622 quod
2903 4551 3000 4604 tibi
3038 4566 3156 4605 eam
3216 4552 3450 4604 tradam.
3506 4550 3571 4612 Et
3617 4567 3820 4619 appre-

2228 4642 2475 4697 hendens
2506 4644 2790 4696 dexteram
2833 4641 2959 4695 ﬁlia:
2999 4657 3133 4705 suat,
3177 4641 3379 4695 dextra:
3423 4640 3608 4695 Tobiae
3636 4643 3813 4694 tradi-

2216 4737 2317 4797 dit,
2351 4735 2542 4789 diccns
2570 4752 2585 4789 :
2628 4733 2771 4789 Deus
2798 4734 3094 4796 Abrabam,
3122 4744 3174 4789 et
3206 4734 3347 4787 Deus
3378 4732 3546 4795 Isaac,
3577 4743 3632 4787 et
3666 4734 3817 4789 Deus

2215 4827 2385 4882 Jaeob
2414 4827 2698 4881 vobiscum
2727 4827 2822 4892 sit,
2851 4838 2905 4880 et
2935 4827 3051 4894 ipse
3080 4826 3377 4895 conjungat
3407 4840 3522 4890 vos,
3557 4823 3818 4893 impleat-

2220 4936 2327 4989 que
2360 4919 2799 4975 benedictionem
2824 4933 2976 4974 suam
3010 4918 3064 4971 in
3102 4917 3276 4971 vobis.
3308 4917 3372 4970 Et
3396 4927 3620 4985 accepta
3650 4918 3817 4971 char-

2223 5023 2301 5075 ta,
2333 5012 2585 5065 fccerunt
2635 5010 3110 5078 conscriptionem
3146 5008 3407 5079 conjugii.
3442 5005 3508 5061 Et
3542 5020 3664 5077 post
3696 5009 3820 5063 inec

2221 5104 2425 5173 epulati
2460 5113 2609 5165 sunt,
2640 5102 3038 5156 benedicentes
3074 5099 3271 5154 Deum.

2295 5214 2634 5286 Vocavitque
2684 5215 2888 5284 Raguel
2929 5214 2995 5268 ad
3028 5230 3087 5271 se
3119 5216 3334 5270 Annam
3368 5229 3594 5269 uxorem
3630 5228 3817 5280 suam,

2223 5320 2280 5364 et
2334 5310 2595 5380 praecepit
2629 5308 2679 5362 ei
2728 5322 2785 5361 ut
2821 5318 3155 5378 praepararet
3190 5308 3425 5361 alterum
3461 5305 3811 5361 cubiculum.

2226 5402 2294 5457 Et
2321 5401 2625 5457 introduxit
2670 5400 2800 5455 illuc
2845 5399 3035 5455 Saram
3070 5400 3238 5455 filiam
3280 5412 3437 5452 suam
3469 5399 3512 5462 ³,
3543 5408 3599 5452 et
3628 5398 3813 5469 lacry-

2224 5503 2371 5551 mata
2413 5504 2519 5550 est.
2580 5493 2838 5563 Dixitque
2877 5494 2927 5548 ei
2973 5508 2991 5555 ιη
3050 5491 3201 5546 Forti
3247 5492 3434 5545 animo
3474 5502 3592 5545 esto
3623 5531 3639 5558 ,
3696 5492 3816 5547 [illa

2298 5634 2319 5665 ²
2356 5633 2412 5688 In
2444 5632 2673 5688 Palatin.
2710 5649 2813 5687 ms.
2845 5631 3149 5686 Introduxit
3186 5631 3238 5687 in
3272 5646 3393 5687 eum
3424 5628 3642 5695 Seram,
3675 5635 3815 5699 etc.,

2227 5712 2282 5761 et
2311 5720 2459 5775 mox,
2490 5704 2607 5771 ﬁlia
2636 5705 2728 5774 ini,
2764 5720 2863 5775 pro
2893 5719 3030 5758 mea.
