3966 6184
229 306 297 370 33
1605 309 1677 369 Li
1692 309 1824 371 BER

1940 310 2050 370 JBI
2068 310 2152 371 [Ε.
3448 305 3519 371 34

225 437 346 475 mea
381 437 395 471 :
432 419 709 475 Dominus
756 418 882 474 ωιιί
932 417 1024 474 det
1077 418 1172 473 tibi
1224 419 1482 491 gaudium
1531 436 1629 493 pro
1678 425 1837 477 taedio
1866 433 1913 488 Α
1943 423 2127 476 omnia
2168 438 2288 487 (iure
2330 422 2380 475 iii
2426 421 2579 475 cibos
2619 428 2781 474 erant
2821 420 2924 475 iter
2956 420 3245 490 agentibus
3272 435 3526 478 necessa-

224 511 372 580 quod
402 526 667 580 perpessa
700 525 783 565 es.

293 602 459 675 [ϐαρ.
486 600 650 673 Vlll.|
675 603 974 671 Postquam
1009 618 1142 657 vero
1168 612 1550 669 cmnaverunt,
1584 603 1826 659 introdu-

225 696 709 765 xeruntjiivenem
744 696 807 747 ad
841 708 986 747 eam.
1042 694 1388 749 Recordatus
1414 696 1598 765 itaque
1629 694 1829 751 Tobias

228 804 549 843 sermonum
584 787 789 854 angeli,
829 786 1060 855 protulit
1099 786 1167 840 de
1213 786 1459 843 cassidili
1491 803 1591 841 suo
1617 799 1825 857 partem

222 881 452 952 jecoris,
480 879 776 949 posuitque
807 893 927 932 eam
960 893 1127 946 super
1157 879 1427 934 carbones
1462 879 1637 935 vivos.
1672 880 1829 936 Tunc

235 971 477 1039 Raphael
532 972 761 1039 angelus
802 969 1168 1039 apprehendit
1197 968 1553 1034 daemonium,
1594 978 1651 1024 et
1700 970 1829 1024 reli-

232 1062 380 1129 gavit
435 1059 573 1113 illud
626 1060 681 1112 in
737 1058 960 1112 deserto
1015 1060 1322 1129 superioris
1374 1059 1618 1131 IEgypti.
1672 1060 1830 1115 Tunc

234 1153 488 1207 hortatus
519 1164 603 1206 est
634 1151 900 1221 virginem
953 1150 1180 1216 Tobias,
1226 1152 1487 1223 dixitque
1540 1154 1589 1207 ei
1624 1165 1638 1208 :
1675 1153 1827 1216 Sara,

229 1260 485 1313 exsurge,
535 1254 589 1297 et
642 1244 1005 1311 deprecemur
1048 1242 1221 1297 Deum
1269 1244 1456 1310 hodie,
1500 1255 1551 1298 et
1586 1260 1728 1310 cras,
1779 1254 1831 1298 et

231 1335 535 1389 secundum
574 1351 733 1398 cras;
771 1335 1008 1403 quiabis
1042 1335 1225 1389 tribus
1265 1335 1519 1389 noctibus
1560 1336 1668 1391 Deo
1703 1338 1830 1408 jun-

233 1431 429 1496 giiuur;
449 1426 611 1480 tertia
634 1437 818 1482 auteiii
836 1437 1110 1481 transacta
1138 1430 1387 1491 uocte,in
1415 1438 1605 1484 nostro
1627 1430 1834 1484 erimus

231 1520 509 1589 coiijugio.
554 1519 675 1575 Filii
713 1520 917 1589 quippe
952 1529 1276 1574 sanctorum
1317 1537 1531 1586 sumus,
1568 1538 1676 1575 non
1714 1539 1836 1591 pos-

244 1628 433 1665 sumus
470 1612 547 1665 ita
598 1611 911 1681 conjungi,
971 1615 1114 1666 sicut
1171 1620 1363 1682 gentes
1409 1628 1530 1681 qua:
1582 1615 1835 1684 ignorant

242 1704 428 1757 Deunn

1935 512 2035 565 ria.
2075 512 2220 565 Duas
2255 525 2478 579 quoque
2509 510 2737 578 pingues
2771 524 2985 575 vaccas,
3015 517 3073 564 et
3101 520 3340 579 quatuor
3370 515 3523 565 arie-

1934 612 2016 655 tes
2044 601 2221 656 occidi
2245 601 2395 660 fecit,
2422 610 2476 653 ct
2504 600 2681 669 parari
2696 599 3152 668 cpulasomnibus
3172 600 3365 655 vicinis
3386 600 3525 666 suis,

1930 692 2259 761 cunctisque
2291 692 2505 745 amicis.
2540 693 2605 745 Et
2639 692 2909 759 adjuravit
2944 690 3146 759 Raguel
3182 692 3434 756 Tubiatn,
3466 703 3528 747 ut

1932 786 2072 839 duas
2108 783 2485 837 hebdomadas
2521 792 2834 836 moraretur
2865 782 3009 851 apud
3040 796 3122 837 se.
3158 782 3233 836 De
3266 783 3529 840 omnibus

1932 886 2138 942 autem,
2180 892 2301 945 quie
2335 876 2650 945 possidebat
2701 875 2904 946 Raguel
2934 915 2948 939 ,
2996 874 3281 929 dimidiam
3313 886 3527 945 partem

1934 970 2084 1025 dedit
2114 968 2299 1024 Tobiae
2336 985 2350 1025 :
2378 977 2432 1023 et
2460 968 2589 1023 fecit
2636 968 2763 1041 [ΑΙ.
2797 969 2924 1021 add.
2959 965 3139 1039 hanc]
3173 967 3526 1038 scripturam,

1939 1073 1997 1116 ut
2022 1076 2147 1130 pars
2176 1061 2424 1126 dimidia,
2451 1075 2571 1129 quae
2595 1070 2884 1130 supererat
2915 1067 3039 1129 post
3067 1059 3280 1114 obitum
3306 1073 3525 1125 eorum,

1937 1153 2123 1209 Tobiae
2148 1154 2392 1206 dominio
2421 1152 2725 1207 dOVCI'lil't'l.

2009 1243 2167 1316 [Cap.
2202 1242 2318 1315 l.\'.]
2345 1244 2499 1297 'l‘uiie
2522 1246 2739 1298 vocavit
2768 1245 2969 1301 Tobias
3030 1248 3285 1317 angelum
3344 1250 3411 1303 ad
3439 1264 3525 1313 se,

1936 1353 2098 1407 quem
2129 1338 2350 1406 quidem
2383 1337 2661 1391 hominem
2694 1337 3071 1405 existimabat,
3119 1339 3368 1410 dixitque
3415 1343 3465 1399 ei
3500 1356 3519 1397 :

1936 1426 2130 1485 A'zaria
2160 1430 2348 1491 frater,
2382 1437 2511 1497 peto
2548 1438 2608 1482 ut
2636 1431 2916 1483 auscultes
2946 1429 3110 1485 verba
3154 1446 3297 1486 mea.

2010 1518 2064 1575 Si
2096 1535 2183 1573 me
2215 1519 2395 1589 ipsum
2428 1518 2640 1573 tradam
2678 1519 2776 1573 tibi
2809 1534 3051 1586 servum,
3085 1536 3193 1576 non
3219 1538 3317 1578 ero
3338 1526 3527 1578 condi-

1938 1629 2079 1683 gnus
2113 1613 2479 1682 providentia:
2511 1625 2633 1668 tum.
2663 1612 2870 1666 ‘l‘amen
2902 1614 3141 1669 obsecro
3177 1626 3251 1677 te,
3288 1624 3345 1669 ut
3368 1633 3525 1671 assii-

1943 1720 2058 1759 mas
2092 1705 2113 1735 ⁵
2148 1705 2244 1758 tibi
2272 1704 2527 1758 animalia
2563 1705 2679 1759 sive
2722 1704 2965 1767 servitia,
3003 1715 3057 1760 et
3088 1706 3253 1761 vadas
3293 1708 3359 1760 ad
3418 1709 3525 1761 Ga-

304 1796 604 1865 Surgeiites
643 1804 829 1850 autem
865 1797 1089 1866 pariter,
1146 1798 1417 1854 instanter
1450 1802 1682 1855 orabant
1710 1817 1827 1855 am-
1866 1793 1906 1846 Β
1939 1798 2118 1851 beluni
2160 1797 2214 1849 in
2258 1795 2436 1864 [iuges
2468 1796 2741 1850 civitatein
2778 1796 3089 1862 Medorum,
3139 1798 3448 1869 reddasque
3469 1802 3523 1854 ei

238 1888 304 1941 bo
336 1889 527 1952 simul,
562 1903 624 1944 ut
654 1890 862 1945 sanitas
892 1892 1121 1944 daretur
1151 1892 1248 1945 eis.
1296 1892 1551 1963 Dixitque
1581 1891 1825 1949 Tobias:

240 1982 459 2037 Domine
512 1982 658 2037 Deus
712 1994 926 2052 patrum
980 1992 1337 2045 nostrorum,
1389 1986 1715 2041 benedicant
1776 1997 1827 2042 te

240 2075 355 2128 cmii
408 2084 461 2127 et
504 2086 688 2137 terrm,
730 2090 990 2145 mareque
1025 2086 1079 2131 et
1117 2076 1313 2143 fontes,
1368 2089 1424 2132 et
1480 2077 1726 2144 flumina,
1775 2090 1829 2133 et

240 2183 424 2221 omnes
457 2177 729 2221 ereaturze
766 2178 870 2222 tua:
910 2184 1034 2238 quin
1082 2168 1137 2223 iii
1186 2171 1268 2223 eis
1313 2179 1463 2223 sunt.
1517 2169 1598 2224 Tu
1652 2170 1829 2224 fecisti

240 2260 399 2313 Adam
434 2262 503 2315 de
538 2261 673 2315 limo
713 2270 891 2323 terrae,
930 2260 1247 2330 dedistique
1279 2262 1330 2316 ei
1359 2262 1691 2331 adjutoriuiu
1726 2262 1829 2316 lle-

242 2367 373 2407 γεω.
408 2353 476 2406 Ει
515 2368 686 2417 nunc,
722 2352 968 2417 Domine,
1003 2362 1059 2406 tu
1095 2354 1224 2419 scis,
1269 2354 1396 2423 quia
1444 2371 1551 2408 non
1598 2355 1828 2409 luxuriae

236 2459 394 2500 causa
442 2447 658 2516 accipio
710 2460 954 2501 sororem
1010 2460 1187 2500 meam
1232 2448 1541 2518 eciijiigem,
1589 2448 1683 2502 sed
1716 2450 1827 2503 sola

239 2537 575 2605 posteritatis
615 2537 933 2601 dilectione,
988 2536 1039 2590 in
1084 2553 1191 2606 qua
1235 2538 1596 2594 benedicatur
1629 2554 1826 2597 nomen

240 2640 389 2681 tuum
426 2628 480 2681 in
521 2630 721 2682 saccola
751 2628 1099 2683 smculorum.
1140 2629 1283 2684 Dixit
1317 2645 1539 2700 quoque
1592 2632 1724 2685 Sara
1759 2634 1773 2663 ¹
1808 2648 1824 2685 :

238 2718 493 2773 Miserere
522 2719 703 2781 nobis,
748 2719 1001 2782 Domine,
1032 2720 1295 2775 miserere
1330 2721 1514 2787 nobis,
1550 2731 1605 2777 et
1632 2739 1829 2779 conse-

239 2826 530 2867 neseamus
554 2812 716 2866 ambo
748 2811 952 2880 pariter
977 2812 1117 2866 sani.

304 2905 370 2958 Et
384 2903 592 2959 factum
616 2914 700 2959 est
725 2904 868 2959 circa
895 2904 1163 2972 pullorum
1192 2908 1689 2970 eantum,acccrsiri
1708 2908 1828 2975 jus-

236 2996 305 3049 sit
348 2995 555 3064 Baguel
607 3010 795 3050 servos
844 3010 993 3059 suos,
1026 3007 1083 3050 et
1123 2997 1380 3051 abierunt
1416 3012 1540 3052 cum
1577 3015 1644 3053 eo
1684 3001 1827 3069 pari-

241 3099 339 3154 ter,
402 3099 462 3141 ut
537 3086 795 3142 foderent
841 3089 1177 3156 sepulcrum.
1232 3087 1456 3144 Dicebat
1500 3092 1699 3145 enim:
1749 3091 1825 3146 Ne

240 3180 374 3235 forte
405 3183 426 3212 ²
462 3180 629 3234 simili
666 3179 829 3235 modo
860 3182 1110 3259 evenerit
1148 3180 1223 3240 ei.
1256 3195 1367 3250 quo
1392 3191 1448 3237 et
1473 3183 1684 3237 caeteris
1714 3184 1823 3238 illis

242 3281 445 3341 septem
482 3272 613 3327 viris
641 3270 732 3340 qui
766 3279 895 3324 sunt
924 3271 1155 3340 ingressi
1185 3272 1251 3325 ad
1280 3287 1420 3326 eam.
1454 3270 1701 3342 Cumque
1731 3290 1817 3343 pa-
1836 3268 1851 3275 κ

242 3373 449 3417 rassent
488 3362 717 3427 fossam,
746 3378 1006 3418 reversus
1043 3363 1248 3433 Haguel
1278 3364 1347 3419 ad
1387 3380 1610 3419 uxorein
1643 3381 1823 3430 suain,

242 3457 368 3510 dixit
397 3456 449 3510 ei
488 3474 501 3509 :
538 3456 691 3510 Mitte
722 3472 885 3510 unam
926 3472 993 3510 ex
1029 3457 1243 3512 ancillis
1274 3456 1381 3512 tuis
1409 3498 1423 3523 ,
1477 3465 1531 3512 et
1566 3458 1749 3513 videat
1777 3459 1822 3513 si

241 3558 489 3602 mortuus
523 3556 627 3612 est,
662 3557 720 3601 ut
762 3547 1024 3617 sepeliam
1055 3563 1178 3603 eum
1214 3559 1509 3620 antequam
1542 3550 1825 3606 illucescat

240 3639 372 3693 dies.
428 3640 499 3694 At
542 3639 628 3693 illa
664 3638 815 3693 misit
854 3655 1015 3693 unam
1052 3655 1115 3694 ex
1164 3642 1380 3697 ancillis
1415 3643 1550 3698 suis.
1581 3644 1711 3711 Qua:
1743 3645 1823 3699 iii-

241 3746 417 3798 gressa
460 3732 794 3791 cubiculum.
847 3734 1045 3801 reperit
1072 3748 1168 3788 eos
1200 3734 1380 3790 salvos
1410 3746 1465 3791 et
1498 3736 1822 3803 incolumes,

244 3839 424 3878 seum
476 3826 681 3893 pariter
732 3824 1093 3879 dormientes.
1146 3825 1214 3881 Et
1267 3842 1505 3892 reversa,
1550 3830 1823 3905 nuntiavit

245 3916 443 3969 bonum
484 3914 741 3969 nuntium
792 3934 804 3969 :
843 3924 897 3969 et
938 3916 1338 3973 benedixerunt
1379 3919 1690 3985 Dominum,
1717 3922 1825 3977 Ra-

246 4009 361 4074 guel
391 4007 650 4061 videlicet
684 4018 737 4060 et
762 4007 917 4059 Anna
953 4022 1091 4060 uxor
1120 4007 1263 4086 ejus,
1295 4018 1350 4064 et
1382 4010 1644 4067 dixerunt
1671 4032 1684 4068 ;
1719 4014 1823 4067 Be-

244 4100 542 4153 iiediCimus
594 4107 668 4161 te,
718 4096 949 4152 Domine
984 4099 1127 4153 Deus
1158 4084 1344 4168 Israel,
1377 4101 1505 4172 quia
1552 4118 1660 4158 non
1695 4121 1827 4160 con-

246 4189 377 4259 tigit,
427 4188 891 4258 quemadmodum
951 4189 1279 4259 putabamus
1327 4192 1368 4247 ³.
1420 4192 1625 4251 Fecisti
1674 4197 1822 4251 enim

242 4284 523 4334 nobiscum
559 4281 999 4333 misericordiam
1044 4292 1218 4350 tuam,
1254 4292 1307 4338 et
1339 4285 1622 4340 exclusisti
1661 4304 1688 4341 a
1724 4304 1825 4343 no-

243 4374 318 4426 bis
350 4373 635 4426 inimicum
664 4384 1092 4441 persequentem
1121 4389 1240 4427 nos.
1270 4373 1530 4429 Misertus
1559 4394 1618 4431 es
1639 4392 1819 4433 autem

1931 1887 2360 1957 chirographum
2390 1904 2572 1950 suum,
2593 1897 2649 1942 et
2673 1888 2907 1957 recipias
2936 1888 3090 1942 abeo
3124 1892 3441 1959 pecuniam,
3464 1902 3524 1946 et

1933 1995 2092 2049 roges
2144 1996 2270 2035 eum
2330 1981 2518 2035 venire
2583 1980 2650 2034 ad
2719 1983 2940 2052 nuptias
2983 1998 3151 2038 meas.
3212 1982 3331 2039 Scis
3372 1985 3520 2038 enini

1932 2072 2052 2141 ipse
2083 2074 2346 2142 quoniam
2377 2085 2633 2129 numerat
2664 2088 2820 2145 pater
2847 2090 3001 2130 meus
3041 2076 3203 2143 dies;
3265 2077 3309 2131 si
3342 2080 3524 2131 tarda-

1933 2177 2061 2217 vero
2092 2179 2197 2217 una
2222 2164 2309 2217 die
2337 2165 2484 2234 plus,
2512 2167 2871 2220 contristatur
2900 2165 3083 2220 anima
3110 2166 3250 2237 ejus.
3277 2167 3344 2221 Et
3369 2180 3521 2223 οιτιθ

1932 2252 2086 2307 vides
2120 2257 2395 2323 quomodo
2434 2256 2709 2327 adjuravit
2741 2273 2826 2312 me
2858 2257 3064 2328 Raguel
3103 2259 3146 2324 ',
3173 2260 3335 2329 cujus
3363 2260 3521 2329 adju-

1943 2356 2258 2399 ramentum
2292 2362 2556 2415 aperuere
2586 2363 2693 2403 non
2736 2364 2982 2419 pessum.

2008 2435 2160 2489 'l‘une
2195 2436 2435 2507 Raptiael
2469 2453 2759 2493 assumens
2791 2450 3028 2508 quatuor
3078 2456 3145 2496 ex
3199 2441 3375 2497 servis
3414 2441 3521 2498 fia-

1931 2528 2127 2596 guelis,
2158 2540 2215 2583 et
2244 2529 2383 2585 duos
2411 2526 2673 2594 camelos,
2698 2533 2753 2586 iii
2794 2532 2970 2604 Rages
3003 2531 3283 2589 civitatem
3337 2535 3524 2592 Medo-

1934 2637 2051 2674 rum
2081 2623 2329 2691 perrexit
2365 2624 2382 2653 ⁷
2426 2641 2439 2677 :
2475 2635 2532 2678 et
2565 2624 2854 2680 inveniens
2878 2625 3165 2694 Gabelum,
3196 2630 3433 2685 reddidit
3466 2631 3517 2686 ri

1930 2711 2357 2782 chirographum
2389 2729 2573 2779 suum,
2631 2724 2686 2770 et
2724 2716 2930 2783 recepit
2965 2717 3034 2771 ab
3068 2733 3135 2773 eo
3165 2734 3385 2774 omnem
3425 2737 3521 2790 pe-

1931 2807 2174 2871 cuniam,
2208 2807 2581 2876 indicavitque
2604 2810 2650 2862 ei
2690 2810 2758 2863 de
2781 2808 2953 2863 Tobia
2978 2811 3517 2878 filioTobiae,omnia

1930 2913 2053 2967 qum
2079 2908 2234 2968 gesta
2280 2909 2412 2954 sunt
2449 2901 2470 2931 ³
2500 2916 2513 2953 :
2548 2899 2789 2970 fecitque
2814 2915 2971 2972 eum,
2996 2916 3186 2958 secum
3222 2906 3411 2963 venire
3445 2908 3517 2963 ad

1932 2991 2171 3059 nuptias.

2008 3081 2259 3153 Cumque
2295 3085 2433 3154 ingri
2453 3099 2579 3139 ssus
2612 3095 2765 3140 esset
2794 3086 3018 3143 domum
3049 3090 3331 3162 Raguelis,
3356 3094 3515 3150 inve-

1936 3173 2268 3228 uitTobiaiu
2306 3175 2744 3232 diseumbcutem
2774 3194 2794 3232 :
2818 3186 2873 3231 et
2935 3182 3217 3247 exsiliens,
3277 3186 3515 3241 osculati

1926 3273 2049 3316 sunt
2087 3279 2145 3317 se
2179 3264 2412 3317 invicem
2442 3284 2451 3317 :
2482 3276 2537 3319 et
2592 3266 2740 3321 ﬂevit
2766 3266 3006 3325 Gabelus
3035 3272 3079 3335 ’,
3118 3273 3511 3345 benedixitqiie

1928 3354 2121 3420 Deum,
2156 3365 2209 3409 et
2236 3356 2377 3409 dixit
2421 3373 2433 3408 :
2485 3357 2780 3413 Beiiedicat
2823 3369 2874 3414 te
2925 3360 3072 3415 Deus
3134 3363 3323 3429 Israel,
3379 3369 3511 3435 quia

1930 3447 2072 3501 lilius
2105 3463 2163 3503 es
2191 3449 2378 3519 optimi
2407 3450 2530 3513 viri,
2575 3460 2629 3505 et
2660 3451 2809 3520 justi,
2856 3462 2913 3507 et
2948 3454 3191 3511 timentis
3220 3457 3410 3520 Deum,
3452 3471 3511 3514 et

1925 3540 2298 3612 elcemosynas
2340 3541 2588 3598 facientis
2618 3560 2633 3599 :
2665 3556 2719 3598 et
2751 3530 2966 3600 dicatur
3001 3548 3313 3604 benedictio
3338 3567 3525 3627 super.

1927 3649 2152 3687 uxorem
2190 3644 2360 3698 tuain,
2398 3647 2452 3691 et
2477 3652 2642 3705 super
2674 3653 2929 3705 parentes
2963 3651 3200 3710 vestros,
3229 3653 3284 3699 et
3323 3646 3508 3700 videa-

1928 3728 2000 3781 tis
2033 3727 2172 3781 lilios
2204 3742 2437 3794 vestros,
2473 3740 2527 3783 ct
2561 3731 2700 3787 lilios
2725 3732 2962 3788 tilioruni
2993 3747 3304 3792 vestrorum
3330 3756 3505 3809 usque

1929 3820 1981 3873 in
2010 3821 2220 3874 tertiam
2267 3832 2323 3875 et
2375 3833 2623 3892 quartam
2696 3826 3151 3893 generationem:
3190 3840 3247 3885 et
3292 3833 3363 3886 sit
3416 3848 3504 3886 se-

1928 3927 2052 3967 mcn
2086 3913 2128 3943 ²⁶
2162 3924 2399 3969 vestrum
2431 3916 2777 3970 benedictum
2805 3933 2834 3972 a
2876 3918 2988 3974 Deo
3019 3919 3205 3985 Israel,
3258 3924 3351 3992 qui
3420 3941 3507 3977 ris-

1929 4020 2059 4079 gnat
2095 4011 2147 4062 in
2179 4009 2373 4064 srecula
2410 4010 2760 4067 saeculorum.
2819 4011 3068 4082 Cumque
3104 4030 3296 4071 omnes
3334 4018 3508 4072 dixis-

1928 4112 2072 4166 sent,
2138 4103 2336 4167 Amen,
2415 4111 2773 4177 accesserunt
2848 4107 2913 4160 ad
2993 4108 3356 4163 convivium:
3402 4112 3500 4166 sed

1926 4206 2124 4248 etcum
2170 4196 2365 4250 timore
2402 4195 2616 4249 Domini
2648 4197 2964 4267 nuptiarum
3005 4201 3316 4256 convivium
3341 4218 3495 4257 exer-

1928 4288 2146 4341 cebant.

2000 4381 2156 4452 [ϐαρ.
2192 4379 2229 4432 Χ
2264 4379 2444 4451 ]Cum
2476 4397 2605 4436 vero
2647 4398 2828 4438 moras
2859 4384 3061 4439 faceret
3088 4385 3306 4452 Tobias,
3343 4403 3441 4442 cau
3475 4404 3507 4446 a

240 4468 454 4519 duobus
489 4465 689 4519 unicis.
726 4462 833 4518 Fac
862 4480 981 4526 eos,
1019 4463 1264 4523 Domine.
1304 4466 1520 4535 plenius
1552 4468 1571 4498 "
1604 4469 1823 4524 betiedi-
1854 4484 1905 4543 ι)
1936 4474 2273 4542 nuptiarum,
2307 4472 2578 4527 sollicitus
2607 4483 2727 4527 erat
2760 4487 2913 4543 pater
2972 4478 3091 4547 ejus
3144 4478 3365 4546 Tobias,
3418 4482 3507 4535 di-

238 4575 359 4613 cere
399 4571 449 4611 te
501 4578 514 4611 :
550 4569 605 4611 et
640 4558 974 4613 sacrificium
1021 4560 1116 4612 tibi
1151 4560 1327 4615 laudis
1360 4570 1465 4614 tute
1500 4570 1554 4614 et
1592 4578 1706 4617 sua:
1738 4581 1824 4616 sa-

239 4654 425 4705 nitatis
469 4652 693 4713 oflcrre,
748 4662 805 4705 ut
838 4662 1133 4719 cognoscat
1173 4654 1503 4707 universitas
1538 4655 1819 4723 gentium,

237 4745 357 4811 quia
397 4756 449 4797 tu
482 4758 544 4796 cs
575 4743 714 4795 Deus
745 4743 893 4796 solus
927 4745 978 4795 iii
1014 4746 1268 4799 universa
1304 4754 1470 4797 terra.
1507 4744 1821 4814 Statimque

239 4839 489 4907 pne-cepit
527 4837 704 4891 servis
753 4838 869 4890 suis
910 4835 1139 4905 Raguel,
1195 4846 1252 4889 ut
1289 4836 1562 4906 replerent
1595 4838 1818 4904 fossam,

237 4950 393 5002 quani
419 4932 684 4993 fecerant,
710 4932 1028 4999 priusquam
1056 4929 1413 4983 elticescei-et.
1440 4928 1606 4983 Uxori
1633 4941 1816 4985 autem

238 5043 339 5078 sua:
395 5026 554 5086 dixit,
612 5034 671 5076 ut
702 5025 1005 5076 instruciet
1039 5023 1373 5085 convivium,
1405 5032 1457 5074 et
1487 5036 1819 5092 praepararet

304 5179 321 5210 ‘
361 5179 591 5234 Palatio.
630 5192 734 5232 ius.
775 5193 899 5231 cum
941 5176 1207 5247 Vulgatis,
1239 5176 1384 5230 Dixit
1424 5179 1597 5248 itaque
1638 5178 1810 5245 Sara,

304 5324 323 5353 ²
347 5321 480 5375 llliid
506 5321 642 5389 forte
674 5319 903 5373 Palatin.
939 5334 1041 5374 ms.
1076 5328 1240 5375 tacet.

305 5389 325 5418 ⁸
358 5396 520 5445 Audit
552 5398 698 5445 idem
742 5406 844 5443 uis.
874 5391 962 5443 hic
991 5393 1158 5443 nobis.

303 5464 324 5490 ⁸
348 5464 453 5515 Ms.
499 5460 777 5514 Palatinus
814 5461 879 5511 In
908 5462 1134 5529 plenius.
1192 5461 1363 5516 Paulo
1404 5471 1530 5529 post
1559 5477 1659 5530 pro
1688 5464 1811 5515 uiii-

237 5536 473 5594 eersitas,
509 5536 653 5599 quod
692 5543 859 5584 nostri
889 5532 1091 5599 aliique
1110 5548 1303 5590 omnes
1326 5534 1447 5586 libri
1485 5535 1805 5601 restituunt,

241 5616 426 5657 vitiose
453 5607 656 5657 tectum
689 5612 773 5654 est
796 5619 824 5655 a
864 5602 1178 5659 Martiaiiieo
1208 5604 1589 5659 universitatis.

304 5678 323 5705 ⁸
357 5674 541 5727 Nostri
574 5688 705 5727 mss.
730 5673 960 5727 Obsecro
993 5682 1047 5723 ut
1078 5690 1279 5734 sumas,
1308 5677 1427 5729 sine
1458 5683 1528 5735 te,
1555 5684 1660 5729 etc.

306 5745 327 5775 ⁸
359 5744 509 5803 L'nus
539 5744 768 5799 l'alatin.
801 5760 904 5799 uis.
938 5746 1211 5809 Quoinoxo
1238 5745 1441 5815 Itaque!
1494 5746 1804 5813 conjui‘ave-

1928 4581 2058 4620 eens
2090 4583 2102 4619 :
2139 4566 2303 4620 Putas
2338 4582 2507 4634 quare
2539 4578 2784 4620 moratur
2818 4568 2961 4623 lilitts
2988 4586 3162 4632 meus,
3192 4584 3285 4626 alit
3336 4590 3508 4641 quare

1926 4657 2180 4712 detentus
2206 4657 2430 4711 estibi?
2472 4657 2709 4715 Putasne
2743 4658 2983 4713 Gabelus
3033 4668 3281 4716 mortuus
3313 4673 3418 4728 est,
3452 4675 3503 4719 et

1928 4764 2088 4803 nemo
2122 4749 2317 4803 reddet
2347 4749 2422 4803 illi
2450 4751 2738 4820 pecuniam
2764 4751 2789 4803 ?
2842 4750 3023 4821 Coepit
3080 4762 3264 4808 autem
3302 4758 3506 4809 contri-

1924 4845 2058 4897 stari
2092 4841 2259 4895 nimis
2292 4840 2431 4910 ipse,
2458 4851 2514 4895 et
2570 4843 2726 4894 Anna
2792 4858 2929 4896 uxor
2986 4844 3108 4912 ejus
3135 4859 3259 4898 cum
3310 4860 3377 4900 eo
3407 4864 3420 4899 :
3451 4857 3504 4901 ct

1925 4940 2213 4999 emperunt
2238 4933 2401 4985 ambo
2431 4930 2596 4985 simul
2650 4932 2822 4985 ﬂere:
2856 4946 2923 4985 eo
2976 4933 3120 5001 quod
3170 4934 3259 4989 die
3295 4947 3504 4991 statuto

1924 5024 2149 5079 minime
2187 5032 2557 5079 reverteretur
2588 5022 2731 5077 filius
2765 5038 2955 5077 eorum
3018 5024 3087 5079 ad
3141 5040 3261 5081 eos.
3310 5026 3504 5082 Flebat

1920 5186 1987 5236 νίι
2019 5200 2115 5236 ηιρ.

1994 5256 2010 5285 ’
2054 5254 2219 5309 Tacet
2244 5255 2387 5309 idem
2428 5272 2528 5309 ins.
2582 5254 2669 5307 hic
2712 5268 2899 5308 vocem
2931 5252 3219 5315 civitatem,
3258 5269 3494 5320 mosque

1919 5326 2103 5385 habet,
2132 5324 2199 5377 Et
2229 5329 2434 5378 veniens
2455 5328 2520 5378 ad
2544 5322 2820 5386 Gubclmu,
2846 5325 2988 5377 dedit
3020 5326 3067 5377 ei
3090 5325 3492 5393 chirographum

1916 5413 2037 5465 pro,
2069 5394 2137 5448 Et
2160 5397 2427 5449 inveniens
2453 5396 2733 5460 Cabelum,
2766 5404 2873 5450 etc.

1985 5467 2007 5499 ⁸
2027 5468 2175 5520 ldeiii
2214 5482 2315 5519 ms.
2342 5465 2473 5531 Quae
2503 5467 2551 5518 ei
2572 5476 2715 5533 gesta
2737 5473 2882 5517 sunt.

1985 5539 2005 5569 ’
2047 5539 2173 5588 l’lus
2210 5537 2409 5591 iterum
2447 5538 2609 5590 liabet
2639 5537 2778 5605 idem
2808 5550 2939 5589 mss.
2967 5533 3138 5592 Flevit
3167 5538 3345 5605 itaque
3376 5533 3457 5591 Gn

1912 5609 2077 5670 belus,
2115 5617 2251 5672 tum,
2278 5605 2561 5662 Benedicat
2598 5616 2646 5659 te
2684 5604 2937 5659 Dominus
2964 5606 3118 5670 Deus,
3144 5616 3255 5661 etc.

1990 5680 2030 5708 ¹⁰
2057 5679 2158 5732 Pro
2183 5695 2355 5734 semen
2384 5678 2438 5732 in
2465 5677 2713 5733 Palatino
2739 5691 2842 5729 ius.
2871 5688 3181 5731 estnomen.
