3966 6184
472 316 544 378 35

469 423 637 491 igitur
701 424 875 470 mater
936 414 1059 484 ejus
1118 410 1623 466 irrcmediahilibus
1692 406 1989 475 lacrymis‘

466 528 635 585 atque
675 512 893 566 dicebat
924 527 939 563 :
977 507 1128 561 lleul
1173 508 1276 558 heu
1306 505 1319 556 l
1367 518 1473 566 me,
1502 501 1576 554 ﬁli
1611 500 1705 564 ttti,
1738 510 1796 553 ut
1825 496 1957 567 quid
1992 506 2045 551 te

472 608 729 662 misimus
761 599 1116 673 peregrinari,
1164 597 1348 650 lumen
1377 593 1662 647 oculorum
1710 600 2045 655 nostrorum,

466 705 721 759 baculum
752 697 1056 753 senectutis
1084 702 1308 756 nostra},
1340 691 1453 745 sola
1469 690 1607 743 tium
1644 688 1771 741 vitae
1820 697 2045 749 nostr-J2,

469 809 620 864 spem
651 789 988 862 posteritatis
1036 783 1268 838 nostrae!
1312 780 1509 836 Ontnia
1540 778 1703 832 simul
1741 777 1796 830 in
1856 785 1907 830 te
1940 790 2049 830 uno

472 889 764 949 habentes,
802 893 852 937 te
878 897 984 935 non
1013 879 1309 933 debuimus
1341 875 1619 929 dimittere
1653 888 1683 926 a
1716 870 1895 926 nobis.
1949 868 2049 923 Cui

471 983 685 1035 dicebat
719 978 917 1030 Tobias
948 987 963 1027 :
996 973 1162 1034 Tace,
1192 979 1249 1025 et
1280 969 1392 1021 noli
1452 965 1687 1026 turbari,
1739 977 1910 1017 sanus
1966 968 2052 1014 est

475 1070 617 1123 ﬁlius
658 1075 845 1119 noster
873 1080 887 1116 :
921 1071 1055 1115 satis
1086 1060 1362 1113 ﬁdelisest
1383 1056 1466 1108 vir
1495 1054 1609 1117 ille,
1641 1068 1768 1107 cum
1803 1066 1912 1119 quo
1948 1051 2051 1103 nti-

475 1160 648 1213 simus
667 1173 818 1210 eum.
858 1155 951 1207 Illa
980 1162 1160 1205 autem
1197 1150 1347 1203 nullo
1372 1146 1536 1200 modo
1566 1143 1837 1198 consolari
1897 1150 2053 1210 pote-

478 1260 584 1309 rat.
609 1248 702 1301 scd
736 1245 985 1314 quotidie
1006 1241 1265 1296 exsilieus
1289 1235 1802 1304 circumSpieiebat,
1836 1241 1895 1285 et
1942 1233 2053 1284 cir-

479 1341 664 1394 cuibat
725 1341 841 1390 vias
897 1348 1112 1392 omnes.
1198 1344 1293 1399 per
1370 1342 1507 1397 quas
1563 1340 1691 1394 spes
1773 1322 2055 1378 remeandi

480 1431 795 1490 videbatur,
831 1435 887 1479 ut
912 1422 1106 1494 procul
1136 1421 1355 1475 videret
1382 1433 1533 1481 eum,
1593 1416 1637 1470 si
1670 1415 1789 1468 ﬁeri
1848 1423 2055 1483 posset,

483 1522 816 1575 venientem.

554 1614 626 1665 At
671 1626 802 1664 vero
855 1607 1063 1678 Raguel
1120 1604 1339 1659 dicebat
1397 1602 1467 1656 ad
1526 1614 1789 1672 generum
1848 1611 2056 1663 suum:

484 1704 640 1756 Mane
674 1703 780 1764 ltic,
816 1708 871 1754 et
896 1713 996 1765 ego
1027 1698 1237 1750 mittam
1264 1696 1518 1748 nuntium
1568 1692 1765 1747 salutis
1806 1691 1873 1746 de
1904 1700 1958 1744 te
1984 1688 2052 1743 ad

1353 302 1410 363 S.
1459 296 1900 359 lllERONYMI
1946 292 2216 356 DlVlNA
2261 282 2796 353 BIBLIOTHECA.

2029 445 2042 466 ν
2080 423 2115 465 Α

3659 276 3730 343 36
3792 323 3803 329 -

2222 402 2375 456 Tunc
2407 400 2763 471 praecucurrit
2791 396 2962 459 canis,
3000 392 3091 465 qui
3129 390 3289 445 simul
3327 388 3445 444 luer
3484 398 3503 444 t
3535 389 3588 443 iit
3613 390 3729 451 Via,

2150 505 2204 548 et
2253 494 2410 562 quasi
2441 492 2669 545 nuntius
2707 489 3022 546 adveniens,
3062 482 3431 538 blandimento
3459 495 3571 534 sua:
3604 495 3731 532 cau-

2153 588 2236 641 da:
2270 584 2559 652 gaudebat.
2592 582 2655 637 Et
2686 592 3027 648 consurgens
3051 590 3229 630 czrcus
3263 582 3417 643 pater
3452 574 3590 643 ejus.
3622 588 3733 626 ca:-

2151 682 2232 751 pit
2260 678 2547 735 otl'endens
2576 675 2810 746 pedibus
2846 687 3093 736 currere,
3113 681 3165 723 et
3185 671 3309 722 data
3346 684 3507 720 manu
3535 682 3731 735 puero,

2152 772 2398 828 occurrit
2430 770 2646 823 obviam
2686 767 2794 820 ﬁlio
2825 781 2944 820 suo.
2990 764 3057 817 Et
3106 760 3419 830 suscipiens
3452 758 3737 813 osculatus

2152 873 2238 919 est
2272 878 2396 920 eum
2423 878 2547 916 cum
2570 874 2737 913 uxore
2752 873 2872 912 sua.
2893 864 3252 921 ctcmperunt
3284 852 3445 904 ambo
3469 852 3597 902 ειμι-«ξ
3629 866 3739 918 prre

2154 957 2375 1025 gaudio.
2413 953 2663 1021 Cumque
2703 952 3024 1005 adorasseut
3046 946 3240 1004 Deum,
3275 952 3331 997 et
3359 945 3564 1013 gratias
3596 944 3739 1012 egis-

2155 1056 2304 1110 sent,
2337 1044 2727 1099 consederunt.

2227 1136 2378 1188 Tunc
2407 1149 2632 1187 sumens
2664 1130 2866 1185 Tobias
2897 1128 2963 1183 de
3001 1128 3124 1182 felle
3163 1127 3351 1196 piscis,
3380 1125 3563 1179 linivit
3599 1141 3735 1177 ocu-

2158 1231 2238 1283 los
2272 1228 2443 1297 patris
2472 1228 2553 1281 sui
2592 1227 2637 1279 ‘.
2682 1226 2747 1279 Et
2779 1224 3041 1278 sustinuit
3084 1224 3237 1290 quasi
3271 1219 3555 1271 dimidiam
3615 1218 3733 1270 l't-rc

2156 1320 2345 1373 horam
2385 1328 2489 1372 :et
2540 1315 2707 1383 coepit
2770 1313 2968 1382 altitth
3028 1326 3094 1365 ex
3130 1312 3303 1363 orulis
3370 1309 3512 1375 ejus,
3585 1307 3739 1375 quasi

2159 1411 2476 1465 membrana
2504 1408 2614 1468 ovi,
2640 1405 2850 1475 egredi.
2888 1405 3058 1470 Quam
3086 1399 3508 1472 apprehendens
3537 1398 3745 1452 Tobias

2163 1502 2328 1557 traxit
2357 1502 2424 1555 ab
2462 1499 2635 1553 oculis
2675 1499 2826 1567 ejus,
2865 1496 3158 1563 statimque
3190 1494 3364 1546 visunt
3413 1493 3638 1557 recepit.
3678 1489 3744 1543 Et

2161 1594 2757 1667 gloriﬁcabatttDetnn,
2817 1594 2932 1657 ipse
2998 1586 3272 1649 videlicet,
3314 1598 3367 1639 et
3406 1601 3544 1639 uxor
3598 1584 3741 1652 ejus.

2162 1698 2217 1741 et
2252 1700 2444 1739 omnes
2477 1684 2572 1753 qui
2618 1680 2868 1736 sciebant
2888 1693 3039 1732 eum.
3093 1675 3429 1743 Dicebatque
3493 1674 3742 1727 Tobias:

483 1794 712 1848 Tobiam
746 1802 956 1862 patrem
988 1798 1164 1843 tuum.
1223 1786 1326 1843 Cui
1358 1784 1558 1838 Tobias
1592 1784 1670 1837 ait
1706 1800 1721 1837 :
1752 1781 1871 1852 Ego
1929 1778 2058 1833 novi
2089 1757 2136 1817 Β
2165 1778 2435 1834 Bcuedico
2460 1786 2530 1839 te,
2567 1774 2793 1828 Domine
2827 1772 2974 1825 Deus
3006 1769 3196 1832 Israel,
3246 1770 3374 1837 quia
3414 1778 3469 1820 tu
3509 1766 3746 1836 castiga-

484 1886 618 1954 quia
650 1892 805 1952 pater
839 1895 993 1935 meus
1016 1890 1073 1935 et
1100 1888 1275 1933 mater
1307 1891 1427 1933 mea
1462 1874 1624 1929 modo
1654 1874 1780 1929 dies
1835 1887 2063 1940 compu-

486 1988 628 2039 tant,
659 1987 715 2031 et
741 1976 1026 2030 cruciatur
1049 1972 1275 2042 spiritus
1302 1984 1491 2024 eorum
1529 1969 1584 2022 in
1621 1968 1776 2036 ipsis.
1809 1966 2063 2033 Cumque

490 2070 670 2122 verbis
753 2067 938 2121 multis
991 2071 1210 2134 rogaret
1270 2060 1480 2127 Raguel
1562 2059 1812 2122 Tobiam,
1871 2065 1926 2109 et
1975 2054 2067 2109 ille

489 2179 612 2217 eum
644 2161 789 2215 nulla
828 2159 1042 2213 ratione
1065 2156 1230 2210 vellet
1266 2153 1481 2212 audire.
1512 2151 1735 2205 tradidit
1766 2149 1817 2202 ei
1849 2148 2065 2203 Saram.

486 2267 545 2309 et
564 2253 847 2308 dimidiam
887 2257 1103 2318 partem
1131 2245 1313 2300 omnis
1342 2243 1663 2298 substantia:
1698 2255 1810 2294 suae
1844 2240 1895 2292 in
1929 2251 2065 2302 pue-

489 2349 588 2413 ris,
612 2347 665 2399 itt
696 2343 915 2415 put-llis,
940 2342 995 2395 in
1023 2338 1347 2409 pecudibus,
1367 2336 1421 2390 in
1437 2334 1684 2397 camelis,
1704 2340 1758 2386 et
1785 2332 1834 2383 in
1863 2328 2067 2393 vaccis,

490 2449 547 2493 et
582 2440 635 2490 in
675 2436 908 2504 pecunia
939 2432 1108 2487 multa
1138 2447 1154 2487 :
1183 2438 1240 2484 et
1269 2428 1483 2483 salvum
1530 2436 1695 2493 atque
1742 2423 2066 2493 gaudentem

486 2531 843 2585 dimisiteum
884 2544 912 2579 a
935 2540 1017 2587 se,
1048 2523 1241 2578 dicens
1282 2536 1297 2572 :
1330 2518 1574 2588 Angelus
1606 2515 1821 2570 Domini
1845 2520 2070 2567 sanctus

492 2628 567 2682 sit
597 2625 651 2677 iu
689 2622 891 2677 itinere
928 2626 1133 2682 vestro,
1168 2615 1545 2685 perducatque
1578 2625 1676 2665 vos
1737 2606 2069 2671 incolumes,

490 2711 865 2770 etinveniatis
904 2706 1087 2761 omnia
1117 2712 1267 2758 recte
1307 2702 1457 2757 circa
1511 2708 1768 2769 parentes
1834 2705 2071 2758 vestros,

492 2817 553 2860 ct
583 2798 974 2858 vidcantoculi
1004 2796 1110 2852 mei
1140 2795 1280 2853 ﬁlios
1315 2801 1529 2847 vestros
1579 2790 1903 2860 priusquam
1952 2800 2074 2839 meo

494 2902 630 2954 riar.
687 2895 751 2949 Et
806 2887 1285 2962 apprehendentes
1350 2890 1613 2954 parentes
1673 2881 1835 2934 tiliam
1895 2892 2075 2943 suam,

496 2989 725 3044 osculati
759 2996 890 3040 sunt
947 2997 1091 3043 eam,
1157 2988 1214 3033 et
1247 2979 1580 3031 diutiseruut
1624 2974 1750 3027 ire:
1792 2978 2079 3024 ttioneittes

495 3095 617 3133 eam
640 3078 913 3129 honorare
952 3084 1194 3131 soceros,
1245 3066 1483 3135 diligere
1544 3067 1828 3127 ntaritum,
1886 3075 2075 3130 regere

499 3171 784 3231 nuntiam,
809 3168 1122 3233 gubernare
1152 3160 1401 3222 domum,
1432 3164 1486 3211 ct
1516 3171 1573 3211 se
1618 3157 1790 3226 ipsam
1841 3157 2079 3223 irrepre-

503 3261 832 3316 heusmilem
865 3255 1155 3310 exhibere.

574 3352 731 3424 [Cup.
760 3347 877 3419 XL]
930 3348 1178 3414 Cumque
1234 3349 1674 3402 reverterentur,
1710 3348 2077 3408 pervenerunt

502 3447 570 3498 ad
602 3445 838 3503 Cltaran.
874 3455 997 3509 quae
1023 3446 1109 3492 est
1140 3438 1191 3491 in
1231 3436 1412 3491 medio
1446 3434 1644 3488 itinere
1700 3442 1890 3486 contra
1928 3430 2083 3486 Nini-

506 3552 635 3597 veu,
667 3533 959 3588 undecimo
994 3523 1111 3593 die,
1140 3529 1386 3597 dixitque
1426 3529 1650 3594 angelus
1703 3541 1719 3579 :
1757 3523 1928 3577 Tobia
1964 3528 2073 3575 tra-

506 3634 613 3687 tcr,
644 3624 758 3677 scis
803 3619 1267 3690 quemadmodum
1303 3616 1574 3685 reliquisti
1624 3624 1837 3684 patrem
1900 3623 2081 3667 tuum.

507 3716 563 3769 Si
604 3717 779 3783 placet
806 3712 993 3780 itaque
1038 3709 1159 3775 tibi,
1195 3714 1590 3778 przecedamus,
1647 3716 1701 3758 et
1741 3707 1884 3757 lento
1911 3706 2082 3774 gradu

504 3814 809 3875 sequantur
844 3805 946 3857 iter
1009 3811 1258 3856 nostrum
1292 3799 1531 3863 familiae,
1598 3797 1760 3852 simul
1792 3811 1915 3850 cum
1957 3808 2089 3847 con~

504 3901 632 3970 jnge
684 3908 798 3962 tua,
834 3906 1042 3950 etcum
1080 3892 1438 3947 animalibus.
1503 3890 1751 3959 Cumque
1815 3887 1917 3942 hoc
1972 3886 2090 3954 pla-

507 3994 720 4044 cuisset
781 3997 840 4044 ut
906 3988 1085 4051 irent,
1142 3984 1283 4039 dixit
1333 3983 1572 4053 ltaphael
1660 3981 1725 4035 ad
1794 3979 2023 4034 Tobiam
2075 3994 2089 4031 :

512 4086 667 4139 Tolle
732 4093 911 4136 tecum
975 4094 1040 4133 ex
1108 4076 1235 4130 felle
1313 4076 1541 4145 piscis:
1615 4076 1722 4127 erit
1792 4074 2093 4141 enimjne-

512 4175 840 4230 cas-sariunt.
914 4169 1063 4224 Tulit
1126 4170 1313 4237 itaque
1363 4165 1563 4220 Tobias
1606 4180 1674 4220 ex
1737 4163 1862 4220 folle
1889 4162 2002 4226 illo,
2036 4169 2094 4215 et

516 4265 798 4317 abierunt.

589 4356 745 4408 Anna
782 4362 968 4407 autem
1022 4350 1248 4407 sedebat
1293 4364 1454 4404 secus
1506 4346 1674 4409 viam,
1734 4345 1981 4416 quotidie
2038 4345 2093 4399 in

2168 1873 2237 1923 sti
2272 1885 2378 1933 me,
2408 1878 2463 1923 et
2500 1877 2558 1920 tu
2588 1864 2805 1922 salvasti
2838 1878 2924 1917 me
2967 1877 2983 1916 :
3018 1870 3073 1915 et
3111 1876 3239 1915 ecce
3293 1875 3393 1930 ego
3424 1858 3581 1913 video
3634 1860 3750 1913 To-

2168 1961 2309 2014 biam
2354 1959 2523 2013 tilium
2562 1970 2768 2011 meum.

2240 2053 2487 2122 Ingressa
2525 2058 2607 2106 est
2642 2049 2812 2103 etiam
2844 2055 2968 2114 post
2999 2052 3208 2115 septem
3256 2043 3376 2099 dies
3411 2041 3544 2096 Sara
3610 2058 3753 2095 uxor

2169 2142 2264 2196 ﬁlii
2289 2143 2429 2213 ejus,
2464 2153 2520 2195 et
2542 2140 2723 2195 omnis
2753 2137 2957 2190 familia
3001 2142 3237 2199 sana,et
3288 2148 3507 2204 pecora,
3548 2142 3602 2185 et
3658 2148 3756 2185 ca-

2170 2232 2321 2294 lllt'll,
2356 2240 2413 2285 ct
2456 2229 2688 2299 pecunia
2719 2228 2887 2281 multa
2913 2226 3136 2291 uxoris;
3168 2226 3260 2278 sed
3294 2233 3351 2278 et
3376 2223 3467 2276 illa
3497 2224 3752 2290 pecunia,

2170 2338 2334 2394 quant
2373 2330 2659 2390 receperat
2688 2334 2717 2371 a
2749 2318 2957 2373 Gabelo
2996 2329 3016 2373 :
3064 2328 3121 2370 et
3150 2315 3391 2369 narravit
3438 2314 3755 2384 parentibus

2171 2415 2288 2468 suis
2321 2412 2507 2466 omnia
2552 2409 2820 2465 beneﬁcia
2854 2409 2974 2472 Dei,
3013 2424 3133 2477 quae
3171 2407 3391 2461 fecisset
3425 2408 3569 2461 circa
3622 2421 3753 2460 eun.

2174 2520 2271 2572 per
2301 2504 2577 2557 hominem
2608 2501 2699 2570 qui
2722 2516 2851 2555 eum
2868 2503 3120 2554 duxerat.
3142 2499 3529 2566 Vettcruntque
3549 2498 3757 2552 Acliior

2172 2604 2226 2651 et
2256 2596 2464 2651 Nabatlt
2494 2594 2811 2649 consobrini
2837 2593 3045 2659 Tobize,
3080 2591 3380 2663 gaudentes
3404 2591 3472 2645 ad
3500 2591 3755 2653 Tobiam,

2175 2700 2227 2743 et
2262 2689 2710 2759 congratulantes
2741 2686 2791 2740 ei
2830 2684 2898 2740 de
2920 2685 3178 2740 omnibus
3210 2684 3391 2749 bonis,
3448 2700 3570 2754 quae
3603 2686 3754 2738 circa

2176 2782 2330 2837 illum
2355 2780 2673 2835 ostenderat
2700 2779 2867 2833 Deus.
2902 2777 2968 2830 Et
2993 2793 3090 2847 per
3124 2789 3333 2846 septem
3377 2777 3492 2832 dies
3522 2778 3758 2848 epulan-

2179 2882 2281 2936 tes,
2310 2886 2502 2927 omnes
2535 2886 2658 2925 cum
2681 2871 2879 2941 gaudio
2909 2885 3103 2940 magno
3149 2870 3320 2940 gavisi
3357 2882 3507 2927 sunt.

2252 2962 2410 3035 [Cap.
2444 2960 2591 3034 Xll.]
2630 2961 2782 3015 Tunc
2844 2963 3057 3014 vocavit
3109 2963 3176 3016 ad
3208 2976 3268 3017 se
3302 2961 3529 3016 Tobiam
3582 2959 3757 3016 ﬁlium

2179 3071 2361 3119 suum,
2391 3055 2637 3122 dixitque
2664 3054 2712 3107 ei
2746 3064 2760 3106 :
2788 3052 2937 3118 Quid
3000 3069 3293 3123 possumus
3337 3062 3465 3108 dare
3518 3057 3636 3109 viro
3666 3056 3761 3109 isti

2184 3159 2395 3210 sancto,
2434 3147 2526 3216 qui
2558 3147 2711 3200 venit
2741 3145 2959 3199 tecum?
2991 3144 3354 3216 ReSpondeus
3383 3147 3766 3213 Tobias,dixit

2184 3238 2321 3310 patri
2385 3250 2524 3291 suo:
2567 3237 2749 3301 Pater,
2814 3253 2977 3305 quam
3035 3241 3342 3297 mercedem
3386 3240 3637 3294 dabimus
3672 3240 3766 3294 et?

2180 3340 2275 3383 aut
2301 3331 2428 3398 quid
2464 3330 2690 3400 dignum
2730 3333 2930 3398 poterit
2991 3346 3114 3386 esse
3142 3331 3425 3386 beneﬁciis
3481 3331 3643 3402 ejus?
3681 3331 3766 3386 Me

2184 3424 2338 3477 duxit
2363 3419 2660 3478 et'reduxit
2714 3438 2934 3486 sanum,
2970 3427 3254 3492 pecuniam
3318 3440 3346 3477 a
3390 3424 3595 3479 Gabelo
3643 3426 3766 3495 ipse

2185 3515 2416 3586 recepit,
2445 3532 2673 3570 uxorem
2705 3516 2825 3587 ipse
2866 3532 2954 3571 me
3014 3516 3216 3573 habere
3255 3518 3407 3583 fecit,
3457 3530 3510 3573 et
3563 3520 3769 3572 tiaettto-

2187 3613 2337 3666 nium
2373 3612 2442 3667 ab
2473 3628 2533 3665 ea
2564 3612 2679 3680 ipse
2720 3614 3081 3682 compescuit,
3124 3615 3385 3684 gaudium
3438 3616 3766 3685 parentibus

2186 3702 2308 3769 ejus
2340 3701 2470 3755 fecit
2512 3702 2558 3764 ⁸,
2607 3717 2694 3756 me
2722 3702 2900 3770 ipsum
2955 3718 2985 3758 a
3050 3702 3402 3756 devoratione
3452 3703 3620 3772 piscis
3653 3703 3769 3757 cri~

2190 3792 2329 3860 pnit,
2356 3800 2406 3845 te
2435 3806 2653 3860 quoque
2679 3792 2865 3846 videre
2895 3791 3021 3846 fecit
3083 3793 3265 3847 lumen
3302 3793 3450 3858 cmli,
3486 3804 3542 3847 et
3606 3794 3769 3848 bonis

2191 3882 2453 3937 omnibus
2479 3897 2577 3951 per
2610 3898 2735 3936 eum
2777 3885 2969 3954 repleti
3010 3899 3224 3939 sumus.
3258 3885 3397 3950 Quid
3434 3885 3510 3939 illi
3549 3888 3615 3940 ad
3651 3888 3771 3941 hac

2192 3973 2496 4041 peterimus
2530 3972 2755 4043 diguunt
2798 3972 2972 4027 dare?
2998 3972 3101 4028 Sed
3134 3984 3260 4042 peto
3298 3982 3369 4040 te,
3395 3986 3548 4044 pater
3580 3977 3676 4038 mi,
3714 3986 3772 4029 ut

2195 4080 2352 4134 roges
2375 4080 2522 4130 eum,
2562 4066 2605 4119 si
2643 4065 2786 4121 forte
2816 4065 3137 4136 dignabitur
3164 4067 3510 4121 medietatem
3547 4068 3613 4122 de
3652 4084 3772 4121 om-

2193 4157 2387 4225 nibus,
2425 4172 2547 4226 qua:
2572 4157 2734 4211 allata
2770 4167 2920 4223 sunt,
2955 4157 3063 4212 sibi
3096 4172 3405 4213 assumere.

2268 4250 2334 4303 Et
2366 4258 2623 4305 vocantes
2660 4264 2809 4313 eum,
2840 4260 2996 4319 pater
3048 4249 3263 4304 scilicet
3315 4264 3369 4304 et
3410 4250 3576 4317 ﬁlius,
3634 4250 3775 4304 tule-

2198 4351 2329 4396 runt
2362 4356 2487 4395 eum
2527 4343 2578 4394 iit
2627 4351 2838 4409 partem
2880 4352 2894 4394 :
2923 4352 2979 4395 et
3014 4357 3206 4411 rogare
3238 4354 3546 4411 ceperunt,
3596 4354 3654 4396 ut
3686 4345 3773 4397 di-

518 4446 815 4515 snpercilio
852 4444 1072 4508 montis,
1115 4443 1258 4496 unde
1290 4440 1566 4510 respicere
1601 4447 1818 4509 poterat
1878 4440 1943 4490 de
1972 4439 2093 4491 lon-
2128 4462 2172 4517 Ι)
2201 4444 2459 4506 gnaretur
2486 4433 2767 4489 dimidiam
2793 4444 2999 4502 partem
3021 4435 3291 4496 omnium,
3314 4450 3435 4504 quae
3453 4435 3776 4499 attulerant,

526 4553 758 4608 ginqua.
795 4538 861 4590 Et
892 4536 1020 4588 dum
1044 4549 1111 4587 ex
1143 4532 1332 4587 eodem
1390 4533 1510 4584 loco
1566 4531 1945 4598 specularetur
2000 4528 2098 4582 ad-

523 4639 742 4681 ventum
770 4628 911 4698 ejus,
939 4626 1075 4678 vidit
1102 4639 1132 4678 a
1165 4624 1350 4692 longe,
1376 4632 1431 4676 et
1458 4624 1604 4677 illico
1634 4622 1855 4692 agnovit
1878 4621 2101 4675 venien-

525 4734 631 4774 tem
673 4720 844 4771 lilium
884 4733 1048 4772 suum
1085 4730 1473 4785 :currensque
1512 4715 1785 4769 nuntiavit
1818 4714 1939 4768 viro
1974 4728 2097 4778 suo,

523 4812 712 4866 dicens
748 4809 929 4865 :Ecce
948 4810 1097 4864 venit
1139 4808 1286 4863 ﬁlius
1336 4818 1462 4862 tuus
1493 4822 1510 4864 :
1542 4807 1797 4877 Dixitque
1856 4805 2100 4876 Raphael

523 4905 589 4957 ad
627 4901 896 4955 Tobiam:
932 4901 1001 4953 At
1030 4900 1121 4953 ubi
1154 4899 1431 4953 introieris
1456 4898 1678 4951 domum
1714 4907 1884 4961 tuam,
1917 4896 2101 4948 statim

524 4995 691 5049 adora
724 4993 1017 5047 Dominum
1052 4992 1220 5046 Deum
1247 5002 1398 5044 tuum
1434 5000 1529 5045 :et
1558 4991 1764 5059 gratias
1819 5000 1986 5056 agens
2028 4985 2100 5048 ei,

524 5088 727 5144 accede
758 5088 823 5140 ad
855 5094 1065 5155 patrem
1106 5094 1286 5149 tuum,
1317 5093 1374 5138 et
1407 5082 1657 5138 osculare
1693 5095 1845 5135 eum.
1874 5078 2104 5133 Statim-

527 5196 634 5249 que
671 5180 767 5232 ltni
801 5194 966 5247 super
1023 5177 1221 5232 oculos
1267 5178 1390 5244 ejus
1427 5192 1494 5230 ex
1558 5173 1684 5227 felle
1746 5174 1853 5226 isto
1909 5172 2101 5240 piscis,

528 5273 673 5345 quod
708 5280 893 5341 portas
925 5278 1127 5325 tecum.
1158 5268 1312 5323 Scias
1351 5267 1499 5323 enim
1523 5266 1783 5337 quoniam
1817 5280 1943 5318 mox
1976 5278 2106 5331 ape-

532 5367 744 5418 rientur
793 5361 941 5417 oculi
976 5364 1120 5432 ejus,
1173 5371 1230 5415 et
1276 5358 1486 5413 videbit
1544 5366 1704 5426 pater
1754 5364 1879 5409 tuus
1921 5354 2102 5406 lumen

530 5458 676 5521 cudi,
710 5465 765 5510 et
796 5456 850 5509 in
880 5464 1108 5525 aspectu
1141 5463 1237 5507 tuo
1269 5451 1548 5520 gaudebit.

600 5593 617 5624 ¹
653 5593 709 5644 ln
754 5596 945 5644 eodem
1002 5587 1509 5658 incomparabilibus
1560 5584 1763 5655 legitur
1824 5597 1925 5654 pro
1974 5582 2106 5635 irrc-

534 5664 917 5717 medt’abilibus.
982 5716 987 5720 _

602 5736 621 5763 ⁸
654 5734 769 5785 Duo
805 5747 936 5785 mss.
967 5730 1155 5785 Lim'vt't
1186 5728 1359 5783 oculos
1388 5728 1531 5797 patri
1563 5743 1676 5779 suo.

2203 4537 2484 4597 acceptam
2516 4524 2738 4581 habere.
2783 4525 2938 4579 Tttnc
2982 4526 3119 4580 dixit
3142 4527 3224 4581 eis
3254 4526 3470 4581 occulte
3501 4538 3518 4580 :
3547 4528 3784 4581 Benedi-

2202 4621 2311 4675 cite
2360 4621 2532 4675 Deum
2591 4619 2740 4686 catli,
2800 4628 2856 4673 et
2905 4635 3091 4674 coram
3144 4619 3401 4673 omnibus
3465 4621 3780 4676 viventibus

2203 4712 2539 4767 conﬁtemini
2575 4713 2647 4779 ei,
2684 4712 2810 4781 quia
2841 4711 2970 4767 fecit
3007 4712 3296 4789 vobiscum
3338 4713 3781 4769 misericordiam

2203 4821 2381 4859 suam.
2424 4805 2635 4860 Etenim
2674 4814 3079 4861 sacramentum
3112 4807 3258 4876 regis
3314 4807 3654 4862 abscondere
3691 4809 3787 4864 bo-

2205 4913 2333 4953 num
2364 4907 2493 4953 est:
2533 4914 2697 4969 opera
2749 4909 2934 4953 autem
2973 4896 3065 4953 Dei
3128 4898 3370 4953 revelare
3418 4908 3477 4954 et
3536 4899 3786 4956 conﬁteri

2205 4989 2569 5044 honoriﬁcum
2604 4999 2706 5045 est.
2765 4989 2913 5045 Bona
2941 4999 3027 5045 est
3064 4992 3243 5045 oratio
3284 5008 3407 5046 cum
3432 4993 3668 5063 jejunio,
3730 5010 3789 5051 et

2205 5084 2553 5153 eleemosyna
2576 5083 2748 5152 magis
2778 5097 2940 5153 quant
2966 5082 3254 5138 thesauros
3288 5085 3410 5139 auri
3437 5087 3740 5143 recondere
3772 5104 3787 5143 :

2206 5175 2476 5243 quoniam
2504 5175 2854 5244 eleemosyna
2887 5190 2917 5228 a
2944 5184 3127 5230 morte
3165 5176 3388 5237 liberat.
3422 5180 3495 5244 et}
3528 5177 3642 5245 ipsa
3668 5190 3787 5242 est,

2207 5282 2328 5335 qua:
2350 5275 2548 5336 purgat
2587 5276 2838 5338 peccata,
2875 5275 2931 5320 et
2979 5265 3115 5321 facit
3154 5267 3401 5321 invenire
3458 5268 3781 5323 misericor-

2207 5358 2353 5409 diam
2381 5366 2437 5410 et
2462 5356 2629 5410 vitam
2651 5366 2941 5411 aeternam.
2987 5356 3089 5423 Qui
3121 5367 3302 5411 autem
3330 5358 3537 5412 faciunt
3578 5376 3779 5429 pecca-

2210 5459 2346 5513 tum,
2378 5457 2433 5502 et
2474 5448 2848 5517 iniquitatem,
2889 5450 3076 5505 hostes
3106 5460 3235 5506 sunt
3265 5450 3462 5506 animat
3516 5467 3650 5507 suae.
3676 5454 3792 5512 illa-

2280 5584 2753 5670 3ittlditl’alatin.
2792 5605 2895 5670 ms.
2915 5589 3015 5670 hic
3061 5590 3246 5658 tribus,
3302 5590 3415 5645 sive
3450 5589 3638 5658 habet,
3692 5613 3791 5665 pa-

2212 5661 2440 5709 rentibus
2476 5661 2590 5725 ejus
2618 5663 2785 5712 tribus
2825 5662 2970 5728 fecit.
