3966 6184
254 324 314 384 37
1590 322 1795 385 Lm!!!

1903 324 2038 383 'OBI
2978 326 2983 329 ⁴
3420 324 3498 389 38

252 432 437 484 niti-sto
462 444 589 497 ergo
630 427 785 483 vobis
835 429 1143 493 veritatem,
1188 439 1241 483 et
1283 446 1388 484 non
1415 432 1745 488 abscondam
1781 454 1809 489 ει
1849 447 1885 496 Α
1919 451 2102 499 suum,
2128 444 2182 489 et
2216 446 2435 489 revocet
2463 437 2527 489 ad
2554 445 2604 490 te
2635 451 2822 492 omnes
2848 435 3113 507 captiuis,
3150 446 3205 493 ct
3254 441 3495 509 gaudeas

250 523 393 575 vobis
431 523 707 575 oceultum
780 536 1115 575 sermonem.
1178 522 1412 588 Quando
1450 528 1648 579 orabas
1685 542 1808 580 eum

251 614 507 683 laerymis.
578 622 635 666 et
729 614 1036 682 sepeliebas
1102 624 1373 675 mortuos.
1449 628 1501 669 et
1571 618 1811 672 derelin-

250 709 440 776 quebns
472 705 758 775 prandium
799 717 978 769 tuum,
1044 717 1101 760 et
1134 716 1384 761 mortuos
1435 710 1812 766 abscondehas

251 818 335 866 per
363 799 503 852 diem
538 799 592 853 in
635 798 802 851 domo
836 809 953 863 tua,
1024 811 1079 852 et
1134 812 1293 855 nocte
1347 804 1657 871 scpeliehas
1694 820 1810 869 eos,

249 908 336 961 ego
364 891 529 944 obtuli
553 892 862 944 orationem
892 900 1041 944 tuam
1090 894 1344 946 Domino.
1404 895 1469 947 Et
1500 897 1623 963 quia
1658 912 1812 950 acce—

250 995 363 1052 ptus
399 999 520 1034 cras
554 982 689 1041 Deo.
729 999 959 1037 necesse
1008 984 1109 1037 fuit
1150 992 1209 1037 ut
1265 986 1495 1039 tcutatio
1558 991 1813 1055 probaret

251 1086 315 1129 te.
359 1076 419 1128 Et
451 1091 597 1129 nunc
636 1075 789 1129 misit
834 1093 919 1129 uie
954 1078 1247 1137 Dominus,
1279 1087 1335 1130 ut
1365 1094 1614 1132 enrarctn
1654 1091 1725 1143 te,
1758 1087 1814 1132 et

246 1170 420 1223 Soram
465 1185 689 1223 uxorem
722 1171 815 1222 lilii
858 1170 935 1223 tui
977 1186 1004 1223 a
1036 1172 1306 1225 daemonio
1351 1173 1665 1226 liberarem.
1704 1174 1813 1240 Ego

246 1262 377 1315 enim
411 1278 530 1315 sum
563 1263 809 1331 Raphacl
836 1264 1089 1335 angelus,
1150 1280 1291 1316 unus
1319 1280 1383 1317 es
1444 1276 1677 1334 septem,
1716 1266 1808 1333 qui

248 1366 481 1406 astamus
508 1366 635 1407 ante
673 1356 984 1408 Dominum.
1019 1357 1272 1424 Cumque
1324 1356 1440 1410 htec
1498 1358 1809 1421 audissent,

247 1446 431 1499 turbati
459 1457 613 1507 sunt,
645 1455 697 1499 et
752 1457 1045 1501 trementes
1076 1449 1399 1503 ceciderunt
1426 1464 1591 1513 super
1608 1460 1808 1502 terram

246 1540 294 1590 in
324 1538 511 1591 lat-ictu
534 1552 710 1591 suam.
754 1538 1023 1607 Dixitque
1053 1541 1134 1595 eis
1164 1541 1395 1608 angelus
1435 1556 1448 1593 :
1476 1539 1586 1594 Pas
1631 1542 1807 1607 vobis,

246 1631 400 1683 nolite
427 1632 645 1683 timere.
678 1629 893 1684 Etenim
927 1646 1051 1685 eum
1114 1647 1296 1685 essem
1339 1633 1649 1697 vobiscum,
1715 1651 1811 1703 per

246 1727 561 1774 voluntatem
597 1721 695 1775 Dei
720 1736 907 1774 eram:
952 1722 1128 1791 ipsum
1154 1722 1481 1785 benedicite,
1509 1735 1564 1777 et
1593 1735 1808 1780 cantate

245 1813 330 1865 illi.
359 1812 593 1866 Videbar
628 1816 851 1882 quidem
884 1816 1172 1869 vobiscum
1214 1816 1578 1881 manducare,
1621 1826 1678 1871 et
1731 1819 1808 1871 bi-
1842 1797 1881 1849 Β

244 1910 359 1963 bere
394 1920 408 1960 :
442 1910 537 1963 sed
571 1925 675 1979 ego
704 1910 828 1963 cibo
860 1910 1146 1975 invisibili,
1173 1921 1229 1966 et
1263 1921 1423 1979 potu,
1457 1913 1551 1982 qui
1613 1916 1681 1968 ab
1715 1915 1810 1968 ho-

244 2002 462 2055 minibus
502 2004 673 2056 viJeri
710 2019 815 2058 non
855 2014 1053 2072 potest,
1080 2014 1224 2058 utor.
1265 2006 1506 2075 Tempus
1541 2016 1625 2061 est
1673 2022 1807 2076 ergo

243 2104 292 2146 ut
324 2104 565 2148 revertar
596 2096 662 2149 ad
694 2112 845 2160 eum,
884 2097 977 2164 qui
1006 2113 1091 2149 me
1110 2098 1265 2151 misit
1301 2110 1318 2152 :
1346 2113 1441 2151 vos
1476 2108 1655 2153 autem
1708 2102 1807 2154 he-

242 2186 455 2240 nedicitc
483 2186 679 2249 Deum.
715 2198 771 2241 et
810 2199 1029 2242 narrate
1057 2189 1241 2243 omnia
1290 2191 1565 2244 mirabilia
1599 2193 1613 2222 ‘
1661 2192 1802 2261 ejus.

240 2277 292 2330 Et
319 2294 434 2331 cum
465 2281 585 2334 h.i-e
617 2282 867 2347 dixisset,
895 2283 963 2334 ab
985 2292 1210 2351 aspectu
1237 2298 1428 2336 eorum
1462 2286 1673 2338 ablatus
1696 2297 1798 2350 est,

237 2378 283 2419 et
309 2368 437 2421 ultra
478 2386 607 2424 eum
644 2372 826 2425 videre
850 2386 955 2424 non
996 2382 1309 2440 potuerunt.
1348 2373 1504 2428 Tunc
1537 2379 1797 2443 prostrati

235 2478 317 2532 per
371 2467 537 2520 horas
586 2476 701 2518 tres
746 2465 799 2518 in
850 2464 1070 2530 faciem,
1143 2466 1550 2522 benedixerunt
1603 2469 1795 2534 Dento;

233 2564 277 2609 et
337 2567 737 2628 exsurguutes,
798 2571 1175 2611 narraverunt
1268 2560 1451 2612 omnia
1524 2561 1793 2615 mirabilia

233 2652 361 2719 ejus.

291 2742 447 2813 [ϐαρ.
487 2742 659 2813 λιιι]
696 2742 971 2811 Aperiens
1006 2757 1188 2799 autem
1254 2745 1454 2799 Tobias
1509 2747 1697 2799 senior
1733 2762 1796 2801 os

228 2850 375 2889 Suum
416 2837 701 2891 benedixit
756 2836 1070 2897 hominum.
1138 2847 1195 2891 et
1246 2838 1379 2891 dixit
1415 2851 1432 2889 ι
1466 2837 1689 2907 Magnus
1712 2855 1790 2903 es,

227 2928 458 2987 Domine.
491 2930 547 2982 in
578 2939 867 2993 :etcrnnm,
922 2941 977 2983 et
1021 2929 1069 2983 in
1115 2930 1295 2982 omnia
1330 2930 1525 2983 sarcula
1566 2947 1790 2998 regnum

226 3034 388 3083 tuum,
414 3023 678 3089 quoniam
706 3029 763 3073 tu
798 3021 1040 3089 ﬂagellas
1073 3030 1124 3073 et
1183 3020 1360 3073 salvas
1396 3033 1409 3072 :
1442 3020 1668 3074 deducis
1723 3020 1788 3073 ad

225 3115 429 3179 inferos,
468 3126 524 3168 et
555 3116 777 3169 reducis
817 3130 833 3169 :
865 3124 919 3169 et
959 3129 1066 3168 non
1131 3123 1216 3168 est
1251 3116 1342 3183 qui
1404 3114 1630 3182 eﬂ’agiat
1680 3128 1793 3166 ma-
1820 3136 1860 3189 ρ

224 3223 337 3260 ιιιιιιι
363 3218 535 3260 tuam.
571 3206 922 3261 Cottlitetnini
966 3204 1221 3267 Domino,
1276 3205 1369 3259 lilii
1416 3205 1603 3267 Israel.
1640 3218 1695 3259 ct
1736 3209 1787 3259 in

223 3310 505 3368 conspectu
564 3300 810 3367 gentium
889 3299 1109 3353 laudate
1144 3313 1271 3352 cum
1300 3314 1318 3353 ι
1348 3299 1605 3367 quoniam
1666 3298 1789 3351 ideo

222 3393 465 3460 dispersit
491 3408 592 3446 vos
625 3393 770 3445 inter
798 3404 1022 3459 gentes,
1075 3406 1197 3459 quite
1232 3392 1487 3459 ignorant
1546 3406 1693 3454 cum,
1730 3401 1789 3442 ut

222 3499 304 3532 ms
337 3483 611 3536 cnarrctis
646 3482 918 3534 mirabilia
961 3480 1104 3549 ejus,
1140 3487 1193 3533 ct
1222 3478 1441 3533 faciatis
1484 3480 1625 3533 scire
1668 3495 1784 3543 eos,

218 3575 333 3639 quia
366 3586 591 3628 nonest
629 3575 774 3628 alius
822 3572 964 3627 Deus
1017 3571 1368 3639 omnipotens
1405 3581 1602 3639 praeter
1636 3586 1784 3626 eum.

217 3665 322 3733 Ipse
349 3670 638 3737 Castigavit
671 3682 772 3720 nos
794 3678 1014 3735 propter
1057 3664 1379 3733 iniquitates
1436 3674 1654 3718 nostras
1693 3674 1787 3718 :et

217 3758 321 3825 ipse
380 3760 619 3813 salvabit
668 3772 767 3811 nos
843 3770 1066 3827 propter
1120 3755 1552 3810 misericordiam
1607 3772 1783 3810 suam.

216 3851 441 3917 Asptt'lle
482 3866 619 3916 ergo
660 3865 781 3918 qua:
818 3848 1302 3921 lt't'it‘tttlblscum,
1351 3857 1558 3901 etcum
1592 3847 1786 3902 timore

215 3952 518 3996 cttretlmre
551 3941 891 3995 muliteiniui
921 3941 994 3994 illi
1037 3957 1050 3995 :
1108 3956 1400 4009 regemque
1457 3941 1781 3994 saeclorum

216 4034 437 4089 exaltate
474 4037 530 4089 in
563 4034 829 4103 operibus
865 4036 1083 4088 vestris.
1133 4033 1247 4101 Ego
1276 4042 1457 4087 autem
1521 4034 1575 4087 in
1639 4043 1783 4086 terra

213 4128 532 4195 captivitatis
593 4143 729 4181 mea:
790 4126 1091 4180 conlitcltor
1121 4127 1195 4180 illi
1240 4141 1255 4179 :
1297 4126 1553 4194 quoniam
1600 4138 1783 4180 osten-

208 4216 279 4269 dit
308 4218 647 4286 mzcjestatctn
675 4231 831 4268 suam
868 4216 923 4268 iu
949 4223 1167 4281 gentem
1214 4216 1602 4282 peccatricem.
1639 4215 1784 4269 Con-

210 4309 480 4361 vertimitti
530 4309 738 4376 itaque,
797 4316 1133 4375 peccatores,
1187 4314 1243 4359 et
1304 4304 1467 4359 tacite
1510 4306 1779 4377 justitiam

207 4417 378 4455 Coram
410 4401 539 4460 Deo,
558 4406 842 4455 credentes
866 4401 1008 4469 quod
1064 4400 1228 4456 faciat
1278 4400 1561 4454 vobiscam
1615 4402 1780 4456 mise-

1921 525 1971 577 in
2019 526 2202 577 omnia
2228 527 2423 578 szeeula
2446 528 2791 579 sacultrrum.
2822 526 2965 579 Luce
2998 528 3281 593 Splendida
3312 528 3491 597 lulge-

1920 616 2002 670 bis
2036 631 2049 668 :
2087 625 2139 669 et
2162 633 2350 670 omnes
2390 619 2523 671 lines
2564 628 2721 671 terrrc
2756 618 3069 671 adorabunt
3102 633 3173 672 te.
3229 620 3492 674 Nationes

1915 724 1979 761 ex
2020 709 2319 777 longinquo
2352 710 2415 762 ad
2459 721 2508 764 te
2566 712 2787 763 venient
2822 726 2835 764 :
2890 721 2942 765 et
2981 726 3205 765 munera
3239 713 3492 766 deleren-

1918 811 2020 865 tcs,
2050 802 2358 854 adorabunt
2382 803 2433 855 in
2468 812 2520 857 te
2563 803 2877 865 Dominum,
2914 813 2969 857 et
3020 813 3222 857 terram
3259 813 3407 856 tuam
3436 807 3489 860 in

1915 894 2405 947 sanctiﬁcationem
2451 894 2751 949 habebunt.
2792 896 2998 949 Nomen
3038 897 3185 949 enim
3232 912 3489 964 magnum

1918 984 2248 1038 invocabunt
2307 986 2358 1038 in
2400 996 2471 1039 te.
2504 987 2774 1039 Maledieti
2802 996 2967 1041 erunt
3013 987 3105 1055 qui
3149 996 3497 1055 contempse-

1917 1077 2027 1129 rint
2062 1086 2111 1130 te
2154 1094 2167 1129 :
2200 1086 2255 1130 et
2286 1078 2636 1132 condemnati
2671 1088 2834 1131 erunt
2873 1093 3065 1131 omnes
3099 1078 3191 1146 qui
3233 1077 3494 1147 blasphe-

1916 1167 2182 1221 maverint
2212 1178 2263 1221 te
2297 1185 2309 1220 :
2346 1168 2734 1236 benedictique
2776 1158 2946 1221 erunt
2970 1166 3060 1235 qui
3096 1166 3489 1219 :edillcaverint

1917 1270 1987 1313 te.
2018 1260 2095 1313 Tit
2125 1272 2305 1315 autem
2340 1262 2612 1315 ltetaberis
2659 1263 2711 1315 in
2741 1262 2865 1315 filiis
2898 1262 3025 1325 tuis,
3071 1261 3329 1330 quoniam
3367 1276 3488 1314 om-

1916 1367 2010 1406 nes
2049 1353 2469 1418 benedicentur,
2497 1366 2552 1409 et
2579 1355 3066 1423 congregabantur
3081 1355 3147 1407 ad
3168 1354 3485 1413 Dominum.

1917 1444 2064 1499 Beati
2096 1460 2289 1500 omnes
2322 1448 2414 1515 qui
2450 1448 2683 1518 diligunt
2722 1460 2793 1508 te,
2825 1456 2879 1501 et
2919 1452 3010 1517 qui
3043 1447 3283 1514 gaudent
3321 1461 3491 1513 super

1914 1553 2044 1606 pace
2081 1548 2193 1593 tua.
2222 1539 2417 1594 Anima
2453 1556 2595 1605 mea,
2623 1540 2851 1595 benedie
2881 1538 3195 1603 Dominum,
3226 1538 3488 1608 quoniam

1913 1628 2167 1682 liberavit
2211 1627 2509 1684 Jerusalem
2546 1634 2825 1686 civitatem
2881 1647 3034 1684 suam
3063 1648 3090 1684 a
3137 1632 3358 1685 cunctis
3392 1631 3491 1683 tri-

1913 1716 2288 1773 bnlationibus
2329 1722 2446 1787 ejus
2498 1722 2762 1775 Dominus
2795 1724 2941 1775 Deus
2995 1731 3182 1775 uester
3218 1721 3255 1773 ⁵.
3294 1720 3491 1775 Beatus

1911 1826 2029 1875 ero,
2059 1814 2101 1865 si
2136 1813 2343 1867 fuerint
2401 1816 2644 1883 reliquiae
2673 1816 2899 1869 seminis
2958 1817 3061 1869 mei
3093 1816 3157 1868 ad
3193 1815 3485 1869 videndam

1911 1903 2209 1958 claritatem
2243 1905 2571 1960 Jerusalem.
2610 1908 2786 1961 Portae
2808 1907 3109 1963 Jerusalem
3131 1923 3195 1962 ex
3219 1908 3483 1976 sapphiro

1909 2002 1964 2046 et
1991 1996 2280 2064 smaragdo
2315 1997 2735 2052 :edilicahuntur
2767 2020 2779 2054 :
2824 2010 2875 2055 et
2920 2015 2985 2054 ex
3015 2000 3193 2069 lapide
3234 2002 3479 2069 pretioso

1908 2086 2086 2140 omnis
2115 2087 2379 2143 circuitus
2423 2107 2706 2145 murorum
2740 2092 2880 2161 ejus.
2918 2092 2996 2145 Ex
3030 2092 3211 2161 lapide
3241 2094 3479 2147 candido

1906 2187 1964 2232 et
2005 2182 2212 2234 mundo
2267 2198 2459 2237 omnes
2504 2183 2699 2252 platea:
2751 2187 2871 2253 ejus
2910 2193 3271 2240 sternentur:
3305 2196 3359 2240 et
3382 2200 3481 2255 per

1908 2270 2056 2324 vicos
2110 2274 2227 2340 ejus
2285 2274 2501 2327 alleluia
2544 2277 2883 2330 cantabitur.
2920 2277 3251 2331 Benedictus
3292 2278 3480 2331 Domi-

1908 2379 2031 2427 nus,
2062 2366 2157 2434 qui
2186 2366 2445 2420 exaltavit
2477 2385 2621 2435 eam,
2664 2379 2720 2423 et
2770 2372 2843 2424 sit
2888 2386 3116 2441 regnum
3145 2372 3266 2442 ejus
3301 2371 3354 2424 in
3383 2388 3477 2425 sa:-

1903 2457 2022 2510 cola
2052 2459 2378 2511 smculorum
2404 2461 2424 2490 ⁸
2458 2477 2627 2529 super
2656 2477 2800 2516 eam.
2834 2465 3029 2517 Amen.

1975 2548 2131 2621 [ϐαρ.
2162 2551 2330 2623 XIV.]
2371 2552 2437 2607 Et
2479 2556 2845 2609 consummati
2880 2568 3012 2611 sunt
3050 2571 3335 2614 sermones
3366 2558 3479 2613 To-

1901 2640 2024 2695 llim.
2060 2642 2127 2697 Et
2153 2653 2436 2712 postquam
2460 2646 2804 2702 illuminatus
2839 2658 2921 2702 est
2948 2648 3172 2715 Tobias,
3211 2652 3345 2705 vixit
3375 2669 3477 2707 an-

1898 2736 1983 2789 nis
2011 2739 2368 2807 quadraginta
2428 2740 2666 2805 duobus,
2721 2752 2775 2795 ct
2832 2743 2967 2797 vidit
3017 2744 3156 2799 ﬁlios
3217 2759 3477 2814 nepotum

1896 2845 2142 2883 suorum.
2180 2830 2480 2898 Completis
2524 2833 2705 2900 itaque
2743 2834 2903 2886 annis
2935 2847 3155 2888 centum
3176 2837 3393 2894 duobus
3430 2842 3475 2902 ⁸.

1894 2922 2142 2988 sepultus
2195 2930 2281 2973 est
2347 2922 2647 2975 honoriﬁce
2694 2924 2746 2976 in
2804 2924 3020 2978 Ninive.
3060 2926 3469 2998 Quinquaginta

1895 3025 2131 3079 namque
2177 3022 2229 3065 et
2262 3027 2355 3066 sex
2389 3028 2661 3067 annorum
2719 3013 2906 3070 lumen
2944 3019 3227 3072 oculorum
3259 3022 3466 3086 amisit,

1894 3102 2282 3170 sexagenarius
2311 3119 2438 3158 vero
2457 3106 2682 3173 recepit.
2721 3104 3016 3175 Reliquum
3047 3124 3176 3163 vero
3208 3112 3330 3163 vita:
3351 3128 3466 3168 sua:

1897 3193 1948 3246 in
1979 3195 2178 3263 gaudio
2208 3196 2331 3262 fuit,
2370 3208 2574 3252 etcum
2634 3199 2781 3255 bono
2816 3202 3073 3271 profectu
3126 3205 3339 3260 timoris
3375 3206 3470 3261 Dei

1892 3289 2130 3353 perrexit
2170 3289 2220 3341 in
2262 3305 2415 3355 pace.

1961 3380 2019 3434 lu
2054 3381 2185 3435 liora
2216 3393 2397 3437 autem
2426 3386 2618 3441 mortis
2657 3401 2771 3440 sua
2811 3389 3114 3443 vocavitad
3139 3406 3198 3446 se
3239 3392 3469 3449 Tobiam

1892 3473 2060 3527 lilium
2096 3489 2278 3541 suum,
2309 3487 2363 3530 et
2408 3489 2619 3557 septem
2656 3478 2889 3549 juvenes
2909 3480 3048 3535 filios
3082 3485 3200 3553 ejus
3243 3500 3472 3556 nepotes

1890 3581 2042 3629 suos,
2096 3566 2344 3638 dixitque
2378 3573 2458 3625 eis
2487 3588 2501 3625 :
2531 3571 2709 3637 Prope
2749 3574 2858 3627 erit
2916 3574 3170 3630 interitus
3215 3577 3412 3635 Ninivc
3446 3599 3467 3635 :

1890 3674 1997 3712 non
2029 3661 2172 3714 enim
2204 3663 2409 3716 excidit
2452 3665 2676 3718 verbum
2728 3666 2946 3720 Domini
2990 3684 3003 3719 :
3038 3678 3096 3721 et
3124 3671 3325 3724 fratres
3360 3690 3465 3727 no~

1888 3739 2010 3814 stri,
2069 3754 2161 3820 qui
2199 3755 2429 3822 dispersi
2464 3768 2592 3811 Snnt
2645 3774 2671 3812 a
2710 3768 2852 3813 terra
2885 3760 3074 3824 Israel,
3112 3776 3464 3821 revertentur

1888 3845 1955 3898 ad
1990 3845 2537 3902 eam.0mnisaut-'m
2573 3851 2786 3906 deserta
2820 3864 2965 3907 terra
2986 3857 3104 3923 ejus
3134 3859 3467 3927 replebitur,

1888 3953 1942 3996 et
1962 3944 2158 3997 domus
2182 3944 2298 4004 Dei.
2319 3960 2442 4013 qua:
2464 3946 2515 3998 in
2541 3962 2602 4000 ea
2626 3947 2847 4002 incensa
2869 3960 2969 4015 est,
3000 3954 3193 4004 iterum
3224 3957 3461 4011 rear-illi-

1886 4034 2136 4088 cabitur:
2172 4035 2352 4104 ibique
2386 4046 2731 4090 revertentur
2760 4055 2952 4093 omnes
2981 4040 3237 4097 timentes
3262 4045 3459 4115 Deum,

1885 4137 1940 4181 et
1975 4125 2290 4197 relinquent
2325 4138 2516 4196 gentes
2559 4128 2701 4181 idola
2748 4146 2870 4196 sua,
2912 4144 2966 4184 et
3024 4137 3242 4190 venient
3278 4139 3330 4191 in
3364 4139 3458 4193 Je-

1886 4218 2145 4282 rusalem,
2175 4230 2232 4273 et
2262 4219 2652 4275 inhabitabant
2683 4224 2735 4276 in
2766 4236 2852 4285 ea,
2880 4233 2936 4278 ct
2966 4227 3284 4293 gaudebunt
3308 4231 3358 4284 in
3390 4248 3461 4287 ea

1884 4321 2074 4361 omnes
2105 4325 2258 4378 reges
2284 4323 2463 4372 teme.
2490 4316 2781 4367 adorantes
2822 4330 3001 4384 regem
3038 4318 3221 4373 lsrael.
3256 4321 3461 4378 Audite

1882 4412 2033 4469 ergo,
2071 4400 2165 4454 lilii
2196 4401 2324 4465 mei,
2343 4408 2562 4479 patrem
2589 4412 2863 4458 vestrum:
2906 4405 3115 4460 Servitc
3143 4407 3371 4464 Domino
3400 4413 3457 4467 in

207 4496 493 4548 ricordiam
526 4510 701 4548 suam.
736 4495 1079 4563 Egoautem,
1128 4503 1184 4548 et
1211 4496 1391 4548 anima
1437 4511 1553 4549 mea
1608 4496 1662 4549 in
1714 4513 1781 4551 co
1812 4474 1857 4532 ί)
1887 4491 2136 4549 veritate.
2171 4499 2227 4541 et
2264 4474 2547 4558 inquirite,
2595 4502 2652 4545 ut
2700 4493 2915 4549 faciatis
2945 4512 3065 4563 qua:
3095 4498 3291 4565 placita
3324 4510 3459 4557 sunt

203 4589 508 4641 ladabimur
529 4590 573 4640 ’.

268 4676 585 4732 Benedicitc
642 4677 932 4731 Dominum
987 4692 1180 4732 omnes
1241 4677 1401 4731 electi
1453 4680 1593 4748 ejus,
1630 4680 1776 4749 agite

205 4769 315 4823 dies
345 4771 571 4831 Letitize.
623 4779 680 4823 et
736 4770 1070 4823 conﬁtemini
1109 4770 1209 4823 illi.
1246 4768 1547 4825 Jerusalem
1580 4771 1777 4827 civitas

206 4863 289 4915 Bri
327 4866 366 4926 ³,
403 4865 693 4932 castigavit
733 4873 784 4917 te
822 4864 1086 4916 Dominus
1130 4864 1186 4915 in
1218 4864 1482 4932 operibus
1514 4881 1775 4919 manuum

207 4962 444 5007 tuarum.
470 4954 745 5009 Conliterc
777 4954 1003 5008 Domino
1042 4955 1272 5009 inbonis
1298 4957 1427 5018 litis,
1460 4967 1515 5010 et
1547 4957 1778 5012 benedic

208 5045 368 5101 Deum
396 5049 753 5113 seculorum,
792 5058 850 5101 ut
878 5046 1176 5101 retedilicet
1207 5048 1335 5102 inte
1365 5048 1773 5102 tabernaculum

269 5208 285 5237 '
315 5208 418 5261 Hic
485 5221 617 5263 vero
670 5220 859 5259 vocem
909 5205 1109 5269 omnia,
1178 5202 1321 5259 idem
1372 5220 1477 5259 ius.

204 5287 388 5333 ιωιιιι.

263 5349 283 5377 ¹
314 5348 466 5401 Idem
494 5360 621 5411 ms.,
642 5352 702 5399 in
734 5343 1173 5400 Deolwtabr'mm'.

261 5419 284 5448 ³
315 5419 446 5471 Plus
482 5420 641 5471 habet
680 5419 825 5471 idem
870 5432 973 5470 ms.
1027 5415 1230 5468 Civitas
1274 5416 1367 5467 Dei
1400 5417 1579 5483 magni
1604 5418 1772 5469 casti-

202 5489 361 5551 gat-it,
405 5498 517 5541 etc.

264 5562 286 5588 ⁵
310 5559 500 5609 solida
534 5558 643 5611 haec
672 5560 856 5621 verba,
886 5559 925 5610 Α
951 5560 1154 5611 cunctis
1198 5557 1621 5610 tribulationibus
1658 5559 1771 5627 ejus

186 5632 448 5689 ﬂominus
482 5628 614 5681 Deus
645 5642 839 5687 noster,
874 5644 994 5697 qum
1027 5634 1192 5682 etiam
1231 5643 1423 5681 amasse
1479 5642 1599 5680 sine
1635 5630 1768 5681 rerti

199 5716 391 5753 sensus
425 5700 711 5767 dispendio
750 5710 1003 5767 possunt,
1036 5700 1206 5752 Palat.
1248 5715 1347 5749 ius.
1379 5701 1724 5767 praetermisit
1751 5717 1764 5763 ;

200 5778 366 5823 multo
400 5782 582 5823 autem
634 5774 786 5838 plura
813 5788 863 5823 in
896 5770 1059 5825 llebr.
1100 5784 1152 5825 et
1177 5770 1363 5824 tinccu
1398 5772 1639 5823 textibus
1680 5774 1766 5823 hic

1554 5215 1775 5275 prater-

1883 4582 1959 4635 illi
1996 4599 2010 4635 :
2044 4590 2104 4635 et
2147 4580 2271 4635 ﬁliis
2303 4584 2500 4637 vestris
2524 4587 2778 4639 mandate
2810 4596 2872 4639 ut
2907 4590 3106 4642 faciant
3128 4591 3371 4655 justitias
3397 4603 3455 4649 et

1881 4675 2280 4744 clccmosynas,
2326 4679 2515 4728 utsint
2564 4692 2835 4733 memores
2884 4679 2978 4734 Dei
3009 4693 3063 4735 et
3126 4684 3455 4740 benedicant

1880 4782 2002 4820 cum
2040 4768 2090 4819 in
2125 4768 2270 4821 omni
2307 4780 2550 4834 tempore
2574 4769 2626 4822 in
2660 4771 2985 4835 veritate,et
3014 4774 3067 4826 iu
3106 4782 3220 4829 tota
3250 4778 3459 4833 virtute

1881 4874 1998 4911 sua.
2039 4859 2197 4912 Nunc
2231 4874 2387 4928 ergo,
2424 4861 2539 4924 lilii,
2587 4864 2773 4916 audite
2801 4880 2911 4929 me,
2947 4874 3002 4919 et
3033 4869 3201 4921 nolite
3236 4885 3457 4926 inauere

1883 4950 2019 5016 hic;
2080 4952 2173 5004 sed
2215 4967 2546 5020 quacunque
2578 4953 2668 5009 die
2721 4957 3051 5024 sepelieritis
3089 4972 3319 5015 matrem
3360 4980 3458 5018 ve-

1880 5054 2046 5096 stiam
2075 5047 2220 5097 circa
2263 5060 2349 5099 me
2406 5047 2459 5098 in
2510 5061 2619 5100 uno
2673 5048 2948 5116 sepulcro,
3005 5066 3073 5104 ex
3118 5068 3185 5106 eo
3234 5054 3457 5124 dirigite

1878 5202 1985 5257 loci
2012 5204 2420 5260 desiderantur.

1950 5276 1971 5351 ξ’
2004 5274 2151 5328 Idem
2174 5293 2292 5351 nis.
2326 5285 2469 5329 utsi!
2503 5292 2717 5345 regnum
2740 5281 3013 5348 ejus,.tum
3049 5285 3235 5351 venba,
3269 5288 3323 5339 in
3343 5301 3456 5339 sa!-

1876 5345 1997 5397 oula
2020 5347 2363 5410 mentorum,
2396 5363 2502 5400 non
2529 5345 2797 5413 agnoscit.
2826 5360 2832 5373 '

1948 5416 2051 5492 “lu
2088 5423 2282 5492 eodem
2334 5434 2438 5469 ius.
2481 5428 2690 5492 centum
2745 5423 3041 5481 duodecim.
3091 5440 3190 5492 pro
3239 5434 3452 5477 centum

1876 5487 2075 5539 duobus
2111 5489 2343 5552 legitur;
2390 5490 2595 5561 etenim
2650 5492 2785 5543 nihil
2839 5496 2907 5545 de
2937 5487 3216 5561 sepultura
3266 5496 3451 5548 Tobias

1879 5561 2098 5633 tradant
2138 5572 2253 5609 sive
2310 5558 2593 5623 llebraaus,
2631 5562 2748 5615 sive
2801 5558 3024 5617 Graecus
3080 5575 3281 5627 textus,
3315 5567 3448 5633 quin

1877 5628 2059 5701 potius
2089 5629 2435 5701 istetaututu
2460 5634 2752 5701 nonaginta
2776 5648 2869 5686 se:
2897 5649 3071 5687 annos
3107 5647 3229 5687 vita:
3266 5628 3455 5691 'l‘olnae

1881 5698 2094 5751 videtur
2122 5699 2386 5755 tribucre.
