3966 6184
469 292 543 358 39
1343 291 1407 349 S.
1448 284 1887 348 HIERONYMI
1932 286 2197 346 DIVINA
2240 282 2784 345 BIBLIOTHECA.
3656 277 3719 341 ιο

470 419 693 479 gressus
717 410 931 459 vestros
984 410 1046 457 ut
1077 399 1285 457 exeatis
1337 400 1469 455 hinc
1503 417 1516 453 :
1545 398 1704 453 video
1729 397 1873 451 enim
1917 398 2046 467 quia
2076 405 2125 461 Α
2152 406 2268 466 pit;
2309 398 2553 466 viditque
2584 396 2831 466 quintam
2854 393 3291 464 generationem,
3319 391 3460 447 ﬁlios
3490 390 3720 448 ﬁliorum

474 496 739 565 iniquitas
758 495 877 563 ejus
908 494 1069 547 linem
1110 491 1260 548 dabit
1289 491 1363 546 ei.

547 585 769 639 Factum
806 592 889 638 est
922 595 1105 638 autem
1140 591 1265 653 post
1310 582 1524 636 obitum
1558 581 1751 636 matris
1781 594 1916 645 suae,
1943 577 2047 632 To-

474 675 596 731 bias
617 676 881 731 abscessit
904 690 969 729 ex
1001 675 1193 729 Ninive
1216 688 1341 728 cum
1375 687 1545 727 uxore
1587 687 1706 737 sua,
1730 681 1787 726 et
1820 670 1970 735 ﬁliis,
1998 677 2054 722 et

481 769 717 821 ﬁliorum
753 768 898 827 ﬁliis.
924 778 979 822 et
1021 783 1275 822 reversus
1304 777 1388 821 est
1418 766 1485 820 ad
1518 778 1748 821 soceros
1775 777 1927 818 suos.
1972 762 2056 815 In-

480 860 739 928 venitque
773 874 869 913 eos
909 859 1210 913 incolumes
1238 859 1289 912 in
1320 866 1606 911 senectute
1635 857 1779 909 bona
1808 870 1823 909 :
1867 865 1924 909 et
1957 867 2055 907 cn-

483 967 598 1004 ram
628 967 817 1005 eorum
854 952 1043 1019 gessit,
1072 962 1129 1005 et
1161 953 1275 1020 ipse
1298 950 1496 1005 clausit
1519 948 1709 1003 oculos
1737 960 1969 1002 eorum:
2003 952 2059 997 et

479 1056 698 1095 omnem
756 1042 1132 1097 haareditateni
1188 1041 1387 1096 domus
1418 1039 1675 1108 Raguelis
1713 1037 1830 1108 ipse
1860 1050 2057 1105 perce-

2156 506 2406 547 suorum.
2464 489 2530 543 Et
2560 486 2849 556 completis
2883 486 3044 540 annis
3091 485 3387 555 nonaginta
3445 497 3643 538 novetn
3671 482 3719 537 in

2159 583 2353 635 timore
2396 578 2631 638 Domini,
2669 593 2793 632 cuin
2830 576 3029 646 gaudio
3062 574 3401 645 sepelierunt
3430 589 3584 628 eum.

2222 670 2413 725 Omnis
2441 678 2620 723 autem
2646 668 2901 738 cognatio
2950 667 3071 736 ejus
3094 703 3109 729 ,
3143 676 3200 721 et
3239 663 3419 719 omnis
3450 666 3723 734 generatio

2151 761 2273 830 ejus
2314 759 2368 813 in
2402 758 2543 812 bona
2580 757 2717 820 vita,
2759 766 2813 811 et
2847 755 2901 809 in
2928 763 3120 809 sancta
3149 756 3574 809 conversatione
3608 770 3723 823 per-

2159 852 2382 912 mansit,
2444 849 2517 901 ita
2547 858 2609 901 ut
2639 846 2850 915 accepti
2879 855 3065 900 essent
3118 856 3226 899 tam
3263 845 3395 908 Deo,
3429 861 3594 916 quant
3636 846 3726 899 ho-

2156 943 2423 1005 minibus,
2448 950 2505 995 et
2526 939 2742 996 cunctis
2774 937 3155 995 habitantibus
3183 937 3239 993 in
3267 946 3436 994 terra.

1799 1179 2030 1244 Explicit
2073 1176 2206 1231 liber
2240 1173 2437 1230 Tobiw.

596 1328 2211 1353 W___.—_.—___

725 1505 1367 1602 PRIEF’ATIO
1441 1495 2155 1594 HIERONYMI
2236 1496 2364 1585 IN
2445 1495 2903 1585 LIBRUM
2976 1474 3511 1585 JUDITH'.

2062 1679 2136 1693 ἢ

560 1810 719 1880 Apud
762 1808 1021 1863 Hebraeos
1060 1804 1203 1859 liber
1230 1803 1420 1860 Judith
1451 1804 1593 1858 inter
1626 1802 1941 1872 apocrypha
1979 1801 2060 1855 le-
2091 1819 2134 1876 Β
2161 1800 2380 1856 Niciana
2413 1799 2433 1831 ⁸
2467 1798 2523 1853 in
2556 1812 2789 1853 numero
2819 1805 3135 1853 sanctarum
3172 1795 3582 1867 Scripturarum
3611 1797 3732 1867 legi-

488 1905 635 1974 gitur
671 1905 730 1954 ’ς
767 1902 925 1969 cujus
948 1899 1248 1953 auctoritas
1273 1896 1338 1949 ad
1380 1895 1691 1950 roboranda
1740 1896 1831 1949 illa
1859 1909 1978 1963 qua:
2005 1895 2063 1949 in

488 1994 902 2048 contentionem
938 1991 1184 2050 veniunt,
1242 1989 1423 2041 minus
1462 1986 1656 2041 idonea
1702 1987 1984 2057 judicatur
2019 1986 2063 2037 ³.

488 2084 748 2141 Chaldaeo
804 2094 986 2138 tamen
1017 2094 1270 2137 sermone
1312 2082 1681 2148 conscriptus,
1714 2080 1857 2133 inter
1887 2078 2064 2133 histo-

494 2177 607 2232 rias
635 2183 987 2247 computatur
1018 2172 1063 2228 ⁸.
1099 2171 1205 2228 Sed
1239 2173 1368 2242 quia
1397 2171 1547 2227 hunc
1592 2172 1787 2226 librum
1813 2169 2067 2240 Synodus

576 2336 591 2364 ¹
623 2333 781 2389 Hunc
824 2346 1042 2400 quoque
1084 2329 1283 2384 librum
1319 2342 1442 2400 cum
1481 2327 1708 2400 prologo
1736 2324 2066 2400 adeosdetn

497 2395 913 2473 recognovim'us
951 2395 1171 2454 codices
1208 2414 1350 2473 niss._
1393 2395 1666 2473 Vaticanae
1696 2395 2063 2473 bibliotheca,

498 2464 731 2529 altervuni
768 2472 1069 2525 Palatinum
1102 2484 1255 2522 num.
1287 2468 1379 2529 24,
1429 2468 1660 2520 alterum
1696 2466 1896 2534 reginis
1929 2464 2069 2517 Sue-

495 2558 707 2607 coruin,
749 2556 901 2593 num.
929 2541 985 2602 7,
1016 2554 1154 2607 quos
1186 2541 1238 2590 in
1275 2539 1578 2605 superioris
1597 2535 1783 2607 Tullia:
1822 2534 1948 2587 libri
1979 2548 2069 2607 re-

496 2604 759 2669 censione
796 2604 1158 2664 laudavimus.
1186 2604 1535 2661 Martianaeus
1576 2606 1766 2670 nullis,
1796 2614 1857 2658 ut
1887 2614 1942 2658 et
1975 2604 2067 2657 illo

496 2681 820 2739 excudenilo
845 2682 1070 2741 fecerat,
1107 2694 1238 2731 mss.
1263 2688 1346 2731 est
1372 2691 1517 2728 usus.

577 2756 598 2785 ⁸
627 2751 774 2805 idem
828 2764 930 2802 ins.
956 2747 1255 2801 Bibliorum
1287 2747 1457 2799 codex
1486 2744 1751 2799 Cartusiaa
1780 2742 2070 2798 Villae-No-

499 2840 583 2878 vae
634 2834 796 2875 secus
846 2817 1205 2878 Avenionein,
1257 2830 1420 2884 supra
1443 2815 1553 2884 jam
1585 2814 1839 2867 laudatus
1878 2812 2072 2881 praefa-

499 2898 650 2948 tione
686 2890 738 2943 iit
771 2889 971 2941 librum
1003 2885 1211 2949 Tobiae,
1242 2883 1557 2940 Constanter
1584 2886 1716 2954 legit
1742 2883 2067 2954 apocrypha,

501 2977 611 3018 non
645 2958 1103 3028 Itagiograplta,ut
1133 2956 1336 3011 habent
1365 2954 1496 3008 editi
1524 2954 1676 3017 libri,
1705 2970 1930 3028 ac_n_iss.
1958 2955 2070 3007 fere

503 3015 738 3086 omnes."
781 3015 1068 3093 E'xet'nplar
1124 3040 1258 3079 vero
1314 3039 1416 3079 ms.
1450 3015 1731 3078 sacrorum
1769 3024 2068 3077 BibliOrntn

2173 1902 2261 1948 tur
2290 1900 2671 1961 computasse,
2704 1890 2956 1960 acquievi
2990 1889 3347 1959 postulationi
3374 1900 3596 1954 vestrae,
3634 1889 3736 1943 into

2172 1985 2443 2040 exactioni
2473 1999 2489 2035 :
2516 1994 2574 2038 et
2599 1983 2859 2053 sepositis
2900 1982 3380 2050 occupationibus.
3406 1982 3611 2050 quibus
3647 1997 3740 2037 ve.

2176 2081 2458 2131 hementer
2485 2076 2759 2139 arctabar,
2813 2074 2943 2128 huic
2987 2087 3152 2127 unam
3208 2073 3741 2130 lucubratiunculam

2173 2167 2323 2232 dedi,
2355 2166 2530 2237 magis
2555 2180 2776 2221 sensum
2804 2180 2835 2221 e
2869 2179 3035 2221 sensu
3062 2165 3107 2231 ⁸,
3142 2180 3306 2235 quam
3343 2181 3410 2222 ex
3440 2168 3607 2221 verbo
3627 2182 3745 2220 vero

2178 2321 2527 2466 dcgcbgliiti'dit
2608 2401 2915 2466 temporum
2974 2395 3173 2466 injuria
3222 2397 3537 2454 Chaldtenm
3594 2395 3740 2453 istud

2176 2462 2476 2541 esemplar,
2514 2465 2659 2541 quod
2699 2462 3066 2538 Hieronymus
3097 2467 3281 2541 laudat
3310 2484 3455 2541 ;_nec
3482 2482 3746 2541 quaeom-

2178 2536 2326 2605 nium
2363 2534 2744 2601 antiquissima
2788 2534 3042 2604 superest
3073 2538 3253 2592 versio
3314 2534 3524 2605 Graeca,
3575 2537 3646 2593 ab
3677 2552 3745 2592 eo

2172 2603 2389 2672 videtur
2417 2605 2718 2672 exemplari
2754 2620 3035 2672 expressa.

2244 2672 2265 2703 '
2299 2670 2415 2724 Non
2432 2670 3076 2749 _edi_to_qu_idem_ca_t_ione
3118 2692 3260 2749 noro
3303 2676 3735 2749 scripturarum,

2168 2750 2261 2795 aut
2290 2740 2555 2815 peculiari
2600 2740 2652 2796 in
2689 2742 2849 2815 hujus
2906 2744 3029 2815 libri
3063 2748 3293 2815 gratiam
3321 2740 3579 2810 decreto;
3618 2748 3738 2809 sed,

2170 2821 2230 2865 ut
2262 2814 2748 2880 vulgogautuniant
2775 2813 2923 2867 docti
2965 2813 3089 2880 viri,
3121 2818 3245 2871 ideo
3273 2832 3399 2873 eum
3429 2816 3632 2871 dicitur
3659 2832 3745 2870 re-

2168 2878 2627 2960 cepisseﬂica'na
2656 2883 2925 2960 synodus,
2974 2878 3121 2960 quod
3176 2886 3297 2956 ejus
3341 2888 3530 2942 Patres
3579 2902 3647 2939 ex
3674 2902 3746 2960 eo

2168 2954 2342 3026 etiam
2370 2949 2533 3026 Libro
2567 2949 2906 3021 sumpserint
2944 2949 3256 3010 testimonia
3289 2967 3453 3026 atque
3472 2956 3746 3021 exempla.

2169 3020 2272 3085 Qui
2330 3020 2385 3072 in
2423 3020 2583 3094 Jlallc
2645 3020 2969 3094 concessere
3018 3020 3380 3091 sententiam,
3409 3020 3749 3094 longatn’in-

496 3098 711 3166 collegii
742 3087 1143 3150 Avenioiiensis
1173 3109 1205 3147 e
1237 3095 1501 3166 societate
1526 3092 1677 3159 Jesu,
1708 3096 1894 3166 quiin
1934 3107 2064 3160 pro-
2096 3094 2137 3147 C
2172 3098 2392 3166 struunt
2421 3087 2641 3166 Patrum
2665 3092 2829 3166 etiam
2852 3094 3333 3166 Anienicaenorum
3356 3087 3594 3161 'serie'm,
3625 3098 3753 3164 qni-

500 3174 625 3239 logo
643 3162 941 3233 ﬁsuperiori
977 3166 1335 3239 depravatam
1383 3162 1670 3239 lectionem
1703 3164 2065 3231 Iiagiograplta

501 3234 796 3299 reiinebat,
825 3249 1016 3303 puram
1054 3239 1159 3287 hoc
1188 3234 1311 3287 loco
1341 3248 1404 3287 ac
1430 3238 1723 3301 genuinam
1759 3245 2069 3303 repraesem

502 3318 602 3371 tat,
639 3321 759 3359 eam
792 3300 1024 3368 scilicet,
1069 3319 1231 3371 quani
1274 3318 1372 3356 nos
1415 3300 1755 3355 restituiinus
1804 3303 1870 3353 ad
1907 3300 2066 3371 fidem

502 3370 737 3431 duOrunt
774 3374 1001 3427 istorum
1057 3370 1187 3425 mss.
1226 3374 1478 3426 codicum
1518 3388 1533 3423 :
1588 3372 1709 3425 fulti
1763 3370 2068 3440 praesertim

503 3446 829 3500 auctoritate
862 3444 919 3496 ὃ.
940 3442 1276 3512 Hieronymi,
1311 3443 1401 3512 qui
1429 3443 1562 3512 dum
1594 3456 1879 3495 numerum
1907 3440 2072 3493 libro-

506 3532 626 3570 rum
650 3511 1218 3583 hagiographoruni’ct
1241 3511 1655 3583 apudllebrtnos
1684 3512 2070 3583 canonicorum

503 3577 930 3638 circumscribit
945 3597 1006 3636 ac
1046 3582 1236 3634 definit
1265 3577 1679 3650 praefationibus
1732 3580 1850 3633 suis
1880 3581 1935 3633 in
1969 3577 2075 3650 Ile-

502 3671 653 3724 gitiu,
693 3655 952 3716 Danielis,
998 3649 1584 3724 Paralipgiiienonqtte‘
1616 3650 1917 3724 volumina,
1950 3649 2074 3701 nul-

504 3719 612 3778 Ῑιιιιι
647 3727 983 3776 mentionem
1031 3723 1160 3775 facit
1206 3719 1389 3774 Tobiae
1430 3725 1509 3773 vel
1560 3720 1770 3784 Juditb,
1807 3720 1911 3772 nisi
1946 3733 2074 3772 cum

507 3794 804 3847 hoslibros
835 3807 865 3845 e
919 3805 1149 3844 numero
1197 3790 1388 3859 viginti
1423 3802 1659 3859 quatuor
1718 3803 1836 3843 Sive
1884 3786 2074 3855 viginti

505 3865 739 3916 duorum
773 3871 1110 3931 segregatos,
1150 3860 1295 3931 inter
1340 3862 1663 3931 apocrypha
1695 3861 2074 3931 scriptaLesse

507 3935 789 4002 ponendos
817 3924 1105 3986 decérnit.
1128 3930 1203 4002 _ld
1239 3924 1460 3999 quoque
1507 3924 1696 4002 docuit
1728 3924 1855 3982 ante
1885 3924 2079 4002 Hiero-

508 3997 732 4072 iiytnum
783 4002 1068 4072 Qrigenes,
1126 4000 1182 4053 in
1213 3997 1443 4072 epistola
1478 3997 2072 4072 ad_A]‘ricanui_it,__ti_bi

511 4066 747 4125 testatur
800 4066 1017 4123 Judaeos
1054 4084 1164 4123 non
1198 4066 1274 4123 uti
1330 4070 1483 4123 libris
1524 4066 1714 4121 Tobiae
1745 4079 1799 4121 et
1847 4066 2074 4131 Judith;

509 4156 612 4194 nec
642 4142 783 4209 apud
815 4156 908 4192 eos
939 4140 1123 4191 haberi
1158 4138 1261 4209 nisi
1287 4139 1340 4191 in
1381 4139 1707 4209 apocryphis
1745 4137 1939 4209 :_t_De
1967 4150 2078 4202 quo

510 4226 610 4264 nos
639 4206 855 4278 oportet
895 4212 1062 4270 scire,
1094 4208 1291 4276 inquit,
1330 4212 1477 4277 quod
1521 4206 1941 4278 Hebrwi»'l‘obia_
1967 4221 2075 4278 non

510 4275 761 4341 utuntur,
799 4293 977 4346 neque
999 4275 1211 4331 Juditli.
1248 4275 1368 4331 Non
1395 4279 1543 4329 enim
1577 4292 1638 4330 ea
1665 4276 1868 4329 habent
1893 4275 1994 4329 nisi
2024 4278 2076 4327 in

508 4351 837 4418 apocrypliis
870 4348 1164 4411 llebraice,
1204 4356 1261 4399 ut
1309 4349 1378 4399 ab
1412 4348 1543 4414 ipsis
1574 4347 1848 4400 discentes
1875 4360 2079 4413 cogno-

2177 3158 2278 3212 bus
2314 3158 2403 3210 illa
2456 3158 2731 3213 interdum
2794 3161 3048 3216 laudatur
3094 3164 3331 3219 Judithte
3384 3158 3751 3221 historiaCEt

2174 3242 2368 3304 magno
2397 3229 2617 3304 quidem
2654 3244 2908 3304 numero,
2929 3240 3098 3304 atque
3120 3250 3185 3287 ex
3215 3236 3364 3290 omni
3397 3251 3535 3304 pene
3567 3234 3755 3289 Eccle-

2173 3300 2266 3373 sia:
2314 3298 2534 3357 seculo,
2572 3300 2803 3368 proferri
2838 3302 2890 3354 in
2928 3298 3070 3373 hanc
3099 3318 3210 3357 rem
3250 3298 3430 3373 posse.
3472 3298 3580 3358 non
3625 3304 3753 3357 inﬁ-

2173 3368 2326 3420 cior:
2363 3382 2575 3444 verum_
2608 3384 2716 3423 non
2770 3384 2890 3423 eam
2950 3372 3122 3426 fuisse
3169 3368 3367 3443 Opinor
3428 3375 3750 3444 Hieronymi

2177 3448 2452 3513 mentem:
2483 3437 2578 3491 sed
2604 3449 2832 3513 certain,
2866 3449 2921 3493 et
2970 3437 3495 3511 scriptis'traditant
3552 3437 3749 3513 synodi

2175 3506 2549 3583 definitionem
2590 3511 2928 3583 appellasse,
2981 3506 3203 3583 tam—etsi
3236 3519 3481 3581 Spuriani
3526 3506 3752 3567 et'falso

2175 3574 2414 3628 Nic.cnis
2470 3574 2723 3631 Patribus
2780 3580 3122 3634 attributam.
3188 3574 3487 3637 Exstabant
3537 3584 3756 3637 scilicet

2176 3647 2304 3721 olim
2343 3645 2787 3721 llierottytniunis
2819 3652 3159 3721 temporibus
3188 3652 3415 3706 indiculi
3464 3667 3755 3707 sacrorum

2179 3714 2443 3787 libroruin
2470 3714 2791 3771 sui'iNicaeni
2824 3714 3042 3773 concilii
3064 3732 3226 3787 atque
3254 3728 3421 3776 etiam
3442 3722 3723 3776 Chalcedo
3742 3752 3757 3763 -

2181 3785 2366 3837 nensis
2406 3788 2651 3861 notitiae,
2684 3791 2774 3861 qui
2802 3798 2858 3840 ut
2880 3790 2967 3856 pia
2998 3785 3190 3844 fraude
3222 3801 3562 3855 constarent,
3588 3793 3759 3861 vulgo

2184 3862 2362 3905 tamen
2398 3856 2952 3927 circumferebantur,
2985 3867 3150 3927 atque
3189 3863 3571 3915 auctoritatem
3601 3856 3759 3916 obt'i-

2181 3926 2751 4003 nebaitt._t_3ol|iginttts
2786 3929 2838 3980 id
2876 3926 3180 4003 manifesto
3207 3945 3274 3984 ex
3297 3930 3760 4003 Cassiodorojno

2179 3994 2352 4045 stitnt.
2380 3992 2643 4073 .Li'tternr.
2702 4014 2821 4064 cap.
2870 3999 2951 4073 ιιι,
2994 4000 3094 4073 ub‘i_
3117 4015 3240 4073 cum
3277 4003 3504 4054 dixisset
3530 4003 3597 4054 de
3624 4000 3760 4073 Hie-

2182 4068 2501 4140 ronymiana
2546 4069 3003 4140 interpretatione
3062 4068 3378 4136 Scripturae,
3409 4073 3585 4137 deque
3631 4071 3760 4140 ejus

2182 4133 2475 4202 divisione,
2512 4150 2575 4187 ac
2626 4137 2893 4188 librorum
2953 4133 3205 4202 numero,
3262 4140 3446 4192 subdit
3476 4133 3511 4190 ε’
3539 4157 3558 4189 t
3599 4133 3760 4195 Utiite

2182 4201 2313 4274 licet
2346 4204 2499 4256 multi
2532 4204 2742 4267 Patres,
2779 4206 2832 4257 id
2861 4214 2964 4265 est,
2998 4206 3055 4260 S.
3091 4204 3355 4272 Hilarius,
3385 4218 3441 4260 et
3493 4209 3754 4274 Rufinus,

2183 4283 2239 4324 et
2270 4273 2629 4340 Epiphanius,
2691 4282 2747 4327 et
2790 4274 3029 4343 synodus
3088 4291 3315 4340 NICJSNA,
3346 4289 3401 4331 et
3430 4273 3760 4334 Chalcedo-

2184 4346 2372 4395 nensis
2427 4358 2534 4395 non
2585 4352 2772 4396 contra
2830 4343 3086 4408 dixerint,
3135 4348 3228 4401 sed
3269 4348 3518 4406 diversa;
3560 4364 3761 4403 omnes

510 4413 728 4472 vimus.
751 4438 769 4470 ι
807 4420 997 4471 Plures
1030 4413 1500 4485 praetermittimus
1533 4417 1901 4485 conjecturas,
1944 4418 2073 4483 quia
2112 4423 2152 4477 υ
2186 4420 2367 4485 tamen
2402 4427 2497 4480 per
2519 4413 2822 4485 divisiones
2842 4428 2970 4467 suas
2999 4414 3170 4470 libros
3202 4418 3415 4471 divinos
3440 4433 3768 4472 sacratneno

511 4491 798 4541 manifesta
840 4487 1231 4557 proposuimus
1283 4487 1591 4541 testimonia
1639 4498 1694 4539 et
1751 4494 2073 4553 argumenta

510 4560 576 4611 ad
613 4574 725 4611 rent
763 4570 1110 4625 praesentem,
1158 4572 1256 4610 seu
1283 4558 1585 4611 editionem
1628 4565 1871 4612 nostrain
1918 4560 2077 4623 plane

509 4630 955 4681 confirmandam.
988 4628 1163 4681 Manr.

584 4696 830 4751 Diximus
879 4700 1108 4750 fortasse
1146 4698 1265 4765 plus
1310 4698 1443 4751 satis
1499 4695 1566 4751 de
1629 4696 1795 4763 hujus
1842 4694 2077 4748 veritate

508 4767 765 4820 lectio’nis
811 4783 976 4835 supra
1012 4767 1077 4818 ad
1107 4770 1383 4835 geminum
1436 4770 1522 4821 isti
1565 4769 1747 4820 locum
1782 4768 1988 4834 prologi
2025 4768 2077 4816 iii

511 4837 759 4891 Tobiam.
790 4837 925 4890 Male
954 4838 1092 4891 adeo
1122 4854 1152 4891 e
1183 4842 1385 4892 nostris
1410 4853 1629 4907 quoque
1664 4853 1763 4890 ins.
1805 4840 1943 4907 alter
1972 4836 2079 4887 lle-

508 4924 646 4976 ginve
674 4924 795 4960 cuin
828 4907 1040 4975 pridem
1074 4908 1240 4961 editis
1267 4910 1398 4976 legit
1428 4904 1833 4976 Vliag’t'ograpliu.
1870 4904 2080 4959 thests

508 4988 564 5031 et
598 4977 912 5045 Origenctn,
954 4979 1186 5046 epistola
1212 4979 1277 5029 ad
1310 4980 1648 5031 Africanum.

579 5046 739 5117 fHuc
770 5052 913 5101 refer
944 5048 1078 5101 illud
1102 5050 1156 5100 iii
1191 5050 1415 5117 prologo
1444 5051 1509 5099 ad
1532 5050 1700 5100 libros
1730 5046 2074 5099 Salomonis:

513 5135 531 5167 t
571 5115 722 5186 Legit
768 5117 1012 5171 Ecclesia
1045 5118 1112 5170 ad
1160 5115 1581 5171 aedificationem
1614 5120 1812 5185 plebis,
1849 5132 1956 5167 non
2010 5118 2077 5168 ad

507 5192 891 5241 auctoritatem
947 5188 1450 5243 ecclesiasticarum
1502 5190 1818 5256 doginatum
1874 5188 2082 5256 centir-

508 5259 785 5311 mandatu.
822 5277 841 5310 ι
870 5259 1015 5312 Alibi
1072 5259 1371 5313 clausulam
1424 5254 1890 5327 paulo—duriorem
1917 5254 2079 5327 adhi-

506 5328 620 5391 bet,
665 5341 723 5381 ut
757 5329 810 5382 in
842 5329 1006 5397 epist.
1039 5343 1153 5390 LIV,
1191 5330 1259 5382 ad
1289 5326 1537 5392 Furiam,
1592 5343 1745 5381 num.
1806 5326 1871 5379 16
1904 5342 1918 5377 :
1948 5343 1977 5397 rt
2020 5326 2077 5380 Si

506 5414 594 5451 cui
650 5410 829 5453 tamen
878 5396 1053 5468 placet
1098 5402 1246 5453 hunc
1291 5402 1491 5454 librum
1529 5399 1797 5465 recipere.
1838 5415 1857 5445 ι
1917 5396 1984 5449 Et
2023 5399 2079 5449 in

508 5484 634 5537 cap.
667 5486 679 5522 i
708 5474 888 5539 Aggtei
916 5487 929 5521 :
972 5489 989 5519 ι
1026 5469 1080 5523 Si
1102 5478 1225 5539 quis
1255 5482 1434 5524 tamen
1467 5471 1581 5522 vult
1602 5469 1801 5520 librum
1830 5468 2080 5535 accipere

509 5542 778 5593 mulieris.
814 5559 832 5590 ι
892 5540 1100 5593 Laudat
1158 5550 1339 5593 tamen
1397 5543 1644 5603 impense
1696 5541 1855 5598 almi,
1923 5539 2081 5589 utin

507 5618 669 5673 epist.
702 5614 767 5662 ad
804 5611 1129 5678 Principiam
1161 5625 1180 5666 :
1231 5627 1249 5659 i
1290 5613 1459 5672 ltutlt,
1496 5609 1716 5667 Esther,
1775 5620 1829 5661 et
1858 5604 2077 5671 Juditli,

511 5684 676 5730 tanta:
718 5683 906 5748 gloriae
945 5693 1099 5746 sunt,
1131 5690 1189 5733 ut
1240 5695 1414 5735 sacris
1448 5683 1824 5735 voluminibus
1854 5680 2079 5731 nomina

2184 4482 2252 4555 tis
2289 4484 2728 4549 competentibus
2752 4494 3114 4555 aptaverunt.
3152 4505 3170 4535 ι
3208 4486 3376 4540 Erant
3402 4487 3567 4555 igitur
3607 4489 3765 4555 jam-

2180 4552 2273 4603 diu
2299 4562 2458 4605 antea
2505 4556 2708 4621 scripta
2746 4554 2977 4608 Nicaeum
3009 4558 3222 4625 synodi,
3255 4568 3311 4610 nt
3346 4568 3401 4609 et
3428 4552 3764 4611 'Chalcedo-

2180 4628 2335 4695 nensi
2394 4635 2786 4687 monumenta,
2844 4640 2966 4692 quae
2998 4629 3158 4677 aliter
3197 4627 3612 4695 Scripturarnm
3663 4644 3767 4681 or-

2180 4690 2363 4761 dinem
2394 4702 2657 4757 texet‘ent,
2700 4711 2763 4747 ac
2787 4690 2957 4747 libros
2989 4690 3371 4761 supputaren't.

2255 4760 2275 4789 ⁸
2310 4762 2387 4814 Eo
2422 4762 2672 4825 fortasse,
2708 4780 2818 4832 quo
2855 4764 3039 4815 Tobia:
3064 4760 3371 4817 versionem
3403 4765 3569 4820 modo
3593 4766 3785 4822 adoro:

2181 4844 2405 4902 neverat
2432 4870 2447 4893 ,
2500 4842 2558 4884 ut
2593 4849 2711 4899 qua:
2750 4832 3044 4886 Chaldaice
3099 4836 3302 4902 scripta
3344 4847 3519 4902 erant,
3557 4840 3666 4890 alio
3705 4841 3763 4891 ιιι

2181 4899 2515 4953 llebraicum
2555 4905 2842 4966 reddente,
2879 4906 2991 4970 ipse
3042 4904 3094 4953 in
3132 4899 3381 4957 Latinum
3420 4899 3768 4969 refunderet,

2186 4973 2432 5024 historia:
2460 4974 2632 5039 magis
2664 4976 2976 5035 veritatem,
3033 4989 3193 5039 quain
3254 4982 3654 5029 sententiarum
3712 4990 3773 5029 et

2187 5046 2487 5094 verborum
2542 5046 2759 5115 seriem
2800 5046 2992 5096 sedulo
3046 5057 3391 5115 persecutus.
3433 5050 3774 5115 Quanquam

2184 5128 2293 5163 non
2318 5120 2518 5164 desunt
2562 5113 2765 5165 eruditi
2794 5116 2921 5174 viri,
2957 5129 3047 5180 qui
3080 5114 3331 5167 Latinam
3364 5120 3521 5171 istam
3557 5113 3781 5169 versui)-

2185 5196 2309 5233 neni
2336 5199 2458 5234 cum
2495 5182 2682 5235 Graeca
2715 5196 3134 5249 componentes,
3171 5189 3386 5241 nescire
3408 5202 3466 5241 se
3500 5189 3781 5254 profiten-

2187 5260 2296 5325 tur,
2324 5266 2447 5319 quae
2482 5254 2647 5325 fuerit
2691 5254 2980 5319 utriusque
3006 5256 3170 5320 ratio,
3200 5264 3256 5309 et
3283 5272 3389 5324 qua
3434 5258 3550 5325 ipse
3574 5269 3779 5311 mente

2186 5320 2555 5391 Hieronymus
2585 5323 2810 5385 dixerit,
2825 5336 2884 5376 se
2914 5326 3082 5392 magis
3107 5341 3283 5388 sensu,
3302 5320 3475 5393 'quani
3508 5343 3573 5379 ex
3608 5332 3779 5380 uerbo

2185 5393 2421 5454 verbum,
2465 5393 2840 5446 transtulisse.
2899 5393 3046 5458 Quin
3105 5397 3270 5449 etiam
3306 5400 3584 5457 dubitant,
3618 5399 3778 5450 sitne

2189 5464 2377 5515 isttnee
2432 5463 2816 5536 interpretatio
2870 5464 3212 5536 Hieronymi,
3271 5482 3395 5519 cum
3469 5472 3779 5535 plirasibas

2187 5541 2415 5595 scateat,
2446 5548 2566 5601 quae
2588 5532 2838 5606 Graecum
2874 5539 3041 5603 magis
3076 5532 3378 5599 redoleant,
3407 5532 3574 5606 qtiatn
3604 5540 3784 5593 Chal-

2187 5611 2327 5657 daici
2363 5614 2543 5657 textus
2592 5604 2897 5670 ingenium.
2950 5612 3060 5659 mos
3116 5622 3238 5674 quae
3293 5604 3516 5676 majoris
3567 5614 3781 5676 saltent

2191 5676 2451 5729 momenti
2501 5685 2803 5744 sunthsuts
2838 5678 2977 5732 locis
3009 5670 3409 5746 expendeinus'.
3732 5670 3755 5745 η’
