3966 6184
259 292 330 358 ιι
1017 267 1069 296 “¹’
1615 282 1852 349 LIBER
1887 284 2201 351 JUDlTH.
3462 274 3534 337 42

261 411 399 465 bum
432 404 798 461 transferens.
853 403 1146 460 Multorum
1182 401 1436 460 codicum
1475 404 1800 460 varietatem
1829 406 1845 436 ¹
1876 411 1924 466 Α
1949 404 2245 460 declarata.
2303 399 2454 454 lianc
2491 397 2641 454 enim
2672 413 2785 453 non
2817 396 2994 452 solum
3031 391 3275 454 feminis,
3319 391 3415 447 sed
3474 403 3529 444 ut

257 499 682 556 vitiosissimam
712 496 993 566 amputavi
1028 513 1041 550 :
1072 495 1189 550 sola
1211 511 1298 558 ea,
1325 511 1448 565 quae
1481 495 1845 565 intelligentia

258 591 475 659 integra
502 589 558 641 in
585 586 773 642 verbis
821 585 1090 639 Chaldaeis
1143 584 1389 640 invenire
1428 586 1606 655 potui,
1635 583 1846 638 Latinis

257 681 532 747 expressi.
565 680 811 750 Accipite
830 679 1020 734 Judith
1049 678 1266 732 viduam
1292 680 1336 742 ’,
1366 678 1634 732 castitatis
1664 693 1848 732 exem-

258 774 436 842 plum,
469 783 526 825 et
559 770 881 840 triumphali
906 769 1089 837 laude,
1113 769 1396 840 perpetuis
1414 784 1477 825 ea
1494 768 1846 839 mpraeconiis

339 933 356 962 ³
379 931 583 985 Videre
611 938 697 984 est
730 927 1032 982 etiamnum
1084 934 1164 979 tot
1199 925 1470 978 variantia
1521 925 1574 979 in
1631 925 1716 979 his
1746 926 1838 995 qui

258 1013 565 1068 supersunt
611 999 944 1066 antiquioris
973 996 1212 1064 Vulgata:
1243 997 1526 1048 codicibus
1556 1011 1685 1068 mss.
1721 1012 1843 1068 quae

259 1067 616 1124 Martianmus
657 1069 883 1136 quidem
932 1067 988 1120 in
1023 1080 1082 1119 se
1140 1076 1423 1133 receperat
1482 1067 1750 1119 exhibere
1785 1067 1838 1118 in

259 1141 429 1208 hujus
457 1141 630 1207 partis
659 1138 990 1208 appendice,
1040 1136 1395 1208 postmodum
1429 1151 1560 1208 vero
1588 1136 1840 1208 improbo

256 1205 797 1276 labore'superatus,
815 1206 994 1276 latiori
1014 1205 1167 1274 operi
1199 1207 1520 1268 reservavit,
1539 1222 1602 1260 ac
1618 1205 1841 1258 demum

257 1281 483 1348 penitus
518 1275 892 1346 praetermisit.
954 1275 1241 1348 Exemplar
1273 1285 1456 1348 tamen
1514 1285 1671 1348 vetus
1706 1277 1840 1348 (Jor-

260 1345 491 1402 beieuse
522 1345 592 1402 ἶ).
617 1350 871 1402 Calmero
894 1345 1338 1407 communicavit,
1361 1347 1454 1413 qui
1491 1346 1593 1399 sub
1622 1346 1844 1398 nomine

263 1421 476 1471 veteris
513 1419 754 1488 Vulgata:
802 1417 936 1470 illud
990 1417 1192 1485 passim
1233 1416 1420 1468 laudat
1467 1416 1526 1488 in
1550 1415 1663 1468 suis
1693 1429 1845 1488 com-

264 1489 579 1541 mentariis.
618 1483 788 1542 Nobis
839 1483 1004 1540 etiam
1050 1499 1219 1539 unum
1269 1494 1434 1553 atque
1481 1484 1713 1538 alterum
1743 1483 1846 1537 bu-

255 1559 503 1628 jusmodi
579 1557 981 1627 exemplarium
1043 1555 1236 1628 videre
1289 1555 1561 1628 contigit,
1607 1569 1730 1623 quae
1787 1555 1841 1607 in

268 1623 590 1694 przx'lnlione
619 1623 991 1689 nominamus,
1033 1636 1200 1694 atque
1225 1623 1301 1678 ita
1333 1627 1398 1678 ad
1429 1625 1680 1678 Graecum
1715 1639 1845 1693 pro-

1954 496 2090 551 viris
2117 493 2436 550 imitabilem
2464 491 2618 546 dedit
2655 491 2696 556 ³,
2714 491 2806 561 qui
2829 486 3095 544 castitatis
3124 485 3243 556 ejus
3279 497 3534 538 remune-

1956 594 2123 651 rator,
2148 584 2406 638 virtutem
2430 583 2479 636 ei
2516 581 2680 635 talem
2716 579 2930 644 tribuit,
2958 587 3018 631 ut
3046 577 3312 630 invictum
3344 572 3529 626 omni-

1955 679 2059 732 bus
2090 675 2404 732 hominibus
2435 675 2683 730 vinceret
2715 671 2763 736 ⁵.
2807 680 2866 727 et
2893 668 3322 742 insuperabilem
3370 680 3536 734 supe-

1956 777 2125 824 raret.

2533 884 2568 902 -ο

1953 933 2348 994 nuncupatam.
2383 921 2594 992 Nempe
2621 919 2944 994 cumnulla
2978 932 3360 994 personarum,
3413 919 3539 994 qui—

1954 997 2056 1049 bus
2090 990 2434 1056 inscribitur,
2471 990 2676 1047 mentio
2734 992 2805 1046 sit
2846 992 2901 1044 in
2947 990 3114 1045 editis
3163 999 3258 1042 aut
3296 1004 3428 1043 mss.
3468 993 3535 1043 ιι-

1951 1066 2090 1128 bris,
2151 1064 2560 1127 'l‘illemontius,
2618 1062 2824 1130 aliique
2871 1068 3164 1129 posticum
3204 1059 3533 1130 conjiciunt,

1949 1152 2018 1190 ex
2053 1135 2251 1204 ipsius,
2312 1145 2370 1187 ut
2404 1135 2580 1204 aiunt,
2616 1129 3003 1204 convenientia
3043 1130 3248 1204 operis,
3275 1198 3285 1204 _
3311 1129 3539 1204 cptione-

1954 1198 2224 1264 νωτᾶταις
2257 1205 2462 1268 Paulae,
2505 1203 2741 1271 [iliaque
2775 1201 2895 1270 ejus
2923 1199 3224 1254 Eustochio
3255 1198 3396 1271 dari.
3426 1200 3541 1252 Νοη-

1954 1275 2041 1328 bis
2061 1276 2286 1343 propius
2314 1275 2531 1327 videtur
2563 1275 2628 1326 ad
2652 1270 2866 1343 ’rlidem,
2924 1271 3175 1340 geminos
3217 1270 3535 1343 episcopos,

1952 1339 2331 1399 Chromatium
2387 1353 2553 1412 atque
2584 1339 2987 1412 Heliodorum,
3014 1355 3248 1412 quorum
3285 1339 3534 1412 nomini-
3599 1405 3604 1408 _

1954 1414 2057 1468 bus
2087 1423 2143 1467 et
2168 1408 2518 1482 superiorem
2574 1413 2820 1481 proxime
2854 1408 3040 1465 Tobiaé
3071 1410 3275 1463 librum
3319 1408 3539 1482 dedica-

1953 1493 2128 1543 verat,
2167 1479 2256 1537 hic
2279 1484 2484 1537 iterum
2516 1479 2873 1552 compellare,
2902 1493 3178 1547 unamque
3209 1494 3330 1531 esse
3353 1479 3541 1552 dicere

1958 1564 2119 1607 tantae
2151 1555 2370 1607 femina:
2418 1547 2676 1606 virtutem
2734 1555 2788 1604 in
2846 1567 3032 1613 causa,
3075 1565 3175 1618 cur
3210 1552 3328 1618 ejus
3366 1547 3541 1601 histu-

1957 1627 2094 1677 riam
2138 1626 2268 1677 viris
2314 1633 2614 1689 nuncupet,
2670 1637 2793 1689 quae
2826 1636 2884 1674 se
2938 1636 3040 1672 non
3081 1617 3254 1672 solum
3301 1617 3535 1686 (annuis,

264 1691 394 1772 plus
422 1699 691 1772 accedere
721 1691 1224 1772 animadvertimus,
1251 1704 1311 1748 ut
1334 1703 1512 1750 tamen
1547 1695 1680 1748 alibi
1716 1691 1844 1748 cum
1877 1711 1926 1772 Β
1955 1697 2047 1747 sed
2077 1702 2126 1746 et
2156 1694 2282 1747 viris
2334 1693 2646 1771 imitabilem
2679 1693 2843 1772 dedit.
2882 1691 2941 1744 ιιι
2971 1693 3017 1744 si
3046 1706 3236 1772 verum
3271 1693 3362 1750 sit,
3391 1691 3535 1772 latio

265 1769 496 1832 Vulgata
555 1771 729 1836 magis
769 1770 1136 1821 consentiant.

338 1843 358 1868 ³
396 1838 615 1904 Regina:
643 1833 768 1897 ms.,
792 1836 1010 1905 solaque
1031 1850 1272 1905 ea,_quu:,
1303 1846 1409 1889 etc.
1437 1833 1573 1889 Hinc
1598 1833 1850 1887 videatur

264 1908 324 1961 S.
361 1903 632 1973 interpres
663 1922 785 1960 eam
829 1903 1444 1961 historiam'ﬁinterdum
1499 1905 1555 1958 in
1590 1919 1851 1972 compen-

265 1979 423 2031 dium
460 1981 761 2045 redegisse.

345 2048 364 2076 ³
397 2047 472 2098 hx
503 2050 610 2099 hoc
643 2048 765 2100 loco
792 2046 1048 2101 videmur
1077 2046 1237 2100 nobis
1272 2045 1407 2100 satis
1446 2053 1594 2115 recte
1625 2045 1849 2115 collige-

267 2133 352 2181 re,
385 2118 540 2177 \‘lllS,
603 2133 711 2169 non
759 2116 978 2172 feuiinis
1038 2118 1208 2171 fuisse
1257 2117 1398 2170 hanc
1441 2113 1844 2182 prmiatione‘m,

267 2189 559 2257 ipsamque
611 2187 754 2242 adeo
786 2189 1100 2242 versionem
1149 2186 1389 2242 Judithze
1421 2188 1488 2238 ab
1514 2183 1848 2254 Hieronymo

1958 1779 2179 1832 quoque
2226 1762 2534 1829 temporis,
2577 1778 2686 1830 quo
2724 1762 2968 1815 laborem
3037 1761 3198 1832 hunc
3242 1758 3544 1832 exantlat'it

1959 1829 2017 1886 S.
2054 1829 2238 1899 Pater,
2273 1829 2648 1886 verosimilius
2698 1833 2992 1885 constabit.
3034 1831 3191 1884 Haud
3238 1838 3421 1882 autem
3455 1829 3543 1882 in-

1965 1905 2149 1971 telligo
2179 1903 2312 1972 quid
2357 1903 2462 1956 sibi
2493 1902 2732 1956 voluerit
2763 1903 2859 1970 qui
2909 1899 3412 1972 Regimecodicem
3440 1902 3540 1972 de.

1958 1969 2592 2054 scriiisit'aiiiaituensis,
2639 1989 2764 2026 cum
2785 1969 3086 2028 ’subdit'in
3129 1970 3274 2034 line,
3305 1969 3539 2024 Girardo

1987 2059 2119 2096 ram
2144 2059 2260 2096 suo.

1987 2055 2119 2096 ratri
2144 2059 2260 2096 suo.

1961 2048 1978 2110 1
2034 2114 2056 2143 δ
2084 2115 2212 2168 Mss.
2245 2115 2620 2184 quamplures,
2650 2121 2708 2166 ut
2746 2113 2999 2168 invictum
3039 2111 3103 2165 ab
3151 2112 3391 2165 omnibus
3421 2112 3540 2162 vin-

1959 2193 2118 2238 οενει.

1776 2535 2072 2599 lNClPlT

1097 2725 1738 2901 LIBER
1873 2723 2749 2904 JUDITH.

333 3164 610 3240 [Cap.-l.]
645 3163 939 3235 Arphaxad
975 3165 1160 3234 itaque
1199 3180 1295 3219 rex
1325 3164 1608 3222 Medorum
1668 3151 1852 3238 subju-
1889 3163 1933 3226 C
1967 3176 2183 3216 omnem
2239 3169 2444 3216 terram
2509 3159 2684 3226 Iesse,
2746 3175 3034 3233 quousque
3098 3167 3451 3233 perveniatur
3479 3168 3547 3222 ad

257 3270 490 3332 garerat
517 3262 718 3314 multas
752 3269 943 3329 gentes
969 3259 1200 3327 imperio
1250 3274 1371 3325 suo,
1433 3262 1628 3328 etipse
1684 3259 1858 3313 aedili-

259 3357 415 3408 cavit
470 3354 749 3407 civitatem
811 3350 1268 3420 potentissimam,
1328 3365 1494 3420 quam
1557 3350 1860 3420 appellavit

259 3445 588 3507 Ecbatanis,
621 3460 688 3499 ex
721 3444 999 3514 lapidibus
1029 3439 1318 3511 quadratis
1351 3453 1408 3497 et
1462 3444 1626 3497 sectis
1660 3459 1674 3495 :
1731 3441 1862 3497 fecit

261 3553 463 3591 muros
487 3538 610 3606 ejus
639 3538 692 3590 in
719 3536 1064 3590 latitudinem
1107 3535 1423 3590 cubitorum
1458 3535 1856 3606 septuaginta‘,

259 3642 314 3685 et
381 3632 439 3683 in
536 3628 883 3684 altitudinem
954 3629 1268 3682 cubitorum
1359 3628 1604 3698 triginta,
1676 3638 1859 3684 turres

259 3739 403 3777 vero
440 3723 561 3791 ejus
602 3723 784 3790 posuit
820 3723 874 3776 in
931 3720 1278 3776 altitudinem
1335 3722 1658 3776 cubitorum
1727 3737 1860 3776 cen-

264 3824 414 3866 tum.
456 3813 557 3866 Per
593 3817 863 3881 quadrum
917 3826 1046 3865 vero
1086 3827 1302 3876 earum,
1356 3812 1499 3866 latus
1558 3821 1857 3881 utrumque

260 3908 594 3960 vicenorum
630 3905 834 3972 pedum
870 3905 1049 3972 spatio
1084 3904 1414 3957 tendebatur
1469 3901 1580 3974 μί.
1622 3902 1855 3956 teneba-

266 3997 412 4069 tur],
441 4009 730 4066 posuitque
758 4006 938 4065 portas
966 3997 1085 4064 ejus
1111 3996 1166 4049 in
1197 3995 1546 4049 altitudinem
1585 3995 1858 4050 turrium:

259 4096 321 4139 et
355 4086 699 4154 gloriabatur
728 4086 885 4154 quasi
921 4096 1116 4154 potens
1164 4085 1216 4138 in
1263 4087 1514 4153 potentia
1577 4087 1858 4139 exercitus

258 4179 377 4241 sui,
406 4189 460 4230 et
489 4180 541 4230 in
571 4178 743 4246 gloria
779 4178 1168 4247 quadrigarum
1198 4193 1448 4232 suarum.

333 4273 500 4322 Anno
534 4270 699 4336 igitur
734 4269 1062 4322 duodecimo
1099 4269 1250 4337 regni
1282 4266 1858 4333 sui,Nabuchodono-

258 4377 358 4415 sor
391 4377 485 4413 rex
518 4363 897 4430 Assyriorum,
939 4361 1033 4430 qui
1077 4363 1343 4429 regnabat
1381 4361 1434 4413 in
1475 4359 1675 4413 Ninive
1725 4360 1852 4414 civi~

259 4462 378 4506 tate
408 4467 625 4520 magna,
659 4453 923 4520 pugnavit
966 4459 1159 4504 contra
1185 4449 1500 4517 Arpliaxad,
1527 4460 1580 4503 et
1609 4449 1852 4504 obtinuit

1967 3255 2232 3309 terminos
2263 3255 2283 3286 ³
2307 3253 2622 3323 ιίΕιιιίορὶτυ.
2662 3254 2742 3308 Ad
2773 3255 2874 3311 hos
2903 3271 3095 3312 omnes
3141 3259 3290 3313 misit
3322 3263 3547 3315 nuntios

1966 3347 2474 3408 Nabuchodonosor
2503 3365 2597 3403 rex
2636 3349 2984 3420 Assyriorum
3017 3369 3030 3405 :
3065 3352 3156 3420 qui
3190 3367 3384 3408 omnes
3435 3369 3546 3408 uno

1968 3441 2156 3496 animo
2187 3439 2658 3508 contradixerunt,
2685 3453 2738 3498 et
2760 3444 3095 3498 remiserunt
3123 3461 3219 3500 eos
3243 3461 3461 3513 vacuos,
3489 3456 3549 3501 et

1963 3535 2082 3590 sine
2107 3535 2316 3590 honore
2355 3535 2698 3606 abjecerunt.
2725 3537 2880 3592 Tunc
2911 3537 3226 3608 indignatus
3255 3539 3550 3596 Nabucho-

1963 3628 2202 3683 donosor
2233 3644 2326 3683 rex
2366 3628 2633 3684 adversus
2659 3646 2880 3686 omnem
2919 3639 3120 3686 terram
3162 3631 3332 3696 illam,
3385 3633 3544 3702 jura-

1962 3719 2042 3775 vit
2073 3735 2171 3786 per
2203 3719 2465 3774 thronum
2493 3730 2550 3775 et
2586 3735 2814 3791 regnqu
2835 3737 3019 3787 suum,
3041 3723 3190 3792 quod
3219 3722 3545 3779 defenderet

1961 3825 2020 3865 se
2049 3809 2119 3864 de
2153 3811 2409 3866 omnibus
2431 3812 2748 3881 regionibus
2787 3814 2808 3844 ⁸
2843 3813 2950 3868 his.

2033 3902 2193 3975 [Cap.
2227 3904 2294 3960 ll.
2327 3904 2347 3976 ]
2379 3905 2538 3960 Anno
2582 3906 2742 3960 tertio
2774 3905 2987 3962 decimo
3022 3905 3535 3962 Nabuchodonosor

1962 3997 2130 4068 regis,
2154 3998 2410 4052 vicesima
2429 4007 2484 4051 et
2505 4001 2748 4054 secunda
2771 4000 2858 4054 die
2883 4001 3086 4055 mensis
3124 4001 3307 4070 primi,
3338 4001 3542 4055 iactum

1962 4100 2047 4143 est
2091 4089 2318 4144 verbum
2349 4091 2400 4143 in
2429 4090 2593 4144 domo
2611 4091 3115 4147 Nabuchodonosor
3137 4095 3546 4162 rcgisAssyrio-

1963 4196 2085 4234 rum
2124 4192 2182 4235 ut
2213 4181 2536 4236 defenderet
2569 4197 2649 4237 se.
2681 4183 3020 4254 Vocavitque
3071 4201 3264 4240 omnes
3308 4187 3546 4255 majores

1963 4275 2117 4333 natu,
2153 4282 2458 4337 omnesque
2489 4271 2657 4327 duces
2688 4283 2744 4326 et
2771 4272 3063 4328 bellatores
3091 4290 3239 4338 suos,
3275 4286 3331 4329 ct
3355 4276 3547 4330 habuit

1961 4374 2086 4411 cum
2120 4358 2204 4415 eis
2237 4362 2555 4430 mysterium
2589 4365 2806 4419 consilii
2851 4367 2957 4419 sui.
2986 4367 3243 4435 Dixitque
3263 4369 3523 4438 cogitatio

1961 4466 2084 4506 nem
2118 4468 2272 4507 suam
2310 4457 2364 4508 in
2389 4471 2455 4510 eo
2486 4472 2629 4523 esse,
2657 4468 2954 4514 utomnem
2979 4467 3182 4513 terram
3224 4477 3323 4515 suo
3355 4463 3549 4529 subju-

255 4560 396 4598 eum
435 4544 491 4595 in
533 4559 724 4614 campo
765 4556 986 4610 magno,
1015 4542 1108 4611 qui
1145 4540 1452 4610 appellatur
1507 4539 1720 4611 Ragau,
1744 4540 1852 4594 cir-
1885 4537 1928 4593 ι)
1957 4554 2108 4613 garet
2139 4546 2388 4614 itnperio.
2422 4549 2579 4614 Quod
2615 4550 2820 4604 dictum
2861 4567 2984 4605 cum
3027 4552 3328 4621 placuisset
3369 4558 3545 4609 omni-

251 4651 323 4690 εει
389 4633 722 4702 Euphraten,
775 4645 832 4687 ct
871 4633 1078 4702 Tigrin,
1115 4643 1168 4686 et
1197 4633 1435 4688 Jadason
1479 4635 1523 4701 ’,
1551 4633 1606 4686 in
1657 4648 1851 4702 campo

251 4727 468 4781 Eriocb
503 4727 644 4795 regis
671 4725 971 4780 Elicorum.
995 4724 1150 4779 Tunc
1180 4726 1477 4779 exaltatum
1507 4734 1592 4779 est
1621 4741 1846 4796 regnum

253 4820 802 4882 Nabuchodonosor,
870 4829 924 4872 et
979 4835 1076 4874 cor
1141 4819 1261 4888 ejus
1308 4817 1579 4872 elevatum
1628 4828 1732 4884 est,
1795 4827 1850 4871 ct

253 4912 495 4968 niisitad
515 4929 706 4966 omnes
726 4913 817 4981 qui
842 4912 1161 4988 habitabant
1188 4912 1239 4963 in
1256 4909 1470 4974 Cilicia,
1489 4919 1542 4964 ct
1559 4909 1844 4974 Damasco,

253 5020 312 5062 et
347 5007 585 5070 Libano,
624 5014 679 5058 ct
715 5007 781 5058 ad
816 5015 1026 5074 gentes,
1065 5020 1189 5072 qua:
1219 5015 1347 5058 sunt
1385 5003 1438 5057 in
1473 5002 1769 5066 Carmelio,
1797 5015 1852 5058 et

255 5101 461 5161 Cedar,
507 5109 562 5152 et
595 5096 972 5150 inhabitantes
1002 5094 1279 5148 Galilazam
1315 5095 1370 5146 in
1407 5109 1600 5162 campo
1657 5107 1852 5162 magno

261 5193 564 5251 Esdri-lon.
618 5202 672 5244 et
704 5191 770 5244 ad
829 5204 1020 5249 omnes
1059 5189 1150 5257 qui
1207 5196 1366 5240 erant
1396 5187 1446 5238 in
1477 5185 1747 5248 Samaria,
1797 5193 1852 5237 et

259 5302 416 5343 trans
473 5289 675 5341 ﬂumen
734 5287 1030 5340 Jordanem
1082 5297 1253 5353 usque
1286 5281 1352 5335 ad
1412 5280 1737 5342 Jerusalem,
1798 5293 1853 5333 et

342 5456 358 5485 ¹
399 5452 499 5506 llic
521 5453 859 5505 altitudinem
895 5465 993 5519 pro
1021 5447 1336 5510 latitudine,
1372 5455 1425 5501 et
1455 5459 1578 5498 mox
1606 5443 1848 5519 vicissim

261 5526 610 5577 latitudinem
659 5540 757 5592 pro
818 5513 1112 5576 altitudine
1178 5519 1394 5592 Regina:
1444 5531 1543 5570 ms.
1603 5513 1846 5592 praefert.

260 5599 437 5648 l‘aulo
467 5603 591 5662 post
641 5589 838 5648 vitiose
878 5594 1160 5661 legebatur
1206 5589 1524 5651 vicinorum,
1583 5602 1680 5654 pro
1717 5589 1851 5639 vice-

339 5684 482 5717 rum.

277 5684 292 5716 ι
339 5683 482 5717 rum.

257 5683 361 5767 ’θ’
395 5738 502 5790 l'ro
530 5733 768 5787 Jadason
802 5735 924 5803 legit
963 5733 1185 5802 Reginae
1221 5744 1326 5785 ms.
1362 5728 1593 5784 Ydasan.

475 5840 742 5899 Ριτιιυι..
782 5839 892 5899 XX
911 5837 1011 5897 ιιι.

1963 4637 2084 4702 bus,
2110 4637 2848 4697 vocavitNabuchodonosor
2874 4659 2967 4698 rex
2989 4643 3339 4699 llolofernem
3394 4647 3547 4716 prin-

1961 4729 2139 4800 cipem
2172 4733 2374 4787 militiae
2403 4749 2533 4800 suae,
2577 4745 2634 4790 et
2665 4736 2872 4792 dixitci
2915 4755 2931 4792 :
2967 4735 3241 4808 Egredere
3280 4740 3547 4796 adversus

1959 4838 2122 4878 omne
2156 4843 2381 4897 regnum
2412 4827 2748 4896 Occidentis,
2776 4841 2831 4884 et
2862 4843 3049 4886 contra
3085 4847 3180 4887 eos
3247 4835 3548 4903 praecipue,

1957 4918 2048 4984 qui
2089 4930 2544 4986 contempserunt
2583 4921 2881 4991 imperium
2919 4938 3122 4978 meum.
3197 4923 3319 4978 Non
3361 4939 3549 4993 parcet

1954 5009 2146 5063 oculus
2198 5022 2326 5066 tuus
2358 5013 2450 5065 ulli
2485 5029 2676 5082 regno,
2729 5032 3060 5086 omnemque
3109 5016 3302 5072 urbem
3361 5022 3545 5071 muui~

1955 5109 2063 5152 tam
2091 5104 2404 5172 subjugabis
2443 5107 2598 5159 mihi.

2025 5193 2180 5250 Tunc
2242 5196 2566 5255 llolofcrnes
2621 5203 2834 5256 vocavit
2866 5202 3035 5258 duces
3089 5211 3145 5257 et
3194 5205 3542 5273 magistratus

1953 5286 2176 5342 virtutis
2217 5291 2569 5360 Assyriorum
2603 5311 2616 5348 :
2642 5306 2698 5349 ct
2727 5295 3092 5351 dinumeravit
3120 5299 3267 5352 viros
3302 5299 3354 5350 in
3375 5313 3546 5366 cxpe‘

2022 5444 2041 5525 ξ
2076 5443 2357 5525 [ξειιαιὶιιιιε
2392 5465 2521 5516 ms.,
2549 5452 2619 5506 ad
2649 5462 2879 5521 montes,
2911 5470 3011 5525 pro
3039 5455 3110 5509 ad
3138 5454 3412 5507 terminos.

2023 5513 2042 5543 ³
2074 5517 2254 5589 Nostri
2297 5535 2427 5572 mss.
2461 5513 2573 5587 pari
2600 5513 2991 5588 c0Itsensii,'de
3023 5525 3264 5580 omnibus
3297 5533 3538 5589 tantum,

1952 5601 2055 5639 nec
2088 5587 2297 5665 addunt
2354 5606 2516 5648 voses
2552 5596 2846 5663 regionibus
2888 5587 2988 5649 liis.
3053 5599 3222 5647 Paulo
3282 5587 3544 5665 superius

1957 5672 2096 5711 UIIUS
2128 5657 2352 5740 Regium.
2389 5677 2490 5730 pro
2523 5657 2774 5721 addemus
2803 5682 3009 5721 omnem
3044 5675 3264 5731 terram,
3296 5657 3430 5740 legit
3473 5665 3545 5720 ad

1953 5744 2161 5782 omnem
2191 5738 2415 5787 terram.
