3966 6184
383 254 450 316 ιε
1271 248 1331 307 s.
1372 245 1809 308 HIERONYMI
1849 241 2112 302 DlViN.\
2160 220 2705 300 ntuttomccai

2872 177 2913 207 ﬁ

3573 240 3654 303 44

383 363 670 427 ditionem,
710 361 854 416 sicut
916 358 1175 430 prmcepit
1224 355 1274 411 ei
1323 371 1439 421 rex,
1476 365 1698 411 centum
1757 351 1949 421 viginti
1985 357 2028 411 Α
2059 347 2327 410 incubuit,
2358 355 2414 399 ut
2461 347 2833 400 universarum
2865 343 3086 397 urbium
3116 344 3456 400 habitatores
3492 350 3666 418 priu-

384 454 559 507 millia
592 452 837 523 peditum
869 458 1259 518 pugnatorum,
1292 456 1346 501 et
1373 446 1620 514 equitum
1645 443 1957 511 sagittario.

385 560 504 600 rum
553 546 570 575 ⁸
628 542 917 596 duodecim
956 537 1508 606 millia.0mnemque
1554 536 1955 607 expeditionem

390 652 543 693 suam
578 635 707 689 fecit
739 634 932 703 prazire
957 634 1013 685 in
1067 627 1420 684 multitudine
1470 628 1955 683 innumerabilium

386 728 739 788 camelorum,
764 739 887 778 cum
923 724 1004 776 his
1038 721 1130 791 qui
1155 720 1264 792 [AL
1308 719 1451 791 quae]
1480 720 1813 775 exercitibus
1841 718 1959 773 suf—

390 818 620 872 ficerent
655 814 892 883 copiose,
939 812 1099 864 boum
1130 826 1347 881 quoque
1383 821 1626 864 armenta
1660 825 1958 881 gregesque

389 911 598 968 ovium,
629 920 862 973 quorum
887 918 992 957 non
1016 917 1130 958 erat
1166 920 1449 959 numerus.
1493 904 1849 958 Frumentum
1893 918 1958 956 ex

388 1000 537 1053 omni
576 998 730 1068 Syria
769 997 821 1049 in
849 996 1082 1049 transitu
1123 1011 1224 1050 suo
1257 996 1460 1065 parari,
1494 996 1800 1051 constituit.
1849 996 1955 1050 Au-

390 1106 517 1144 rum
552 1103 687 1142 vero
720 1096 775 1142 et
806 1098 1118 1155 argentum,
1163 1088 1231 1141 de
1285 1090 1449 1143 domo
1484 1089 1625 1158 regis
1667 1090 1963 1157 aSSumpsit

391 1183 621 1235 multum
677 1180 861 1234 nimis.
915 1179 983 1233 Et
1045 1181 1327 1249 profectus
1377 1193 1466 1236 est
1503 1184 1634 1251 ipse.
1696 1193 1751 1236 et
1786 1184 1963 1237 omnis

389 1278 692 1336 exercitus.
749 1290 873 1329 cum
908 1275 1209 1345 quadrigis,
1237 1284 1293 1330 et
1315 1277 1613 1345 equitibus,
1657 1286 1713 1330 et
1741 1278 1964 1344 Sagitta-

389 1371 486 1422 riis
521 1369 613 1437 qui
666 1376 1071 1432 cooperuerunt
1104 1368 1509 1434 faciem'terra',
1544 1370 1684 1423 sicut
1717 1373 1961 1423 locustze.

390 1459 635 1527 Cumque
673 1458 1062 1527 pertransisset
1114 1459 1248 1513 ﬁnes
1304 1460 1677 1530 Assyriorum,
1709 1462 1857 1516 venit
1898 1463 1963 1516 ad

394 1567 616 1622 magnos
650 1561 861 1604 montes
889 1550 1061 1619 Ange,
1098 1552 1190 1619 qui
1224 1562 1351 1606 sunt
1384 1567 1415 1605 a
1472 1553 1699 1607 sinistro
1732 1554 1963 1622 Ciliciae,

2059 439 2207 508 cipes
2252 447 2305 491 et
2336 437 2585 491 honorati
2625 436 2786 491 simul
2818 451 2945 490 cum
2995 436 3214 505 populis
3281 438 3499 491 exirent
3548 441 3664 493 ob—

2060 538 2199 583 viam
2256 528 2520 593 venienti,
2572 529 2909 597 excipientes
2952 541 3079 581 eum
3141 544 3266 581 cum
3326 528 3552 583 coronis
3596 534 3665 584 et

2059 620 2421 688 lampadibus,
2443 619 2705 673 ducentes
2723 620 2926 673 choros
2973 617 3027 671 in
3063 619 3336 688 tympanis
3360 632 3413 674 et
3446 620 3661 675 tibiis'.

2058 709 2170 763 Nec
2200 710 2298 762 ista
2333 718 2510 761 tamen
2552 708 2811 763 facientes
2850 707 3193 763 ferocitatem
3224 709 3346 779 ejus
3403 710 3667 777 pectoris

2061 801 2307 868 mitigare
2339 807 2636 867 potuerunt
2682 815 2699 852 :
2733 814 2858 851 nam
2887 808 2942 852 et
3003 799 3253 853 civitates
3299 814 3495 853 eorum
3532 798 3670 854 sde-

2063 890 2281 951 struxit,
2313 898 2367 940 et
2403 888 2555 942 lucos
2585 902 2776 940 eorum
2829 887 3062 941 excidit.
3086 887 3435 957 Pneceperat
3498 889 3666 941 enim

2066 980 2144 1033 illi
2175 979 2682 1034 Nabuchodonosor
2702 994 2817 1043 rex,
2856 988 2915 1032 ut
2938 994 3129 1033 omnes
3170 981 3302 1034 deos
3349 990 3514 1034 terra:
3559 994 3675 1033 ex-

2066 1072 2405 1134 terminaret,
2469 1071 2721 1125 videlicet
2759 1080 2820 1125 ut
2850 1075 2967 1141 ipse
3022 1072 3172 1126 solus
3191 1071 3474 1127 diceretur
3508 1070 3671 1127 Deus

2064 1164 2133 1217 ab
2162 1164 2246 1217 his
2280 1162 2614 1231 nationibus,
2644 1177 2765 1231 qua:
2811 1164 3123 1230 potuissent
3154 1164 3527 1232 Holophernis
3562 1178 3675 1232 po-

2080 1257 2249 1309 tentia
2292 1255 2591 1325 subjugari.
2625 1255 3012 1310 Pertrausiens
3060 1266 3246 1310 autem
3305 1256 3523 1325 Syriam
3558 1256 3677 1311 So-

2066 1346 2176 1411 bal,
2193 1358 2247 1400 et
2262 1360 2479 1400 omnem
2498 1349 2812 1415 Apameam,
2828 1361 3162 1417 omnemque
3179 1348 3671 1418 Mesopotamiam,

2069 1440 2217 1491 venit
2285 1437 2351 1491 ad
2407 1437 2672 1493 ldumzeos
2713 1439 2769 1492 iu
2815 1449 3011 1493 terram
3057 1438 3266 1503 Gabaa,
3332 1440 3676 1508 accepitque

2070 1531 2323 1584 civitates
2382 1544 2596 1594 eorum,
2642 1540 2700 1585 et
2744 1532 2885 1586 sedit
2913 1532 2987 1585 ibi
3014 1547 3113 1599 per
3170 1532 3396 1600 triginta
3427 1532 3575 1595 dies,
3613 1535 3673 1585 in

394 1646 755 1713 ascenditque
782 1643 964 1697 omnia
986 1644 1207 1697 castella
1230 1659 1439 1708 eorum,
1468 1654 1523 1699 et
1564 1646 1800 1700 obtinuit
1847 1663 1967 1701 om-
2006 1680 2050 1739 Β
2077 1623 2276 1725 Ἶξ¹ί¹³¹¹⁵
2312 1623 2505 1726 (gemis
2532 1623 2767 1677 adunati
2819 1626 3081 1694 Ρτίίθθθρίί
3132 1626 3453 1680 universum
3494 1640 3676 1680 em"

394 1752 519 1792 nem
566 1735 951 1789 munitionem.
988 1733 1213 1803 Effregit
1254 1745 1436 1789 autem
1472 1736 1745 1793 civitatem
1785 1743 1981 1810 opina-

396 1830 657 1881 tissimam
689 1825 929 1889 Melothi,
963 1825 1331 1895 praadavitque
1378 1841 1569 1882 omnes
1630 1830 1773 1886 filios
1808 1834 1983 1890 Thar-

395 1922 550 1985 sis,et
577 1920 714 1972 ﬁlios
737 1917 923 1971 lsmael
950 1916 1059 1989 [ΑΙ.
1108 1918 1320 1989 lsrael],
1341 1918 1433 1986 qui
1477 1932 1632 1974 erant
1659 1933 1849 1981 contra
1898 1929 1983 1982 fa.

397 2013 534 2065 ciem
553 2011 775 2074 deserti,
791 2020 847 2065 et
866 2010 930 2063 ad
947 2023 1193 2065 auStrum
1212 2020 1367 2064 terra:
1383 2013 1568 2066 Cellon
1593 2015 1705 2069 ’.Ει
1729 2020 1985 2075 transivit

401 2102 751 2170 Euphratem,
796 2104 1025 2155 etvenit
1075 2102 1126 2155 in
1172 2099 1615 2170 Mesopotamiam
1674 2123 1685 2158 :
1735 2119 1789 2161 et
1827 2111 1987 2179 fregit

397 2210 588 2249 omnes
635 2194 882 2249 civitates
900 2195 1161 2258 excelsas,
1211 2208 1333 2263 qua
1365 2207 1521 2250 erant
1549 2197 1643 2263 ibi,
1689 2216 1714 2252 a
1747 2208 1987 2258 torrente

400 2286 643 2340 Mambre
719 2301 1004 2354 usquequo
1046 2288 1393 2354 perveniatur
1453 2295 1520 2341 ad
1580 2306 1726 2345 mare
1759 2304 1852 2347 :et
1900 2310 1989 2348 oc-

399 2378 622 2445 ciipavit
670 2377 931 2430 terminos
960 2377 1104 2441 ejus,
1143 2392 1171 2428 a
1204 2376 1390 2430 Cilicia
1420 2394 1589 2447 usque
1637 2381 1703 2434 ad
1742 2383 1873 2437 fines
1898 2385 1991 2439 .la-

401 2469 593 2536 phelli,
646 2470 736 2536 qui
780 2478 907 2521 sunt
962 2468 1030 2519 ad
1075 2477 1344 2521 austrum.
1396 2470 1746 2540 Abduxitque
1801 2490 1990 2538 omnes

402 2558 541 2613 tilios
590 2559 822 2625 Madian,
848 2570 901 2612 et
946 2559 1201 2627 pra‘davit
1246 2575 1464 2614 omnem
1519 2562 1990 2632 locupletationem

402 2666 616 2713 eorum,
681 2664 977 2720 omnesque
1037 2651 1354 2705 resistentes
1396 2652 1499 2706 sibi
1542 2654 1738 2709 occidit
1793 2657 1845 2711 in
1899 2674 1993 2713 ore

403 2740 591 2811 gladii.
649 2741 717 2794 Et
751 2750 869 2809 post
938 2739 1055 2794 haec
1118 2739 1401 2794 descendit
1457 2742 1512 2795 iu
1584 2758 1805 2813 campos
1893 2747 1995 2801 Da-

407 2831 571 2885 masci
622 2830 675 2883 in
737 2829 934 2883 diebus
968 2828 1185 2893 messis,
1235 2839 1288 2883 et
1331 2828 1611 2883 succendit
1644 2832 1826 2886 oinnia
1856 2844 1991 2901 sata,

407 2936 705 2991 omnesque
767 2921 991 2973 arbores
1043 2929 1099 2973 et
1134 2920 1325 2974 vineas
1356 2920 1483 2973 fecit
1520 2921 1686 2975 incidi
1720 2922 1739 2953 ³
1768 2939 1782 2975 :
1821 2933 1875 2976 et
1906 2938 1994 2976 ce—

2084 1716 2253 1769 citum
2292 1716 2514 1769 virtutis
2544 1730 2676 1768 suae.

2157 1804 2314 1875 [Cap.
2348 1805 2461 1877 Ν]
2515 1807 2668 1861 Tunc
2697 1807 2986 1862 audientes
3033 1808 3149 1861 hazc
3197 1806 3291 1861 filii
3340 1806 3535 1871 lsrael,
3569 1805 3677 1876 qui

2087 1895 2407 1949 habitabant
2432 1898 2485 1950 in
2523 1907 2667 1951 terra
2698 1895 2859 1965 Juda,
2915 1899 3220 1951 timuerunt
3273 1897 3432 1950 valde
3456 1913 3487 1950 a
3524 1896 3681 1950 facie

2086 1990 2223 2057 ejus.
2257 1988 2486 2043 Tremor
2532 1998 2585 2043 et
2642 1990 2840 2043 horror
2866 1990 3068 2044 invasit
3099 2004 3295 2045 sensus
3331 2004 3551 2056 eorum,
3600 2002 3682 2042 ne

2088 2083 2192 2135 hoc
2247 2082 2451 2136 faceret
2483 2082 2785 2137 Jerusalem
2841 2092 2897 2138 et
2950 2083 3153 2154 templo
3211 2082 3454 2149 Domini,
3517 2084 3683 2152 quod

2090 2176 2293 2229 fecerat
2340 2177 2554 2230 (veteris
2612 2177 2927 2230 civitatibus
2983 2186 3038 2229 et
3091 2176 3312 2244 templis
3345 2190 3567 2230 earum.
3606 2173 3682 2229 Et

2091 2271 2362 2323 miserunt
2394 2270 2447 2321 in
2477 2284 2694 2323 onmem
2725 2268 3023 2321 Samariam
3050 2281 3147 2335 per
3172 2268 3464 2321 circuitum
3490 2282 3681 2337 usque

2089 2362 2308 2419 Jericho
2363 2370 2417 2415 et
2451 2369 2972 2429 praeoccupaverunt
3004 2374 3198 2414 omnes
3230 2362 3462 2414 vertices
3506 2378 3680 2413 mon-

2093 2456 2370 2510 tiumzet
2410 2453 2583 2507 muris
2641 2453 3122 2508 circumdederunt
3179 2453 3330 2508 vicos
3388 2468 3557 2517 suos,
3620 2464 3680 2507 et

2092 2555 2561 2617 congregaverunt
2586 2545 2859 2598 frumenta
2885 2546 2938 2599 in
2970 2545 3419 2614 praeparationem
3448 2562 3678 2615 pugnae.

2166 2642 2429 2696 Sacerdos
2460 2641 2620 2693 etiam
2649 2638 2879 2692 Eliacim
2903 2639 3219 2707 scripsitad
3250 2641 3543 2695 universos
3575 2642 3681 2711 qui

2093 2740 2251 2786 erant
2272 2740 2460 2785 contra
2484 2730 2772 2795 Esdrelon,
2800 2744 2921 2800 qua;
2942 2740 3026 2784 est
3044 2740 3234 2785 contra
3264 2732 3460 2786 faciem
3486 2733 3685 2804 campi

2095 2826 2270 2893 magni
2297 2825 2449 2894 juxta
2499 2824 2750 2887 Dotbaiu,
2782 2834 2838 2878 et
2888 2824 3197 2890 universos,
3247 2839 3342 2894 per
3372 2840 3515 2894 quos
3574 2828 3685 2882 via:

2098 2917 2360 2973 transitus
2416 2931 2535 2971 esse
2582 2926 2835 2986 poterat,
2900 2928 2961 2973 ut
3036 2918 3352 2973 obtinerent
3405 2935 3688 2977 ascensus

408 3015 538 3067 cidit
565 3015 727 3066 timor
754 3013 898 3065 illius
942 3026 1109 3079 super
1134 3025 1324 3064 omnes
1346 3010 1713 3065 inhabitantes
1770 3021 1991 3068 terram.
2023 3022 2066 3077 (ζ
2103 3009 2394 3073 montium,
2433 3024 2530 3078 per
2565 3024 2704 3077 quos
2734 3010 2825 3063 via
2851 3024 2977 3065 esse
3015 3020 3232 3080 poterat
3254 3012 3322 3065 ad
3342 3011 3685 3080 Jerusalem,

480 3104 635 3177 [Cap.
667 3102 779 3173 lll.]
805 3103 959 3156 Tunc
985 3102 1250 3156 miserunt
1284 3103 1485 3170 legatos
1534 3116 1665 3156 suos
1706 3103 1986 3157 universa-

412 3211 531 3249 rum
574 3196 789 3248 urbium
821 3209 885 3248 ac
938 3194 1351 3262 provinciarum
1385 3208 1539 3263 reges
1590 3209 1653 3247 ac
1683 3194 1983 3263 principes,

414 3288 585 3358 Syriae
614 3288 846 3353 scilicet,
879 3286 1303 3355 Mesopmamite,
1338 3296 1393 3342 et
1424 3285 1612 3356 Syriae,
1643 3285 1807 3340 Sobal
1845 3285 1862 3357 [
1902 3287 1991 3340 Al.

414 3381 583 3451 Syriis
612 3379 770 3434 Sobal
804 3380 843 3450 l.
884 3388 939 3433 et
985 3378 1163 3448 Libya:
1196 3389 1358 3448 atque
1391 3366 1612 3442 Ciliciae,
1642 3380 1731 3448 qui
1764 3379 1991 3432 venien-

416 3481 498 3527 tes
523 3472 587 3525 ad
620 3471 1047 3541 llolopberncm,
1079 3471 1341 3525 dixerunt
1393 3486 1408 3527 :
1440 3470 1660 3525 Desinat
1686 3470 1991 3538 indignatio

417 3576 508 3618 tua
569 3566 713 3618 circa
748 3580 849 3618 nos
882 3582 896 3631 ;
931 3565 1127 3617 melius
1158 3570 1243 3617 cst
1267 3564 1412 3617 enim
1444 3574 1501 3617 ut
1521 3566 1765 3617 viventes
1792 3564 1997 3617 servia-

419 3675 539 3713 mus
584 3658 1086 3712 Nabuchodonosor
1108 3659 1221 3728 regi
1252 3672 1469 3724 magno,
1502 3665 1556 3710 et
1581 3657 1789 3710 subditi
1823 3658 1996 3711 simus

419 3754 537 3815 tibi,
569 3768 731 3820 quam
754 3751 1050 3804 morientes
1088 3766 1212 3804 cum
1244 3750 1463 3803 interitu
1483 3760 1669 3805 nostro
1693 3748 1793 3819 ipsi
1823 3750 1995 3803 servi-

419 3842 550 3895 tutis
577 3850 774 3894 nostra:
798 3842 996 3893 damna
1029 3840 1532 3909 patiamttr.,Ontnis
1558 3840 1752 3894 civitas
1784 3850 1993 3907 nostra,

420 3935 706 4002 omnisque
736 3934 1028 4000 possessio,
1084 3948 1274 3986 omnes
1300 3941 1532 3995 montes,
1591 3944 1653 3987 et
1698 3933 1886 3997 colles,
1940 3943 1995 3987 et

425 4026 628 4092 campi,
671 4033 727 4075 et
756 4035 1001 4075 armenta
1036 4024 1226 4084 boum,
1250 4037 1554 4091 gregesque
1584 4025 1793 4084 ovium,
1826 4033 1879 4076 et
1907 4039 1999 4077 ca-

422 4131 663 4186 prarum,
696 4128 1066 4184 equorumque
1088 4123 1142 4166 et
1164 4116 1516 4177 camelorum,
1542 4124 1591 4166 et
1622 4115 1888 4169 universa:
1925 4116 2001 4169 fa-

421 4210 649 4261 cultates
701 4218 922 4268 nostrae,
981 4216 1146 4273 atque
1202 4205 1440 4271 familize,
1486 4206 1539 4258 in
1566 4217 1864 4275 conspectu
1902 4218 1995 4262 tuo

423 4310 549 4351 sunt
609 4316 623 4352 :
657 4301 765 4351 sint
792 4298 972 4349 omnia
1000 4306 1187 4350 nostra
1219 4299 1318 4351 sub
1341 4298 1457 4365 lege
1511 4307 1621 4350 tua.
1648 4297 1759 4350 Nos
1788 4308 1838 4351 cl
1863 4300 1957 4351 lilii
1981 4298 2003 4329 ⁸

2090 3105 2145 3153 et
2165 3098 2276 3151 illic
2308 3097 2645 3152 custodirent
2681 3098 2774 3152 ubi
2814 3109 3108 3170 angustant
3148 3103 3254 3156 iter
3285 3116 3409 3158 esse
3450 3114 3685 3174 poterat

2092 3190 2236 3243 inter
2261 3201 2495 3245 montes.

2162 3281 2230 3335 Et
2256 3282 2625 3337 fecerunt‘iilii
2654 3284 2839 3349 lsrael,
2863 3285 3163 3340 secundum
3191 3288 3337 3356 quod
3368 3289 3687 3346 constitue-

2095 3384 2178 3428 rat
2205 3374 2287 3428 cis
2317 3376 2572 3428 sacerdos
2606 3375 2822 3430 Domini
2859 3376 3109 3432 Eliacim.
3155 3379 3223 3433 Et
3250 3381 3506 3436 clamavit
3546 3398 3683 3437 om-

2094 3466 2181 3518 nis
2212 3464 2446 3533 populus
2488 3467 2553 3518 ad
2592 3467 2882 3520 Dominum
2931 3470 3195 3523 instantia
3228 3484 3441 3540 magna,
3475 3482 3534 3527 et
3567 3472 3684 3527 hu-

2100 3556 2445 3609 miliavernnt
2470 3561 2681 3613 animas
2703 3560 3137 3629 suasinjejuniis
3164 3572 3218 3615 et
3239 3562 3585 3618 orationibus
3618 3566 3641 3597 ⁸
3669 3604 3688 3631 ,

2099 3648 2201 3718 ipsi
2234 3658 2289 3702 et
2316 3650 2571 3702 mulieres
2598 3665 2814 3704 eorum.
2843 3651 2907 3703 Et
2941 3652 3234 3705 induerunt
3267 3669 3324 3708 se
3356 3656 3689 3713 sacerdotes

2104 3741 2323 3803 ciliciis,
2366 3751 2420 3794 et
2464 3742 2698 3795 inlantes
2752 3752 3171 3811 prostraverunt
3230 3754 3423 3799 contra
3485 3748 3696 3803 faciem

2102 3836 2294 3903 templi
2333 3835 2568 3897 Domini,
2621 3847 2675 3889 et
2714 3836 2884 3891 altare
2921 3837 3134 3891 Domini
3190 3852 3533 3907 operuerunt
3564 3842 3699 3895 cili-

2102 3930 2210 3990 cio,
2264 3936 2320 3980 et
2374 3930 2754 3983 clamaverunt
2789 3930 2855 3983 ad
2910 3930 3201 3984 Dominum
3240 3934 3410 3986 Deum
3458 3932 3631 3988 lsrael
3673 3936 3698 3966 ⁷

2102 4021 2453 4086 unanimiter,
2492 4036 2559 4075 ne
2618 4024 2883 4075 darentur
2918 4024 2973 4075 in
3006 4024 3243 4092 przedam
3282 4022 3524 4079 infantes
3582 4040 3696 4079 co-

2106 4129 2247 4177 rum,
2277 4124 2330 4166 et
2360 4129 2557 4167 uxores
2591 4128 2786 4167 eorum
2825 4113 2879 4166 in
2936 4113 3289 4175 divisionem,
3320 4124 3377 4169 et
3426 4116 3697 4173 civitates

2105 4223 2297 4263 eorum
2330 4207 2384 4259 iu
2416 4208 2829 4269 exterminium,
2868 4215 2920 4259 et
2963 4216 3151 4260 sancta
3182 4221 3375 4259 eorum
3413 4206 3469 4260 in
3502 4207 3694 4276 pollu-

2111 4300 2315 4353 tionem
2354 4299 2397 4365 ⁸,
2425 4309 2477 4352 et
2510 4300 2701 4353 tierent
2724 4298 3081 4367 opprobrium
3116 4300 3397 4368 gentibus.

424 4393 614 4455 nostri,
650 4391 790 4443 servi
820 4390 892 4442 tui
921 4404 1131 4443 sumus.
1156 4389 1286 4443 Veni
1322 4389 1481 4441 nobis
1519 4387 1775 4457 paciﬁcus
1819 4388 1997 4442 donii-
2033 4378 2072 4430 υ
2180 4391 2334 4446 Tunc
2366 4392 2894 4456 Eliaeini,sacordos
2918 4390 3130 4443 Domini
3163 4405 3413 4460 magnus,
3449 4391 3697 4445 circnm-

427 4498 549 4546 nus,
582 4492 637 4535 et
671 4493 823 4534 utere
858 4482 1082 4535 servitio
1103 4492 1311 4541 nostro,
1337 4482 1477 4534 sicut
1507 4481 1773 4549 placuerit
1806 4482 1926 4534 tibi.

493 4575 645 4627 Tunc
682 4573 961 4628 descendit
1010 4577 1077 4627 de
1116 4577 1392 4629 montibus
1436 4588 1560 4627 cum
1616 4573 1888 4641 equitbus
1944 4576 1998 4628 in

429 4670 627 4719 virtute
682 4682 892 4734 magna,
930 4676 985 4719 et
1043 4666 1281 4721 obtinuit
1313 4680 1531 4719 omnem
1588 4665 1886 4730 civitatem,
1942 4676 1999 4721 ct

426 4774 639 4811 omnem
714 4759 1107 4811 inhabitantem
1152 4769 1371 4812 terram.
1425 4757 1497 4811 De
1525 4758 1793 4811 universis
1818 4767 1997 4812 autem

432 4851 656 4903 urlnbus
687 4852 978 4917 assumpsit
1028 4851 1132 4905 sibi
1190 4851 1508 4904 auxiliarios
1543 4850 1691 4903 viros
1724 4849 1893 4904 fortes
1946 4862 2000 4906 et

432 4942 640 4995 vicetos
670 4942 737 4995 ad
774 4942 1000 4995 bellum.
1030 4940 1342 5011 Tantnsque
1366 4952 1543 4995 metus
1568 4941 1864 5008 provinciis
1892 4942 1999 4998 illis

502 5098 685 5152 ‘Cod.
753 5099 1012 5160 Palatin..
1072 5100 1134 5153 Et
1193 5104 1385 5169 equites
1434 5102 1759 5171 sagittarios,
1800 5103 1893 5169 qui
1942 5114 1998 5156 et

431 5173 592 5239 patilo
643 5183 767 5238 post
810 5186 943 5221 voce
990 5172 1458 5224 innumerabilttm
1522 5173 1912 5241 pralermissa,
1946 5178 1997 5225 in

431 5242 771 5293 multitudine
796 5242 1114 5292 camelorum
1150 5244 1299 5307 legit.

502 5315 520 5341 ¹
557 5313 651 5363 Ms.
690 5312 925 5377 Regium,
980 5314 1057 5361 Ad
1090 5319 1334 5363 Austrum
1388 5324 1576 5363 terram
1630 5320 1676 5363 cf
1727 5311 1940 5367 Ca’lcon
1976 5327 1995 5364 .'

432 5382 730 5443 l‘alatiuus,
758 5392 804 5433 ct
840 5385 1091 5433 Austrum
1119 5391 1271 5433 territ'
1296 5394 1341 5432 et
1399 5382 1610 5435 Ct‘leon.

506 5453 524 5480 ³
559 5451 615 5503 In
650 5454 892 5504 l'alatino
920 5468 1045 5509 tus..
1092 5454 1207 5519 [um
1241 5456 1465 5513 intendi,
1504 5470 1599 5518 pro
1639 5455 1817 5506 incidi.

512 5519 532 5548 ⁸
571 5523 710 5593 lli-ui
750 5538 849 5574 ins.
911 5534 1047 5574 tacet
1098 5539 1392 5589 protwmeu
1442 5535 1792 5576 "summum
1847 5526 1994 5593 legit,

434 5592 540 5645 Α’ος
560 5592 671 5651 jam
702 5602 746 5641 ιί
779 5594 901 5657 μω,
928 5604 1031 5645 «τις.

512 5662 529 5690 δ
566 5662 795 5714 \‘otulas
822 5676 867 5713 ct
902 5665 1037 5715 tibiis
1081 5664 1221 5718 idem
1254 5680 1353 5715 ms.
1380 5665 1582 5718 Omittit

2115 4484 2215 4539 ivit
2246 4498 2462 4537 onmem
2498 4482 2683 4544 lsrael,
2741 4483 3118 4551 allocutusque
3149 4489 3261 4535 est-
3288 4496 3383 4535 eos
3434 4482 3629 4536 dicens
3676 4500 3693 4540 ς

2108 4577 2313 4631 Scitote
2350 4575 2610 4644 quoniam
2650 4575 2904 4629 exaudiet
2940 4570 3204 4627 Dominus
3230 4587 3425 4641 preces
3447 4583 3689 4640 vestras,

2107 4668 2151 4722 si
2192 4675 2475 4720 manentes
2517 4665 2929 4733 permanseritis
2966 4666 3021 4719 in
3051 4664 3276 4735 jejuniis
3314 4673 3370 4719 et
3415 4665 3689 4719 orationi-

2106 4761 2206 4815 bus
2248 4760 2299 4811 in
2353 4772 2651 4826 co:ispecm
2702 4759 2939 4812 Domini.
2987 4756 3255 4812 Memores
3299 4766 3477 4813 estote
3511 4758 3693 4829 Moysi

2107 4854 2250 4909 servi
2309 4851 2544 4916 Domini,
2576 4853 2671 4921 qui
2724 4851 2947 4905 Amalec
2974 4850 3345 4905 confidentem
3388 4850 3445 4905 in
3485 4853 3695 4907 virtute

2108 4964 2224 5009 sua,
2258 4958 2312 5002 et
2368 4948 2422 5001 in
2476 4948 2722 5017 putentia
2769 4960 2889 5011 sua,
2924 4957 2977 5000 et
3021 4946 3077 5000 in
3132 4948 3380 5001 exercitu
3417 4960 3517 5000 suo
3550 4946 3597 5010 ’,
3634 4956 3697 5001 et

2178 5104 2198 5131 ‘
2231 5102 2467 5155 Rursum
2499 5112 2638 5158 tacet
2671 5106 2810 5158 idem
2858 5118 2962 5157 ms.
2989 5118 3153 5157 voces
3179 5114 3226 5155 et
3259 5103 3616 5157 orationibus.

2180 5174 2197 5200 ⁷
2223 5172 2321 5252 llic
2348 5189 2566 5243 quoque
2604 5178 2791 5237 verba,
2824 5174 2988 5227 Deum
3024 5174 3218 5239 Israel,
3254 5175 3397 5227 idem
3443 5190 3546 5230 ms.
3578 5188 3700 5229 non

2106 5256 2373 5296 :izttoscu.

2140 5286 2202 5341 p"
2232 5314 2376 5367 istud
2426 5313 2694 5376 isocolon,
2739 5323 2787 5368 ct
2823 5314 3012 5383 ﬁerent
3046 5315 3383 5384 approbrium
3415 5314 3686 5383 gentibus,

2108 5384 2159 5435 in
2203 5386 2352 5436 nullo
2376 5400 2402 5437 e
2428 5386 2631 5438 nostris
2657 5402 2787 5439 mss.
2824 5390 3119 5440 invenitur.
3152 5385 3431 5439 Palatinus
3460 5394 3689 5438 tantum

2105 5455 2265 5525 habet
2299 5458 2533 5521 plurium
2560 5472 2810 5519 numero,
2846 5458 2896 5507 in
2930 5458 3338 5525 pollutionibus.

2178 5526 2195 5553 ’
2231 5524 2448 5591 iligna.-
2504 5541 2607 5579 uis.
2661 5538 2801 5580 tacet
2841 5524 2942 5581 hoc
2969 5530 3200 5582 alterum
3257 5542 3497 5591 comma,
3531 5533 3584 5579 et
3627 5526 3689 5580 in

2106 5608 2331 5647 (-J‘t‘rt‘tttt
2363 5614 2475 5647 δη).
