4050 6184
391 270 467 333 45
1729 266 1957 327 LIBER
2000 268 2311 329 JUZ‘HTII.
3575 267 3645 332 $6

390 382 503 455 [ΑΙ.
540 384 661 436 add.
708 381 787 454 in]
829 382 1033 453 elypeis
1065 381 1198 440 suis.
1238 389 1291 435 et
1331 382 1381 435 in
1431 380 1682 436 curribus
1741 385 1876 446 suis,
1911 395 1967 438 et
1996 392 2187 455 A‘tare
2216 387 2412 451 potuit,
2443 384 2526 437 rel
2572 383 2714 437 ﬁlius
2740 382 2979 439 hominis
3007 382 3299 452 reqnievit.
3326 383 3443 439 Illic
3469 385 3649 442 fontes

384 474 443 527 in
476 474 758 540 equitibus
788 476 922 541 suis,
956 490 1065 528 non
1126 474 1271 528 ferro
1299 475 1609 544 pugnando,
1648 474 1743 529 sed
1789 476 1965 544 preci-

384 566 492 619 bus
542 566 745 620 sanctis
802 566 1031 630 orando,
1073 566 1275 637 dejecit
1308 585 1322 620 :
1356 568 1433 621 sic
1494 576 1655 619 erunt
1722 568 1960 623 universi

386 658 578 711 hostes
633 658 816 722 Israel,
871 658 913 711 si
968 658 1456 727 perseveraveritis
1514 650 1565 711 in
1622 659 1724 712 hoc
1776 674 1963 729 opere,

384 751 535 816 quod
574 753 837 819 cmpistis.

463 847 545 898 Ad
584 849 723 901 hanc
765 850 932 915 igitur
962 846 1395 901 exhortationem
1437 847 1556 919 ejus
1602 847 1964 916 deprecantes

387 937 704 1000 Dominum,
744 937 1141 1005 permanebant
1176 941 1228 991 in
1277 949 1574 1007 conspectu
1610 939 1847 1001 Domini,
1892 940 1963 992 ita

386 1039 448 1082 ut
505 1032 665 1083 ctiam
721 1031 796 1090 hi.
841 1031 933 1098 qni
970 1030 1277 1083 offerebant
1332 1030 1567 1083 Domino
1624 1031 1960 1093 holocausta,

384 1124 672 1189 prserincti
726 1121 919 1175 ciliciis
978 1120 1242 1174 on'errent
1287 1120 1555 1174 sacriﬁcia
1616 1120 1869 1182 Domino,
1907 1130 1963 1173 et

384 1225 509 1265 erat
545 1214 682 1266 cinis
710 1229 874 1281 super
904 1213 1082 1281 capita
1109 1227 1316 1265 eorum.
1348 1211 1416 1264 Et
1439 1226 1506 1266 ex
1535 1220 1651 1266 toto
1674 1210 1837 1265 corde
1861 1227 1961 1264 suo

382 1321 582 1356 omnes
614 1306 843 1358 orabant
890 1304 1081 1369 Deum,
1123 1311 1181 1358 ut
1206 1303 1449 1358 visitaret
1491 1304 1753 1372 populum
1796 1318 1956 1358 suum

383 1398 585 1450 ἰδτίιθι.

463 1489 617 1560 [(an.
654 1486 737 1559 V.]
770 1488 1197 1556 Nnntiatumque
1244 1495 1329 1541 est
1384 1484 1663 1541 llolol‘erni
1722 1485 1958 1554 principi

387 1582 602 1633 militiae
631 1584 1000 1649 Assyriorum,
1035 1581 1176 1648 quod
1232 1580 1325 1632 [itii
1363 1579 1526 1632 Israel
1585 1587 1959 1647 praepararent

384 1686 449 1722 se
491 1669 555 1721 ad
589 1669 971 1734 resistendum,
1003 1685 1067 1723 ac
1108 1667 1377 1721 montium
1415 1668 1609 1722 itinera
1650 1666 1959 1721 conclusis-

2075 477 2245 528 amari
2280 476 2553 529 obdulcati
2588 487 2716 529 sunt
2746 478 2824 528 eis
2856 475 2921 526 ad
2955 475 3276 539 bibendum,
3308 487 3362 530 et
3410 492 3505 546 per
3547 493 3650 531 an-

2075 579 2174 617 nos
2204 565 2568 635 quadraginta
2598 583 2870 619 annonam
2903 568 2969 620 de
3000 568 3144 621 carlo
3183 570 3461 622 consecuti
3499 581 3646 624 sunt.

2075 656 2397 724 Ubicunque
2466 658 2696 727 ingrcssi
2754 666 2883 711 sunt
2935 660 3056 712 sine
3085 673 3216 713 arcu
3244 670 3299 713 et
3344 661 3561 729 sagitta,
3594 671 3650 714 et

2072 745 2278 813 absque
2347 756 2504 799 scuto
2531 758 2584 801 et
2612 748 2812 817 gladio,
2852 747 2993 802 Deus
3026 764 3216 802 eorum
3253 753 3511 821 pugnavit
3552 768 3650 820 pro

2072 836 2153 888 eis
2177 846 2230 889 et
2266 837 2414 891 vicit.
2444 838 2510 890 Et
2536 853 2645 892 non
2682 838 2781 892 fuit
2831 841 2924 908 qui
2975 843 3267 896 insultaret
3303 846 3504 910 pupqu
3533 847 3644 907 isti,

2074 925 2174 975 nisi
2204 926 2420 993 quando
2451 929 2680 982 recessit
2711 944 2738 981 a
2764 929 2912 982 cultu
2942 929 3154 983 Domini
3202 930 3295 984 Dei
3331 935 3413 984 sui
3445 935 3484 983 ².
3506 932 3649 996 Quo-

2075 1016 2400 1086 tiescunque
2433 1028 2614 1071 autem
2661 1029 2860 1087 praeter
2886 1020 3057 1087 ipsmn
3101 1019 3272 1074 Deum
3304 1038 3484 1082 suum,
3512 1026 3650 1076 alte-

2075 1125 2194 1161 rum
2233 1112 2546 1173 coluerunt.
2605 1112 2714 1166 dati
2750 1125 2877 1167 sunt
2928 1115 2983 1166 in
3029 1117 3290 1184 praedam,
3339 1126 3394 1170 et
3441 1118 3493 1170 iu
3533 1122 3648 1187 giae

2070 1200 2244 1263 dium,
2298 1212 2354 1255 et
2426 1205 2895 1272 inepproltriunt.
2955 1207 3401 1278 Quotiescunque
3462 1225 3645 1266 autem

2072 1295 2449 1359 pcenituerunt
2481 1311 2539 1348 se
2567 1298 2859 1352 recessisse
2891 1316 2920 1351 a
2971 1299 3181 1352 cultura
3218 1301 3312 1354 Dei
3359 1304 3466 1365 sui,
3500 1306 3649 1356 dedit

2070 1383 2151 1437 eis
2186 1383 2325 1439 Deus
2359 1386 2480 1440 coeli
2510 1374 2773 1441 virtutem
2799 1391 3113 1443 resistendi.
3149 1393 3389 1462 Denique
3426 1394 3645 1448 Chatta-

2071 1491 2244 1527 meum
2295 1493 2497 1546 regem,
2552 1490 2607 1531 et
2662 1479 2997 1547 Jebuszeum,
3055 1493 3109 1536 et
3166 1485 3541 1547 Pherezaeum,
3590 1500 3646 1540 et

2071 1566 2362 1633 llettzeum,
2400 1581 2455 1623 et
2492 1571 2767 1638 llevteum,
2820 1583 2875 1627 ct
2909 1577 3312 1642 Atnorrharum,
3362 1588 3415 1630 et
3456 1594 3646 1632 omnes

2070 1669 2319 1726 potentes
2348 1661 2400 1713 itt
2434 1662 2649 1717 Esebon
2670 1676 3110 1733 prostraverunt,
3148 1678 3199 1721 et
3236 1678 3407 1724 terras
3427 1685 3643 1737 eorum,

385 1773 537 1819 εριη,
566 1769 621 1813 ει
673 1762 856 1813 furore
888 1761 1055 1813 nimio
1087 1760 1291 1814 exarsi;
1332 1760 1384 1811 in
1419 1758 1700 1813 iracundia
1738 1773 1957 1827 magna,
1997 1753 2035 1808 Β
2065 1761 2121 1805 et
2145 1754 2398 1807 civitates
2431 1769 2621 1809 eorum
2648 1757 2751 1826 ipsi
2792 1760 3160 1825 possederunt
3197 1780 3209 1814 :
3244 1774 3295 1815 et
3336 1766 3640 1832 u5quedum

388 1854 713 1919 vocavitquc
736 1867 927 1906 omnes
949 1852 1221 1922 principes
1242 1851 1395 1907 Moab
1413 1860 1467 1906 et
1495 1851 1662 1905 duces
1699 1852 1956 1914 Ammon,

382 1954 445 1995 et
479 1943 615 1996 dixit
671 1944 750 1997 eis
785 1960 799 1998 :
832 1944 1006 1997 Dicite
1046 1944 1205 2007 mihi,
1259 1943 1384 2013 quis
1441 1942 1512 1998 sit
1564 1943 1796 2012 populus
1836 1943 1959 2007 iste,

384 2037 486 2104 qui
540 2045 797 2089 montana
860 2036 1077 2089 obsidet
1118 2052 1133 2091 :
1170 2047 1267 2091 aut
1319 2051 1461 2106 quat,
1529 2044 1581 2090 et
1638 2035 1849 2104 quales,
1906 2044 1963 2089 et

389 2134 613 2193 quantae
638 2126 751 2181 sint
787 2126 1036 2181 civitates
1074 2141 1268 2181 eorum
1299 2142 1314 2180 :
1341 2141 1461 2196 quat
1494 2125 1659 2181 etiam
1688 2127 1759 2181 sit
1788 2127 1962 2180 virtus

383 2230 608 2280 eorum,
640 2226 732 2271 aut
756 2233 875 2287 qum
915 2218 985 2272 sit
1017 2218 1313 2273 multitudo
1340 2232 1528 2273 eorum
1557 2236 1571 2273 :
1606 2217 1687 2272 vel
1720 2218 1845 2288 quis
1868 2233 1961 2272 rex

388 2310 601 2364 militia:
637 2312 853 2364 illorum
885 2327 899 2365 :
931 2319 986 2366 et
1014 2326 1179 2378 quare
1207 2325 1315 2380 prae
1363 2310 1639 2375 ontnibus,
1672 2310 1766 2380 qui
1802 2311 1961 2365 babi-

387 2409 509 2453 tant
552 2402 603 2453 in
636 2402 884 2465 Oriente,
922 2402 1010 2456 isti
1072 2411 1521 2470 contempserunt
1571 2416 1692 2466 nos,
1740 2409 1795 2455 et
1848 2415 1957 2456 non

383 2496 646 2547 exierunt
678 2495 892 2548 obviam
940 2494 1120 2559 nobis,
1159 2504 1216 2548 ut
1276 2496 1622 2563 susciperent
1677 2508 1779 2548 nos
1832 2508 1958 2547 cum

390 2604 550 2657 pace.

463 2682 617 2734 Tunc
652 2680 850 2734 Achior
881 2679 988 2734 dux
1022 2680 1269 2733 omnium
1323 2679 1558 2732 ﬁliorum
1602 2678 1832 2733 Ammon
1872 2695 1961 2735 re-

383 2775 689 2842 spondens,
744 2774 944 2828 ait:Si
1000 2774 1242 2842 digneris
1295 2775 1505 2837 audire,
1572 2774 1796 2827 domine
1859 2774 1957 2838 uti,

387 2872 573 2922 dicam
606 2869 881 2922 veritatem
918 2869 970 2920 itt
1026 2868 1324 2934 conspectu
1363 2876 1474 2927 tuo,
1507 2867 1576 2919 de
1623 2866 1826 2935 pupulo
1853 2866 1959 2921 isto

387 2962 484 3029 qui
516 2962 569 3013 in
598 2960 871 3013 montanis
902 2958 1131 3021 habitat,
1164 2966 1220 3011 et
1252 2973 1361 3010 non
1388 2957 1704 3027 egredietur
1731 2965 1957 3011 verbum

389 3052 589 3106 falsum
616 3067 678 3106 ex
702 3067 795 3106 ore
823 3066 965 3104 meo.
1006 3051 1244 3119 Populus
1275 3051 1375 3104 iste
1414 3065 1479 3105 ex
1506 3048 1768 3121 progenie
1797 3050 1962 3103 Chan

388 3146 632 3199 decorum
663 3154 745 3199 est
774 3161 788 3198 :
816 3143 904 3196 hic
935 3143 1171 3212 primum
1210 3144 1265 3197 in
1315 3142 1706 3213 Mesopotamia
1746 3143 1960 3198 habita-

390 3251 491 3299 νη,
518 3238 772 3305 quoniam
806 3238 1102 3290 noluerunt
1123 3236 1275 3304 sequi
1301 3236 1432 3290 deos
1458 3245 1673 3304 patrum
1704 3251 1955 3300 suorum,

387 3332 485 3399 qui
527 3339 682 3381 erant
707 3330 759 3381 in
805 3338 947 3382 terra
986 3327 1387 3382 Chaldaeorum.
1424 3328 1748 3381 Desere-rites
1777 3329 1960 3397 itaque

388 3420 745 3476 etcremonias
776 3429 988 3489 patrum
1038 3434 1286 3483 suorum,
1322 3434 1444 3488 qua:
1498 3420 1552 3472 in
1605 3420 1959 3473 multitudine

389 3512 623 3563 deorum
655 3520 832 3574 erant,
864 3525 1031 3562 unum
1065 3508 1231 3563 Deum
1263 3509 1386 3564 coeli
1432 3510 1740 3571 coluerunt,
1775 3500 1866 3577 qﬁi
1903 3518 1959 3563 ct

390 3605 651 3673 praecepit
695 3604 795 3667 eis,
849 3612 908 3656 ut
961 3605 1176 3657 exirent
1229 3603 1376 3670 inde,
1419 3612 1475 3656 et
1530 3602 1845 3656 habitarent
1902 3603 1955 3656 itt

389 3697 632 3749 Charan.
666 3695 913 3763 Cumque
944 3695 1251 3762 aperuisset
1277 3710 1497 3746 omnem
1533 3703 1729 3747 terram
1762 3691 1955 3756 fames,

389 3787 796 3842 descenderunt
831 3790 883 3841 iu
936 3786 1251 3858 Egyptuut,
1285 3787 1501 3855 illicque
1554 3802 1651 3853 per
1696 3788 1958 3855 quadrin-

390 3892 585 3951 gentos
632 3897 803 3935 anuos
836 3880 915 3934 sic
946 3879 1295 3947 multiplicati
1331 3888 1479 3945 sunt,
1516 3890 1574 3933 ut
1623 3878 1956 3932 dinumerari

391 3988 585 4027 eorum
620 3989 727 4026 non
759 3983 945 4042 posset
972 3973 1268 4027 exercitus.
1308 3970 1555 4042 Cumque
1586 3981 1836 4040 gravaret
1861 3985 1957 4045 eos

393 4082 489 4119 rex
516 4064 750 4135 :Egypti,
784 4074 946 4133 atque
986 4067 1038 4119 in
1072 4065 1529 4119 aediﬁcationibus
1570 4064 1787 4117 urbium
1832 4078 1960 4118 sua-

393 4176 513 4211 rum
549 4176 603 4213 tn
638 4161 754 4213 luto
774 4169 828 4212 et
849 4160 1018 4213 latere
1052 4159 1396 4226 subjugasset
1423 4171 1539 4221 eos,
1574 4157 1957 4209 clamaverunt

387 4253 457 4304 ad
513 4251 797 4317 Dominum
855 4266 1033 4313 suum,
1081 4262 1135 4304 et
1200 4251 1471 4318 percussit
1529 4259 1695 4304 totatn
1755 4258 1955 4303 terram

388 4337 611 4406 AZgypti
645 4338 815 4405 plagis
843 4339 1029 4391 variis.
1065 4336 1315 4407 Cumque
1348 4339 1642 4407 ejecisseut
1667 4354 1762 4392 eos
1792 4336 1955 4407 ngy-

387 4436 489 4502 pili
522 4449 549 4484 a
582 4451 659 4494 se,
709 4446 763 4486 et
813 4444 1079 4488 cessasset
1106 4435 1262 4504 plaga
1297 4436 1363 4488 ab
1398 4436 1499 4499 eis,
1533 4446 1587 4489 et
1630 4436 1829 4488 iterum
1864 4450 1959 4489 eos

388 4523 596 4578 vellent
650 4540 867 4591 capere,
925 4538 978 4581 et
1015 4526 1081 4579 ad
1136 4542 1297 4580 suum
1352 4528 1633 4580 servitium
1676 4542 1953 4590 reiocare,

385 4617 721 4684 fugientibus
753 4617 837 4669 his
867 4617 1007 4671 Deus
1044 4617 1166 4671 caeli
1209 4633 1356 4671 mare
1388 4618 1622 4686 aperuit,
1648 4618 1721 4670 ita
1751 4627 1807 4671 ut
1831 4618 1957 4672 hinc

388 4708 520 4760 inde
553 4722 704 4776 aquze
732 4709 884 4776 quasi
921 4724 1111 4762 murus
1140 4710 1528 4772 solidarentur,
1586 4721 1641 4762 et
1680 4710 1769 4762 isti
1820 4709 1957 4779 pede

386 4800 536 4853 sicco
557 4798 779 4852 fundum
803 4801 965 4852 maris
986 4801 1416 4869 perambulando
1435 4802 1750 4858 transirent.
1773 4801 1827 4854 lu
1849 4816 1956 4870 quo

384 4892 512 4945 loco
540 4892 663 4943 dum
698 4891 1119 4945 innumerabilis
1145 4894 1425 4946 exercitus
1450 4892 1832 4964 Egyptiorum
1861 4909 1956 4947 eos

388 4995 832 5054 persequeretur,
870 4990 940 5038 ita
980 4988 1137 5055 aquis
1172 4995 1464 5054 coopertus
1492 4997 1596 5050 est,
1635 4998 1690 5040 ut
1724 5003 1829 5039 non
1868 5002 1955 5039 re-

384 5086 634 5129 maneret
666 5075 748 5129 vel
781 5090 943 5135 unus,
987 5076 1079 5144 qui
1116 5078 1316 5129 factum
1358 5076 1593 5144 posteris
1652 5081 1952 5131 nuntiaret.

382 5167 598 5235 ᾔτεεδὶ
630 5182 759 5220 vero
809 5182 955 5220 mare
1012 5166 1286 5230 Rubrum,
1331 5168 1547 5222 deserta
1589 5167 1718 5221 Sina
1752 5169 1954 5221 montis

381 5273 800 5331 occupaverunt
831 5263 872 5325 ⁸,
910 5262 962 5315 in
1020 5262 1224 5332 quibus
1270 5277 1546 5330 nunquam
1587 5261 1750 5315 homo
1804 5263 1956 5315 habi-

457 5505 474 5536 ¹
515 5507 570 5560 1η
604 5505 847 5560 Palatino
872 5519 996 5567 ειη..
1030 5504 1278 5575 Egressus
1306 5505 1466 5557 etiam
1498 5519 1642 5555 mare
1675 5513 1769 5557 :et
1806 5520 1950 5570 utcx,

377 5586 743 5631 occurrerunt.
790 5592 887 5643 pro
913 5585 1319 5645 occitpuveruttt.

454 5648 476 5677 ¹
513 5650 617 5701 Pro
651 5648 819 5707 cultu.
865 5648 1159 5714 prazl'erunt
1184 5649 1293 5699 duo
1324 5646 1500 5698 nostri
1530 5660 1659 5697 mss.
1688 5645 1896 5697 cultum
1932 5663 1950 5700 :

380 5717 610 5773 Palatiu.
646 5732 905 5785 pneterea
935 5720 1278 5785 subsequens
1318 5717 1528 5771 Domini
1561 5732 1756 5769 nomen
1787 5729 1944 5772 tnzet.

2066 1858 2174 1896 non
2211 1859 2500 1913 peetzarent
2525 1851 2576 1900 in
2608 1861 2906 1918 conspectu
2943 1852 3034 1905 Dei
3062 1855 3170 1917 sui,
3200 1866 3357 1909 erant
3386 1874 3509 1911 cum
3537 1858 3643 1911 illis

2066 1936 2252 1993 bona:
2295 1938 2433 1992 Deus
2465 1944 2611 1993 enim
2650 1941 2865 1997 illorum
2918 1946 3035 1997 odit
3091 1948 3460 2017 iniquitatem.
3499 1951 3634 2003 Nam

2065 2035 2120 2079 et
2151 2036 2276 2080 ante
2319 2029 2413 2081 hos
2463 2044 2657 2091 annos,
2700 2049 2824 2085 cum
2858 2035 3221 2089 recessissent
3250 2052 3279 2091 a
3318 2040 3423 2105 via,
3472 2057 3642 2108 quam

2065 2117 2421 2174 dederatillis
2456 2121 2620 2187 Deus,
2662 2133 2719 2176 ut
2770 2126 3118 2180 ambularent
3161 2127 3213 2180 in
3242 2145 3329 2194 ea,
3378 2134 3645 2186 enormi-

2066 2211 2175 2264 nati
2211 2220 2339 2265 sunt
2386 2213 2587 2281 pratliis
2652 2230 2680 2267 a
2716 2214 2906 2269 multis
2961 2219 3301 2283 nationibus,
3333 2233 3389 2275 et
3416 2225 3638 2292 plurimi

2064 2318 2251 2358 eorum
2294 2306 2494 2373 captivi
2530 2305 2749 2362 abduCti
2807 2318 2935 2363 sunt
2972 2310 3025 2364 in
3075 2323 3279 2365 terram
3323 2330 3432 2368 non
3461 2331 3640 2370 suam.

2062 2395 2250 2465 Nuper
2285 2405 2470 2450 autem
2503 2400 2707 2454 reversi
2735 2400 2801 2454 ad
2844 2403 3131 2458 Dominum
3161 2405 3331 2460 Deum
3362 2423 3547 2473 suum,
3573 2426 3642 2465 ex

2065 2489 2432 2558 dispersione,
2469 2506 2576 2560 qua
2630 2493 2869 2562 dispersi
2920 2497 3161 2561 fuerant,
3217 2501 3438 2553 adunati
3489 2513 3640 2567 sunt,

2066 2590 2121 2633 et
2182 2583 2552 2636 ascenderunt
2577 2596 2838 2639 montana
2893 2587 3007 2641 haec
3062 2591 3267 2657 omnia,
3327 2604 3382 2645 et
3443 2598 3639 2647 itctunt

2063 2674 2343 2741 p03sidcnt
2396 2674 2749 2741 Jerusalem,
2810 2679 2901 2732 ubi
2989 2690 3119 2734 sunt
3181 2694 3369 2736 sancta
3424 2700 3638 2739 eorum.

2063 2762 2217 2817 Nunc
2244 2779 2394 2835 ergo,
2434 2767 2506 2819 mi
2542 2766 2785 2833 domine,
2829 2776 3087 2839 perquire
3113 2773 3158 2825 si
3195 2783 3278 2827 est
3308 2775 3489 2844 aliqua
3536 2779 3640 2830 ini-

2063 2860 2242 2926 quitas
2267 2871 2457 2911 eorum
2499 2860 2551 2910 iit
2608 2870 2904 2927 conspectu
2941 2862 3034 2915 Dei
3085 2878 3275 2917 eorum
3314 2883 3327 2918 :
3368 2869 3639 2923 ascenda-

2065 2964 2190 3003 tnus
2241 2948 2308 3002 ad
2374 2949 2516 3015 illus,
2567 2952 2824 3020 quoniam
2866 2954 3291 3011 tradenstradct
3352 2960 3473 3015 illos
3501 2962 3640 3017 Deus

2064 3055 2254 3093 eorum
2295 3044 2412 3107 tibi,
2444 3054 2497 3095 et
2548 3046 2818 3116 subjugati
2867 3059 3035 3101 erunt
3063 3051 3166 3104 sub
3215 3051 3347 3121 jugo
3379 3057 3639 3123 potentia:

2067 3142 2187 3185 ture.
2225 3133 2280 3187 Si
2312 3149 2439 3188 vero
2472 3150 2577 3187 non
2613 3148 2697 3188 est
2744 3136 2977 3191 oﬂ'ensio
3016 3141 3202 3207 populi
3243 3142 3408 3211 huius
3452 3162 3636 3199 coram

2066 3226 2175 3281 Deo
2205 3243 2326 3292 suo,
2382 3242 2490 3280 non
2531 3232 2836 3298 poterimus
2888 3233 3150 3288 resistere
3185 3237 3329 3301 illis;
3379 3241 3639 3307 quoniam

2064 3317 2207 3373 Deus
2250 3335 2440 3373 eorum
2492 3321 2751 3376 del’endet
2782 3322 2950 3388 illos;
2984 3331 3040 3376 et
3098 3329 3303 3380 erimus
3334 3329 3388 3381 in
3440 3346 3641 3398 oppro-

2062 3411 2243 3463 brium
2274 3411 2543 3465 universo:
2572 3426 2749 3466 terrae.

2134 3501 2200 3554 Et
2230 3505 2434 3556 factum
2465 3512 2569 3572 est,
2607 3522 2728 3560 cum
2765 3520 3034 3564 cessasset
3061 3510 3207 3581 loqui
3245 3515 3446 3568 Achior
3469 3519 3635 3573 verba

2063 3597 2197 3663 haec,
2226 3598 2349 3651 irati
2386 3611 2517 3653 sunt
2548 3613 2743 3655 omnes
2776 3615 3057 3674 magnates
3087 3604 3418 3674 llolofernis,
3458 3624 3513 3665 ct
3541 3632 3637 3665 co-

2060 3690 2308 3759 gitabant
2335 3688 2565 3743 intertic.
2589 3706 2645 3745 re
2682 3707 2831 3759 eum,
2864 3696 3107 3751 dicentes
3147 3700 3211 3751 ad
3235 3701 3554 3755 alterutrum
3592 3705 3635 3760 ’z

2060 3781 2193 3846 Quis
2223 3791 2304 3836 est
2336 3782 2459 3847 iste,
2499 3785 2591 3852 qui
2643 3786 2784 3841 lilios
2813 3785 2979 3840 Israel
3014 3804 3174 3857 posse
3205 3792 3350 3845 dicat
3376 3799 3635 3850 resistere

2060 3874 2171 3942 regi
2202 3871 2729 3944 Nabuchodonosor,
2756 3892 2812 3935 ct
2840 3882 3175 3935 exercitibus
3205 3886 3346 3953 ejus,
3382 3886 3635 3943 homines

2062 3967 2321 4031 inermes,
2348 3977 2397 4020 ct
2425 3967 2541 4021 sine
2567 3968 2786 4035 tirtute,
2813 3982 2867 4022 et
2890 3971 3009 4025 sine
3032 3973 3232 4041 peritia
3255 3978 3389 4029 artis
3407 3983 3634 4047 pugnae?

2062 4057 2133 4112 Ut
2163 4074 2293 4128 ergo
2323 4069 2582 4130 agnoscat
2604 4061 2807 4116 Achior
2843 4069 3099 4132 quoniam
3130 4070 3268 4122 l'alltt
3291 4086 3411 4135 nos,
3442 4088 3631 4128 ascen-

2061 4150 2254 4206 datuus
2290 4156 2342 4205 in
2376 4163 2631 4208 montana
2668 4172 2682 4209 :
2724 4168 2779 4211 et
2813 4173 2935 4212 Cttttt
2962 4164 3102 4231 capti
3145 4164 3348 4215 fuerint
3381 4178 3632 4236 potentes

2059 4260 2273 4310 eorum,
2303 4262 2427 4299 cum
2476 4248 2685 4302 eisdem
2739 4251 2917 4320 gladio
2969 4258 3499 4313 trausverberabttur
3532 4282 3545 4314 ι
3575 4276 3633 4317 ut

2059 4337 2194 4390 sciat
2214 4340 2392 4392 omnis
2422 4356 2552 4408 gens
2578 4340 2685 4409 [ΑΙ.
2706 4346 2881 4396 sciant
2903 4360 3092 4398 omnes
3114 4360 3344 4420 gentes],
3373 4355 3630 4419 quoniam

1994 4459 2034 4508 ο
2065 4428 2565 4485 Nabuchodonosor
2622 4436 2755 4487 deus
2795 4445 2951 4489 terra:
2982 4448 3086 4502 est,
3139 4450 3191 4491 ct
3224 4454 3418 4509 pta-ter
3453 4448 3632 4513 ipsum

2062 4526 2201 4575 alius
2233 4539 2339 4575 non
2374 4535 2478 4577 est.

2131 4615 2281 4686 [ϐαρ.
2317 4618 2425 4688 νιν]
2459 4617 2681 4672 Factum
2734 4629 2819 4675 est
2852 4630 3032 4676 autem
3065 4640 3188 4679 cum
3220 4635 3634 4687 cessassentlo-

2058 4724 2173 4777 qui,
2220 4711 2536 4779 indgnatus
2598 4711 2925 4768 llolofet-ues
2967 4721 3336 4788 vehementer,
3389 4727 3523 4779 dixit
3558 4730 3629 4782 ad

2059 4799 2298 4852 Achior:
2334 4802 2598 4865 Quoniam
2632 4805 2968 4874 prophetasti
3009 4810 3165 4863 nobis
3197 4811 3217 4841 ‘
3241 4814 3449 4880 dicens,
3481 4822 3626 4886 quod

2058 4907 2226 4958 genus
2246 4893 2410 4947 lsrael
2435 4896 2762 4950 defendatur
2802 4918 2829 4952 a
2862 4901 2972 4956 Dco
3002 4918 3121 4965 suo,
3162 4917 3222 4960 ut
3249 4913 3530 4966 ostendam
3560 4922 3628 4969 tt-

2059 4986 2112 5037 bi
2149 4989 2406 5054 quoniam
2449 5005 2555 5043 non
2589 5003 2671 5046 est
2729 4995 2896 5061 Deus,
2934 4998 3038 5051 nisi
3061 4999 3567 5061 Nabuchodonosor
3608 5026 3621 5060 :

2058 5093 2178 5130 cum
2242 5084 2678 5148 percussor-imus
2733 5103 2826 5141 eos
2872 5104 3081 5155 omnes,
3149 5092 3292 5147 sicut
3347 5097 3623 5153 hominem

2060 5189 2249 5237 uuutu,
2280 5183 2410 5227 tunc
2442 5186 2496 5228 et
2531 5177 2644 5245 ipse
2686 5195 2808 5233 cum
2841 5182 2946 5236 illis
2965 5184 3312 5255 Assyriorum
3343 5194 3624 5258 gladioin-

2060 5267 2270 5333 teribis,
2303 5279 2357 5321 et
2386 5274 2564 5325 omnis
2589 5274 2750 5328 Israel
2783 5287 2963 5330 tecum
2995 5282 3304 5348 perditione
3326 5286 3619 5354 disperiet:

2091 5511 2151 5633 ιδ
2176 5496 2356 5571 Codex
2401 5515 2641 5587 Reginae,
2692 5520 2918 5575 dicentes
2949 5522 3086 5578 alter
3120 5526 3187 5578 ad
3220 5524 3448 5580 alterum
3482 5530 3619 5597 quis,

2114 5598 2160 5633 ρ.
3486 5598 3489 5601 ,

2056 5598 2160 5635 ως.

2124 5653 2460 5776 Z'Iutcrserit
2520 5658 2749 5719 Palatiu.
2783 5666 2835 5717 in
2870 5666 3137 5729 voculam,
3189 5667 3514 5737 prop/ictas“
3566 5672 3622 5725 in

2156 5742 2216 5776 is.

2058 5742 2216 5779 ηουιδ.
