3966 6184
340 257 407 320 Π
1248 259 1305 319 S.
1348 259 1792 320 HIERONYMI
1835 259 2106 339 DlVlNA
2149 255 2670 320 BIBLIOTHECA
3525 240 3596 306 43

342 387 397 431 et
431 375 684 444 probabis
707 375 965 446 quoniam
1005 367 1522 433 Nabuchodonosor
1551 378 1811 432 dominus
1851 377 1922 432 sit
1951 382 1996 438 Α
2028 378 2180 434 linito
2211 377 2465 442 consilio,
2527 370 2773 440 suscepit
2829 382 2950 421 eum
2979 367 3036 420 in
3061 362 3283 420 domum
3316 375 3490 427 suam,
3541 369 3599 414 et

345 469 614 523 universa:
678 479 832 525 terrae
887 481 1182 540 :tuucque
1243 470 1456 540 gladius
1515 471 1725 526 militiae
1782 485 1916 525 mea:

343 563 576 617 transiet
605 578 700 630 per
756 562 926 618 latera
979 573 1092 626 tua,
1149 572 1203 616 et
1256 563 1506 618 conﬁxus
1556 563 1721 618 cades
1773 564 1918 616 inter

344 653 660 705 vulneratos
704 652 890 717 Israel,
939 651 995 706 et
1051 667 1161 706 non
1214 653 1513 722 respirabis
1549 653 1712 715 ultra,
1745 645 1923 707 donec

350 742 734 796 extermineris
760 757 881 795 cum
920 741 1048 794 illis.
1084 743 1256 796 Porro
1284 751 1467 795 autem
1502 742 1544 796 si
1577 742 1921 811 prepbetiam

351 842 500 885 tuam
555 847 735 885 veram
768 831 1072 896 existimas,
1109 847 1220 900 non
1261 832 1515 886 concidat
1546 833 1729 887 vultus
1771 844 1920 898 tuus,

352 935 406 977 et
438 924 634 992 pallor,
683 927 776 992 qui
812 923 1002 977 faciem
1057 933 1202 977 tuam
1235 923 1445 978 obtinet
1474 925 1586 996 [ΑΙ.
1641 925 1926 994 obtinuit],

352 1011 610 1066 abscedat
641 1028 668 1064 a
695 1022 766 1076 te,
800 1013 844 1066 si
878 1012 1041 1065 verba
1077 1025 1195 1063 mea
1237 1008 1351 1064 base
1382 1021 1544 1081 putas
1573 1010 1786 1078 impleri
1819 1025 1926 1061 non

351 1118 535 1171 posse.
571 1100 638 1156 Ut
666 1113 846 1154 autem
913 1100 1130 1154 noveris
1160 1100 1287 1169 quia
1317 1100 1481 1154 simul
1514 1116 1638 1154 cum
1677 1101 1784 1153 illis
1816 1100 1930 1151 haec

355 1195 675 1261 experieris,
726 1209 852 1247 ecce
884 1210 948 1246 ex
978 1194 1079 1247 hac
1113 1195 1247 1246 liora
1275 1193 1494 1247 illorum
1532 1193 1736 1262 populo
1758 1191 1932 1246 socia.

356 1286 525 1350 beris,
568 1293 647 1348 ut,
703 1285 830 1338 dum
866 1285 1055 1354 dignas
1090 1285 1198 1338 mei
1248 1284 1412 1354 gladii
1455 1299 1648 1354 pmnas
1700 1299 1932 1352 excepe-

359 1383 493 1444 rint,
531 1379 647 1447 ipse
679 1377 843 1431 simul
873 1376 1065 1430 ultioni
1095 1377 1406 1447 subjaceas.

430 1472 583 1524 Tunc
619 1468 946 1522 llolol‘ernes
984 1469 1241 1538 praecepit
1268 1469 1441 1522 servis
1465 1467 1579 1522 suis
1604 1477 1660 1520 ut
1687 1481 1936 1536 compre-

359 1564 668 1618 lienderent
730 1560 954 1624 Acltior,
991 1570 1045 1614 et
1075 1560 1446 1630 perducerent
1497 1576 1622 1614 eum
1660 1560 1712 1614 in
1740 1559 1937 1612 Bctbu-

362 1657 511 1720 liam,
535 1665 592 1708 et
623 1653 899 1708 traderent
922 1669 1046 1706 eum
1079 1653 1134 1706 in
1163 1669 1355 1706 manus
1389 1652 1625 1706 ﬁliorum
1653 1651 1840 1705 lsrael.
1870 1651 1937 1704 Et

2027 473 2156 526 l‘ecit
2187 471 2235 525 ei
2283 482 2496 524 caenam
2528 478 2801 535 magnam.
2835 461 2902 516 Et
2926 457 3134 514 vocatis
3163 455 3416 510 omnibus
3440 467 3598 523 pres-

2026 565 2262 636 byteris,
2325 561 2490 616 simul
2537 559 2754 627 expleto
2801 555 3009 627 jejunio
3040 539 3373 606 refecerunt.
3405 547 3599 602 Postea

2026 671 2158 710 vero
2186 660 2521 709 convocatus
2570 660 2655 706 est
2689 648 2869 704 omnis
2899 645 3158 716 populus,
3205 649 3260 697 et
3305 656 3401 711 per
3434 650 3601 694 totam

2027 754 2246 799 noetem
2283 744 2427 796 intra
2459 740 2750 796 ecclesiam
2801 742 3118 800 oraveruut,
3177 738 3426 803 petentes
3447 729 3606 783 auxi-

2029 838 2162 892 lium
2189 851 2219 889 a
2248 835 2358 889 Deo
2384 832 2573 887 lsrael.

2093 929 2249 1001 [Cap.
2279 925 2420 998 νη]
2452 923 2772 979 Holofernes
2798 929 2982 976 autem
3012 918 3184 974 altera
3213 916 3304 972 die
3339 912 3605 986 praecepit

2031 1020 2367 1075 exercitibus
2391 1018 2529 1081 suis,
2571 1025 2629 1070 ut
2651 1013 3011 1070 ascenderent
3049 1017 3240 1065 contra
3271 1004 3604 1062 Betliuliam.

2035 1115 2203 1167 Erant
2257 1122 2438 1165 autem
2487 1108 2702 1177 pedites
2756 1105 3081 1160 bellatorum
3141 1110 3358 1156 centum
3410 1095 3608 1166 viginti

2034 1205 2223 1264 millia,
2258 1213 2314 1258 et
2344 1202 2560 1268 equites
2595 1197 2788 1268 viginti
2821 1196 2930 1250 duo
2959 1194 3151 1256 millia,
3175 1200 3374 1258 prazter
3405 1203 3614 1258 praepa-

2035 1297 2278 1351 rationes
2305 1294 2545 1348 virorum
2587 1291 2829 1353 illorum,
2856 1301 2995 1358 quos
3048 1290 3407 1351 occupaverat
3434 1278 3619 1354 capti-_

2035 1389 2198 1450 vitas,
2253 1395 2309 1440 et
2337 1385 2561 1439 abducti
2601 1383 2816 1437 fuerant
2867 1381 2933 1434 de
2967 1375 3262 1448 provinciis
3294 1383 3350 1427 et
3375 1371 3612 1426 urbibus

2036 1480 2309 1534 universa:
2363 1475 2689 1548 juventutis.
2730 1473 2932 1528 Omnes
2955 1475 3288 1540 paraverunt
3314 1481 3371 1519 se
3412 1463 3615 1532 pariter

2040 1571 2106 1624 ad
2160 1583 2396 1638 pugnam
2433 1576 2622 1621 contra
2685 1565 2824 1620 ﬁlios
2877 1561 3064 1626 Israel,
3117 1567 3174 1612 et
3205 1562 3476 1612 venerunt
3515 1568 3617 1622 per

2041 1662 2381 1728 crepidinem
2434 1660 2636 1713 montis
2670 1671 2844 1726 usque
2876 1654 2940 1708 ad
2974 1651 3208 1723 apicem,
3258 1649 3354 1719 qui
3393 1645 3621 1715 respicit

362 1746 699 1814 accipientes
729 1759 854 1798 eum
890 1746 1032 1798 servi
1065 1744 1399 1808 llolofernis,
1426 1743 1656 1813 profec1i
1689 1752 1817 1798 sunt
1838 1759 1936 1813 per
1972 1732 2010 1787 Β
2040 1769 2207 1822 δαρει-
2229 1754 2489 1812 poma-In.
2517 1766 2545 1804 ε
2567 1752 2690 1806 loco
2712 1749 2800 1818 qui
2832 1747 3037 1802 dicitur
3056 1745 3246 1800 Bolma
3271 1742 3314 1809 ³,
3345 1754 3519 1810 usque
3548 1737 3618 1792 ad

363 1837 694 1908 campcsuia
738 1853 753 1890 :
784 1839 876 1890 sed
908 1853 1028 1890 cum
1053 1837 1594 1906 appropinquassent
1621 1837 1687 1891 ad
1713 1846 1936 1891 monta-

366 1946 458 1994 na,
503 1931 758 1983 exierunt
811 1938 1002 1982 contra
1039 1944 1133 1983 eos
1185 1929 1567 1983 l'uudibularii.
1604 1928 1691 1982 ‘llli
1757 1937 1938 1981 autem

367 2023 702 2076 divertentes
733 2035 764 2074 a
818 2019 986 2074 latere
1038 2020 1260 2082 montis,
1292 2020 1596 2086 ligaverunt
1636 2019 1838 2073 Acbior
1871 2018 1939 2072 ad

364 2115 614 2170 arborem
642 2111 893 2166 manibus
925 2121 980 2165 et
1012 2110 1269 2180 pedibus,
1307 2119 1360 2164 et
1391 2111 1470 2166 sic
1501 2112 1741 2164 vinctum
1779 2111 1941 2164 resti-

365 2210 469 2264 bus
496 2207 819 2262 dimiserunt
847 2219 973 2258 eum
1007 2204 1044 2270 ί,
1075 2213 1130 2258 et
1150 2203 1352 2258 reversi
1411 2213 1537 2256 sunt
1569 2203 1632 2256 ad
1659 2202 1940 2256 dominum

368 2315 552 2351 Μιιιιιι.

437 2386 609 2441 Porro
648 2385 740 2439 lilii
763 2383 929 2439 Israel
953 2382 1354 2438 descendentes
1380 2382 1446 2437 de
1473 2381 1747 2447 Bethulia,
1775 2397 1941 2437 vene-

368 2488 499 2532 runt
525 2478 593 2534 ad
628 2492 752 2532 eum
787 2492 800 2528 :
835 2490 997 2546 quem
1032 2475 1308 2530 solventes
1339 2475 1616 2530 duxerunt
1645 2478 1707 2529 ad
1739 2476 1940 2530 Betltu-

369 2570 521 2634 liatn,
551 2577 710 2638 atque
734 2568 787 2621 in
813 2567 1053 2621 medium
1081 2567 1261 2636 pepuli
1290 2568 1439 2621 illum
1469 2576 1794 2629 statuentes,
1823 2585 1946 2637 pcr-

369 2661 610 2714 cunctati
641 2669 770 2714 sunt
791 2660 920 2729 quid
951 2677 1134 2716 rerum
1159 2673 1326 2727 esset,
1353 2663 1497 2731 quod
1524 2661 1677 2715 illum
1700 2663 1942 2714 vinctum

371 2754 585 2823 Assyrii
621 2753 992 2821 reliquissent.
1021 2751 1076 2806 ln
1110 2753 1308 2807 diebus
1340 2754 1446 2808 illis
1473 2763 1633 2808 erant
1664 2754 1773 2807 illic
1799 2755 1947 2822 prin-

368 2846 542 2915 cipes,
572 2844 730 2898 Ozias
763 2842 906 2897 lilius
943 2843 1121 2898 Miclta
1155 2847 1219 2899 de
1242 2845 1386 2900 tribu
1413 2844 1659 2908 Simeon,
1687 2855 1740 2899 et
1768 2845 1947 2899 Cit-ara

371 2937 470 3000 mi,
519 2939 610 3006 qui
666 2949 719 2991 et
752 2935 1066 2991 Gotlioniel.
1096 2935 1153 2990 In
1181 2936 1364 2990 medio
1414 2938 1600 3006 itaque
1639 2938 1945 3002 seniorum,

370 3039 427 3084 ct
464 3029 516 3081 in
543 3037 839 3096 conspectu
874 3029 1147 3091 omnium,
1186 3027 1388 3082 Acbior
1441 3027 1580 3083 dixit
1615 3029 1799 3082 omnia
1826 3043 1946 3096 quae

372 3119 590 3173 locutus
617 3118 732 3186 ipse
759 3117 938 3169 fuerat
968 3115 1036 3170 ab
1064 3114 1357 3169 lloloferue
1376 3115 1744 3184 interrogatus
1771 3133 1783 3168 :
1811 3131 1947 3183 qua-
1981 3097 2024 3157 ε

374 3211 768 3278 liter-papulus
797 3205 1106 3260 Hololeruis
1137 3206 1402 3260 voluisset
1437 3216 1660 3276 propter
1691 3209 1792 3260 hoc
1819 3223 1947 3260 ver-

374 3303 506 3356 bum
540 3300 848 3353 interlit'crc
878 3312 1027 3363 eum,
1053 3307 1107 3354 et
1135 3295 1594 3366 quemadmodum
1630 3297 1748 3365 ipse
1780 3296 1946 3350 Holo-

375 3395 559 3447 fcrnes
613 3391 786 3444 iratus
821 3388 1046 3458 jusserit
1081 3403 1204 3442 eum
1261 3370 1527 3442 lsraelitis
1562 3389 1660 3440 hac
1685 3387 1752 3441 de
1785 3401 1950 3440 causa

380 3484 558 3537 tradi:
591 3492 674 3547 ut,
708 3481 836 3534 dum
875 3480 1068 3533 vicerit
1107 3479 1249 3533 lilios
1305 3477 1487 3543 Israel,
1525 3487 1653 3530 tunc
1687 3487 1740 3531 et
1771 3477 1948 3546 ipsum

378 3575 584 3629 Acbior
635 3573 870 3627 diversis
903 3572 1094 3640 jubeat
1126 3570 1354 3624 interire
1389 3568 1693 3638 suppliciis,
1727 3577 1950 3638 propter

380 3671 482 3720 hoc
511 3665 654 3735 quod
694 3665 924 3718 dixisset
959 3676 974 3716 :
1014 3661 1158 3715 Deus
1196 3662 1320 3716 creli
1352 3660 1608 3716 delensor
1639 3675 1824 3714 eorum
1849 3668 1953 3714 est.

381 3763 627 3828 Cumque
662 3757 862 3811 Acbior
913 3755 1165 3809 universa
1199 3753 1313 3808 haec
1346 3756 1714 3824 exposuisset,
1774 3752 1956 3808 omnis

380 3853 614 3922 populus
663 3851 862 3904 cecidit
886 3840 939 3903 in
971 3849 1184 3913 faciem,
1229 3849 1522 3902 adorantes
1559 3847 1870 3914 Dominum,
1902 3855 1956 3900 et

382 3945 659 3999 communi
685 3943 1069 3996 lamentatione
1091 3950 1143 3994 et
1165 3941 1287 3994 lletu
1318 3943 1601 3996 unanimes
1625 3955 1814 4010 preces
1831 3953 1956 3992 suas

387 4040 615 4093 Domino
647 4036 980 4100 cthttlet'ittit,
1013 4033 1290 4087 dicentes:
1326 4034 1550 4087 Domine
1587 4033 1729 4088 Deus
1755 4033 1879 4087 (παῖιί
1903 4043 1958 4087 et

387 4143 566 4196 terras,
608 4140 662 4183 et
695 4135 909 4182 intuere
957 4126 1267 4196 superbiam
1315 4141 1527 4189 eorum,
1570 4134 1624 4179 et
1655 4127 1864 4194 respice
1888 4127 1956 4180 ad

383 4232 626 4276 nostram
667 4221 1050 4282 humilitatem,
1098 4228 1154 4272 et
1179 4217 1372 4271 fatiem
1400 4226 1713 4271 sanctorum
1745 4229 1958 4272 tuorum

386 4317 628 4376 attende,
666 4322 719 4366 et
753 4313 980 4364 ostende
1010 4309 1268 4379 quoniam
1307 4319 1416 4362 nun
1447 4307 1787 4376 derelinquis
1823 4323 1959 4377 pra:-

2046 1849 2310 1904 Chelmon
2344 1847 2432 1914 qui
2461 1854 2542 1899 est
2569 1855 2760 1898 contra
2793 1841 3081 1896 Esdrelon.

2118 1939 2241 1994 Filii
2275 1949 2456 1992 autem
2488 1936 2653 1990 lsrael
2683 1943 2743 1988 ut
2773 1933 3030 1986 viderunt
3055 1927 3465 1984 multitudinem
3490 1923 3620 1980 illo-

2049 2049 2170 2087 rum
2203 2037 2616 2101 prostraverunt
2640 2043 2698 2081 se
2725 2039 2891 2095 super
2913 2034 3132 2086 terram,
3163 2021 3443 2075 mittentes
3473 2019 3626 2074 cine-

2049 2139 2164 2178 rem
2218 2136 2384 2186 super
2417 2128 2595 2187 capita
2634 2133 2756 2182 sua,
2791 2116 3080 2170 unanimes
3109 2120 3350 2176 orantes,
3384 2121 3445 2166 ut
3476 2109 3627 2166 Deus

2049 2214 2216 2270 ls’rael
2262 2210 2698 2266 misericordiam
2735 2224 2890 2263 suam
2918 2204 3230 2261 ostenderet
3250 2217 3414 2270 super
3443 2215 3627 2271 popu-

2053 2308 2162 2360 lum
2183 2319 2366 2359 suum.
2397 2301 2463 2354 Et
2509 2308 2853 2354 assumentes
2885 2312 3036 2350 arma
3088 2310 3181 2348 sua
3221 2293 3434 2358 bellica,
3467 2287 3628 2345 sede-

2052 2406 2183 2452 runt
2218 2412 2317 2468 per
2351 2396 2494 2460 loca,
2547 2409 2669 2461 quae
2719 2392 2782 2444 ad
2815 2387 3032 2458 angusti
3084 2386 3300 2442 itineris
3347 2382 3626 2437 tramitem

2052 2491 2298 2558 dirigunt
2331 2487 2474 2541 inter
2522 2492 2774 2538 montosa
2808 2479 2922 2552 [ΑΙ.
2986 2473 3319 2546 montuosa],
3353 2481 3408 2529 et
3466 2477 3628 2527 erant

2053 2583 2429 2639 custodientes
2455 2596 2517 2633 ea
2553 2588 2666 2633 tota
2692 2577 2782 2632 die
2813 2591 2876 2631 ac
2911 2584 3091 2629 nocte.

2123 2675 2297 2730 Porro
2326 2674 2672 2735 llolofernes,
2707 2670 2834 2724 dum
2873 2667 3070 2723 circuit
3095 2681 3194 2736 per
3223 2677 3438 2736 gyrum,
3467 2675 3628 2730 repe-

2057 2767 2124 2821 rit
2147 2767 2290 2836 quod
2330 2763 2475 2829 fons,
2517 2765 2608 2832 qui
2641 2761 2924 2825 inﬂuebat,
2960 2774 3115 2829 aquae
3151 2758 3374 2812 ductum
3408 2755 3627 2809 illorum

2055 2876 2085 2913 a
2111 2869 2266 2928 parte
2291 2856 2524 2912 australi
2550 2865 2702 2909 extra
2733 2853 3012 2908 civitatem
3049 2849 3312 2918 dirigeret
3337 2867 3350 2900 :
3376 2857 3430 2902 et
3457 2844 3628 2900 incidi

2056 2950 2315 3020 praecepit
2347 2964 2500 3017 aqua:
2529 2947 2755 3001 ductum
2809 2946 3049 2999 illorum.
3084 2943 3254 2998 Erant
3282 2942 3461 2994 tamen
3517 2952 3633 2993 non

2057 3043 2216 3110 longe
2244 3056 2273 3094 a
2303 3040 2477 3093 muris
2509 3037 2710 3102 fontes,
2738 3052 2804 3090 ex
2843 3035 3046 3105 quibus
3082 3033 3268 3088 furtim
3296 3031 3634 3086 videbantur

2060 3131 2285 3187 haurire
2341 3145 2562 3200 aquam,
2609 3128 2678 3183 ad
2707 3126 3121 3184 refocillandum
3157 3125 3340 3194 potius
3366 3137 3526 3194 quam
3560 3122 3635 3177 a'd

2056 3223 2377 3292 potandum.

2126 3313 2232 3367 Sed
2263 3312 2360 3366 lilii
2383 3313 2616 3367 Ammon
2645 3320 2700 3366 et
2719 3310 2878 3366 Moab
2902 3315 3254 3365 accesserunt
3291 3306 3356 3362 ad
3374 3304 3634 3361 Holofer-

2057 3421 2207 3469 nem,
2251 3407 2493 3460 dicentes
2529 3421 2541 3458 ε
2585 3405 2705 3460 Filii
2739 3405 2926 3466 lsrael.
2961 3417 3072 3456 non
3109 3402 3162 3455 in
3225 3401 3408 3455 lancea
3442 3413 3543 3453 nec
3577 3398 3636 3454 in

2057 3500 2254 3569 sagitta
2292 3499 2602 3561 conﬁdunt,
2637 3499 2732 3553 sed
2767 3505 2981 3552 montes
3039 3495 3345 3549 defendunt
3403 3493 3548 3555 illos,
3580 3500 3639 3545 et

2058 3593 2316 3647 muniunt
2346 3590 2369 3622 ⁸
2405 3592 2528 3646 illos
2570 3590 2736 3645 colles
2785 3589 2838 3643 in
2871 3587 3170 3657 praecipitio
3228 3585 3536 3640 constituti.
3567 3582 3643 3639 Ut

2057 3700 2188 3755 ergo
2217 3685 2336 3738 sine
2363 3682 2753 3752 congressione
2793 3695 2990 3751 pugnae
3017 3681 3198 3749 possis
3228 3691 3489 3745 superare
3515 3691 3640 3740 eos,

2059 3792 2199 3848 pone
2250 3778 2512 3830 custodes
2541 3773 2798 3839 fontium,
2830 3779 2891 3826 ut
2918 3787 3025 3825 non
3063 3770 3321 3824 hauriant
3346 3782 3537 3837 aquam
3572 3781 3642 3820 ex

2059 3873 2142 3926 eis
2185 3871 2227 3934 ⁸,
2262 3881 2319 3924 et
2373 3868 2493 3923 sine
2547 3866 2725 3936 gladio
2755 3865 3051 3921 interﬁcies
3071 3879 3184 3929 eos,
3219 3865 3302 3917 vel
3333 3872 3482 3916 certe
3514 3859 3646 3913 tati-

2061 3961 2168 4032 gati
2205 3957 2423 4014 tradent
2457 3958 2736 4012 civitatem
2763 3971 2944 4019 suam,
2977 3971 3138 4025 quam
3176 3960 3368 4021 putant
3400 3951 3452 4004 in
3481 3965 3645 4004 mon-

2063 4054 2209 4107 tibus
2243 4053 2475 4122 positam
2507 4049 2756 4116 superari
2809 4063 2919 4104 non
2975 4061 3156 4117 posse.
3188 4045 3255 4099 Et
3314 4044 3645 4114 placuerunt

2061 4145 2230 4200 verba
2263 4144 2378 4197 bzec
2405 4157 2592 4197 coram
2626 4141 2944 4203 Holoferne,
2979 4148 3035 4192 et
3079 4151 3262 4192 coram
3314 4133 3645 4188 satellitibus

2063 4239 2200 4308 ejus,
2237 4245 2292 4289 et
2330 4233 2622 4290 constituit
2666 4247 2761 4302 per
2789 4246 2982 4302 gyrum
3008 4227 3358 4284 centenarias
3393 4241 3492 4295 per
3525 4223 3691 4315 sin-1.

2065 4329 2221 4398 guios
2270 4327 2469 4380 fontes.
2510 4323 2758 4392 Cumque
2814 4322 2918 4377 ista
2967 4321 3213 4375 custodia
3267 4334 3364 4384 per
3399 4319 3516 4371 dies
3555 4318 3670 4376 vi-j

387 4417 665 4461 sumentes
699 4406 764 4458 de
795 4416 886 4458 te:
915 4413 969 4458 et
1007 4413 1399 4472 praesumentes
1433 4403 1500 4455 de
1563 4415 1642 4463 sc,
1678 4409 1732 4453 et
1765 4400 1831 4453 de
1860 4414 1946 4453 sua

2065 4422 2197 4490 ginti
2252 4419 2446 4471 fuisset
2468 4417 2702 4486 expleta,
2727 4414 3339 4477 defeceruntcisterme,
3382 4420 3437 4466 et
3472 4409 3646 4465 colle-

387 4501 590 4553 virtute
629 4500 946 4567 gloriantes,
975 4498 1256 4550 humilius.
1293 4496 1473 4549 Finito
1505 4496 1684 4564 itaque
1723 4493 1875 4555 ﬂetu,
1907 4502 1961 4546 et

389 4610 485 4661 per
550 4601 715 4645 tutam
776 4591 918 4645 diem
976 4592 1225 4642 oratione
1280 4589 1607 4657 populorum
1669 4586 1961 4656 completa,

388 4689 654 4740 consolati
714 4693 840 4739 sunt
897 4683 1116 4748 Aeliior,
1175 4682 1419 4735 dicentes
1477 4700 1490 4735 :
1547 4679 1688 4733 Deus
1751 4689 1964 4748 patrum

390 4792 726 4841 nostrorum,
757 4779 914 4848 cujus
944 4788 997 4831 lu
1053 4777 1313 4830 virtutem
1365 4775 1693 4844 praedicasti,
1726 4775 1837 4841 ipse
1869 4773 1964 4826 tibi

395 4874 533 4925 banc
560 4873 708 4925 dabit
739 4870 1203 4932 vicissitudinem,
1239 4878 1297 4921 ut
1322 4883 1511 4922 eorum
1541 4867 1711 4934 magis
1748 4876 1800 4920 tu
1831 4866 1968 4918 inte-

393 4970 556 5020 ritum
590 4967 793 5020 videas.
816 4965 954 5020 Cum
978 4978 1110 5018 vero
1137 4962 1400 5016 Dominus
1420 4960 1564 5013 Deus
1596 4970 1781 5012 uoster
1803 4957 1962 5010 dede~

391 5064 461 5114 rit
495 5061 634 5112 bane
693 5060 1003 5113 libertatem
1038 5055 1212 5110 servis
1270 5054 1402 5117 suis,
1431 5052 1499 5106 sit
1530 5060 1583 5104 et
1618 5063 1794 5102 tecum
1825 5048 1969 5102 Deus

395 5156 446 5207 in
488 5137 665 5206 medio
700 5153 870 5204 nostri
910 5168 924 5203 ε
964 5159 1023 5202 ut
1048 5150 1067 5180 ¹
1105 5149 1248 5200 sicut
1284 5145 1548 5215 placuerit
1583 5144 1704 5206 tibi,
1737 5144 1809 5195 ita
1843 5155 1968 5194 cum

361 5249 504 5310 ,tnis
533 5245 790 5300 omnibus
854 5240 1204 5296 cunvcrscris
1242 5239 1550 5291 nobiscum.
1593 5234 1747 5288 Tunc
1783 5231 1963 5296 Ozias,

465 5431 478 5494 Ἴ
527 5428 763 5493 [terque
797 5433 980 5476 noster
1021 5439 1142 5486 ms.,
1177 5421 1398 5474 vinctum
1420 5419 1482 5472 de
1511 5420 1726 5471 restibus
1753 5417 1964 5469 dimise-

393 5510 536 5557 runt,
570 5502 649 5548 vel
676 5498 1019 5548 demiserunt.

464 5572 481 5598 ²
516 5568 609 5618 llic
649 5569 876 5618 i’alatin.
933 5582 1032 5618 nis.
1074 5573 1127 5614 ut
1163 5563 1430 5626 voculam,
1463 5577 1584 5615 mox
1613 5571 1668 5612 et
1701 5560 1965 5614 nobiseum

396 5649 780 5689 t=t':'_:tt-t'n:!li:l.
1081 5645 1094 5651 ”

393 5683 408 5706 π
463 5711 480 5737 ³
521 5710 571 5758 Ισι
604 5725 628 5757 to
660 5710 798 5757 πδῐιὶυ
834 5721 958 5758 mss.
989 5717 1039 5758 ct
1076 5702 1497 5772 titlgatzslzbtis,
1537 5700 1710 5752 {Mum
1745 5702 1964 5752 .Eiritur.

2068 4512 2277 4563 ctiones
2305 4522 2594 4575 aquarum,
2625 4504 2885 4559 omnibus
2915 4501 3290 4558 habitantibus
3326 4497 3640 4553 Betbuliam

2070 4601 2182 4672 [Αἰ.
2217 4596 2652 4652 inhabitantibus
2692 4596 2744 4649 in
2781 4591 3077 4664 Betbulia].
3111 4593 3183 4645 ita
3224 4601 3280 4644 ut
3305 4605 3413 4644 non
3458 4597 3648 4643 essent

2070 4693 2214 4744 intra
2260 4688 2540 4744 civitatem
2611 4685 2756 4740 unde
2826 4684 3160 4737 satiarentur
3219 4681 3304 4733 vel
3362 4691 3470 4730 una
3530 4675 3645 4741 die,

2071 4783 2334 4852 quoniam
2393 4780 2460 4832 ad
2494 4792 2806 4832 mensuram
2841 4776 3075 4829 dabatur
3107 4771 3320 4842 populis
3343 4784 3485 4840 aqua
3511 4783 3648 4838 quo-

2074 4877 2229 4929 tidie.

2145 4967 2298 5019 'l‘unc
2329 4964 2395 5018 ad
2437 4963 2615 5018 Oxiam
2679 4960 2989 5030 congregati
3018 4972 3210 5013 omnes
3244 4956 3366 5017 viti,
3407 4955 3652 5007 femina:-

2075 5075 2203 5128 que,
2249 5060 2481 5127 juvenes
2513 5066 2565 5110 et
2596 5054 2830 5124 parvuli,
2860 5067 3049 5106 omnes
3082 5049 3244 5104 simul
3275 5063 3376 5101 una
3406 5062 3537 5100 voce
3569 5047 3654 5100 di-

2074 5160 2271 5205 xerunt
2300 5165 2314 5202 :
2363 5149 2579 5203 .ludicet
2616 5148 2761 5200 Deus
2792 5148 2934 5200 inter
2965 5160 3064 5199 nos
3085 5155 3140 5198 et
3175 5156 3244 5207 te,
3273 5144 3531 5211 quoniam
3574 5140 3657 5193 fe-

2076 5245 2196 5298 cisti
2227 5246 2281 5298 in
2311 5260 2407 5297 nos
2448 5244 2608 5310 mala,
2648 5243 2837 5296 nolens
2891 5239 3038 5308 loqui
3083 5239 3305 5308 paciﬁce
3339 5251 3463 5291 cum
3487 5236 3658 5303 Assy-

2145 5424 2169 5457 ⁸
2209 5427 2429 5492 lieperit
2468 5424 2702 5478 Palatini.
2741 5440 2842 5477 tus.
2882 5421 3181 5490 Defendunt
3217 5418 3334 5472 illos
3388 5429 3435 5470 et
3464 5417 3647 5481 colles,

2073 5514 2173 5566 pro
2200 5499 2458 5557 muniunt,
2490 5508 2594 5549 etc.

2143 5568 2162 5598 ⁵
2205 5567 2350 5619 idem
2415 5582 2541 5628 ms.,
2588 5563 2859 5616 Ilaurimtt
2921 5580 2983 5617 ex
3033 5565 3125 5628 cis,
3163 5561 3280 5614 sine
3317 5559 3650 5611 intvrmcdia

2074 5654 2227 5704 voce,
2259 5652 2474 5704 aquam.
