3966 6184
245 366 303 431 l9
1550 367 1779 426 LIBER
1825 366 2135 427 JUDITII.

3389 352 3477 414 ἔ)οι

246 476 343 539 riis,
366 480 411 528 et
460 482 687 545 propter
734 474 839 530 hoc
862 474 1111 530 vendidit
1140 491 1238 531 nos
1264 477 1408 532 Deus
1434 477 1487 532 in
1526 476 1776 530 manibus
1809 484 1851 541 Α
1884 478 2035 541 bum,
2073 477 2123 529 in
2154 491 2260 545 quo
2309 474 2586 530 consentit
2630 473 2809 536 Ozias,
2853 482 2911 526 ut
2963 470 3136 525 tradat
3185 468 3460 522 civitatem

242 578 416 618 eorum.
446 564 511 617 Et
542 564 669 618 ideo
694 579 803 618 non
831 568 1025 635 estqui
1051 566 1293 636 adjuvet,
1314 582 1437 621 enm
1464 577 1780 637 prosterna—

243 670 340 706 mur
366 664 481 708 ante
509 656 703 711 oeulos
733 672 926 711 eorum
954 658 1009 711 in
1035 659 1124 712 siti
1158 658 1541 727 etperditionc
1564 674 1775 727 magna.

246 746 295 799 Et
319 763 450 800 nunc
483 756 814 819 congregate
849 749 1137 803 universos
1170 751 1261 818 qui
1288 750 1341 803 in
1371 751 1591 804 civitate
1625 758 1777 814 sunt,

246 851 293 892 ut
314 847 487 909 sponte
518 842 806 895 tradamus
857 856 960 895 nos
989 856 1181 895 omnes
1216 842 1417 910 populo
1449 840 1778 894 linlofernis.

248 931 405 986 Melius
428 940 511 986 est
540 933 691 987 enim
725 943 784 986 ut
812 933 1010 1003 captivi
1042 933 1443 988 benedicamus
1469 934 1782 997 Dominum,

247 1026 474 1087 viventes,
516 1039 687 1094 quam
733 1025 1051 1091 moriamur,
1087 1034 1141 1080 et
1196 1025 1369 1079 simus
1400 1026 1783 1094 .opprobrium

245 1116 363 1170 omni
411 1118 586 1182 carni,
616 1133 740 1171 cum
797 1118 1100 1172 viderimus
1128 1133 1330 1173 uxores
1362 1126 1670 1179 nostras,et
1698 1118 1784 1170 in-

248 1210 391 1264 fantes
424 1222 666 1277 nostros,
723 1213 862 1266 mori
895 1223 1025 1266 ante
1055 1212 1248 1265 oculos
1275 1219 1517 1264 nostros.
1577 1209 1782 1264 Conte-

246 1310 422 1355 stamur
470 1301 638 1358 hodie
676 1303 877 1357 caelum
911 1312 967 1357 et
995 1313 1221 1368 terram,
1252 1312 1308 1359 et
1342 1303 1509 1356 Deum
1567 1311 1784 1369 patrum

248 1404 551 1460 nostrorum,
617 1397 709 1465 qui
748 1396 1039 1450 ulciscitur
1088 1411 1188 1451 nos
1218 1398 1521 1450 secundum
1563 1405 1785 1464 peccata

250 1496 423 1545 nostra.
454 1498 513 1540 ut
534 1490 646 1558 jam
696 1489 921 1543 tradatis
973 1488 1253 1544 civitatem
1288 1490 1344 1542 in
1380 1504 1541 1542 manu
1579 1487 1787 1541 militiae

249 1577 547 1643 llolofernis,
580 1589 637 1635 et
688 1583 757 1635 sit
784 1581 905 1635 finis
925 1592 1114 1636 noster
1164 1580 1354 1635 brevis
1383 1583 1434 1634 in
1471 1596 1565 1634 ore
1597 1580 1787 1650 gladii,

248 1673 322 1737 qui
369 1672 574 1741 longior
605 1672 842 1726 efﬁcitur
872 1673 927 1726 in
956 1672 1208 1726 ariditate
1237 1672 1381 1727 sitis.
1411 1673 1478 1726 Et
1512 1688 1637 1725 eum
1674 1671 1790 1724 haec

251 1762 502 1825 dixissent,
572 1761 750 1816 factus
784 1772 868 1816 est
915 1762 1076 1817 ﬂetus
1116 1771 1172 1816 et
1211 1763 1449 1817 ululatus
1481 1777 1710 1831 magnus
1736 1764 1789 1815 in

1887 573 2149 643 Assyriis,
2188 572 2230 624 si
2299 570 2438 623 intra
2474 569 2716 636 quinque
2765 568 2882 621 dies
2909 581 3015 619 non
3072 562 3277 615 venerit
3306 560 3463 614 vobis

1887 662 2265 731 adiutorium?
2317 663 2379 715 Et
2412 662 2503 729 qui
2535 659 2671 714 estis
2701 674 2818 723 vos,
2864 657 2957 725 qui
3020 654 3243 708 tentatis
3275 649 3475 705 Domi--

1886 774 2016 810 num
2038 759 2059 811 ?
2084 756 2201 810 Non
2235 760 2319 809 eSt
2364 755 2465 808 iste
2512 767 2718 814 sermo,
2753 750 2845 819 qui
2873 746 3305 803 misericordiam
3336 757 3465 812 pro-

1888 857 2048 902 vocet
2106 846 2150 910 ³,
2190 844 2285 899 sed
2322 844 2505 913 potius
2534 843 2625 911 qui
2681 843 2815 896 iram
2874 839 3097 903 excitet,
3137 847 3192 891 et
3220 836 3469 889 furorem

1888 939 2177 996 accendat.
2203 938 2473 993 Posuistis
2506 952 2603 989 vos
2633 944 2850 1004 tempus
2884 930 3256 987 miserationis
3282 925 3465 981 Domi-

1887 1036 1966 1097 ni,
1994 1043 2049 1088 et
2098 1036 2152 1087 in
2182 1032 2465 1086 arbitrium
2509 1038 2750 1084 vestrum
2789 1029 2934 1083 diem
2990 1022 3357 1080 constituistis
3385 1021 3459 1074 ei.

1890 1124 1996 1179 Sed
2030 1123 2157 1193 quia
2184 1122 2397 1191 patiens
2460 1122 2721 1176 Dominus
2768 1127 2875 1185 est,
2916 1120 2969 1173 in
3001 1118 3104 1172 hoc
3138 1118 3256 1187 ipso
3290 1116 3466 1184 ιιωηί-

1891 1230 2127 1279 teamns,
2155 1227 2210 1269 ct
2244 1214 2643 1284 indulgentiam
2674 1214 2792 1283 ejus
2827 1212 2962 1266 fusis
2997 1210 3251 1280 laerymis
3276 1219 3466 1277 postu-

1890 1308 2069 1363 lemus
2105 1324 2253 1365 :non
2301 1309 2449 1362 enim
2482 1307 2635 1377 quasi
2672 1306 2853 1366 homo.
2888 1304 2967 1358 sic
2995 1303 3137 1359 Deus
3164 1301 3465 1356 commina—

1890 1398 2063 1462 bitur,
2110 1413 2288 1467 neque
2349 1397 2493 1451 sicut
2525 1396 2687 1450 liliust
2720 1392 2961 1448 hominis
2993 1392 3062 1446 ad
3123 1389 3463 1446 iracundiam

1892 1489 2338 1543 inﬂammabitur.
2374 1489 2441 1542 Et
2465 1488 2588 1541 ideo
2612 1488 2965 1542 humiliemus
2998 1486 3073 1539 illi
3106 1486 3316 1538 animas
3366 1497 3467 1536 no-

1892 1589 2053 1641 stras,
2091 1589 2143 1633 et
2167 1580 2222 1632 iu
2270 1578 2468 1647 spiritu
2500 1578 2787 1632 constituti
2820 1576 3130 1640 humiliato,
3163 1574 3470 1629 servientes

1895 1672 1974 1726 illi
2001 1671 2249 1725 dicamus
2284 1671 2476 1726 ﬂentes
2506 1672 2761 1735 Domino,
2796 1679 2854 1723 ut
2886 1669 3190 1723 secundum
3222 1667 3472 1721 volunta-
3512 1671 3519 1677 '

1896 1770 2004 1817 tem
2028 1778 2179 1816 suam
2204 1763 2284 1815 sic
2315 1762 2480 1816 faciat
2503 1764 2788 1816 nobiseum
2815 1758 3252 1815 misericordiam
3277 1772 3429 1811 suam
3454 1771 3468 1811 :

250 1854 441 1908 erelesia
472 1856 540 1907 ab
570 1854 851 1917 omnibus,
898 1864 950 1908 et
982 1870 1077 1924 per
1105 1854 1304 1907 multas
1339 1855 1499 1908 horas
1528 1870 1632 1907 una
1658 1869 1791 1908 voce
1822 1827 1867 1884 Β
1898 1864 1957 1909 ut
1986 1854 2129 1909 sicut
2180 1854 2574 1908 conturbatum
2609 1862 2691 1907 est
2724 1868 2820 1907 cor
2848 1861 3096 1905 nostrum
3129 1850 3183 1904 in
3213 1847 3471 1917 superbia

250 1948 593 1999 clamavrrunt
619 1946 684 1999 ad
725 1946 915 2010 Deum,
958 1947 1248 2000 dicentes:
1290 1946 1645 2000 Peccavimus
1666 1962 1790 1999 cum

251 2037 464 2104 patribus
496 2040 726 2103 nostris,
761 2039 964 2109 injuste
1007 2040 1243 2109 egimus,
1278 2039 1623 2107 iniquitatem
1662 2039 1796 2093 feei-

252 2145 367 2183 tnus.
397 2130 497 2191 Tu,
528 2130 654 2199 quia
688 2130 813 2198 pius
841 2147 922 2195 es,
958 2132 1220 2185 miserere
1245 2132 1443 2196 nostri,
1480 2139 1575 2185 aut
1602 2132 1656 2184 in
1701 2143 1793 2186 tuo

251 2218 431 2288 ﬂagello
463 2220 682 2273 vindica
720 2221 1043 2290 iniquitates
1084 2233 1323 2290 nostras,
1351 2232 1405 2277 et
1432 2223 1542 2276 noli
1578 2224 1797 2277 tradere

248 2312 537 2366 confitentes
565 2324 618 2366 te
648 2313 686 2375 ¹,
719 2314 924 2381 populo
947 2313 1040 2382 qui
1063 2314 1279 2382 ignorat
1306 2325 1378 2377 te.
1405 2324 1464 2368 ut
1483 2329 1591 2368 non
1612 2314 1797 2368 dicant

250 2401 368 2455 inter
387 2414 573 2472 gentes
605 2423 618 2459 :
650 2405 751 2460 Ubi
781 2416 865 2459 est
896 2407 1043 2460 Deus
1071 2409 1301 2461 eorum?
1339 2408 1407 2462 Et
1437 2423 1561 2462 cum
1588 2407 1795 2485 fatigati

253 2495 323 2547 his
366 2496 718 2561 clamoribus,
770 2507 825 2551 et
860 2498 944 2551 his
999 2497 1221 2555 ﬂetibus
1258 2500 1439 2553 lassati
1489 2500 1794 2563 siluissent,

248 2602 515 2657 exsurgens
535 2588 697 2643 Ozias
722 2588 938 2644 infusus
960 2592 1239 2661 lacrymis,
1264 2591 1400 2645 dixit
1429 2608 1441 2645 :
1472 2591 1653 2661 [Equo
1679 2592 1794 2646 ani-

247 2694 321 2731 mo
348 2692 535 2746 estote,
558 2681 777 2746 fratres,
803 2692 858 2736 et
886 2684 987 2738 hos
1012 2682 1256 2752 quinque
1278 2682 1795 2758 dieseXSpectemus

250 2783 270 2819 ε
302 2770 521 2831 Domino,
568 2772 1023 2829 miscricordiam.
1086 2772 1338 2828 Forsitan
1370 2775 1513 2828 enim
1547 2776 1794 2845 indigna-

249 2861 421 2918 tionem
486 2881 643 2919 suam
728 2865 1033 2927 abscindet,
1088 2875 1143 2918 et
1193 2864 1347 2919 dabit
1406 2865 1635 2934 gloriam
1692 2880 1794 2918 no-

247 2955 360 3008 mini
382 2970 503 3009 suo.
539 2954 597 3009 Si
631 2966 816 3009 autem
854 2955 1148 3009 transactis
1174 2957 1420 3024 quinque
1452 2956 1649 3010 diebus
1683 2971 1792 3010 non

249 3046 429 3099 venerit
454 3045 820 3114 adjutorium,
844 3044 1107 3098 faciemus
1130 3044 1245 3099 haec
1270 3044 1455 3112 Verba,
1480 3060 1600 3114 quae
1624 3043 1793 3099 locuti

249 3146 375 3189 CSUS.

306 3229 448 3300 [ϐαρ.
506 3229 662 3304 Vill.]
724 3231 790 3285 Et
837 3230 1039 3287 factum
1074 3240 1182 3298 est,
1220 3248 1340 3289 cum
1403 3233 1643 3288 audisset
1682 3232 1797 3287 inec

248 3325 388 3375 Verba
413 3323 602 3379 Judith
625 3325 809 3391 vidua,
844 3340 963 3391 qua:
994 3332 1110 3380 erat
1143 3326 1251 3381 filia
1280 3326 1497 3391 Merari,
1530 3327 1621 3380 filii
1650 3327 1799 3393 ldox,

252 3415 359 3468 lilii!
386 3416 611 3486 Juscplt,
647 3419 741 3471 lilii
796 3416 962 3484 Oziae,
996 3420 1088 3472 filii
1121 3418 1256 3483 Elai,
1292 3420 1388 3474 filii
1422 3419 1669 3482 Jamnor,
1704 3420 1798 3473 lilii

252 3506 469 3568 Gedeon.
508 3512 601 3565 filii
664 3511 959 3580 Rapltaim,
996 3512 1088 3565 filii
1127 3511 1379 3574 Acltitob,
1416 3512 1509 3565 ftlii
1534 3513 1797 3578 Melchizc,

256 3600 339 3654 lilii
367 3602 535 3665 Euan,
570 3603 668 3659 lilii
694 3604 1000 3670 Nathaniaz,
1023 3604 1117 3659 filii
1141 3604 1422 3671 Salathiel,
1446 3605 1539 3659 filii
1558 3604 1799 3671 Simeon,

253 3693 334 3748 filii
360 3698 545 3753 Ruben
590 3715 605 3751 :
637 3706 695 3752 et
724 3699 807 3752 vir
848 3700 968 3768 ejus
993 3698 1289 3763 Manasses,
1319 3700 1411 3767 qui
1441 3707 1691 3751 mortuus
1718 3706 1802 3752 est

253 3785 299 3838 in
330 3789 514 3845 diebus
550 3792 745 3845 messis
783 3792 1098 3845 hordeaceae
1132 3806 1146 3845 :
1184 3790 1423 3845 instabat
1449 3791 1600 3845 enim
1636 3806 1802 3859 super

250 3880 505 3950 alligantes
532 3882 846 3951 manipulos
876 3881 927 3935 in
952 3897 1165 3950 campo,
1189 3891 1244 3935 et
1276 3882 1424 3934 venit
1451 3894 1619 3935 zeStus
1641 3895 1802 3949 super

254 3984 398 4039 caput
426 3975 564 4045 ejus,
593 3985 649 4029 et
678 3987 933 4028 mortuus
960 3984 1042 4028 est
1072 3974 1124 4027 in
1157 3972 1407 4027 Bethulia
1427 3971 1648 4027 civitate
1681 3987 1797 4036 sua,

254 4074 299 4117 et
326 4068 563 4134 sepultus
593 4075 680 4121 est
708 4067 819 4120 illic
852 4082 977 4121 cum
1016 4066 1266 4136 patribus
1299 4066 1439 4121 suis.
1463 4065 1590 4120 Erat
1618 4074 1799 4119 autem

250 4150 416 4209 Judith
448 4159 638 4212 relicta
676 4158 797 4229 ejus
825 4157 987 4211 vidua
1011 4160 1120 4225 jam
1150 4159 1309 4212 annis
1338 4156 1535 4223 tribus,
1570 4166 1625 4211 et
1648 4171 1804 4211 men-

249 4248 384 4302 sibus
404 4265 519 4303 sex.
560 4249 626 4304 Et
676 4250 729 4303 in
771 4250 1150 4319 superioribus
1184 4251 1376 4303 domus
1415 4264 1526 4303 suae
1552 4248 1801 4303 fecitsibi

254 4349 513 4393 secretum
542 4342 877 4406 cubiculum,
909 4340 960 4394 in
982 4356 1088 4410 quo
1110 4356 1234 4396 cum
1259 4340 1456 4411 puellis
1477 4340 1591 4415 suis
1619 4340 1804 4395 clausa

250 4434 575 4496 morabatur,
619 4445 675 4487 et
704 4433 915 4489 habens
949 4448 1116 4502 super
1136 4433 1352 4487 lumbos
1376 4447 1506 4485 suos
1537 4430 1803 4497 cilicium,

1896 1963 2115 2010 eorum,
2149 1946 2222 2001 ita
2254 1946 2417 2000 etiam
2452 1946 2520 1999 de
2549 1955 2733 1999 nostra
2782 1944 3092 1998 humilitate
3123 1941 3424 2012 gloriemur
3453 1955 3467 1993 :

1894 2042 2151 2115 quoniam
2186 2054 2293 2092 non
2325 2053 2517 2092 sumus
2547 2037 2720 2093 secuti
2754 2048 2979 2107 peccata
3007 2046 3227 2105 patrum
3256 2043 3475 2088 nostro-

1895 2111 2039 2201 rum,
2076 2133 2169 2202 qui
2206 2132 2622 2199 dereliquerunt
2684 2131 2853 2185 Deum
2895 2146 3081 2195 suum,
3126 2140 3181 2183 et
3212 2128 3476 2182 adorave-

1896 2238 2025 2279 runt
2056 2224 2189 2279 deos
2210 2224 2445 2286 alienos,
2487 2237 2585 2290 pro
2607 2236 2716 2290 quo
2756 2220 2965 2275 scelere
2999 2219 3109 2273 dati
3135 2227 3265 2273 sunt
3285 2219 3335 2270 in
3362 2215 3476 2285 gla-

1895 2318 2069 2384 dium,
2128 2326 2183 2372 et
2220 2317 2275 2371 in
2319 2316 2595 2385 rapinam,
2627 2324 2683 2368 et
2716 2314 2769 2367 in
2798 2312 3180 2369 confusionem
3235 2308 3476 2363 inimicis

1897 2413 2049 2468 suis:
2082 2425 2184 2465 nos
2213 2417 2397 2465 autem
2438 2408 2671 2463 alterum
2735 2409 2909 2463 Deum
2966 2406 3247 2460 nescimus
3281 2411 3476 2471 praeter

1896 2504 2076 2574 ipsum
2113 2519 2127 2556 :
2163 2512 2549 2572 exspectemus
2588 2500 2826 2555 humiles
2877 2497 3305 2554 consolationem
3333 2495 3470 2562 ejus,

1894 2609 1950 2654 et
1992 2596 2247 2666 exquiret
2301 2595 2625 2667 sanguinem
2678 2602 2932 2648 nostrum
2965 2591 3034 2645 de
3087 2587 3475 2644 afflictionibus

1894 2687 2243 2742 inimicorum
2269 2695 2611 2750 nostrorum,
2632 2695 2689 2738 et
2707 2682 3026 2738 humiliabit
3047 2696 3239 2735 omnes
3257 2687 3469 2749 gentes,

1895 2792 2234 2845 quaecunque
2285 2776 2577 2843 insurgunt
2627 2783 2820 2830 contra
2871 2788 3014 2837 nos,
3073 2781 3127 2826 et
3156 2770 3314 2824 faciet
3353 2768 3473 2822 illas

1898 2870 2015 2923 sine
2044 2868 2257 2922 honore
2286 2867 2546 2922 Dominus
2567 2866 2709 2920 Deus
2740 2874 2944 2919 noster.
2964 2864 3030 2917 Et
3062 2876 3224 2925 nunc,
3247 2861 3469 2921 fratres,

1896 2960 2154 3031 quoniam
2179 2974 2278 3013 vos
2324 2958 2457 3014 estis
2487 2955 2790 3027 presbyteri
2845 2955 2900 3009 in
2932 2953 3133 3024 p0pulo
3163 2950 3279 3013 Dei,
3316 2958 3373 3004 et
3404 2965 3474 3004 ex

1896 3054 2052 3109 vobis
2084 3053 2289 3124 pendet
2324 3052 2503 3105 anima
2542 3051 2781 3116 illorum,
2809 3048 2877 3103 ad
2911 3047 3191 3117 eloquium
3228 3053 3473 3099 vestrum

1819 3169 1865 3231 ο
1897 3146 2062 3202 corda
2103 3160 2294 3199 eorum
2332 3142 2548 3211 erigite,
2586 3150 2647 3195 ut
2678 3153 2951 3193 memores
2990 3138 3121 3201 sint,
3155 3136 3249 3206 qui
3284 3135 3475 3189 tentati

1901 3249 2029 3295 sunt
2060 3248 2245 3309 patres
2270 3235 2469 3298 nostri,
2500 3242 2558 3287 ut
2582 3231 2973 3302 probarentur,
2998 3231 3045 3286 si
3078 3245 3207 3285 vere
3233 3229 3478 3283 colerent

1904 3332 2073 3387 Deum
2112 3345 2295 3384 suum.
2334 3328 2605 3383 Mcmores
2647 3342 2769 3381 esse
2809 3325 3032 3387 debent,
3070 3322 3345 3392 quomodo
3382 3335 3479 3389 pa-

1904 3434 1989 3478 ter
2053 3433 2239 3476 noster
2302 3421 2575 3475 Abraham
2639 3429 2880 3474 tentatus
2930 3425 3034 3479 est,
3061 3425 3117 3470 et
3166 3404 3293 3485 per
3335 3411 3479 3466 mul-

1902 3528 1983 3572 tas
2042 3516 2425 3570 tribulationes
2475 3516 2756 3584 probatus,
2828 3511 2919 3565 Dei
2953 3510 3165 3564 amicus
3232 3507 3470 3562 effectus

1904 3620 2006 3663 est.
2043 3607 2133 3662 Sic
2164 3608 2336 3673 Isaac,
2396 3607 2477 3661 sic
2509 3604 2703 3670 Jacob,
2737 3604 2816 3658 sic
2836 3603 3033 3667 Moses,
3066 3611 3123 3656 et
3153 3615 3344 3655 omnes
3383 3599 3478 3667 qui

1906 3702 2234 3771 placuerunt
2267 3700 2399 3764 Deo,
2432 3713 2528 3768 per
2592 3698 2793 3751 multas
2828 3694 3209 3750 tribulationes
3249 3692 3481 3747 transie-

1904 3802 2033 3845 runt
2096 3790 2296 3845 fideles.
2345 3788 2425 3843 llli
2460 3798 2665 3853 autem,
2699 3787 2793 3857 qui
2854 3786 3187 3840 tentationes
3218 3800 3326 3839 non
3354 3800 3477 3839 sus-

1903 3890 2169 3951 ceperunt
2225 3895 2348 3933 cum
2406 3879 2604 3933 timore
2655 3876 2912 3941 Domini,
2976 3885 3032 3930 et
3082 3875 3479 3944 impatientiam

1905 3989 2058 4031 suam
2110 3980 2166 4028 et
2214 3971 2610 4042 improperium
2665 3967 3121 4024 murmuratiouis
3179 3981 3293 4021 suae
3345 3981 3483 4020 cou-

1909 4076 1989 4121 tra
2023 4066 2317 4121 Dominum
2352 4065 2726 4135 protulerunt,
2758 4064 3105 4117 exterminati
3135 4070 3262 4114 sunt
3288 4058 3356 4113 ab
3389 4074 3483 4113 ex-

1907 4162 2283 4224 terminatore,
2306 4170 2361 4214 et
2383 4175 2412 4213 a
2442 4158 2793 4228 serpentibus
2816 4157 3119 4227 perierunt.
3140 4153 3206 4208 Et
3226 4168 3327 4208 nos
3354 4168 3483 4219 ergo

1908 4252 2382 4319 noqulciscamur
2416 4266 2513 4305 nos
2554 4266 2653 4320 pro
2687 4250 2770 4304 liis
2799 4264 2920 4319 quae
2956 4249 3214 4317 patimur,
3264 4244 3359 4299 sed
3394 4260 3483 4298 re-

1910 4354 2167 4413 putantes
2195 4344 2454 4412 peccatis
2491 4344 2694 4398 nostris
2728 4342 2843 4395 incc
2875 4341 2990 4410 ipsa
3016 4339 3281 4409 supplicia
3307 4337 3485 4390 mino-

1910 4451 1968 4488 ra
1991 4450 2131 4500 esse,
2160 4434 2365 4503 ﬂagella
2403 4434 2640 4499 Domini,
2667 4432 2866 4502 quibus
2892 4430 3047 4501 quasi
3076 4430 3217 4484 servi
3250 4429 3485 4497 corripi-

243 4521 518 4589 jejunabat
547 4527 804 4580 omnibus
832 4527 1024 4580 diebus
1056 4526 1179 4578 vita:
1210 4539 1340 4589 suae,
1370 4532 1564 4593 praeter
1599 4524 1798 4577 sabba-
1832 4531 1874 4586 ι)
1913 4543 2057 4591 mur,
2103 4528 2167 4581 ad
2226 4526 2689 4589 emendationem,
2724 4535 2779 4579 ct
2835 4540 2944 4580 non
2994 4524 3059 4579 ad
3118 4521 3482 4595 perditionem

246 4621 311 4673 ta,
337 4624 389 4668 et
409 4619 721 4671 neomenias
766 4626 819 4670 et
846 4618 982 4670 festa
1011 4616 1207 4669 domus
1242 4614 1428 4668 lsrael.
1458 4613 1590 4667 Erat
1617 4625 1797 4666 autem

244 4705 467 4772 eleganti
501 4720 723 4776 aspectu
757 4710 947 4771 nimis,
980 4710 1065 4761 cui
1108 4706 1192 4760 vir
1225 4721 1356 4760 suus
1383 4706 1681 4773 reliquerat
1716 4704 1801 4757 di-

245 4797 393 4850 vitias
422 4799 636 4863 multas,
660 4809 715 4853 et
738 4800 999 4853 familiam
1020 4799 1322 4869 cepiosatu,
1351 4811 1412 4850 ac
1431 4796 1804 4865 possessiones

246 4893 468 4945 armenti
509 4893 669 4946 buunt
703 4902 761 4947 et
809 4894 1069 4964 gregibus
1129 4893 1315 4947 ovium
1347 4891 1557 4958 plenas.
1589 4889 1656 4942 Et
1686 4897 1806 4943 crat

246 4979 348 5034 haec
387 4982 439 5036 in
469 4985 723 5038 omnibus
780 4984 1147 5038 famosissima
1178 4985 1219 5047 ¹,
1259 4980 1517 5052 quoniam
1577 4981 1807 5034 timebat

246 5072 526 5128 Dominum
553 5078 732 5142 valde,
767 5092 868 5132 nec
892 5079 1119 5146 eratqui
1149 5078 1467 5148 loqueretur
1492 5076 1557 5130 de
1576 5076 1666 5129 illa
1690 5090 1809 5129 ver-

249 5164 361 5219 bum
394 5168 617 5223 malum.

310 5255 431 5312 lisse
455 5262 639 5330 itaque
674 5274 799 5315 cum
826 5260 1089 5322 audisset,
1122 5260 1381 5329 quoniam
1412 5257 1574 5312 Ozias
1600 5255 1805 5327 promi-

244 5353 394 5407 sisset
442 5356 587 5422 quod
636 5365 914 5410 transacto
941 5356 1136 5427 quinto
1188 5355 1277 5407 die
1327 5355 1569 5407 traderet
1619 5352 1811 5404 civita-

244 5455 342 5499 tem
375 5462 392 5499 :
420 5448 569 5501 misit
603 5450 670 5503 ad
724 5449 1074 5519 presbyteros
1105 5446 1311 5501 Chabri
1368 5454 1421 5499 et
1469 5445 1711 5499 Charini.
1745 5445 1811 5500 Ει

244 5552 505 5594 Venerunt
536 5542 597 5595 ad
622 5541 795 5608 illam,
828 5553 881 5594 et
913 5543 1050 5595 dixit
1076 5541 1180 5594 illis
1217 5553 1230 5590 :
1257 5538 1413 5604 Quod
1444 5546 1528 5591 est
1555 5538 1659 5589 hoc
1686 5552 1803 5590 ver-

316 5747 329 5775 ‘
360 5746 599 5802 Rursum
632 5749 773 5802 idem
805 5764 932 5807 ms...
962 5742 1378 5815 Conﬁdentes'in
1414 5756 1482 5799 te.

312 5818 329 5846 ’
361 5829 480 5872 Duo
516 5834 635 5883 ηδε..
662 5818 721 5873 In
741 5836 799 5874 eo
825 5819 1061 5873 omnibus
1082 5819 1485 5887 [’orritosissitrta,
1538 5818 1808 5885 quoniam,

1909 4628 2157 4672 nostram
2199 4619 2448 4672 evenisse
2476 4616 2788 4672 credamus.

1986 4709 2052 4761 Et
2080 4709 2340 4763 dixerunt
2364 4708 2441 4762 illi
2466 4706 2626 4762 Ozias
2674 4718 2731 4762 et
2766 4707 3067 4779 presbyteri
3097 4726 3111 4765 ι
3141 4707 3337 4763 Omnia
3363 4722 3486 4777 qua:

1914 4800 2094 4855 loeuta
2123 4814 2203 4862 es.
2243 4814 2373 4853 vera
2406 4807 2555 4861 sunt,
2581 4807 2637 4853 et
2666 4814 2777 4852 non
2807 4809 2887 4853 est
2915 4802 2969 4852 in
2994 4801 3345 4855 sermonibus
3376 4801 3486 4854 tuis

1915 4891 2024 4944 ulla
2065 4888 2449 4958 reprehensio.
2491 4889 2651 4943 Nunc
2679 4904 2810 4959 ergo
2849 4905 2945 4943 ora
2987 4905 3087 4959 pro
3119 4890 3303 4956 nobis,
3348 4906 3488 4959 quo-

1914 4984 2060 5037 niam
2108 4982 2309 5035 mulier
2344 4989 2532 5035 sancta
2578 4995 2658 5045 es,
2692 4993 2745 5036 et
2780 4981 2980 5036 timens
3013 4982 3207 5036 Deum.
3246 4983 3316 5037 Et
3345 4981 3486 5037 dixit

1914 5074 2023 5129 illis
2055 5073 2244 5129 Jndith
2277 5088 2293 5127 :
2340 5072 2497 5128 Sicut
2539 5072 2689 5141 quod
2723 5074 2877 5143 potui
2910 5073 3086 5143 loqui,
3118 5073 3215 5128 Dei
3244 5089 3364 5129 esse
3395 5090 3484 5128 co-

1911 5166 2179 5236 gnoscitis
2215 5182 2229 5219 :
2262 5166 2335 5218 ita
2371 5166 2520 5235 quod
2557 5166 2739 5220 facere
2771 5165 3043 5235 diSposui,
3080 5166 3309 5234 probate
3338 5168 3383 5221 si
3417 5181 3483 5219 ex

1914 5262 2021 5314 Deo
2051 5267 2225 5323 est,et
2256 5267 2436 5327 orate,
2471 5268 2527 5313 ut
2561 5259 2776 5313 firmqu
2811 5260 2973 5313 faciat
3008 5260 3153 5315 Deus
3191 5259 3481 5314 consilium

1912 5370 2118 5408 meum.
2152 5354 2373 5409 Stabitis
2405 5368 2504 5408 vos
2534 5354 2599 5407 ad
2636 5364 2854 5423 portam
2906 5366 3066 5409 nocte
3122 5354 3244 5417 ista,
3276 5362 3331 5407 et
3380 5369 3484 5422 ego

1912 5464 2103 5505 exeam
2145 5463 2267 5506 cum
2301 5447 2432 5503 abra
2469 5460 2588 5500 mea
2624 5460 2638 5499 :
2676 5457 2731 5501 et
2765 5458 2941 5513 orate,
2980 5457 3038 5501 ut
3074 5447 3217 5502 sicut
3243 5445 3482 5509 dixistis,

1915 5542 1968 5595 in
2027 5541 2224 5596 diebus
2280 5541 2526 5613 quinque
2582 5539 3158 5611 respiciat_Dominus
3221 5536 3483 5613 populum

1913 5754 2048 5807 etc.,
2075 5760 2196 5813 quae
2231 5742 2633 5813 contemnenda
2662 5742 2776 5810 ipsa
2799 5752 3015 5807 quoque
3040 5732 3205 5813 lcetio
3238 5755 3346 5793 non
3383 5750 3495 5796 est.

1984 5816 2005 5847 ³
2048 5811 2276 5870 Palatii].
2324 5831 2452 5880 tns.,
2487 5812 2591 5879 Qui
2624 5813 3039 5867 miscricordiam
3071 5811 3343 5880 producet.
