3966 6184
417 373 478 435 51
1331 380 1389 439 S.
1435 381 1872 439 IilEllONYMl
1925 381 2188 442 DIVINA
2227 385 2758 446 BIBLiOTlIECA.
3593 377 3662 438 ΒΕΖ

424 508 586 545 suum
620 490 808 547 Israel.
845 495 950 547 Vos
979 505 1158 547 autem
1200 497 1326 548 nolo
1361 505 1420 550 ut
1459 497 1777 548 scruteniini
1807 507 1986 549 actum
2022 503 2063 558 Α
2098 503 2248 564 tiam,
2291 515 2350 556 ut
2383 514 2730 558 contemnam
2783 501 2934 556 illum
2968 516 2982 564 ;
3016 507 3068 554 et
3103 497 3382 562 virtutem,
3417 503 3477 551 ut
3506 509 3661 552 ever-

422 600 628 648 meum,
660 595 714 638 et
749 587 1051 655 usquedum
1095 589 1408 642 renuntiem
1444 590 1632 651 vobis,
1673 589 1804 642 nihil
1842 588 1986 642 aliud

420 678 535 742 tiat,
567 677 668 730 nisi
711 677 889 731 oratio
939 691 1039 746 pro
1077 691 1161 731 me
1208 677 1273 730 ad
1332 677 1622 732 Dominum
1677 679 1844 732 Deum
1888 696 1988 733 no-

419 779 619 818 strum.
658 764 722 818 Et
759 766 895 820 dixit
946 765 1010 818 ad
1069 781 1190 820 eam
1233 765 1391 821 Ozias
1447 768 1702 836 princeps
1743 767 1882 822 Juda
1919 769 1932 798 ¹
1969 783 1985 820 :

419 857 566 910 Vade
604 859 656 910 in
703 875 851 926 pare.
893 868 949 911 et
988 859 1248 911 Dominus
1304 860 1376 911 sit
1424 870 1601 912 tecum
1640 859 1691 912 in
1726 859 1988 914 ultionem

419 947 765 1000 iniiinii-orum
821 960 1158 1002 nostrorum.
1219 949 1282 1001 Et
1345 959 1682 1003 revertentes
1717 949 1987 1002 abierunt.

487 1035 641 1107 [ευρ.
675 1036 791 1107 IX]
813 1037 1025 1102 Quibus
1053 1037 1482 1092 abscedentibus
1503 1038 1748 1101 ’,Ju-litb
1782 1039 1990 1106 ingres-

417 1144 472 1181 sa
531 1142 611 1181 est
664 1131 968 1182 oratorium
1006 1145 1163 1184 suum
1234 1147 1248 1182 :
1319 1141 1377 1185 et
1429 1133 1663 1184 inductis
1698 1146 1755 1184 se
1787 1132 1987 1195 cilicio,

418 1223 598 1288 posuit
629 1223 870 1275 cinerem
906 1237 1073 1289 super
1103 1232 1268 1290 caput
1299 1237 1458 1275 suum
1497 1238 1509 1273 :
1548 1231 1604 1274 et
1639 1233 1990 1291 prosternens

419 1332 477 1368 se
509 1316 757 1382 Domino,
797 1317 1064 1369 Clamabat
1118 1318 1184 1369 ad
1243 1317 1557 1381 Dominum,
1606 1318 1797 1370 dicens
1832 1333 1846 1369 :
1884 1317 1988 1371 Do-

423 1409 570 1459 tuine
610 1407 752 1459 Deus
799 1407 979 1461 Patris
1037 1408 1142 1462 mei
1191 1409 1444 1468 Simeon.
1509 1411 1599 1476 qui
1659 1409 1856 1462 dedisti
1911 1409 1989 1464 illi

418 1501 654 1564 cladium
708 1501 761 1553 ili
796 1500 1175 1555 defensionem
1209 1501 1666 1570 alienigenarum,
1696 1501 1788 1571 qui
1826 1501 1991 1554 Viuia-

421 1602 569 1645 tores
606 1594 939 1645 exstiterunt
983 1592 1036 1644 in
1096 1593 1540 1661 coinquinatione
1577 1610 1699 1653 sua,
1730 1602 1782 1646 et
1819 1594 1992 1646 denu-

419 1688 689 1738 davcrunt
717 1686 892 1738 remur
918 1685 1147 1754 virginis
1180 1686 1231 1738 in
1259 1689 1634 1739 confusionem
1664 1701 1677 1739 :
1705 1695 1758 1740 et
1794 1685 1989 1738 dedisti

424 1780 681 1832 mulieres
715 1779 932 1831 illorutn
980 1782 1032 1832 in
1075 1780 1307 1847 pra-dam
1337 1821 1350 1843 ,
1393 1790 1446 1833 et
1501 1781 1638 1834 tilias
1685 1781 1902 1833 illorum
1934 1779 1987 1832 in

423 1871 842 1938 captivitatem;
903 1879 956 1924 et
1019 1885 1238 1924 onmem
1295 1874 1529 1940 pnedain
1569 1873 1619 1924 in
1661 1871 1988 1926 divisionem

420 1963 594 2015 servis
636 1963 766 2024 tuis,
829 1964 920 2031 qui
955 1964 1272 2018 zelaverunt
1296 1965 1469 2018 zelum
1511 1977 1660 2018 tuum
1689 1980 1703 2019 ε
1735 1965 1990 2031 subveni,

421 2069 608 2121 quaeso
671 2062 742 2118 te,
801 2053 1032 2110 Domine
1086 2055 1230 2110 Deus
1274 2073 1448 2120 incus,
1488 2058 1617 2110 mihi
1675 2057 1868 2111 viduae.
1910 2057 1991 2111 Tu

423 2148 568 2200 enim
621 2149 792 2202 fecisti
854 2149 1071 2217 priora,
1109 2162 1164 2201 et
1200 2151 1289 2203 illa
1325 2163 1442 2218 post
1479 2151 1566 2203 illa
1598 2151 1848 2219 cogitasti
1893 2167 1906 2204 :
1939 2160 1996 2203 et

424 2241 528 2293 hoc
583 2240 781 2294 factum
829 2252 912 2294 est
949 2243 1095 2310 quod
1141 2244 1254 2310 ipse
1313 2241 1554 2294 voluisti.
1589 2241 1794 2296 Omnes
1846 2243 1992 2295 enim

423 2331 525 2382 vim
566 2339 673 2383 tua:
709 2341 910 2398 paratae
952 2342 1102 2394 sunt,
1147 2341 1200 2384 et
1235 2342 1325 2384 tua
1365 2331 1569 2398 judicia
1600 2331 1653 2384 in
1687 2342 1775 2386 tua
1814 2331 1997 2400 provi-

429 2421 616 2474 dentia
650 2421 901 2490 posuisti.
936 2421 1167 2491 Respice
1201 2431 1377 2476 castra
1423 2423 1776 2494 Assyriorum
1825 2438 1992 2488 nunc,

426 2515 572 2573 sicut
606 2524 736 2566 tunc
762 2521 938 2566 castra
993 2511 1371 2582 Egyptiorum
1409 2513 1594 2566 videre
1624 2513 1880 2582 dignatus
1911 2529 1993 2578 es,

425 2603 648 2669 quando
680 2613 799 2672 post
843 2620 1036 2660 servos
1079 2615 1204 2658 tuos
1234 2605 1426 2658 aruati
1481 2605 1795 2668 currebant,
1830 2604 2000 2660 conﬁ-

428 2709 622 2752 «entes
653 2700 704 2753 in
733 2699 1040 2769 quadrigis,
1077 2713 1131 2754 et
1165 2701 1217 2752 in
1246 2701 1494 2768 equitatu
1532 2715 1652 2765 suo,
1689 2709 1744 2754 et
1770 2699 1822 2752 in
1854 2699 1997 2753 mul-

429 2793 663 2845 titudine
715 2792 1066 2844 bellatorum.
1123 2792 1229 2846 Sed
1294 2791 1558 2858 aSpexisti
1615 2806 1781 2860 super
1819 2805 1996 2846 casua

426 2899 643 2946 corum,
673 2893 728 2936 et
763 2885 1000 2938 tenebrae
1044 2884 1406 2952 fatigaverunt
1445 2898 1558 2937 eos.
1601 2883 1800 2938 Tenuit
1833 2885 1998 2952 pedes

427 2992 615 3027 eorum
657 2974 913 3046 'ahyssus,
947 2986 998 3030 ct
1026 2991 1180 3044 aqua:
1209 2985 1544 3043 operuerunt
1570 2990 1684 3030 eos.
1731 2977 1825 3031 Sic
1870 2976 2002 3031 (iant

429 3078 484 3120 et
521 3068 629 3129 isti,
665 3067 913 3129 Dotninc,
944 3069 1036 3136 qui
1075 3068 1362 3120 conﬁdunt
1395 3067 1449 3120 in
1484 3067 1834 3122 multitudine
1875 3083 1995 3133 sua,

2095 605 2200 648 tam
2239 596 2414 648 illum.
2445 593 2559 649 Erit
2591 596 2737 650 enim
2781 595 2886 649 hoc
2920 591 3238 646 memorialc
3290 589 3528 646 nominis
3561 591 3658 654 ttil,

2091 704 2214 742 cum
2273 703 2470 743 manus
2513 688 2734 742 feminae
2769 686 3030 758 deiecerit
3072 701 3220 739 eum.
3270 683 3388 738 Non
3426 684 3571 738 enim
3604 683 3659 736 in

2092 781 2445 835 multitudine
2465 791 2549 835 est
2569 781 2746 836 virtus
2777 789 2891 842 tua,
2927 778 3182 842 Domine,
3212 791 3391 846 neque
3415 776 3470 829 in
3491 790 3659 844 equu-

2093 889 2214 927 rnm
2259 873 2472 928 viribus
2505 873 2763 929 voluntas
2791 883 2880 927 tua
2915 881 3017 936 est,
3067 885 3166 924 nec
3199 867 3424 938 superbi
3456 866 3525 920 ab
3555 865 3662 921 inii

2093 968 2172 1022 tio
2215 966 2538 1034 placuerunt
2594 967 2691 1020 tibi
2727 980 2742 1020 :
2777 968 2872 1020 sed
2908 964 3198 1019 humilium
3251 969 3305 1015 et
3349 969 3661 1014 mansueto-

2095 1071 2214 1110 rum
2256 1070 2469 1124 semper
2529 1055 2620 1108 tibi
2681 1055 2888 1124 placuit
2941 1053 3272 1123 deprecatio.
3327 1050 3471 1104 Deus
3501 1051 3663 1105 (ταξιο-

2093 1162 2254 1212 rum,
2289 1158 2503 1200 creator
2553 1161 2842 1215 aquarum,
2894 1153 2949 1198 et
3000 1144 3262 1197 Dominus
3312 1142 3478 1195 totius
3509 1149 3666 1191 crea-

2096 1247 2256 1300 turae,
2295 1236 2494 1290 exaudi
2531 1251 2618 1290 me
2655 1237 2910 1290 miseram
2943 1235 3351 1305 deprecantem,
3381 1240 3439 1284 et
3468 1229 3536 1284 de
3573 1236 3665 1281 tua

2100 1327 2482 1382 misericordia
2543 1337 2986 1398 prtesumcntem.
3049 1325 3368 1387 Memento,
3413 1321 3663 1382 Domine,

2098 1419 2416 1474 testamenti
2456 1419 2556 1484 tui,
2603 1428 2660 1473 et
2699 1419 2766 1473 da
2804 1419 3032 1473 verbum
3079 1418 3133 1473 in
3192 1430 3287 1472 ore
3339 1430 3482 1477 meo,
3515 1424 3569 1468 et
3611 1414 3666 1464 in

2095 1511 2267 1565 corde
2325 1525 2448 1565 meo
2485 1511 2777 1566 consilium
2810 1510 3134 1573 corrobora,
3171 1519 3230 1561 ut
3265 1505 3462 1560 domus
3489 1513 3579 1556 lua
3613 1504 3667 1556 in

2095 1602 2533 1658 sanctiﬁcatione
2589 1611 2678 1654 tua
2733 1609 3052 1669 permaneat
3088 1611 3102 1654 :
3137 1609 3194 1654 et
3239 1613 3432 1653 omnes
3476 1603 3670 1664 gentes

2095 1700 2413 1763 agnoscant,
2450 1692 2575 1762 quia
2609 1703 2664 1744 tu
2698 1703 2758 1745 es
2797 1689 2960 1755 Deus,
2998 1698 3053 1742 et
3084 1703 3192 1742 non
3241 1696 3324 1741 est
3360 1685 3500 1738 alius
3531 1696 3670 1750 pra:-

2095 1795 2179 1840 ter
2209 1796 2278 1840 le.

2171 1878 2328 1950 [ϐαρ.
2391 1876 2482 1949 X.]
2524 1877 2746 1931 [tantum
2807 1888 2890 1932 est
2936 1884 3156 1939 autem,
3215 1889 3339 1930 cum
3402 1879 3671 1925 cessasset

2097 1971 2335 2024 clamare
2377 1971 2444 2024 ad
2504 1969 2818 2031 Dominum,
2875 1966 3114 2022 surrexit
3165 1967 3233 2019 de
3291 1965 3414 2018 loco
3461 1962 3514 2015 ili
3562 1975 3676 2030 quo

2093 2064 2344 2135 jacucral
2375 2069 2651 2132 prostrata
2685 2059 2751 2114 ad
2783 2058 3091 2113 Dominum.
3131 2055 3463 2124 Voeavilque
3484 2053 3674 2108 ahram

2101 2169 2283 2217 suam,
2323 2161 2379 2209 et
2413 2153 2756 2209 descendens
2817 2155 2870 2208 in
2901 2152 3124 2206 domum
3175 2163 3356 2211 suam,
3389 2145 3617 2200 abstulit
3645 2159 3675 2198 a

2099 2263 2158 2303 se
2194 2249 2460 2312 cilicium,
2499 2257 2554 2302 et
2583 2247 2736 2302 exuit
2763 2258 2818 2301 se
2849 2244 3194 2300 vestimentis
3227 2241 3504 2296 viduitatis
3537 2253 3674 2302 sum,

2099 2353 2154 2396 et
2186 2342 2318 2394 lavit
2352 2355 2552 2410 corpus
2609 2354 2792 2401 suum,
2826 2346 2880 2392 et
2913 2337 3070 2391 unxit
3099 2351 3158 2391 se
3199 2349 3349 2404 mer
3378 2334 3586 2401 optimo
3623 2332 3672 2393 ',

2101 2443 2156 2492 et
2203 2435 2609 2490 discritninavit
2656 2433 2866 2488 crinem
2904 2431 3101 2500 capitis
3151 2428 3258 2494 sui,
3303 2437 3358 2481 et
3412 2424 3674 2494 imposuit

2099 2529 2318 2583 mitram
2351 2541 2519 2598 super
2537 2533 2702 2596 caput
2736 2539 2921 2589 suum,
2943 2531 2996 2577 et
3030 2521 3209 2576 induit
3242 2534 3300 2574 se
3332 2515 3675 2572 vestimentis

2093 2621 2458 2692 jucunditatis
2478 2635 2611 2685 sum,
2649 2617 2938 2684 induitque
2970 2613 3220 2670 sandalia
3254 2611 3484 2682 pedibus
3514 2607 3672 2674 suis;

2101 2713 2514 2782 assuinpsitque
2549 2709 2896 2771 dextraliola,
2928 2715 2984 2763 et
3029 2708 3138 2761 lilia
3161 2705 3204 2766 ⁸.
3233 2713 3290 2760 et
3335 2704 3579 2763 inaures,
3619 2709 3676 2755 et

2101 2807 2359 2868 annulos,
2388 2814 2443 2860 et
2466 2804 2723 2858 omnibus
2751 2801 2967 2857 ornavit
2999 2813 3078 2854 se.
3099 2797 3197 2853 Cui
3225 2797 3388 2851 etiam
3412 2793 3679 2848 Dominus

2102 2898 2337 2954 contulit
2389 2894 2735 2966 splendorem
2765 2932 2780 2960 ,
2824 2892 3081 2962 quoniam
3116 2888 3294 2944 omnis
3325 2888 3425 2941 ista
3453 2899 3678 2955 compo—

2103 2989 2254 3052 sitio,
2282 3004 2390 3043 non
2418 3003 2486 3043 ex
2517 2985 2774 3050 libidine,
2812 2984 2909 3039 sed
2941 2997 3010 3037 ex
3036 2980 3242 3034 virtute
3272 2977 3546 3047 pendebat
3579 2983 3679 3030 :et

2104 3081 2228 3136 ideo
2265 3079 2527 3135 Dominus
2561 3078 2704 3132 hanc
2747 3075 2803 3131 in
2837 3075 2986 3130 illam
3042 3070 3517 3142 pulchritudinem
3561 3081 3676 3120 amo

429 3171 484 3212 et
515 3162 566 3212 in
599 3161 852 3213 curribus
882 3160 1016 3223 suis,
1051 3164 1178 3213 etin
1207 3160 1405 3224 contis,
1441 3161 1572 3213 etin
1599 3161 1768 3216 scutis
1790 3160 1830 3225 ³,
1855 3170 1910 3214 et
1942 3162 1995 3216 in
2025 3191 2070 3251 ε
2103 3174 2294 3244 ρξὶίιγίι
2316 3173 2360 3234 τ,
2393 3180 2454 3224 ιιι
2499 3167 2920 3238 incomparabili
2973 3167 3174 3219 decore
3225 3161 3470 3218 omnium
3501 3160 3677 3216 oculis

432 3251 646 3317 sagittis
681 3251 814 3314 suis,
859 3262 913 3304 et
949 3251 1002 3304 iii
1035 3251 1239 3306 lanceis
1263 3251 1589 3320 gloriantur,
1631 3262 1686 3305 et
1723 3256 1996 3316 nesciunt,

431 3343 557 3404 quia
599 3353 654 3395 tu
689 3343 805 3409 ipse
840 3358 900 3396 es
943 3343 1086 3396 Deus
1118 3355 1324 3400 n0ster.
1364 3344 1456 3411 qui
1497 3343 1740 3399 conteris
1772 3345 1909 3398 bella
1933 3347 2002 3400 ab

432 3435 612 3493 initio.
655 3445 708 3486 et
742 3432 1000 3487 Dominus
1028 3449 1226 3488 nomen
1259 3449 1342 3488 est
1371 3437 1489 3491 tibi.
1516 3437 1680 3507 Erige
1718 3437 1998 3490 brachium

433 3540 587 3580 tuum
621 3527 765 3581 sicut
799 3527 866 3579 ab
920 3526 1080 3579 initio
1109 3567 1124 3592 ,
1170 3537 1224 3580 et
1269 3528 1432 3582 allide
1486 3528 1741 3581 virtutem
1785 3529 1999 3582 illorum

435 3627 484 3673 in
532 3622 730 3675 virtute
777 3631 864 3674 tua
904 3642 916 3674 :
957 3622 1119 3675 cadat
1158 3623 1334 3674 virtus
1389 3637 1581 3675 eorum
1629 3621 1683 3674 iti
1720 3621 2001 3675 iracundia

435 3725 547 3779 tua,
584 3714 674 3781 qui
713 3715 1045 3782 promittunt
1093 3729 1151 3768 se
1187 3714 1390 3767 violare
1420 3723 1611 3766 sancta
1650 3723 1770 3778 tua,
1807 3723 1862 3766 et
1889 3713 2003 3781 pol-

432 3813 581 3861 luerc
613 3809 1026 3860 tabernaculum
1065 3807 1305 3860 nominis
1339 3806 1416 3858 ttli
1443 3807 1489 3866 ⁸,
1525 3816 1578 3858 ct
1610 3805 1845 3874 dejicere
1887 3807 2003 3874 gla-

431 3903 522 3952 dio
557 3916 654 3952 suo
689 3914 860 3952 cornu
917 3898 1108 3951 altaris
1153 3898 1252 3950 tui.
1290 3897 1414 3960 Fac,
1448 3895 1696 3959 Domine,
1737 3906 1793 3950 ut
1823 3898 2003 3968 gladio

431 3994 652 4061 proprio
684 3992 800 4058 ejus
835 3990 1091 4056 superbia
1119 3998 1436 4056 amputetur
1473 4005 1486 4041 :
1521 3991 1770 4058 capiatur
1806 3990 2002 4059 laqueo

431 4099 718 4135 ocu.orum
771 4096 1002 4136 suorum
1059 4081 1114 4134 in
1151 4096 1277 4144 me,
1315 4091 1369 4134 et
1419 4082 1701 4149 perculies
1754 4095 1882 4136 eum
1934 4097 2001 4136 ex

435 4177 593 4228 labiis
625 4174 910 4228 cliaritutis
953 4187 1108 4226 meai.
1140 4173 1214 4225 Da
1252 4172 1383 4225 mihi
1431 4173 1482 4224 in
1533 4174 1718 4226 animo
1748 4184 2005 4230 constan-

509 4333 521 4359 ¹
566 4328 624 4382 ln
658 4327 873 4391 eodeni,
913 4327 1164 4395 Princeps
1197 4325 1374 4385 Judrr,
1407 4325 1493 4378 hic
1535 4327 1756 4386 dicitur.
1869 4289 1899 4336 .

504 4401 522 4429 ²
555 4400 670 4451 Duo
713 4417 835 4454 tns..
869 4398 1066 4462 Quibus
1098 4396 1514 4458 ascendentibus,
1544 4409 1649 4450 etc.

505 4471 524 4500 ³
569 4469 762 4533 Verba,
797 4470 864 4522 Et
898 4471 954 4521 in
1005 4470 1196 4532 scutis,
1233 4469 1285 4519 iii
1340 4468 1490 4520 nullo
1539 4483 1570 4521 e
1618 4469 1822 4522 nostris
1869 4485 2001 4528 mss.

433 4551 579 4594 Stiizl.

503 4612 524 4642 ³
562 4610 726 4662 l'alat.
764 4623 890 4670 ms.,
919 4606 1338 4660 Tabcruaculunt
1389 4608 1602 4660 honoris
1635 4608 1736 4672 tui,
1779 4625 1876 4675 pro
1904 4627 2002 4665 no-

455 4699 613 4734 ηυιιι.

436 4702 451 4736 τ
504 4755 524 4784 ⁸
564 4749 738 4804 Unum
779 4749 882 4801 hoc
913 4756 998 4801 est
1029 4747 1093 4799 iis
1131 4747 1336 4812 verbis,
1361 4761 1482 4814 qua:
1509 4762 1632 4800 cum
1668 4747 1867 4803 Griecae
1892 4752 2004 4804 Ori-

433 4824 576 4890 ginis
608 4821 736 4882 sint,
771 4822 961 4872 doctos
991 4819 1240 4890 homines
1275 4819 1327 4890 in
1353 4831 1478 4869 eam
1506 4820 1876 4890 suspirioneltl
1900 4823 2002 4873 ad-

435 4887 731 4953 duxerunt,
768 4899 825 4942 ut
881 4889 1126 4956 putarint
1160 4887 1466 4940 versionem
1524 4891 1680 4940 istaut
1733 4888 2001 4958 Latinam,

434 4978 545 5015 non
580 4976 643 5014 ex
683 4958 940 5013 Chaldaeo
972 4963 1271 5028 archetypo
1299 4998 1312 5020 ,
1348 4959 1439 5010 sed
1480 4974 1542 5010 es
1583 4958 1767 5012 (ιι-ωειλ
1825 4968 2001 5014 trans-

435 5034 638 5084 latione
685 5031 1008 5082 derivatum.
1041 5028 1321 5095 Ejusmodi
1351 5037 1432 5079 ρει
1467 5030 1608 5092 quod
1647 5031 2006 5097 subsequitur

434 5103 608 5154 mitrw
639 5115 860 5159 nomen,
895 5109 949 5150 et
979 5100 1081 5150 alia
1119 5098 1364 5159 ml‘erius,
1398 5099 1600 5169 quibus
1633 5115 1738 5152 non
1774 5103 1989 5153 videtur

435 5186 664 5224 usurum
696 5170 864 5223 fuisse
899 5169 1280 5233 interpretem,
1320 5171 1422 5220 nisi
1461 5167 1635 5222 ΟΜ*ρί
1677 5176 2004 5236 exemplaris
2036 5174 2044 5184 '

436 5241 702 5312 propositi
745 5238 964 5308 phrasis
997 5239 1378 5306 suggessisset.
1429 5236 1565 5291 llinc
1605 5254 1769 5308 μοι-γυ
1818 5241 2005 5294 Hiero-

436 5314 582 5381 nymi
630 5311 772 5363 hanc
797 5323 904 5361 non
947 5322 1077 5381 esse
1098 5319 1353 5381 arguunt,
1400 5316 1602 5381 qnlppe
1646 5325 1771 5381 iqua-
1803 5327 1907 5363 non
1937 5328 2004 5365 ex

436 5378 692 5438 Chaldaeo
718 5381 1003 5446 desumpta
1037 5378 1130 5440 sit,
1161 5380 1255 5430 sed
1285 5393 1348 5430 ex
1392 5379 1601 5432 Gra'co.
1645 5380 1844 5432 \‘erutn
1881 5385 2004 5448 quis

434 5463 634 5522 neget,
691 5451 806 5503 lia:c
859 5449 971 5516 ipsa
1026 5450 1188 5522 verba
1237 5451 1441 5503 veteris
1496 5453 2002 5522 interpretationis,

435 5519 625 5590 utpote
659 5537 783 5590 quae
829 5523 962 5574 satis
1008 5519 1293 5586 perspicua
1331 5530 1387 5570 et
1430 5521 1588 5586 vulgo
1621 5531 1835 5588 recepta
1859 5562 1872 5582 ,
1906 5539 2000 5590 po-

433 5596 608 5645 tuisse
660 5592 1054 5658 llieton'ymum
1104 5591 1343 5641 retinere
1398 5603 1459 5642 ea
1515 5607 1628 5657 ipsa
1684 5597 1749 5644 de
1805 5610 2003 5654 causa,

434 5677 598 5729 quatit
635 5662 865 5730 ipsemet
895 5660 949 5712 in
976 5658 1222 5730 prologis,
1249 5674 1388 5728 smpe
1433 5662 1650 5728 ingerit,
1695 5677 1760 5714 ne
1794 5664 2005 5716 scilicet

434 5735 715 5786 videretur
735 5746 763 5784 a
793 5739 1007 5797 recepta
1040 5729 1182 5782 bona
1213 5729 1445 5790 lectione
1469 5730 1679 5798 longius
1702 5733 2003 5789 :tliludet‘c?

434 5809 513 5854 Al
553 5804 666 5855 li'ec
714 5817 834 5854 cum
890 5818 989 5856 suo
1043 5802 1154 5867 ipse
1188 5816 1364 5866 sensu,
1401 5820 1502 5852 non
1541 5820 1602 5853 is
1639 5805 1743 5854 alio
1773 5807 1997 5857 transle-

2104 3273 2414 3335 appareret.
2446 3261 2712 3332 imposuit
2754 3259 2939 3328 itaque
2985 3259 3128 3310 abra:
3189 3270 3300 3309 siue
3355 3267 3676 3322 ascoperam

2103 3355 2236 3419 vlui,
2273 3362 2325 3407 et
2347 3367 2444 3407 vas
2465 3351 2596 3415 olei,
2625 3358 2681 3403 et
2704 3347 3003 3417 polentam,
3034 3355 3087 3398 et
3113 3343 3382 3413 palathas,
3405 3350 3461 3396 et
3484 3356 3675 3410 panes,

2103 3456 2157 3503 et
2187 3461 2436 3508 caseum,
2462 3452 2515 3500 et
2563 3440 2806 3511 profecta
2839 3447 2946 3493 est.

2172 3537 2421 3604 Cumque
2446 3534 2726 3588 venissent
2772 3529 2838 3584 ad
2876 3537 3088 3599 portam
3139 3526 3398 3590 civitatis,
3446 3525 3676 3577 invene-

2105 3639 2236 3687 runt
2263 3636 2668 3698 exspectantem
2703 3622 2892 3678 Oziam
2931 3628 2985 3674 et
3021 3619 3378 3689 presbyteros
3414 3616 3677 3670 civitatis.

2105 3722 2206 3787 Qui
2243 3735 2367 3773 cum
2401 3716 2666 3771 vidissent
2693 3728 2836 3778 eam,
2888 3719 3174 3779 stupentes
3205 3707 3384 3762 mirati
3433 3715 3560 3760 sunt
3592 3705 3679 3758 ni-

2108 3815 2209 3866 mis
2230 3808 2689 3881 pulchriiudinem
2714 3805 2854 3874 ejus.
2881 3800 3028 3857 Nihil
3056 3810 3238 3854 tamen
3267 3799 3680 3865 interrogantes

2107 3919 2252 3966 eam,
2284 3901 2618 3956 dimiserunt
2657 3896 2914 3961 transire,
2945 3893 3194 3948 dicentes
3229 3907 3244 3941 :
3285 3890 3427 3943 Deus
3463 3898 3677 3956 patrum

2110 4002 2426 4047 nostrorum
2459 3989 2551 4043 det
2583 3986 2681 4040 tibi
2717 3987 2969 4057 gratiam,
3003 3993 3060 4039 et
3089 3995 3252 4038 omne
3279 3978 3570 4034 consilium
3598 3979 3676 4030 tui

2110 4083 2294 4138 cordis
2328 4097 2426 4136 sua
2467 4083 2666 4133 virtute
2698 4077 3042 4141 corroboret,
3087 4083 3148 4128 ut
3195 4073 3467 4140 glorietur
3509 4083 3681 4137 super

2109 4189 2163 4234 te
2193 4175 2520 4239 Jerusalem,
2558 4181 2615 4225 et
2659 4171 2732 4250 sit
2776 4183 2976 4224 nomen
3017 4175 3167 4221 tuum
3208 4167 3262 4219 in
3294 4179 3522 4248 numero
3554 4176 3681 4215 San-

2111 4351 2264 4400 rens,
2297 4334 2534 4403 scripsit,
2589 4332 2705 4403 haec
2751 4330 2866 4403 ipsa
2893 4326 3120 4403 verba,
3178 4324 3478 4403 eodemque
3518 4321 3679 4403 plane

2113 4391 2732 4471 ititelleclu'usurpavit.
2769 4391 2944 4471 Sicin
2979 4393 3488 4471 Prologoﬁaleato,
3521 4410 3538 4441 ι
3571 4391 3683 4444 Vos

2114 4491 2236 4544 qua:
2263 4474 2480 4528 Domini
2511 4462 3491 4544 diseumbentis_pretiosissimo.ledei
3526 4475 3682 4544 nli‘yro

2039 4543 2082 4597 ι)
2117 4530 2322 4612 ﬁngitis
2362 4555 2544 4609 caput.
2575 4560 2598 4612 DV
2625 4540 2692 4593 Et
2721 4541 2884 4612 epist.
2916 4530 3004 4601 '58,
3037 4532 3478 4612 aditur-cellam:
3511 4530 3682 4612 igri-

2109 4603 2506 4668 nes'ancillu'iae
2551 4603 2937 4678 disponebant,
2967 4616 3023 4660 et
3051 4606 3272 4659 mitellis
3306 4603 3682 4670 crispantibus

2111 4695 2295 4738 vertex
2334 4683 2646 4736 arctabatur
2674 4679 2948 4732 innoxius.
2987 4696 3006 4727 ι

2180 4755 2200 4784 ⁸
2233 4749 2419 4808 Visum
2456 4755 2540 4804 est
2590 4749 2767 4802 ductis
2814 4750 3044 4812 criticis,
3081 4744 3340 4798 mendum
3398 4741 3534 4812 hoc,
3557 4758 3682 4796 esse

2109 4839 2206 4894 pro
2249 4837 2381 4878 voce
2438 4820 2599 4894 pseiia
2633 4835 2652 4883 ;
2687 4819 2833 4894 quod
2895 4811 3260 4894 vocabulum”
3298 4814 3449 4894 quod
3505 4811 3684 4868 Graeci

2112 4883 2295 4948 iextus
2321 4883 2645 4959 cst,'t',é).ia,
2688 4883 2740 4941 id
2770 4897 2876 4952 est,
2915 4887 3189 4959 armillas,
3219 4883 3486 4959 ita_facile
3521 4897 3682 4959 usur-

2108 4966 2226 5036 pari
2258 4966 2326 5016 ab
2365 4954 2691 5036 Hieronymo
2727 4960 2903 5036 potuit
2958 4960 3038 5036 vel
3091 4954 3319 5036 retineri
3353 4954 3682 5036 eit'antiqua

2110 5023 2364 5088 versione
2399 5023 2609 5086 Latinis
2654 5023 2874 5093 liticris,
2905 5025 3092 5102 pselia,
3123 5034 3180 5077 ut
3211 5025 3282 5077 ab
3327 5023 3634 5102 antiquario
3665 5065 3681 5102 ,_

2109 5106 2201 5172 qui
2233 5105 2462 5158 exotica:
2486 5102 2636 5172 vocis
2660 5111 3013 5172 scnsum__non
3034 5098 3511 5172 sitasse‘ctilus,“l-n
3537 5097 3683 5172 istud

2109 5162 2458 5228 notissimum
2492 5187 2556 5224 ac
2597 5170 2711 5222 fere
2765 5167 2945 5220 simile
2998 5165 3194 5217 mutari
3233 5165 3372 5216 lilia.
3423 5162 3682 5216 Chaldaeo

2108 5256 2289 5298 autem
2323 5243 2619 5310 archetypo
2647 5236 2959 5301 deﬁciente,
2994 5249 3175 5305 neque
3215 5231 3359 5287 istud
3399 5242 3550 5285 certo
3579 5250 3680 5300 po-

2110 5323 2216 5366 test
2250 5316 2532 5367 constitui.

2183 5386 2202 5415 "
2238 5385 2469 5437 Palatin.
2523 5395 2652 5442 ms.,
2686 5396 2704 5429 ι
2745 5375 2858 5430 Hac
2910 5376 3056 5431 illam
3098 5373 3687 5447 pulchritudineham-

2111 5456 2324 5524 pliavit.
2366 5474 2384 5505 ι
2419 5453 2557 5504 'l‘um
2592 5450 2731 5502 alter
2768 5448 3064 5524 licgirneLt
3101 5443 3179 5524 Ut
3205 5449 3257 5500 iu
3290 5443 3559 5512 corporali
3587 5446 3686 5495 de-

2109 5518 2258 5588 core,
2312 5540 2410 5592 pro
2466 5518 2903 5588 incomparabili.
2944 5537 2962 5569 ι
3003 5518 3269 5592 Denique
3296 5530 3487 5569 omnes
3532 5529 3692 5566 asco-

2111 5587 2288 5666 pam,»
2312 5587 2434 5662 ’μω
2467 5587 2802 5658 tuscoperam
2831 5605 2849 5642 :
2883 5599 2936 5641 et
2968 5604 3064 5658 pro
3099 5587 3371 5665 palulhas,
3407 5599 3528 5666 qua:
3555 5595 3692 5666 sunt

2108 5655 2415 5719 caricarum
2443 5672 2538 5714 aut
2558 5655 2757 5714 lic'uum
2794 5655 3013 5721 niassae,
3039 5655 3152 5726 pari
3179 5671 3452 5710 consensu
3480 5655 3691 5726 (apale:

2112 5738 2321 5804 legunt,
2360 5735 2505 5800 quod
2567 5731 2973 5786 metliatlieseos
3015 5724 3066 5781 iii
3118 5724 3534 5796 pronuntiando
3599 5726 3690 5775 vi-

2111 5819 2244 5860 ttnm
2277 5806 2510 5858 videtnr.
