4050 6184
340 344 411 408 53
1376 302 1393 317 ’
1678 346 1911 404 LIBER
1950 344 2257 407 JUDlTII.

3503 340 3599 412 55'

336 467 545 509 ctorum
573 464 627 509 et
655 453 951 523 iustorum.
998 453 1061 507 Et
1093 453 1351 508 dixerunt
1391 452 1444 506 hi
1486 454 1577 522 qui
1621 454 1730 510 illic
1754 467 1912 510 erant
1943 465 1985 517 Α
2018 458 2169 511 solus
2203 457 2377 510 bonus
2420 464 2476 509 et
2533 464 2729 525 potens
2783 469 2843 509 es
2873 469 2930 508 tn
2958 454 3105 509 omni
3149 469 3316 525 regno
3344 455 3485 527 ejus,
3519 465 3577 512 et

335 561 527 601 omnes
566 561 674 600 una
730 560 867 599 voce
910 542 1077 599 :Fiat
1104 584 1118 608 ,
1176 544 1287 599 fiat.
1324 544 1512 600 Judith
1570 561 1697 599 vero
1744 562 1908 601 orans

333 638 669 705 Dominum,
714 637 971 691 transivit
1002 652 1098 707 per
1131 646 1317 704 portas
1352 637 1366 667 ¹
1410 648 1465 693 et
1515 638 1629 706 ipsa
1682 647 1737 692 et
1779 638 1915 698 abra

334 732 478 800 ejus.

407 820 633 875 Factum
682 829 766 875 est
823 830 1031 886 autem,
1062 835 1185 875 cum
1219 821 1581 875 descenderet
1627 831 1864 877 montem
1893 863 1907 886 ,

335 911 480 965 circa
529 921 708 966 ortum
784 911 892 966 diei
926 951 941 975 ,
999 926 1365 965 occurrerunt
1415 913 1465 965 ei
1532 913 1909 981 exploratores

336 1003 710 1073 Assyriorum,
736 1011 793 1059 et
827 1013 1281 1069 tenuerunteam,
1315 1003 1562 1058 dicentes
1595 1003 1786 1061 :Unde
1818 1020 1910 1059 ve-

339 1096 473 1149 nis?
504 1105 600 1149 aut
637 1111 748 1165 quo
785 1096 971 1149 vadis?
1024 1094 1157 1161 Quae
1210 1095 1491 1164 respondit
1552 1110 1564 1146 :
1603 1094 1737 1149 Filia
1790 1109 1909 1148 sum

340 1184 719 1251 Hebraeorum,
753 1185 877 1242 ideo
901 1202 1002 1257 ego
1030 1186 1143 1258 fugi
1172 1202 1202 1240 a
1234 1186 1371 1240 facie
1401 1201 1615 1249 eorum,
1650 1185 1911 1256 quoniam

342 1277 586 1331 futurum
622 1278 841 1347 agnovi,
872 1278 1017 1348 quod
1057 1278 1255 1331 dentur
1283 1277 1440 1332 vobis
1472 1278 1524 1330 in
1552 1276 1911 1346 depraedatio-

343 1384 492 1432 nem,
528 1385 627 1439 pro
682 1385 749 1424 eo
784 1370 931 1439 quod
983 1378 1406 1425 contemnentes
1449 1384 1567 1432 vos,
1615 1368 1915 1423 noluerunt

341 1460 491 1514 ultro
530 1462 741 1517 tradere
773 1462 1005 1530 seipsos,
1046 1473 1102 1516 ut
1135 1464 1447 1517 invenirent
1480 1461 1911 1515 misericordiam

344 1550 397 1602 in
433 1562 730 1620 conspectu
760 1564 964 1608 vestro.
992 1551 1101 1607 llac
1138 1555 1206 1608 de
1242 1568 1405 1607 causa
1436 1553 1667 1623 cogitavi
1701 1566 1913 1606 mecum

342 1642 534 1697 dicens
570 1659 585 1698 ;
621 1644 821 1697 Vadam
875 1645 940 1698 ad
994 1645 1188 1699 faciem
1250 1644 1517 1715 principis
1575 1644 1912 1709 llolofernis,

345 1744 406 1786 ut
452 1735 690 1788 indicem
731 1736 810 1789 illi
856 1748 1067 1791 secreta
1108 1737 1350 1798 illorum,
1396 1745 1452 1790 et
1503 1738 1786 1791 ostendam
1839 1737 1915 1790 illi

344 1840 452 1895 quo
483 1825 639 1880 aditu
670 1827 845 1894 possit
888 1827 1142 1883 obtinere
1168 1843 1285 1897 eos,
1318 1828 1390 1882 ita
1417 1837 1472 1883 ut
1502 1843 1608 1882 non
1643 1828 1803 1883 cadat
1835 1828 1919 1883 vir

348 1933 488 1972 unus
514 1918 581 1972 de
620 1919 871 1973 exercitu
910 1918 1055 1988 ejus.

414 2009 484 2063 Et
515 2023 641 2063 cum
675 2009 962 2065 audissent
994 2009 1099 2065 viri
1151 2008 1227 2065 illi
1282 2009 1447 2065 verba
1491 2010 1635 2082 ejus,
1668 2010 1922 2067 conside-

348 2107 548 2159 rabant
573 2103 767 2159 faciem
797 2105 936 2174 ejus,
970 2114 1028 2158 et
1059 2112 1175 2158 erat
1203 2103 1258 2158 in
1286 2104 1461 2158 oculis
1486 2119 1673 2158 eorum
1707 2115 1920 2175 stupor,

347 2195 615 2262 quoniam
668 2194 1137 2264 pulchritudinem
1174 2195 1296 2265 ejus
1342 2194 1683 2249 mirabantur
1733 2196 1918 2250 nimis.

349 2283 417 2338 Et
455 2285 719 2341 dixerunt
762 2286 828 2341 ad
882 2302 1003 2341 eam
1038 2302 1050 2336 :
1092 2285 1443 2342 Conservasti
1485 2287 1721 2341 animam
1753 2297 1921 2353 tuam,

348 2391 416 2431 eo
459 2377 605 2443 quod
648 2376 755 2431 tale
799 2377 1057 2446 reperisti
1096 2378 1384 2432 consilium
1412 2417 1426 2441 ,
1464 2387 1521 2432 ut
1559 2378 1924 2435 descenderes

347 2466 417 2520 ad
456 2469 741 2523 dominum
793 2477 1065 2525 nostrum.
1096 2467 1208 2524 lloc
1252 2480 1435 2523 autem
1469 2470 1630 2535 scias,
1665 2472 1921 2539 quoniam

348 2576 475 2615 cum
508 2561 728 2617 steteris
764 2562 818 2615 in
851 2571 1147 2630 conspectu
1193 2562 1315 2631 ejus
1341 2599 1357 2625 ,
1416 2561 1553 2616 bene
1607 2562 1703 2617 tibi
1734 2563 1925 2630 faciet,

350 2664 408 2708 et
462 2655 576 2708 eris
634 2654 946 2722 gratissima
996 2654 1052 2707 in
1107 2658 1274 2707 corde
1325 2654 1465 2724 ejus.
1532 2652 1927 2724 Duxeruntque

350 2743 502 2796 illam
557 2744 624 2795 ad
677 2740 1097 2796 tabernaculum
1134 2738 1486 2803 llolol’ernis,
1530 2742 1927 2795 annuntiantcs

350 2848 498 2886 eam.

421 2924 671 2995 Cumque
707 2924 966 2978 intrasset
1001 2934 1127 2978 ante
1177 2922 1374 2976 faciem
1423 2924 1565 2993 ejus,
1620 2924 1802 2978 Statim
1836 2938 1929 2977 ca-

357 3030 482 3088 ptus
519 3027 602 3072 est
627 3018 681 3070 in
711 3021 825 3071 suis
856 3002 1032 3071 oculis
1071 3015 1416 3070 liolofernes.
1450 3014 1827 3084 Dixeruntque
1862 3015 1928 3069 ad

356 3126 483 3162 cum
539 3109 805 3163 satellites
854 3109 974 3178 ejus
1028 3124 1052 3165 ;
1108 3107 1241 3173 Quis
1295 3115 1611 3162 contemnat
1667 3108 1928 3178 populum

358 3199 733 3263 “obturatum,
769 3197 863 3269 qui
896 3207 1001 3252 tam
1047 3196 1273 3251 decoras
1325 3197 1587 3252 mulieres
1637 3197 1842 3263 habet,
1881 3205 1940 3251 ut

358 3308 471 3345 non
520 3306 620 3361 pro
677 3292 763 3346 his
813 3290 1011 3344 merito
1064 3302 1307 3369 pugnare
1349 3298 1542 3343 contra
1599 3304 1695 3343 cos
1745 3289 1942 3344 debea-

360 3384 524 3438 mus?
1604 3450 1611 3453 ν

436 3477 638 3530 \‘idens
683 3475 866 3543 itaque
906 3473 1097 3529 Judith
1139 3473 1496 3528 llolofernem
1553 3471 1835 3527 Sedentcm
1884 3473 1940 3526 in

363 3582 631 3637 conopeo,
666 3566 813 3636 quod
857 3575 973 3621 erat
1016 3580 1080 3620 ex
1122 3580 1387 3634 purpura,
1435 3574 1489 3617 et
1523 3578 1681 3630 auro,
1715 3575 1769 3618 et
1798 3580 1942 3617 sma.

364 3661 558 3730 ragdo,
583 3670 636 3714 et
668 3658 953 3729 lapidibus
984 3657 1236 3727 pretiosis
1268 3657 1537 3711 intextum
1587 3674 1601 3711 ε
1633 3665 1690 3709 et
1724 3670 1848 3709 cum
1885 3656 1942 3710 in

367 3753 563 3807 faciem
591 3752 714 3820 ejus
742 3750 1090 3812 intendisset,
1119 3746 1367 3802 adoravit
1395 3760 1541 3809 eum,
1589 3754 1941 3819 prosternens

370 3857 431 3895 se
457 3857 620 3910 super
660 3849 883 3893 terram.
930 3838 998 3893 Et
1048 3838 1403 3892 elevaverunt
1437 3851 1557 3890 eam
1608 3838 1746 3891 servi
1780 3837 1943 3892 Holo-

371 3934 566 3999 fernis,
598 3933 827 4003 jubente
859 3930 1083 3985 domino
1115 3944 1239 3984 suo.

442 4026 603 4099 [Cap.
664 4022 786 4095 XL]
846 4021 1002 4077 Tunc
1053 4022 1375 4076 llolofernes
1429 4021 1565 4075 dixit
1594 4023 1643 4076 ei
1697 4038 1712 4075 :
1762 4019 1944 4091 Equo

374 4122 554 4174 animo
582 4127 727 4180 esto,
762 4125 816 4171 et
841 4116 949 4169 noli
980 4129 1181 4185 pavere
1222 4116 1276 4169 in
1302 4115 1470 4170 corde
1502 4123 1597 4169 tuo
1631 4130 1644 4167 :
1684 4117 1943 4183 quoniam

373 4228 473 4282 ego
505 4224 786 4279 nunquam
831 4207 993 4261 nocui
1034 4207 1151 4260 viro
1179 4207 1228 4271 ²,
1264 4205 1359 4275 qui
1403 4205 1577 4261 voluit
1606 4206 1815 4260 servire
1844 4204 1949 4258 Na-

376 4304 807 4359 buchodonosor
850 4300 985 4371 regi.
1040 4300 1281 4369 P0pulus
1337 4308 1518 4354 autem
1560 4308 1727 4364 tuus,
1759 4298 1947 4365 si_non

376 4397 802 4468 contempsisset
864 4410 973 4459 me,
1029 4408 1140 4448 non
1189 4394 1453 4448 levassem
1488 4394 1731 4447 lanceam
1766 4406 1945 4447 meam

2013 547 2299 616 disciplina
2331 555 2419 601 tua
2469 547 2727 602 omnibus
2754 546 3053 617 provinciis
3084 547 3430 616 praidicatur.
3452 548 3566 603 Nec

2014 641 2121 692 hoc
2182 638 2338 701 latet,
2371 636 2516 706 quod
2567 637 2787 692 locutus
2852 646 2935 692 est
2995 638 3250 704 Achior;
3293 652 3411 694 nec
3444 637 3579 693 illud

2016 729 2321 798 ignoratur,
2361 729 2507 800 quod
2535 730 2585 784 ei
2610 729 2841 799 jusseris
2871 728 3114 783 evenire.
3155 727 3383 783 Constat
3408 732 3578 795 enim,

2014 823 2182 875 Deum
2242 830 2486 877 nostrum
2541 822 2618 877 sic
2661 822 2901 891 peccatis
2937 820 3229 885 offensum,
3263 828 3323 874 ut
3353 822 3583 875 manda-

2015 914 2154 967 verit
2183 930 2279 983 per
2311 915 2608 983 prophetas
2639 929 2768 968 suos
2795 913 2863 968 ad
2896 913 3179 982 poliulum,
3223 913 3368 981 quod
3401 913 3582 968 tradat

2012 1018 2137 1057 eum
2164 1019 2263 1073 pro
2291 1004 2526 1072 peccatis
2556 1004 2693 1058 suis.
2726 1004 2794 1058 Et
2820 1004 3080 1071 quoniam
3111 1002 3294 1056 sciunt
3318 1018 3381 1058 se
3410 1002 3583 1057 oﬂen-

2015 1094 2159 1148 disse
2194 1096 2362 1148 Deum
2397 1110 2559 1150 suum
2602 1095 2695 1150 lilii
2743 1093 2948 1160 Israel,
2983 1103 3190 1148 tremor
3235 1103 3364 1149 tuus
3415 1109 3582 1163 super
3636 1148 3643 1155 ,

2016 1184 2163 1254 ipsos
2203 1197 2307 1241 est.
2344 1186 2577 1257 Insuper
2618 1186 2788 1242 etiam
2830 1186 3001 1241 fames
3051 1186 3249 1241 invasit
3280 1201 3395 1247 eos.
3431 1196 3487 1240 et
3515 1185 3589 1240 ab

2016 1278 2271 1333 ariditate
2317 1293 2471 1348 aquae
2514 1279 2629 1347 jam
2694 1278 2839 1332 inter
2879 1284 3125 1332 mortuos
3172 1284 3584 1344 computantur.

2018 1368 2264 1438 Denique
2305 1369 2409 1424 hoc
2452 1368 2731 1435 ordinant,
2770 1378 2828 1423 ut
2864 1367 3191 1428 interficiat-4
3224 1383 3417 1437 pecora
3447 1382 3543 1420 sua
3566 1406 3583 1431 ,

2020 1473 2076 1517 et
2101 1461 2289 1517 bibant
2317 1461 2639 1531 sanguinem
2674 1475 2865 1515 eorum
2895 1474 2909 1512 :
2944 1468 2999 1515 et
3028 1470 3214 1514 saneta
3246 1458 3460 1512 Domini
3491 1456 3583 1510 Dei

2018 1555 2124 1618 sui,
2168 1570 2286 1624 qua:
2311 1554 2571 1623 praecepit
2605 1554 2751 1609 Deus
2783 1569 2891 1608 non
2918 1551 3178 1622 contingi,
3209 1551 3261 1604 in
3287 1550 3601 1612 frumento,

2021 1646 2169 1703 vino.
2198 1653 2265 1703 et
2285 1646 2426 1708 oleo,
2470 1648 2584 1702 inec
2615 1647 2995 1716 cogitaverunt
3038 1642 3375 1712 impendere,
3415 1650 3470 1696 et
3496 1656 3594 1695 vo-

2022 1738 2141 1791 lunt
2172 1752 2494 1792 consumere
2537 1754 2658 1808 qua:
2704 1753 2804 1793 nec
2852 1736 3108 1791 manibus
3144 1734 3411 1789 deberent
3456 1747 3589 1787 con-

2025 1832 2232 1897 tingere
2277 1844 2293 1883 :
2336 1844 2468 1900 ergo
2511 1830 2769 1901 quoniam
2815 1831 2927 1883 haec
2975 1828 3211 1891 faciunt,
3240 1834 3455 1881 certum
3506 1836 3591 1879 est

2028 1920 2172 1990 quod
2206 1921 2259 1975 in
2293 1906 2652 1989 perditionem
2710 1920 3007 1975 dabuntur.
3059 1918 3215 1986 Quod
3253 1933 3352 1987 ego
3387 1916 3590 1971 ancilla

2030 2020 2121 2065 tua
2151 2027 2503 2084 cognoscens,
2535 2013 2649 2083 fugi
2697 2012 2766 2068 ab
2792 2012 2921 2075 illis,
2947 2021 3005 2067 et
3030 2010 3180 2066 misit
3208 2025 3293 2064 me
3327 2008 3593 2063 Dominus

2031 2103 2147 2158 haec
2181 2103 2298 2173 ipsa
2334 2105 2592 2158 nuntiare
2625 2103 2743 2158 tibi.
2768 2104 2881 2174 Ego
2913 2102 3054 2157 enim
3087 2100 3281 2157 ancilla
3304 2109 3398 2154 tua
3422 2097 3590 2152 Deum

2030 2195 2179 2261 colo,
2212 2196 2379 2250 etiam
2416 2211 2563 2251 nunc
2588 2195 2732 2265 apud
2777 2206 2829 2250 te
2859 2213 2873 2249 :
2903 2204 2960 2249 et
2990 2193 3133 2248 exiet
3159 2191 3354 2246 ancilla
3387 2199 3503 2255 tua,
3534 2198 3590 2242 et

2029 2288 2198 2342 orabo
2234 2289 2427 2354 Deum,
2458 2298 2515 2343 et
2544 2287 2690 2342 dicet
2722 2288 2855 2341 mibi
2886 2285 3109 2356 quando
3146 2284 3227 2339 eis
3258 2283 3447 2338 reddat
3472 2296 3597 2352 pec-

2032 2389 2214 2432 catum
2248 2392 2431 2443 suum,
2463 2386 2520 2432 et
2563 2378 2791 2432 veniens
2842 2375 3109 2430 nuntiabo
3142 2374 3261 2436 tibi,
3290 2374 3365 2428 ita
3412 2382 3468 2427 ut
3497 2385 3599 2444 ego

2032 2458 2299 2526 adducam
2333 2482 2383 2526 te
2412 2487 2508 2540 per
2536 2470 2768 2525 mediam
2799 2468 3127 2535 Jerusalem,
3157 2479 3213 2522 et
3235 2465 3464 2522 habebis
3485 2481 3597 2521 0m-

2034 2579 2158 2618 nem
2196 2564 2459 2634 pepulum
2507 2561 2698 2628 lsrael,
2748 2560 2894 2616 sicut
2938 2576 3092 2623 oves,
3126 2560 3327 2630 quibus
3378 2574 3489 2614 non
3519 2565 3603 2613 est

2032 2666 2241 2725 pastor,
2275 2664 2333 2710 et
2380 2671 2490 2711 non
2531 2654 2756 2710 latrabit
2786 2654 2871 2708 vel
2919 2668 3063 2707 unus
3096 2653 3247 2707 canis
3276 2662 3464 2707 contra
3494 2661 3543 2706 te
3580 2663 3598 2705 :

2034 2749 2292 2816 quoniam
2344 2747 2460 2801 hnc
2506 2744 2642 2799 mihi
2687 2746 2833 2799 dicta
2885 2753 3016 2799 sunt
3065 2759 3162 2812 per
3198 2742 3600 2812 providentiam

2036 2838 2154 2893 Dei.
2189 2838 2256 2893 Et
2286 2839 2545 2907 quoniam
2580 2839 2754 2891 iratus
2805 2844 2889 2891 est
2941 2835 3050 2890 illis
3096 2835 3265 2901 Deus,
3316 2834 3433 2889 hate
3484 2834 3600 2903 ipsa

2039 2934 2202 2988 missa
2246 2949 2366 2987 sum
2398 2933 2649 2988 nuntiare
2674 2934 2791 2988 tibi.
3332 2930 3339 2937 ’

2110 3026 2439 3080 Placuerunt
2469 3035 2647 3080 autem
2682 3024 2865 3079 omnia
2895 3023 3063 3080 verba
3088 3023 3203 3078 haec
3225 3037 3414 3077 coram
3444 3020 3611 3076 llolo-

1965 3142 2007 3199 ο
2040 3117 2192 3171 ferne
2226 3127 2282 3171 et
2311 3131 2492 3171 coram
2521 3116 2707 3185 pueris
2741 3116 2881 3186 ejus,
2920 3126 2978 3171 et
3020 3115 3359 3170 mirabantur
3385 3114 3613 3183 sapien-

2046 3209 2174 3262 tiam
2202 3208 2342 3277 ejus,
2374 3217 2429 3262 et
2457 3207 2714 3261 dicebant
2761 3207 2901 3261 alter
2948 3205 3017 3259 ad
3050 3207 3286 3260 alterum
3322 3221 3335 3257 :
3370 3201 3489 3258 Non
3525 3213 3611 3258 est

2047 3299 2172 3351 talis
2200 3298 2397 3352 mulier
2426 3312 2593 3367 super
2632 3306 2835 3350 terram
2873 3296 2928 3348 in
2969 3303 3215 3364 aspectu,
3258 3293 3315 3347 in
3365 3293 3613 3363 pulchri-

2046 3389 2257 3452 tudine,
2291 3397 2347 3443 et
2396 3390 2449 3442 in
2498 3403 2660 3442 sensu
2708 3388 3023 3442 verborum.
3056 3386 3117 3441 Et
3151 3386 3294 3441 dixit
3341 3386 3411 3440 ad
3463 3385 3612 3439 illam

2047 3480 2369 3536 llolofernes
2419 3499 2433 3535 :
2483 3478 2764 3534 Benefecit
2810 3479 2977 3545 Deus,
3025 3478 3120 3547 qui
3168 3478 3318 3532 misit
3374 3488 3426 3532 te
3486 3487 3614 3530 ante

2044 3573 2328 3644 populum,
2366 3581 2425 3626 ut
2456 3574 2552 3626 des
2577 3571 2729 3627 illum
2775 3581 2830 3624 tu
2867 3572 2922 3625 in
2959 3570 3214 3625 manibus
3250 3568 3454 3625 noetris
3501 3582 3515 3624 :
3560 3578 3615 3623 et

2045 3668 2302 3737 quoniam
2353 3666 2492 3720 bona
2542 3675 2625 3718 est
2659 3662 2953 3743 promissio
3007 3672 3121 3728 tua,
3159 3661 3202 3717 si
3253 3660 3449 3716 fecerit
3477 3660 3615 3714 mihi

2047 3760 2150 3813 hoc
2176 3759 2341 3821 Deus,
2381 3767 2434 3811 et
2465 3764 2519 3810 tu
2564 3755 2617 3809 in
2671 3757 2835 3810 domo
2867 3754 3373 3809 Nabuchodonosor
3421 3767 3617 3821 magna

2045 3853 2183 3913 eris,
2225 3858 2281 3905 et
2338 3864 2541 3903 nomen
2603 3856 2758 3901 tuum
2809 3846 3187 3901 nominabitur
3242 3845 3300 3898 in
3357 3843 3617 3899 universa

2046 3951 2213 3998 terra.

2117 4033 2276 4107 [Cap.
2309 4031 2459 4104 Xll.j
2484 4033 2642 4087 Tunc
2665 4032 2831 4104 jussit
2854 4044 2975 4086 eam
3008 4028 3237 4084 introire
3272 4026 3363 4083 ubi
3389 4027 3618 4095 repositi

2045 4133 2204 4178 erant
2238 4124 2482 4177 thesauri
2509 4124 2649 4193 ejus,
2697 4131 2754 4177 et
2783 4121 2945 4192 jussit
2973 4120 3082 4174 illic
3118 4134 3340 4173 manere
3369 4132 3512 4184 eam,
3547 4126 3606 4171 et

2046 4215 2494 4285 constituitquid
2531 4215 2755 4270 daretur
2808 4214 2889 4268 illi
2938 4213 3007 4267 de
3060 4212 3315 4268 convivio
3366 4226 3487 4265 suo.
3516 4208 3619 4266 Cui

2053 4291 2338 4377 raspondit
2364 4305 2574 4371 Juditli,
2607 4315 2663 4361 et
2692 4307 2831 4361 dixit
2859 4322 2873 4359 :
2902 4303 3059 4360 Nunc
3092 4320 3201 4357 non
3238 4313 3427 4372 potero
3457 4318 3614 4356 man-

2053 4396 2258 4450 ducare
2288 4397 2470 4451 exJiis
2502 4411 2626 4460 qua?
2656 4396 2789 4450 mihi
2829 4396 3080 4464 prmeipis
3122 4394 3307 4457 tribui,
3337 4410 3404 4446 ne
3436 4395 3623 4447 veniat

378 4505 547 4561 super
577 4504 727 4544 eum-
760 4487 917 4541 Nuﬂc
960 4494 1144 4539 autem
1195 4486 1288 4539 did
1334 4484 1467 4538 mihi
1492 4523 1506 4549 ι
1540 4500 1646 4553 qua
1677 4501 1744 4539 CX
1783 4498 1945 4538 causa
1980 4482 2023 4536 Ῐ)
2046 4504 2214 4558 super
2238 4504 2325 4543 me
2350 4489 2584 4543 offensio
2611 4505 2626 4542 :
2656 4503 2725 4542 ex
2752 4488 2839 4542 his
2867 4497 3076 4552 autem,
3110 4486 3232 4555 qua:
3259 4486 3389 4540 mihi
3424 4486 3618 4550 detuli,

382 4581 662 4637 recessisti
704 4579 773 4634 ab
809 4578 941 4644 illis,
996 4586 1051 4631 et
1104 4576 1312 4646 placuit
1344 4576 1442 4630 tibi
1501 4585 1561 4631 ut
1615 4576 1835 4629 venires
1884 4574 1951 4628 ad

384 4676 519 4730 nos?

458 4768 522 4821 Et
557 4765 699 4820 dixit
748 4764 827 4819 illi
884 4762 1076 4820 Juditb
1114 4779 1127 4817 :
1164 4759 1332 4815 Sume
1360 4758 1528 4813 verba
1569 4759 1780 4813 ancilla:
1828 4768 1953 4823 tuae,

388 4859 643 4930 quoniam
684 4857 730 4913 si
763 4865 989 4911 secutus
1024 4853 1195 4908 fueris
1226 4852 1392 4908 verba
1427 4851 1638 4906 ancilla:
1672 4861 1794 4916 tuae,
1830 4864 1956 4918 per-

388 4953 583 5007 fectam
626 4963 741 5003 rem
770 4947 936 5001 faciet
962 4944 1225 4999 Dominus
1247 4952 1447 4998 tecum.
1484 4942 1630 4999 Vivit
1675 4942 1821 4996 enim
1850 4938 1960 4994 Na-

393 5042 816 5098 buchodonosor
837 5053 934 5092 rex
968 5046 1151 5101 terrae,
1186 5045 1244 5092 et
1289 5035 1425 5089 vivit
1453 5035 1628 5089 virtus
1663 5034 1805 5101 ejus,
1840 5046 1961 5102 quae

393 5147 471 5192 est
502 5136 559 5189 in
592 5142 645 5186 te
679 5132 750 5186 ad
795 5131 1197 5199 correptionem
1225 5129 1473 5183 omnium
1525 5127 1829 5181 animarum
1867 5140 1962 5180 er—

394 5230 626 5283 rantium
666 5242 680 5277 :
729 5224 986 5295 quoniam
1023 5237 1135 5276 non
1179 5221 1355 5275 solum
1410 5220 1664 5274 homines
1715 5220 1963 5274 serviunt

396 5321 472 5375 illi
500 5334 595 5389 per
648 5328 724 5380 te,
755 5316 852 5370 sed
903 5323 958 5369 et
1011 5313 1196 5387 bestiae
1258 5312 1371 5381 agri
1427 5311 1811 5379 obtemperant
1859 5309 1959 5363 illi.

395 5412 685 5467 Nuntiatur
719 5409 870 5462 enim
902 5405 1073 5459 animi
1106 5404 1185 5458 tui
1227 5403 1496 5460 industria
1530 5403 1803 5456 universis
1834 5416 1961 5471 gen-

406 5503 575 5566 tibus,
603 5509 660 5553 et
696 5498 1001 5553 indicatum
1035 5505 1117 5549 est
1159 5495 1308 5549 omni
1355 5493 1575 5557 saeculo,
1613 5493 1872 5562 quoniam
1906 5501 1963 5546 tu

476 5706 492 5734 ¹
531 5702 587 5755 In
620 5700 790 5755 Palat.
823 5712 954 5756 ωε..
987 5697 1247 5751 Transivit
1274 5705 1472 5765 portas,
1511 5697 1715 5764 absque
1745 5714 1857 5765 per.

475 5776 495 5805 ‘
530 5772 802 5826 Palatinos
827 5784 952 5832 ms.,
991 5768 1275 5831 Nunquam
1308 5770 1458 5819 nocui
1496 5770 1685 5827 virum,
1710 5769 1818 5828 qui.
1854 5776 1963 5821 etc.

2055 4579 2422 4633 mandueabo.
2462 4579 2561 4634 Cui
2618 4577 2999 4647 ilolophernes
3047 4577 3171 4630 ait:
3207 4575 3266 4629 Si
3322 4574 3627 4629 defecerint

2056 4673 2158 4727 tibi
2192 4672 2319 4736 ista,
2352 4686 2473 4741 qua:
2513 4679 2693 4725 tecum
2725 4667 2993 4731 detulisti,
3027 4667 3158 4735 quid
3192 4664 3457 4721 faciemus
3486 4664 3623 4731 tibi?

2057 4766 2124 4819 Et
2153 4765 2291 4819 dixit
2319 4763 2509 4819 Judith
2543 4761 2727 4818 :Vivit
2776 4762 2960 4814 anima
3017 4767 3131 4823 tua,
3164 4758 3393 4813 domine
3436 4772 3615 4819 meus,

2059 4856 2316 4927 quoniam
2354 4869 2479 4921 ,non
2527 4852 2796 4921 expendet
2854 4851 3036 4915 omnia
3092 4850 3209 4904 haec
3263 4850 3459 4904 ancilla
3515 4859 3625 4910 tua,

2062 4948 2238 5003 donec
2299 4945 2463 5001 faciat
2500 4945 2666 5011 Deus
2717 4945 2770 4996 in
2813 4958 2975 4998 manu
3018 4958 3137 4997 mea
3176 4943 3293 4997 haec
3336 4957 3457 5012 quae
3484 4941 3629 5010 cogi-

2064 5041 2190 5095 tavi.

2134 5129 2203 5184 Et
2230 5129 2565 5183 induxerunt
2596 5126 2740 5180 illam
2765 5126 2785 5157 ³
2806 5124 2954 5181 servi
2982 5124 3100 5193 ejus
3120 5123 3176 5177 in
3199 5122 3629 5189 tabernaculum,

2066 5221 2211 5291 quod
2237 5226 2592 5289 praceperat.
2633 5218 2702 5272 Et
2730 5218 2888 5286 petiit
2925 5218 3055 5270 dum
3090 5216 3367 5282 introiret,
3393 5225 3451 5267 ut
3475 5215 3634 5269 dare-

2068 5323 2159 5368 tur
2190 5314 2241 5368 ei
2264 5313 2422 5383 copia
2458 5320 2621 5366 nocte
2648 5320 2706 5365 et
2728 5319 2854 5365 ante
2894 5310 3071 5365 lucem
3115 5308 3436 5376 egrediendi
3485 5307 3635 5361 foras

2066 5408 2134 5462 ad
2165 5408 2495 5470 orationem,
2522 5415 2577 5459 et
2604 5401 2937 5474 deprecandi
2976 5402 3289 5457 Dominum.
3322 5400 3389 5454 Et
3421 5413 3633 5468 praece-

2067 5500 2149 5568 pit
2190 5497 2543 5554 cubiculariis
2584 5501 2725 5563 suis,
2756 5506 2817 5550 ut
2854 5496 2996 5551 sicut
3036 5493 3275 5565 placeret
3304 5490 3413 5552 illi,
3449 5489 3630 5547 exiret

2144 5703 2162 5733 ³
2206 5703 2443 5758 Rursum
2474 5702 2615 5757 idem
2650 5716 2754 5756 ms.
2787 5699 2853 5753 Et
2889 5698 3293 5752 introduxerunt
3324 5695 3496 5763 illaut,
3525 5706 3635 5751 etc.
