3966 6184
420 305 490 365 55
1336 307 1394 366 S.
1440 305 1880 366 HIERONYMI
1925 304 2188 368 DIVINA
2230 310 2765 376 BIBLIOTHECA.‘
3584 321 3649 380 56

420 429 475 471 et
508 417 761 472 introiret
794 417 861 473 ad
913 418 1251 475 adorandum
1288 417 1460 472 Deum
1508 433 1690 483 suum,
1741 434 1835 486 per
1882 419 1976 473 tria
2012 419 2062 478 Α

395 498 587 562 ‘duum
620 526 635 562 :
663 519 718 563 et
751 510 934 564 exibat
988 512 1241 565 noctibus
1288 510 1342 563 in
1379 510 1573 564 vallem
1623 510 1903 575 Bethuliie,
1930 521 1986 565 et

422 602 727 670 baptizabat
776 618 833 655 se
889 604 941 656 in
996 602 1147 657 fonte
1193 618 1369 671 aquae.
1406 601 1471 655 Et
1511 611 1568 656 ut
1629 604 1978 669 ascendebat,

417 694 607 745 orabat
638 694 927 746 Dominum
964 693 1132 745 Deunt
1189 693 1385 758 Israel,
1439 704 1497 748 ut
1541 694 1803 764 dirigeret
1839 696 1981 761 viam

416 787 534 854 ejus
583 786 648 839 ad
705 786 1089 839 liberationem
1160 786 1345 854 populi
1414 787 1523 840 sui.
1567 788 1635 840 Et
1688 788 1980 850 introieris.

421 879 618 931 munda
657 878 911 932 manebat
946 878 998 931 in
1054 878 1428 946 tabernaculo,
1462 894 1635 950 usque
1665 880 1797 934 dum
1841 883 1981 935 acci-

416 980 568 1040 peret
601 986 777 1025 escam
808 986 962 1025 suam
1003 972 1057 1024 in
1103 987 1347 1039 vespere.

490 1064 554 1115 Et
601 1064 804 1118 factum
836 1072 942 1127 est,
994 1064 1047 1117 itt
1086 1075 1285 1132 quarto
1339 1066 1429 1119 die
1475 1064 1797 1121 Holofernes
1852 1067 1980 1121 fecit

414 1170 625 1209 caenam
666 1156 838 1208 servis
865 1157 1001 1218 suis,
1029 1165 1084 1209 et
1123 1156 1261 1209 dixit
1307 1158 1373 1210 ad
1431 1158 1613 1227 Vagae
1666 1158 1979 1212 eunuchum

415 1261 574 1297 suum
613 1257 627 1298 :
664 1246 828 1309 Vade,
855 1256 905 1299 et
939 1247 1108 1302 suade
1148 1245 1431 1301 Hebrceam
1478 1248 1645 1314 illaut,
1683 1259 1741 1300 ut
1788 1260 1980 1318 sponte

414 1335 719 1390 consentiat
750 1336 994 1390 habitare
1018 1335 1256 1391 me'cum.
1284 1338 1509 1394 Foedum
1542 1350 1625 1393 est
1651 1341 1794 1393 enim
1836 1340 1981 1409 apud

417 1429 688 1497 Assyrios,
722 1431 767 1482 si
799 1429 1001 1481 lernina
1040 1430 1268 1484 irrideat
1293 1432 1496 1494 virum,
1525 1431 1736 1500 agendo
1788 1441 1845 1485 ut
1878 1434 1981 1483 int-

416 1522 598 1574 munis
632 1522 793 1574 abeo
828 1531 1089 1575 transeat.

489 1614 639 1665 Tunc
669 1612 912 1665 introivit
948 1614 1125 1683 Vagae
1152 1615 1167 1643 ¹
1219 1614 1282 1667 ad
1319 1614 1529 1678 Iudith,
1562 1622 1617 1667 et
1642 1614 1779 1668 dixit
1816 1632 1829 1667 :
1863 1614 1980 1666 Non

419 1716 676 1759 vereatur
707 1707 848 1759 bona
889 1707 1071 1775 puclla
1102 1708 1328 1761 introire
1354 1708 1420 1761 ad
1465 1708 1744 1762 dominum
1775 1722 1977 1768 meum,

417 1810 474 1852 nt
532 1801 920 1853 hou‘orilieetur
970 1811 1097 1856 ante
1155 1801 1353 1855 faciem
1385 1803 1525 1871 ejus,
1580 1814 1636 1856 ut
1688 1802 1981 1857 manducet

413 1910 534 1946 cum
562 1908 645 1956 eo,
678 1903 732 1947 et
762 1892 915 1949 bibat
950 1896 1140 1948 vinum
1168 1895 1222 1947 in
1256 1896 1623 1963 jucunditate.
1655 1896 1752 1951 Cui
1788 1896 1976 1950 Judith

416 1988 696 2055 respondit
728 2003 741 2039 :
776 1987 905 2052 Qua:
950 2002 1050 2056 ego
1078 2003 1222 2050 sunt,
1258 1995 1318 2040 ut
1352 1990 1725 2042 contradicam
1759 1988 1980 2041 domino

413 2078 773 2132 tneo?0mne
810 2078 953 2147 quod
990 2079 1097 2131 erit
1142 2087 1268 2131 ante
1299 2078 1490 2132 oculos
1527 2080 1645 2149 ejus
1685 2081 1888 2133 bonum
1925 2089 1981 2133 et

413 2170 709 2237 optimum,
747 2168 961 2223 faciam.
993 2168 1272 2237 Quidquid
1325 2179 1507 2223 autem
1559 2170 1634 2222 illi
1678 2170 1978 2237 placuerit,

411 2260 516 2313 hoc
551 2260 683 2313 mihi
713 2262 823 2314 erit
858 2260 1122 2328 Optimum
1151 2261 1408 2315 omnibus
1438 2261 1633 2315 diebus
1669 2263 1790 2315 vitae
1821 2277 1974 2315 meae.

478 2351 547 2405 Et
585 2353 845 2417 surrexit,
879 2361 933 2405 et
965 2355 1181 2406 ornavit
1207 2368 1265 2407 se
1298 2355 1627 2409 vestimento
1653 2370 1771 2416 suo,
1810 2364 1866 2407 et
1899 2354 1979 2407 in-

412 2460 596 2514 gressa
629 2446 782 2499 stetit
812 2454 937 2500 ante
966 2446 1159 2501 faciem
1195 2448 1335 2517 ejus.
1370 2446 1477 2502 Cor
1506 2456 1689 2501 autem
1732 2446 1978 2502 Holofer-

415 2538 503 2593 tiis
535 2553 864 2593 concussum
893 2549 978 2593 est
1007 2558 1021 2593 :
1051 2548 1168 2592 erat
1194 2540 1340 2593 enim
1372 2540 1570 2594 ardens
1600 2541 1651 2593 in
1715 2542 1977 2609 concupi-

418 2633 633 2686 scetttia
687 2632 826 2700 ejus.
862 2630 928 2684 Et
980 2630 1117 2685 dixit
1158 2630 1224 2684 ad
1270 2646 1389 2684 eam
1415 2631 1738 2685 Holofernes
1776 2648 1791 2684 :
1846 2632 1974 2687 Bibe

409 2741 574 2789 nunc,
606 2733 661 2779 et
694 2728 958 2779 accumbe
1013 2724 1068 2778 in
1101 2723 1469 2791 jucunditate,
1525 2726 1783 2793 quoniam
1828 2725 1977 2779 inve-

406 2817 538 2871 nisti
572 2817 798 2887 gratiam
831 2832 1019 2871 coram
1060 2831 1163 2869 me.
1217 2817 1280 2867 Et
1323 2816 1462 2869 dixit
1495 2816 1682 2870 Iudith
1716 2834 1729 2870 :
1766 2817 1972 2879 Bibain,

408 2912 654 2971 domine,
680 2911 937 2980 quoniam
968 2908 1309 2979 magnit’icata
1342 2920 1425 2962 est
1453 2909 1634 2961 anima
1666 2925 1783 2963 mea
1813 2909 1974 2963 hodie

411 3018 523 3072 prae
557 3002 816 3055 omnibus
843 3002 1038 3054 diebus
1078 3000 1230 3053 nteis.
1282 2999 1347 3052 Et
1394 3002 1627 3069 accepit.
1663 3012 1718 3054 et
1751 3002 1974 3054 mandu-

2162 425 2226 479 Et
2297 430 2555 485 exierunt
2616 433 2757 499 duae,
2822 430 3127 488 secundum
3192 433 3645 490 consuetudinem

2090 536 2266 585 suam,
2299 523 2453 591 quasi
2502 525 2565 576 ad
2601 526 2930 591 orationem,
2972 536 3025 579 et
3074 526 3411 581 transierunt
3448 536 3644 593 castra,

2088 624 2144 668 et
2173 625 2429 683 gyranles
2453 616 2669 680 vallem,
2702 626 2969 671 venerunt
3020 617 3084 671 ad
3130 628 3340 686 portam
3388 620 3644 673 civitatis.

2088 706 2155 760 Et
2206 708 2341 761 dixit
2397 707 2584 763 Iudith
2638 724 2665 761 a
2715 710 2873 778 longe
2907 712 3229 765 custodibus
3292 727 3572 766 murorum
3630 728 3645 767 :

2088 800 2309 866 Aperite
2343 811 2549 867 portas,
2578 802 2835 871 quoniam
2881 802 3168 857 nobiscum
3200 812 3284 858 est
3334 802 3501 870 Deus,
3555 804 3646 873 qui

2088 892 2218 947 fecit
2246 894 2502 949 virtutem
2532 896 2585 948 in
2616 895 2775 951 Israel
2798 898 2837 950 ³.

2158 1004 2223 1057 Ει
2271 1004 2475 1059 factum
2526 1016 2628 1072 est,
2659 1021 2783 1060 cum
2818 1008 3095 1062 audissent
3141 1010 3236 1061 viri
3288 1023 3475 1065 vocem
3505 1010 3644 1079 ejus,

2088 1090 2426 1151 vocaverunt
2458 1098 2813 1169 presbyteros
2843 1100 3112 1154 civitatis-
3136 1100 3203 1153 Et
3249 1110 3649 1154 concurrerunt

2088 1188 2153 1240 ad
2181 1202 2300 1242 eam
2343 1205 2557 1256 omnes,
2607 1206 2635 1243 a
2689 1191 2917 1245 minimo
2974 1208 3149 1262 usque
3188 1192 3252 1246 ad
3306 1193 3595 1245 maximum
3635 1209 3647 1243 :

2087 1281 2349 1347 quoniam
2384 1282 2680 1350 sperabant
2714 1281 2825 1353 [Λι.
2872 1280 3181 1352 speraram]
3226 1296 3345 1335 eam
3385 1282 3495 1352 jam
3542 1298 3649 1335 non

2085 1388 2204 1427 esse
2238 1381 2545 1426 venturam.
2578 1374 2647 1427 Et
2673 1375 3033 1429 acccndentes
3081 1374 3396 1440 luminaria,
3449 1390 3651 1443 congy-

2087 1475 2348 1518 raverunt
2381 1467 2529 1519 circa
2556 1481 2675 1519 eam
2708 1466 2947 1520 universi
2978 1483 2991 1521 :
3021 1468 3106 1519 illa
3137 1475 3317 1520 autem
3348 1465 3652 1519 ascendens

2088 1556 2141 1608 in
2206 1556 2623 1610 eminentiorem
2688 1558 2894 1621 locum,
2948 1558 3111 1628 jussit
3172 1556 3294 1610 fieri
3350 1557 3648 1611 silentium.

2084 1649 2332 1717 Cumque
2380 1665 2566 1703 omnes
2606 1650 2927 1714 tacuissent,
2960 1650 3099 1703 dixit
3133 1649 3325 1704 Iudith
3360 1664 3373 1700 :
3406 1649 3649 1703 Laudate

2016 1768 2055 1821 Β
2088 1741 2371 1793 1)οηιίηιιιιι
2414 1740 2584 1795 Deum
2623 1744 2986 1811 nostrum,qui
3015 1754 3121 1795 non
3154 1741 3394 1795 deseruit
3425 1755 3650 1808 Speran-

2088 1844 2167 1887 tes
2200 1833 2252 1886 in
2295 1848 2352 1887 se
2382 1849 2395 1886 :
2421 1841 2477 1889 et
2506 1833 2560 1886 in
2593 1848 2681 1887 me
2718 1834 2915 1887 ancilla
2961 1848 3057 1887 sua
3091 1831 3406 1900 adimplevit
3437 1830 3648 1883 miseri-

2086 1926 2331 1980 cordiam
2389 1941 2569 1990 suam,
2611 1941 2773 1993 quam
2824 1926 3074 1995 promisit
3109 1923 3295 1977 domui
3337 1922 3503 1976 Israel
3537 1938 3549 1973 :
3592 1930 3648 1975 et

2085 2018 2359 2072 interfecit
2422 2018 2476 2071 in
2538 2032 2701 2070 manu
2758 2030 2878 2070 mea
2928 2015 3141 2070 hostem
3194 2014 3376 2083 populi
3416 2012 3499 2067 sui
3546 2011 3648 2066 hac

2082 2117 2265 2162 nocte.
2320 2107 2387 2161 Et
2450 2106 2733 2174 proferens
2781 2105 2849 2159 de
2918 2118 3047 2173 pera
3110 2113 3274 2171 caput
3314 2100 3644 2164 llolofernis,

2084 2200 2329 2254 ostendit
2360 2199 2487 2263 illis,
2508 2199 2696 2251 dicens
2726 2197 2912 2266 :gEcce
2943 2204 3107 2267 caput
3129 2194 3463 2256 Holofernis,
3492 2193 3644 2261 prin-

2082 2294 2221 2361 cipis
2256 2292 2464 2344 militia:
2496 2290 2870 2358 Assyriorum,
2907 2298 2962 2342 et
2989 2303 3115 2342 ecce
3140 2300 3442 2353 eonopeum
3474 2284 3643 2346 illius,

2081 2385 2137 2438 in
2163 2399 2271 2452 quo
2297 2383 2647 2437 recumbebat
2674 2398 2727 2434 tn
2759 2381 3022 2435 ebrietate
3044 2395 3166 2442 sua,
3187 2378 3278 2432 ubi
3303 2392 3397 2446 per
3424 2390 3643 2428 manum

2079 2478 2295 2531 feminae
2324 2474 2594 2541 percussit
2621 2474 2772 2527 illunt
2801 2474 3063 2526 Dominus
3092 2470 3232 2524 Deus
3259 2478 3464 2523 noster.
3499 2470 3643 2521 Vivit

2080 2581 2259 2624 autent
2294 2572 2409 2639 ipse
2449 2570 2733 2632 Domtuus,
2769 2568 3030 2636 quoniam
3083 2563 3378 2618 custodivit
3427 2574 3512 2614 me
3541 2573 3641 2613 an-

2079 2666 2233 2731 gelus
2264 2664 2405 2733 ejus,
2456 2670 2513 2715 et
2554 2662 2684 2714 hine
2730 2670 2976 2723 euntem,
3031 2666 3087 2711 et
3144 2655 3217 2711 ibi
3284 2667 3639 2708 commoran-

2080 2767 2210 2819 tcm,
2234 2764 2289 2809 et
2321 2754 2447 2809 inde
2473 2754 2580 2808 huc
2610 2763 3011 2823 revertentem,
3033 2760 3086 2804 et
3117 2765 3222 2802 non
3256 2745 3505 2817 permisit
3555 2758 3638 2796 me

2078 2847 2341 2901 Dominus
2399 2847 2653 2901 ancillam
2708 2860 2863 2899 suam
2927 2839 3309 2910 coinquinari,
3370 2840 3461 2892 sed
3525 2837 3640 2889 sine

2080 2940 2380 3008 pollutione
2431 2938 2639 3007 peccati
2672 2937 2951 2991 revocavit
3002 2948 3090 2987 me
3129 2932 3283 2987 vobis
3317 2928 3639 2999 gaudentem

2080 3032 2134 3085 in
2173 3032 2395 3085 victoria
2430 3048 2546 3095 sua,
2593 3032 2647 3084 itt
2682 3030 2942 3083 evasione
2974 3042 3116 3088 mea,
3149 3035 3203 3079 et
3230 3024 3282 3077 in
3317 3021 3644 3076 liberatione

408 3095 575 3158 θίδνίίν
608 3103 662 3145 εί
688 3093 1066 3187 μ’δίι-φτθω
1097 3105 1337 3187 Ῥδοζθθ
1388 3106 1507 3159 qua:
1554 3100 1845 3187 Raraf’em‘
1896 3091 1967 3187 ηιξ
2003 3107 2044 3162 C
2081 3138 2280 3179 vestra.
2332 3123 2682 3179 Coulitetnini
2721 3121 2795 3175 illi
2838 3120 3100 3185 omnes‘,
3132 3120 3394 3187 quoniam
3445 3116 3642 3175 bonus.

417 3187 619 3239 ancilla
651 3186 788 3254 ejus.
832 3185 899 3237 Et
925 3184 1204 3253 jucundus
1232 3182 1409 3236 factus
1444 3190 1525 3236 est
1552 3180 1873 3237 Ilololernes
1904 3182 1968 3236 ad

408 3294 553 3341 eam,
620 3276 872 3344 bibitqtte
933 3277 1116 3328 vinum
1176 3275 1403 3328 ntultum
1469 3271 1653 3337 nimis,
1709 3283 1971 3341 quantum

409 3383 690 3436 nunquam
726 3367 935 3421 biberat
973 3365 1026 3418 in
1053 3365 1160 3419 vita
1197 3381 1318 3420 sna.

482 3461 643 3533 [ϐιῳ.
674 3456 839 3528 Χ111.]
876 3458 945 3513 Ut
974 3467 1155 3511 autem
1187 3472 1312 3511 sero
1361 3457 1564 3513 factum
1596 3468 1704 3517 est.
1754 3457 1975 3511 festina-

408 3562 613 3609 verunt
672 3552 817 3606 servi
876 3551 1022 3603 illius
1064 3550 1128 3604 ad
1175 3550 1409 3615 hospitia
1461 3566 1579 3614 sua,
1617 3561 1673 3603 et
1706 3550 1975 3604 conclusit

409 3650 592 3717 Vagae
624 3648 761 3701 ostia
792 3645 1055 3711 cubiculi,
1094 3653 1150 3698 et
1181 3644 1335 3698 abiit.
1374 3644 1540 3698 Erant
1573 3655 1753 3698 autem
1784 3658 1975 3697 omnes

411 3742 622 3811 fatigati
660 3756 689 3794 a
725 3740 853 3794 vino
888 3754 901 3793 :
937 3748 1164 3807 eratque
1215 3738 1407 3792 Judith
1453 3739 1567 3791 sola
1611 3740 1662 3789 in
1698 3737 1973 3791 cubiculo.

411 3838 583 3891 Porro
612 3833 937 3888 lIolofernes
962 3832 1178 3900 jacebat
1216 3830 1270 3883 in
1304 3833 1463 3891 lecto,
1501 3829 1670 3882 nimia
1706 3829 1977 3883 ebrietate

412 3929 646 3996 sopitus.
679 3926 932 3994 Dixitque
969 3923 1156 3977 Iudith
1188 3921 1382 3991 puella:
1411 3938 1522 3976 suae
1550 3929 1610 3975 ut
1643 3930 1812 3975 staret
1841 3920 1975 3975 foris

410 4028 535 4073 aute
560 4018 899 4081 cubiculum,
930 4023 985 4068 et
1023 4013 1358 4083 observaret.

487 4113 761 4179 Stetitque
792 4108 981 4163 Judith
1016 4115 1142 4158 ante
1182 4104 1408 4166 lectum,
1453 4118 1616 4157 orans
1646 4119 1768 4157 cunt
1806 4104 1979 4174 lacry-

408 4210 538 4271 tuis,
567 4220 618 4259 et
660 4204 933 4258 labiorum
956 4209 1105 4252 metu
1143 4198 1197 4250 in
1223 4198 1465 4257 silentio,
1507 4197 1697 4253 dicens
1724 4215 1737 4250 ι
1767 4197 1979 4251 (Ζοιιῐίιυο

416 4318 499 4351 ltt:t
532 4313 640 4361 me,
666 4294 891 4349 Domine
923 4292 1066 4346 Deus
1090 4289 1280 4354 Israel,
1301 4299 1355 4341 et
1398 4290 1605 4357 respice
1630 4289 1682 4341 in
1714 4288 1815 4343 hac
1844 4290 1975 4343 hora

418 4391 482 4441 ad
510 4404 676 4456 opera
718 4398 980 4440 manuum
1020 4397 1287 4445 mearum,
1339 4391 1421 4443 ttt,
1464 4381 1604 4433 sicut
1654 4381 1975 4450 promisisti,

414 4478 719 4532 Jerusalem
772 4474 1049 4529 civitatent
1101 4481 1250 4525 tuam
1299 4470 1525 4540 erigas:
1568 4479 1623 4524 et
1672 4471 1794 4533 hoc,
1832 4472 1975 4541 quod

414 4568 643 4621 credens
670 4581 767 4636 per
801 4573 852 4618 te
884 4580 1043 4634 posse
1069 4562 1209 4624 fieri,
1241 4562 1477 4629 cogitavi
1504 4565 1546 4625 ’,
1580 4563 1881 4631 perficiam.
1912 4563 1977 4617 Et

413 4678 536 4713 cum
571 4661 684 4713 [nec
710 4656 959 4717 dixisset,
992 4653 1227 4708 accessit
1249 4653 1315 4705 ad
1346 4652 1678 4718 columnam,
1710 4669 1829 4721 qua:
1860 4663 1977 4707 erat

412 4754 477 4808 ad
515 4760 677 4821 caput
705 4749 889 4804 lectuli
921 4748 1064 4817 ejus,
1090 4754 1145 4799 et
1178 4744 1471 4814 pugionem
1506 4745 1644 4814 ejus,
1674 4746 1765 4813 qui
1820 4746 1871 4797 iit
1915 4759 1976 4798 ea

419 4848 619 4914 ligatus
666 4840 959 4912 pendebat,
1012 4837 1266 4893 exsolvit.
1319 4837 1567 4906 Cumque
1636 4838 1979 4907 evaginasset

419 4940 595 5000 illum,
643 4933 1009 5005 apprehendit
1064 4946 1274 4986 comam
1333 4932 1526 5000 capitis
1573 4931 1708 5000 ejus,
1754 4944 1807 4984 et
1856 4931 1974 4987 ait:

421 5032 692 5084 (lentirma
725 5043 831 5090 nte,
867 5025 1090 5079 Domine
1130 5024 1272 5076 Deus
1308 5023 1361 5076 in
1398 5024 1500 5077 hac
1548 5023 1702 5076 hora.
1754 5023 1821 5076 Et
1860 5038 1981 5092 per-

415 5117 590 5171 cussit
622 5115 705 5169 bis
733 5115 785 5166 itt
813 5115 1086 5168 cervicem
1114 5112 1256 5182 ejus,
1288 5123 1340 5165 et
1379 5111 1618 5166 abscidit
1646 5122 1807 5181 caput
1837 5113 1977 5180 ejus,

417 5220 472 5262 et
497 5206 721 5261 abstulit
746 5219 1052 5272 eonopeum
1092 5204 1234 5272 ejus,
1276 5217 1304 5255 a
1336 5202 1630 5264 columnis,
1679 5211 1735 5255 et
1779 5204 1982 5257 evolvit

420 5315 621 5369 corpus
653 5299 775 5367 ejus
821 5304 1096 5349 truncum.
1131 5294 1196 5346 Et
1248 5304 1371 5363 post
1423 5294 1678 5362 pusillum
1711 5297 1896 5361 exivit,
1927 5306 1983 5350 et

424 5392 650 5446 tradidit
684 5399 853 5459 caput
881 5388 1196 5443 llolol‘ernis
1224 5388 1434 5441 ancillae
1468 5402 1603 5452 suae,
1631 5399 1687 5442 et
1715 5390 1879 5458 jussit
1920 5399 1981 5444 ut

425 5486 665 5540 mitteret
701 5481 835 5536 illud
864 5482 919 5535 in
954 5493 1139 5548 perant
1174 5493 1353 5532 suam.

500 5622 513 5649 ¹
560 5622 787 5675 Rectius
821 5621 985 5687 idque
1029 5624 1342 5669 constanter
1377 5615 1546 5667 nostri
1597 5629 1725 5669 mss.
1766 5615 1985 5688 Bagoan

421 5704 641 5743 Vrit-alit.

497 5763 516 5793 ³
555 5762 682 5815 l’lus
716 5762 876 5814 habet
917 5760 1134 5828 Reginae
1168 5774 1295 5821 1115.,
1333 5754 1396 5811 Et
1448 5757 1693 5825 cogitari,
1737 5768 1843 5814 etc.

2069 3219 2332 3285 quoniam
2369 3216 2422 3270 in
2459 3216 2718 3270 saeculum
2749 3213 3124 3268 misericordia
3146 3212 3285 3281 ejus.

2155 3331 2406 3386 Universi
2431 3340 2609 3383 autem
2635 3330 2928 3384 adorantes
2949 3328 3261 3387 Dominum,
3293 3325 3546 3378 dixerunt
3577 3323 3644 3375 ad

2080 3440 2199 3480 eam
2236 3438 2249 3477 :
2285 3422 2572 3477 Benedixit
2618 3432 2669 3476 te
2706 3421 2968 3475 Dominus
3021 3420 3073 3473 in
3124 3420 3327 3472 virtute
3361 3430 3479 3477 sua,
3512 3417 3640 3483 quia

2083 3532 2181 3585 per
2213 3526 2266 3569 te
2303 3516 2368 3568 ad
2399 3515 2630 3568 nihilum
2675 3513 2887 3582 redegit
2919 3511 3174 3565 inimicos
3204 3519 3443 3562 nostros.
3476 3506 3647 3559 Porro

2085 3611 2266 3673 Ozias,
2296 3614 2553 3675 princeps
2594 3605 2781 3676 populi
2833 3604 3024 3666 Israel,
3065 3602 3203 3656 dixit
3242 3600 3308 3653 ad
3342 3615 3457 3653 eam
3494 3615 3506 3649 :
3540 3598 3646 3651 Be-

2082 3703 2302 3756 nedicta
2335 3716 2394 3755 es
2426 3709 2479 3753 tu
2509 3699 2614 3752 ﬁlia
2649 3714 2676 3750 a
2707 3697 2936 3750 Domino
2975 3696 3086 3749 Deo
3124 3693 3359 3764 excelso.
3392 3706 3500 3759 ιιι-ω
3529 3704 3647 3744 ont-

2084 3795 2249 3849 nibus
2283 3791 2610 3846 mulieribus
2635 3805 2800 3858 super
2829 3798 3050 3841 terram.
3092 3783 3419 3838 Benedictus
3454 3781 3645 3834 Domi-

2087 3903 2212 3952 nus,
2249 3887 2344 3956 qul
2401 3886 2605 3939 creavit
2638 3883 2838 3937 coelum
2869 3892 2923 3935 et
2965 3888 3186 3943 terram,
3212 3878 3306 3945 qui
3362 3886 3412 3929 te
3441 3874 3648 3930 direxit

2087 3979 2141 4031 in
2165 3977 2390 4031 vulnera
2415 3974 2612 4043 capitis
2643 3971 2905 4041 principis
2927 3970 3271 4025 inimicorum
3296 3976 3603 4020 nostrorum
3628 3982 3644 4019 :

2084 4071 2213 4138 quia
2240 4068 2402 4121 hodie
2431 4080 2629 4119 nomen
2665 4075 2813 4117 tuutn
2876 4061 2949 4113 ita
2991 4057 3380 4128 magttilicavit,
3422 4064 3481 4108 ut
3530 4069 3643 4107 non

2085 4157 2306 4211 recedat
2331 4156 2451 4209 laus
2504 4162 2594 4206 tua
2636 4152 2703 4205 de
2749 4165 2844 4205 ore
2873 4149 3179 4210 hominum,
3231 4147 3324 4217 qui
3374 4160 3648 4199 memores

2087 4246 2292 4302 fuerint
2320 4246 2559 4313 ,virtutis
2611 4243 2825 4297 Dontini
2870 4241 2923 4294 in
2979 4251 3262 4301 aeternum,
3304 4254 3400 4307 pro
3442 4237 3647 4302 quibus

2085 4355 2195 4392 non
2235 4337 2531 4408 pepercisti
2584 4338 2780 4389 animae
2836 4342 2962 4398 tuze,
3014 4343 3236 4400 propter
3280 4329 3558 4400 angustias
3588 4338 3646 4381 et

2010 4444 2057 4504 υ
2089 4432 2494 4486 tribulationem
2521 4430 2736 4495 generis
2755 4427 2854 4490 tui,
2879 4426 2975 4480 sed
2996 4423 3295 4479 subveniati
3322 4423 3493 4475 ruina:
3519 4430 3647 4473 ante

2082 4531 2443 4593 conspectum
2476 4521 2567 4575 Dei
2606 4519 2802 4576 nostri.
2854 4518 2921 4571 Et
2962 4516 3103 4570 dixit
3134 4514 3312 4569 omnis
3365 4513 3641 4582 populus:

2085 4620 2222 4685 Fiat,
2252 4621 2365 4675 flat.

2153 4758 2322 4811 Porro
2349 4754 2553 4809 Aeltior
2577 4759 2801 4806 vocatus
2839 4751 3014 4814 venit,
3044 4759 3099 4804 et
3133 4747 3270 4803 dixit
3315 4747 3366 4800 ei
3404 4744 3592 4801 Iudith
3626 4760 3641 4797 :

2081 4851 2227 4905 Deus
2258 4847 2449 4909 Israel,
2481 4847 2569 4900 cui
2597 4855 2651 4899 tu
2679 4843 3048 4898 testimonium
3080 4840 3275 4895 dedisti
3330 4839 3475 4909 quod
3508 4838 3648 4893 ulei-

2082 4952 2267 4998 scatur
2293 4958 2350 4996 se
2370 4941 2437 4995 de
2462 4937 2699 4993 inimicis
2717 4937 2852 4999 suis,
2876 4936 2991 5003 ipse
3014 4942 3178 5002 caput
3199 4932 3439 4987 omnium
3464 4930 3650 4983 incre-

2083 5036 2339 5089 ditiorum
2386 5031 2578 5085 incidit
2614 5031 2715 5082 hac
2763 5035 2926 5081 nocte
2970 5029 3022 5078 in
3072 5040 3233 5077 manu
3286 5037 3425 5077 mea.
3466 5019 3530 5072 Et
3582 5028 3647 5073 ut

2083 5128 2284 5198 probes
2323 5125 2451 5190 quia
2495 5125 2565 5176 ita
2592 5130 2695 5184 est,
2730 5134 2860 5174 ecce
2902 5126 3072 5185 caput
3094 5114 3426 5176 Holofernis,
3459 5113 3552 5181 qui
3585 5111 3645 5165 in

2084 5226 2403 5285 contemptu
2430 5211 2707 5281 superbiae
2741 5220 2853 5263 suae
2888 5210 3055 5261 Deum
3095 5206 3258 5259 Israel
3290 5201 3642 5269 contempsit,

2088 5320 2142 5364 et
2175 5310 2274 5363 tibi
2324 5306 2604 5362 interitum
2656 5301 2987 5359 mittebatur.
3025 5299 3213 5351 dicens
3242 5317 3253 5351 :
3282 5296 3417 5349 Cum
3450 5304 3647 5362 captus

2086 5402 2261 5456 fuerit
2309 5398 2544 5468 populus
2578 5394 2767 5459 Israel,
2800 5392 2979 5463 gladio
3033 5391 3295 5459 perforari
3333 5388 3641 5457 praecipiam

2087 5495 2256 5549 latera
2287 5502 2399 5545 tua.
2435 5488 2639 5544 Videns
2662 5493 2844 5539 autem
2878 5484 3078 5538 Achior
3109 5492 3273 5550 caput
3304 5480 3638 5540 llolol'ernis,

2160 5631 2180 5661 ³
2224 5627 2458 5680 Palatin.
2491 5639 2617 5684 ms..
2652 5622 2797 5675 Fecit
2828 5622 3052 5673 salutem
3089 5635 3336 5686 magnam
3365 5619 3418 5669 in
3449 5613 3640 5670 Israel.

2163 5700 2181 5728 ⁸
2221 5698 2279 5751 In
2311 5695 2501 5751 eodem
2535 5710 2658 5760 ms.,
2694 5692 3053 5757 Conﬁtcamur
3083 5689 3161 5740 illi
3200 5704 3396 5751 antiret,
3426 5697 3533 5740 etc.
