3966 6184
271 387 330 448 57
1559 373 1823 444 “ABER

1963 375 2160 434 DiTil.
3423 373 3494 432 58

272 505 592 572 angustiatus
640 510 750 564 pra:
796 507 1019 564 pavore,
1069 491 1272 548 cecidit
1323 492 1376 546 in
1441 493 1634 547 faciem
1666 509 1819 546 suam
1851 499 1898 553 Α
1930 501 2110 543 menta
2143 505 2264 543 sua.
2304 487 2366 541 Et
2395 489 2675 557 ingressus
2707 488 3123 542 tabernaculum
3160 486 3499 547 Juditb.non

276 608 424 661 super
455 599 678 650 terram,
707 597 762 640 et
798 588 1053 640 aestuavit
1078 587 1258 640 anima
1293 586 1444 655 ejus;
1475 579 1666 654 postea
1698 601 1825 638 vero

273 703 439 758 quam,
470 693 752 752 resumpto
788 683 1012 753 spiritu,
1047 691 1327 735 recreatus
1352 691 1455 741 est,
1477 680 1728 747 procidit
1759 679 1824 730 ad

273 783 421 851 pedes
453 781 592 848 ejus,
626 788 682 831 et
710 778 961 829 adoravit
1016 791 1158 837 eam,
1198 785 1253 828 et
1299 774 1438 828 dixit
1468 793 1480 825 :
1533 773 1825 826 Benedicta

273 883 372 926 tua
407 871 518 924 Deo
556 880 651 923 tuo
684 871 737 923 in
771 869 920 922 omni
965 866 1317 922 tabernaculo
1345 865 1534 928 Jacob,
1570 866 1826 932 quoniam

273 968 319 1020 in
347 966 486 1018 omni
519 973 704 1032 gente.
730 979 850 1028 qnze
880 963 1120 1015 audierit
1159 975 1357 1012 nomen
1395 967 1572 1022 tuum,
1617 956 1828 1025 magni-

276 1060 512 1113 ficabitnr
547 1071 711 1125 super
735 1065 787 1108 te
819 1055 962 1108 Deus
1000 1053 1190 1106 Israel.

335 1149 481 1220 [ϐαρ.
509 1143 676 1215 XIV.]
707 1146 849 1198 Dixit
875 1155 1057 1196 autem
1086 1143 1269 1197 Judith
1301 1141 1365 1193 ad
1400 1153 1619 1194 omnem
1654 1152 1830 1207 popu-

274 1242 372 1294 lum
409 1257 421 1290 :
461 1239 661 1292 Audite
710 1252 817 1298 me,
856 1235 1076 1300 fratres,
1143 1234 1463 1303 suspendite
1515 1239 1677 1300 caput
1726 1230 1832 1283 hoc

274 1347 423 1399 super
474 1345 665 1382 muros
700 1336 918 1381 n0stros
955 1343 968 1378 :
1000 1336 1052 1378 et
1105 1327 1230 1386 erit,
1285 1341 1410 1378 cum
1465 1323 1667 1377 exierit
1721 1321 1827 1384 sol,

275 1423 488 1492 accipiat
522 1421 902 1487 unusquisque
951 1433 1098 1470 arma
1135 1433 1256 1482 sua,
1285 1427 1339 1469 ct
1372 1416 1518 1469 exite
1567 1429 1690 1468 cum
1731 1413 1834 1466 im-

276 1529 409 1584 petit,
446 1531 554 1566 non
600 1524 658 1565 ut
684 1511 1035 1566 descendatis
1069 1511 1352 1571 deorsum,
1379 1510 1473 1562 sed
1514 1509 1669 1577 quasi
1732 1508 1833 1558 im-

279 1618 444 1678 petum
484 1607 777 1660 facientes.
828 1605 984 1659 Tunc
1035 1605 1410 1673 exploratores
1466 1615 1691 1654 necesse
1731 1599 1836 1652 erit

281 1714 329 1752 ut
353 1701 558 1768 fugiant
603 1698 668 1750 ad
706 1698 1008 1766 principem
1048 1714 1206 1750 suum
1241 1697 1594 1750 excitandum
1629 1692 1696 1745 ad
1730 1708 1835 1761 pu-

281 1809 420 1862 gnam
444 1792 479 1843 ί.
544 1790 798 1858 Cumque
869 1792 1034 1842 duces
1095 1803 1285 1842 eorum
1352 1788 1702 1839 cucurrerint
1769 1783 1833 1835 ad

282 1884 679 1938 tabernaculum
721 1880 1054 1938 Holofernis.
1090 1889 1144 1934 et
1177 1877 1489 1931 invenerint
1523 1891 1648 1928 eum
1677 1881 1836 1925 trun-

280 1992 388 2029 cum
422 1977 470 2026 in
506 1990 608 2027 suo
642 1975 906 2039 sanguine
941 1971 1268 2032 volutatum,
1298 1969 1513 2022 decidet
1547 1981 1712 2034 super
1742 1979 1840 2018 eos

283 2069 430 2119 timor
487 2065 604 2137 [ΑΙ.
654 2063 904 2136 tremor].
940 2063 1186 2131 Cumque
1233 2059 1602 2128 eognoveritis
1653 2059 1838 2125 fugere

281 2173 382 2221 eos,
417 2161 488 2212 ite
530 2168 652 2227 post
683 2158 802 2210 il|0s
827 2157 1032 2224 securi,
1065 2154 1322 2223 quoniam
1359 2150 1623 2205 Dominus
1650 2159 1840 2202 conte-

283 2260 352 2301 ret
380 2263 472 2302 eos
508 2252 611 2302 sub
652 2248 882 2316 pedibus
918 2246 1136 2300 vestris.

344 2340 489 2393 Tune
526 2340 731 2392 Acbior
768 2339 960 2391 videns
988 2339 1274 2397 virtutem,
1309 2350 1471 2402 quam
1525 2332 1657 2387 fecit
1695 2332 1841 2384 Deus

286 2429 431 2484 Israel
469 2431 584 2501 [AL
638 2432 691 2483 in
739 2430 943 2499 Israel].
972 2431 1161 2484 relicto
1195 2428 1519 2498 gentiltatis
1548 2428 1682 2488 ritu,
1719 2440 1843 2477 cre-

285 2525 408 2578 didit
431 2524 569 2588 Deo,
614 2533 669 2576 et
703 2522 1054 2576 circumcidit
1085 2535 1303 2574 carnem
1346 2518 1598 2588 pra'putii
1643 2517 1748 2580 sui,
1792 2527 1846 2569 et

283 2619 555 2686 appositus
577 2627 663 2668 est
696 2615 760 2666 ad
793 2615 1050 2681 populum
1084 2612 1309 2673 Israel’,
1337 2623 1391 2663 et
1421 2609 1602 2661 omnis
1628 2621 1842 2661 succes-

281 2712 355 2763 sio
381 2710 601 2779 generis
631 2709 750 2778 ejus
784 2720 957 2774 usque
993 2706 1043 2756 in
1075 2705 1416 2768 hodiernum
1439 2702 1608 2754 diem.

352 2800 464 2853 Mox
489 2810 671 2852 autem
701 2810 758 2851 ut
785 2810 939 2849 ortus
961 2804 1045 2849 est
1073 2796 1211 2860 dies,
1238 2796 1643 2861 suapenderuut
1675 2807 1842 2860 super

285 2908 458 2945 muros
517 2899 681 2956 caput
727 2887 1062 2948 llolofernis,
1097 2885 1419 2953 accepitque
1469 2885 1846 2952 unusquisque

283 2983 359 3034 vir
387 2997 538 3034 arma
565 2995 683 3043 sua,
717 2988 769 3031 et
806 2976 1010 3046 egressi
1039 2984 1168 3028 sunt
1219 2990 1342 3026 cum
1385 2973 1579 3042 grandi
1611 2972 1845 3039 strepitu

284 3087 332 3130 et
358 3076 592 3128 ululatu.
624 3071 788 3137 Quod
819 3071 1066 3123 videntes
1100 3067 1502 3136 exploratores,
1555 3066 1620 3118 ad
1654 3065 1852 3118 .taber-

1933 583 2142 636 invenit
2172 597 2314 644 eam,
2334 591 2389 634 et
2429 581 2632 634 exsiliit
2659 580 2810 634 foras
2833 583 2898 634 ad
2935 581 3219 649 populum,
3240 589 3295 633 et
3327 580 3499 633 dixit:

1933 678 2048 732 Una
2103 675 2304 727 mulier
2343 674 2567 727 llebrzra
2623 673 2754 726 fecit
2796 673 3174 726 confusionem
3230 672 3283 724 in
3339 672 3505 723 dumo

1931 769 2072 834 regis
2103 766 2606 820 Nabuchodonosor
2636 780 2800 820 :ecce
2827 765 2972 818 enim
2998 764 3330 818 ilolofernes
3357 763 3505 832 jacet

1932 861 1984 914 in
2015 870 2181 918 terra.
2220 870 2274 914 et
2304 869 2468 927 caput
2498 860 2614 930 ejus
2647 875 2755 912 non
2787 870 2872 913 est
2910 860 2964 912 in
3002 860 3118 912 illo.

2003 951 2160 1016 Quod
2201 966 2322 1002 cum
2359 949 2646 1003 audissent
2684 950 2957 1017 principes
3003 947 3226 1000 virtutis
3252 947 3505 1015 Assyrio—

1918 1059 2078 1108 ‘rum,
2115 1045 2403 1096 sciderunt
2426 1058 2618 1096 omnes
2651 1043 2974 1095 vestimenta
3009 1057 3126 1101 sua,
3155 1049 3210 1093 et
3242 1041 3508 1093 intolera-

1936 1135 2060 1187 bilis
2096 1135 2259 1186 timor
2289 1143 2341 1185 et
2370 1143 2574 1186 tremor
2603 1133 2803 1187 cecidit
2848 1147 3009 1200 sulyer
3043 1145 3159 1194 eos,
3203 1139 3257 1182 et
3307 1128 3509 1183 turbati

1935 1234 2062 1277 sunt
2096 1224 2267 1275 animi
2299 1238 2488 1275 eorum
2523 1223 2704 1276 valde.
2754 1223 2818 1273 Et
2859 1222 3035 1276 factus
3065 1231 3147 1274 est
3179 1221 3390 1274 clamor
3425 1223 3509 1273 in-

1938 1330 2125 1382 compa
2139 1315 2326 1367 rabilis
2370 1315 2422 1366 in
2452 1314 2632 1367 medio
2655 1323 2958 1367 castrorum
2990 1328 3180 1366 eorum
3201 1313 3220 1342 ‘
3241 1352 3254 1363 .

2009 1408 2165 1478 lCap.
2201 1405 2342 1475 ΧΗ
2365 1407 2618 1475 Cumque
2642 1408 2822 1459 omnis
2856 1407 3134 1458 exercitus
3169 1401 3532 1458 decollatum'

1938 1499 2285 1553 llolofernem
2327 1499 2590 1560 audisset,
2620 1497 2757 1566 fugit
2800 1512 2954 1550 mens
2997 1505 3053 1549 et
3106 1495 3395 1548 consilium
3445 1494 3513 1546 ab

1937 1592 2038 1655 eis,
2073 1603 2128 1644 et
2171 1593 2287 1645 solo
2316 1601 2552 1643 tremore
2589 1599 2643 1643 et
2692 1599 2840 1640 metu
2898 1587 3108 1656 agitati,
3143 1585 3280 1654 fuga:
3327 1586 3514 1652 praesi-

1944 1688 2095 1740 dium
2129 1696 2401 1739 sumunt:
2440 1685 2512 1738 ita
2544 1693 2603 1736 ut
2645 1683 2826 1736 nullus
2859 1682 3182 1749 loqueretur
3228 1694 3352 1732 cum
3392 1693 3516 1746 pro-

1952 1779 2098 1830 ximo
2133 1793 2255 1839 suo,
2292 1777 2386 1829 sed
2417 1775 2680 1829 inclinato
2708 1773 2892 1841 capite
2916 1773 2958 1831 ³,
2991 1771 3201 1823 relictis
3232 1771 3516 1829 omnibus,

1939 1868 2172 1922 evadere
2192 1867 2549 1920 festinabant.
2585 1864 2862 1927 Hebraeos,
2917 1877 3056 1927 quos
3084 1870 3323 1914 armatos
3353 1873 3518 1927 super

1939 1978 1999 2016 se
2025 1959 2212 2014 venire
2238 1959 2554 2022 audiebant,
2581 1953 2883 2026 fugientes“
2918 1969 3016 2023 per
3044 1957 3159 2007 vias
3195 1959 3514 2021 camporum

1937 2066 1994 2108 et
2025 2053 2250 2107 semitas
2282 2052 2528 2104 collium.

2010 2145 2266 2198 V'identes
2293 2145 2474 2212 itaque
2502 2143 2595 2195 lilii
2623 2142 2788 2197 Israel
2826 2141 3122 2211 fugientes,
3169 2138 3347 2192 secuti
3391 2145 3521 2191 sunt

1941 2239 2084 2292 illos.
2127 2237 2654 2305 Descenderuntque
2713 2235 3037 2303 clangentes
3081 2233 3248 2296 tubis,
3297 2241 3353 2284 et
3402 2231 3521 2283 ulu-

1943 2333 2126 2385 iantes
2155 2339 2280 2399 post
2312 2329 2482 2397 ipsos.
2512 2328 2577 2381 Et
2599 2327 2862 2396 quoniam
2888 2326 3096 2396 Assyrii
3130 2339 3240 2379 non
3271 2323 3522 2385 adunati,

1945 2425 1999 2476 in
2033 2422 2214 2491 fugam
2259 2422 2408 2475 ibant
2443 2420 2753 2489 praecipites
2783 2439 2798 2472 :
2835 2418 2930 2472 [iiii
2982 2428 3163 2472 autem
3210 2417 3376 2471 Israel
3412 2414 3523 2467 uno

1943 2517 2162 2584 agmine
2220 2522 2635 2584 persequentes.
2702 2511 3067 2566 debilitabant
3113 2523 3327 2574 omnes,
3384 2523 3524 2578 quos

1945 2611 2195 2666 invenire
2232 2607 2563 2676 potuissent.

2015 2703 2165 2757 Misit
2198 2703 2386 2769 itaque
2421 2699 2580 2753 Ozias
2605 2699 2830 2752 nuntios
2853 2713 2947 2766 per
2977 2711 3170 2749 omnes
3192 2694 3444 2748 civitates
3471 2702 3525 2745 et

1945 2799 2198 2865 regiones
2250 2793 2436 2847 Israel.
2499 2792 2692 2844 Omnis
2744 2791 2927 2858 itaque
2992 2788 3159 2857 regio,
3228 2788 3524 2851 omnisque

1948 2888 2129 2952 urbs7,
2158 2887 2391 2940 electam
2413 2880 2754 2952 juventutem
2787 2889 3051 2934 armatam
3087 2879 3235 2932 misit
3256 2885 3373 2946 post
3403 2890 3523 2940 eos,

1954 2991 2008 3035 et
2035 2978 2307 3048 persecuti
2361 2987 2490 3032 sunt
2519 2992 2613 3030 eos
2644 2977 2697 3028 in
2733 2990 2827 3028 ore
2862 2973 3029 3044 gladii
3063 2986 3345 3039 quousque
3375 2968 3528 3022 veni-

1949 3081 2070 3124 rent
2101 3070 2169 3123 ad
2210 3068 2609 3123 extremitatem
2673 3066 2863 3118 finium
2901 3077 3146 3118 suorum.
3181 3058 3397 3127 Reliqui
3427 3073 3528 3110 au-

285 3169 534 3218 naculum
566 3160 878 3216 llolofernis
923 3168 1307 3213 cucurrerunt.
1342 3157 1511 3209 Porro
1573 3155 1628 3207 hi
1659 3154 1752 3222 qui
1795 3154 1850 3206 in
1879 3168 1921 3226 ο
1958 3175 2064 3217 [em
2099 3163 2190 3232 qui
2225 3169 2380 3216 eram
2431 3159 2486 3212 in
2556 3159 2832 3221 Βειιιυιίει,
2892 3155 3123 3224 ingressi
3175 3160 3304 3205 sunt
3353 3159 3531 3204 castra

288 3254 637 3309 tabernaculo
658 3259 844 3317 erant,
872 3259 1178 3308 venientes.
1199 3257 1253 3301 et
1282 3247 1590 3315 ingressum
1612 3241 1849 3297 cubiculi

287 3357 713 3419 perstrepentes,
739 3343 1008 3398 excitandi
1044 3342 1236 3413 gratia,
1273 3338 1709 3408 inquietudinem
1736 3343 1852 3389 arte

287 3447 671 3508 moliebantur,
703 3451 763 3495 ut
793 3455 899 3494 non
928 3438 995 3491 ab
1021 3434 1416 3496 excitantibus,
1455 3430 1549 3484 sed
1586 3446 1615 3482 a
1646 3443 1848 3482 sonan-

288 3539 427 3592 tibus
475 3533 805 3589 llolofernes
841 3529 1147 3598 evigilaret.
1194 3525 1390 3578 Nullus
1421 3522 1568 3576 enim
1617 3520 1856 3574 audebat

289 3631 597 3687 cubiculum
648 3625 867 3678 virtutis
908 3621 1252 3691 Assyriorum
1304 3614 1571 3685 pulsando
1599 3623 1694 3666 aut
1748 3613 1837 3665 iti-

293 3725 484 3780 traudo
525 3719 764 3790 aperire.
797 3715 905 3770 Sed
941 3729 1066 3768 cum
1108 3711 1389 3766 venissent
1424 3708 1543 3777 ejus
1589 3708 1759 3759 duces
1793 3719 1856 3758 ac

293 3819 515 3880 tribuni,
544 3826 599 3867 et
631 3812 870 3865 universi
904 3807 1138 3877 majores
1153 3801 1430 3857 exercitus
1467 3797 1634 3866 regis‘
1683 3800 1854 3866 Assy-

292 3919 521 3978 riorum,
551 3913 810 3966 dixerunt
833 3902 1190 3960 cubiculariis
1230 3917 1243 3953 :
1281 3902 1506 3962 intrate,
1546 3895 1859 3951 etexcitate

293 4011 464 4073 illum,
512 4006 776 4078 quoniam
828 3999 1034 4070 egressi
1084 4009 1274 4051 mures
1311 3992 1379 4046 de
1407 3989 1667 4045 cavernis
1715 3986 1854 4046 suis.

297 4105 409 4158 ausi
444 4111 573 4156 sunt
606 4110 904 4169 provocare
931 4108 1032 4147 nos
1058 4092 1122 4146 ad
1153 4089 1422 4160 praelium.

362 4197 518 4250 Tunc
579 4195 863 4260 ingressus
913 4186 1093 4257 Vagao
1147 4181 1467 4238 cubiculum
1513 4177 1652 4246 ejus,
1711 4171 1865 4228 stetit

295 4301 416 4346 ante
452 4288 748 4348 cortinam,
798 4292 856 4336 et
912 4281 1162 4350 plausum
1218 4275 1348 4328 fecit
1400 4271 1655 4325 manibus
1702 4268 1862 4322 suis:

295 4381 678 4453 suspicabatur
747 4375 898 4429 enim
936 4372 1090 4426 illum
1161 4383 1282 4424 cum
1345 4364 1537 4421 Judith
1603 4360 1865 4416 dormire.

295 4478 400 4532 Sed
436 4490 558 4530 cum
602 4470 814 4524 nullum
872 4476 1080 4518 motum
1135 4461 1368 4532 jacentis
1419 4472 1586 4513 sensu
1645 4453 1860 4508 aurium

1953 3257 2326 3324 Assyriorum,
2359 3261 2416 3307 et
2459 3251 2720 3322 praedam,
2757 3263 2920 3317 quam
2989 3245 3266 3316 fugientes
3316 3241 3530 3310 Assyrii

1957 3349 2312 3416 reliquerant,
2345 3345 2714 3405 abstulerunt,
2763 3351 2820 3396 et
2871 3338 3112 3394 onustati
3139 3338 3161 3368 ⁸
3190 3345 3322 3391 sunt
3353 3334 3531 3388 valde.

1957 3439 2021 3492 lli
2057 3453 2206 3503 vero,
2233 3437 2326 3506 qui
2371 3437 2607 3490 victores
2634 3433 2842 3487 reversi
2905 3430 3123 3485 suntad
3198 3427 3533 3490 Betliuliam,

1960 3533 2142 3586 omnia
2171 3547 2293 3599 qua:
2332 3539 2493 3584 erant
2537 3529 2781 3588 illorum,
2818 3525 3128 3579 attulerunt
3183 3537 3396 3580 secum,
3462 3525 3535 3571 ita

1962 3633 2020 3676 ttt
2048 3638 2155 3676 non
2185 3631 2332 3677 esset
2368 3635 2634 3674 numerus
2682 3617 2737 3671 in
2769 3616 3084 3686 pecoribus,
3141 3622 3197 3666 et
3247 3609 3535 3680 iumentis,

1941 3705 2317 3788 et'universis
2342 3711 2640 3766 mobilibus
2687 3722 2898 3771 eorum,
2937 3715 2994 3759 ut
3029 3720 3058 3758 a
3092 3703 3324 3756 minimo
3361 3713 3538 3768 usque

1961 3809 2031 3862 ad
2092 3807 2387 3860 maximum
2433 3818 2627 3858 omnes
2659 3800 2860 3855 divites
2912 3799 3106 3852 tierent
3141 3795 3208 3848 de
3240 3793 3542 3863 praedatio-

1961 3899 2126 3955 nibus
2162 3913 2375 3953 eorum.

2055 3991 2261 4045 Joacim
2291 3999 2494 4053 autem,
2524 4002 2775 4042 summus
2824 3983 3092 4055 pontifex,
3129 3982 3196 4036 de
3229 3978 3536 4036 Jerusalem

1965 4085 2118 4140 venit
2149 4085 2200 4137 in
2225 4083 2530 4137 Betltuliam
2561 4097 2682 4136 cum
2727 4078 2999 4134 universis
3030 4074 3366 4147 presbyteris
3399 4073 3538 4137 suis,

1967 4187 2024 4230 ut
2065 4176 2278 4230 videret
2305 4174 2518 4230 Judith.
2556 4175 2688 4239 Quae
2723 4186 2846 4226 cum
2873 4169 3076 4224 exisset
3112 4167 3179 4220 ad
3233 4166 3406 4225 illum.
3442 4163 3540 4217 be-

1966 4271 2292 4324 nedixerunt
2315 4283 2432 4321 eam
2454 4280 2645 4319 omnes
2666 4279 2771 4317 una
2791 4276 2946 4328 voce,
2966 4261 3213 4314 dicentes
3235 4275 3250 4318 ;
3271 4257 3350 4311 Tu
3372 4257 3544 4327 gloria

1966 4361 2292 4423 Jerusalem,
2339 4370 2392 4414 tu
2428 4359 2611 4412 laetitia
2641 4357 2828 4420 Israel,
2864 4364 2921 4408 tu
2974 4350 3401 4407 honorificentia
3436 4365 3535 4419 po-

1973 4456 2085 4525 puli
2129 4454 2304 4508 nostri
2338 4471 2351 4504 :
2389 4443 2515 4520 quia
2551 4451 2726 4504 fecisti
2792 4451 3046 4512 viriliter,
3073 4457 3129 4500 et
3167 4445 3542 4500 confortatum

297 4581 536 4640 caperet,
560 4563 793 4620 accessit
819 4559 1134 4630 proximans
1157 4555 1224 4608 ad
1248 4553 1537 4613 cortinam,
1563 4559 1617 4602 et
1645 4547 1864 4620 elevaps
1898 4532 1950 4592 Ῑ)
1974 4555 2057 4601 est
2087 4560 2180 4599 cor
2206 4554 2358 4597 tuum
2385 4545 2429 4606 ’,
2457 4557 2524 4596 eo
2584 4543 2728 4612 quod
2793 4543 3099 4598 castitatem
3153 4535 3454 4600 amaveris,
3491 4545 3548 4588 et

294 4639 440 4726 eam,
467 4661 770 4727 vidensque
804 4652 1038 4708 cadaver
1083 4650 1295 4716 absque
1329 4644 1507 4714 capite
1547 4639 1864 4696 llolofernis

298 4760 352 4811 in
385 4773 488 4809 suo
520 4751 784 4822 sanguine
836 4745 1168 4800 tabefactum
1199 4740 1385 4810 jacere
1429 4751 1593 4804 super
1636 4745 1862 4794 terram,

296 4847 622 4906 exclamavit
661 4857 797 4897 voce
828 4854 1022 4907 magna
1051 4849 1174 4890 cum
1209 4830 1364 4893 fletu,
1400 4837 1454 4883 et
1500 4826 1663 4881 scidit
1697 4824 1866 4879 vestio

375 5015 391 5044 ¹
441 5014 556 5066 Duo
589 5021 753 5068 mss.,
789 5004 866 5057 Ad
888 4998 1221 5054 excitandum
1251 5013 1369 5050 eum
1396 4993 1464 5046 ad
1492 4999 1761 5068 pugnam.

371 5086 391 5113 ²
433 5063 979 5137 ίηῖεηετὶιῬθΙειὶιι.
1009 5083 1113 5121 ms.
1149 5068 1237 5120 hic
1273 5080 1467 5120 nomen
1501 5063 1618 5114 Dei.

376 5154 397 5185 ⁸
439 5154 536 5206 Hic
566 5163 702 5202 vero
733 5157 929 5197 nomen
958 5140 1094 5208 regis
1125 5138 1268 5190 idem
1313 5151 1415 5186 nis.
1447 5141 1614 5186 tacet.

377 5227 399 5254 ⁸
437 5220 672 5275 Palatio.
697 5231 828 5272 ms.,
865 5212 930 5266 In
961 5209 1136 5262 media
1169 5213 1568 5275 castrafeorunt.

373 5296 396 5326 ³
437 5271 609 5344 Ali-tier
639 5271 862 5339 Graecus
884 5276 1177 5338 babet,sed
1205 5274 1352 5343 effusi
1373 5271 1711 5344 unanimiter,
1735 5271 1871 5324 ἀλλὰ

304 5339 627 5434 mnia—Is;
649 5350 998 5434 όμτξϐνμςξᾷὸν
1029 5361 1044 5400 :
1077 5339 1433 5434 quamobrem
1457 5339 1868 5434 llieronyrqttm,

304 5410 632 5503 quiret-tit,
660 5410 1059 5503 dignitatum
1096 5410 1300 5497 'capite,
1348 5429 1456 5503 non
1505 5427 1572 5503 ex
1617 5410 1872 5492 Chaldaeo

309 5483 488 5560 textu.
518 5483 714 5553 sed'ex
739 5494 930 5547 Graeco
955 5502 1218 5560 perquam
1253 5483 1420 5560 simili
1456 5483 1629 5560 verbo
1662 5484 1872 5560 putavit

306 5553 539 5628 Grotius
592 5569 814 5636 legisse,
847 5553 1372 5636 éxx}.t0évrsg._l§‘.go
1431 5563 1491 5604 ut
1520 5553 1640 5619 ejus
1690 5553 1875 5636 conje-

307 5623 523 5697 cturam
557 5623 862 5693 admittam,
903 5646 1013 5684 non
1039 5637 1216 5681 tamen
1238 5623 1626 5697 Hieronymum
1654 5624 1870 5697 credant

308 5693 515 5770 διῆξῷ
543 5706 792 5764 lectionis
817 5704 1110 5770 deceptum
1151 5694 1534 5770 similitudine,
1569 5709 1690 5746 cuin
1721 5693 1874 5770 Gras-

309 5764 746 5846 c'uniicxeinplar
788 5776 841 5827 in
873 5764 976 5827 hac
1009 5767 1328 5846 adornanda
1362 5764 1614 5846 versipue
1651 5767 1874 5844 omnino

464 5831 719 5922 ﬂigi-in,
751 5851 841 5901 sed
870 5843 1220 5902 vetustior-cm
1242 5837 1471 5890 fortasse
1503 5831 1678 5887 Latin.
1702 5835 1870 5888 inter-

1975 4649 2096 4708 post
2124 4639 2296 4691 virum
2330 4646 2506 4699 tuum,
2562 4636 2798 4690 alterum
2851 4635 3116 4689 nescieris
3149 4650 3164 4688 :
3202 4635 3322 4686 ideo
3352 4641 3409 4684 et
3437 4644 3550 4682 ma-

1975 4745 2077 4784 nus
2106 4727 2322 4782 Domini
2349 4726 2676 4782 confortavit
2701 4737 2772 4788 te,
2807 4734 2860 4778 et
2881 4725 3004 4778 ideo
3042 4723 3151 4777 eris
3179 4719 3475 4774 benedicta
3497 4716 3546 4747 '°

1974 4821 2031 4876 in
2093 4831 2359 4876 aeternum
2387 4859 2401 4873 .
2433 4819 2496 4872 Et
2551 4819 2690 4873 dixit
2721 4819 2902 4872 omnis
2929 4815 3166 4886 pepulus
3203 4829 3217 4865 :
3253 4812 3393 4877 Fiat,
3433 4811 3546 4862 tiat.

1977 4999 2211 5062 pretem,
2240 4996 2310 5043 ita
2336 4998 2392 5042 ut
2411 4985 2600 5062 Grotio
2632 4983 2786 5062 libet,
2813 4981 3255 5062 legere_pottt_isse
3282 4986 3552 5059 autumo;

1979 5047 2139 5131 cujus
2176 5047 2682 5131 interpretationem
2717 5047 2924 5131 absque
2954 5047 3064 5131 ullo
3088 5050 3391 5130 Chaldaicis:
3411 5047 3553 5127 veriv

1981 5118 2111 5186 tatis
2145 5141 2201 5185 et
2237 5118 2369 5184 ree-ti
2413 5142 2610 5182 sensus
2640 5118 2929 5192 dispendio
2962 5121 3188 5176 Hieron.
3239 5118 3552 5192 retinuerit.

2051 5204 2071 5232 "
2116 5202 2338 5269 Reginae
2372 5214 2500 5262 ms.,
2534 5189 2783 5250 Armatos
2816 5194 2989 5248 venire
3021 5207 3180 5261 super
3207 5205 3260 5243 se
3283 5189 3551 5248 videbant,

1981 5272 2263 5340 fugientes,
2297 5278 2402 5323 etc.

2057 5341 2075 5371 ⁷
2102 5340 2285 5394 Codex
2311 5337 2615 5399 Palatinus,
2640 5336 2928 5401 Omnesque
2983 5333 3134 5388 urbes
3184 5329 3434 5384 selectam
3461 5325 3556 5391 ju-

1981 5420 2269 5475 ventutem,
2299 5417 2404 5462 etc.

2055 5481 2077 5513 ⁸
2121 5468 2268 5534 Idem
2329 5495 2458 5540 ms.,
2511 5478 2776 5531 honestati
2814 5486 2935 5531 sunt
2977 5488 3074 5544 pro
3108 5468 3345 5544 onustati
3381 5480 3395 5520 :
3439 5472 3554 5519 tum

1983 5551 2143 5620 paulo
2171 5559 2311 5619 post,
2345 5538 2674 5601 abstulerunt
2709 5564 2909 5604 secum,
2939 5538 3035 5620 pro
3063 5538 3386 5604 attulerunt,
3417 5545 3553 5620 etc.;‘

1984 5606 2224 5690 denique
2253 5606 2416 5684 infra,
2446 5637 2476 5674 α
2518 5619 2732 5674 minimo
2771 5606 3032 5685 usquead
3063 5623 3336 5678 magnum,
3367 5621 3466 5678 pro
3488 5606 3558 5660 ad

1985 5694 2297 5746 maximum.

2056 5764 2076 5794 ⁹
2116 5762 2333 5828 Regina:
2356 5775 2481 5825 ms.,
2512 5757 2900 5828 Con/innatum
2933 5762 3008 5807 est
3033 5767 3125 5828 cor
3155 5757 3326 5828 tuum,
3367 5757 3482 5801 etc.

2059 5830 2100 5862 ‘°
2130 5821 2412 5886 Palatinus
2438 5821 2566 5896 ms.,
2600 5821 2660 5883 fit
2705 5844 2733 5878 a
2772 5827 2875 5878 Dcn
2919 5828 3017 5880 cris
3052 5821 3342 5883 benedicta,
3375 5829 3478 5873 etc.
