3966 6184
410 333 481 400 59
1320 339 1380 399 S.
1425 338 1855 396 IllEl‘tONYMl
1902 339 2165 399 DlVlNA
2212 342 2737 400 BlliLlO'l‘llECA.
3589 334 3666 398 60

501 449 604 505 Per
635 446 754 502 dies
783 454 964 501 autem
1005 448 1248 516 triginta,
1300 451 1384 502 vis
1429 449 1665 502 collecta
1697 460 1825 503 sunt
1854 465 1978 518 SpO-
2008 457 2051 510 Α
2086 468 2172 505 ros
2201 454 2472 519 fugientes
2495 454 2817 506 occiderunt
2850 467 2946 505 eos
2973 469 2986 505 :
3021 450 3306 520 perierunt
3332 448 3385 503 in
3415 449 3604 519 pralio
3631 469 3662 506 a

413 541 484 595 lia
510 539 634 609 A33)
649 538 852 592 riorum
882 554 910 590 a
925 540 1128 608 pupula
1149 539 1332 593 Israel.
1358 540 1528 593 Porro
1552 551 1732 593 autem
1758 540 1975 593 univer-

415 649 496 693 sa,
520 647 640 698 qum
667 630 978 686 llnlofcrnis
1041 631 1330 700 peculiaria
1373 631 1539 684 fuisse
1573 630 1793 696 probata
1826 641 1974 696 sunt,

413 721 677 775 dederun'
705 722 889 775 .luditli
927 722 980 775 in
1010 737 1164 784 auro,
1190 732 1245 776 ct
1271 732 1514 790 argento,
1557 732 1610 776 et
1637 723 1900 787 vestibus,
1922 732 1978 777 ct

416 819 660 881 genimis,
695 827 746 868 et
776 815 920 866 omni
970 815 1318 882 supellectili,
1350 823 1406 868 ct
1441 815 1638 868 tradita
1682 825 1809 869 sunt
1862 830 1975 868 om-

415 907 501 956 nia
539 907 610 958 illi
645 922 672 958 a
715 907 932 974 populo.
988 906 1052 959 Et
1094 923 1280 960 (mines
1318 908 1496 976 pepuli
1526 908 1976 976 gaudebantcum

417 997 764 1060 mulieribus,
807 1007 860 1050 et
914 999 1231 1065 virginibus,
1267 1011 1317 1052 et
1352 1001 1666 1070 juvenibus,
1709 1002 1760 1053 itt
1819 1016 1977 1068 orga-

417 1089 498 1138 iiis
524 1099 574 1138 ct
604 1088 852 1140 citharis.

489 1179 643 1233 Tunc
698 1181 940 1234 cantavit
983 1182 1263 1236 canticum
1313 1182 1416 1236 hoc
1479 1181 1708 1236 Domino
1763 1177 1975 1243 Iudith,

415 1270 603 1322 dicetis
637 1289 649 1325 :

517 1365 526 1428 l
572 1365 702 1432 Cap.
765 1365 932 1437 XVI.)
1004 1365 1234 1434 Incipite
1284 1366 1516 1420 Domino
1571 1366 1622 1419 in
1683 1367 1976 1436 tympanis,

415 1465 628 1509 cmtate
696 1459 922 1510 llotttino
985 1461 1037 1511 in
1097 1459 1377 1525 cymbalis.
1467 1458 1823 1512 modulamini
1902 1459 1977 1512 illi

416 1545 682 1614 psalmum
715 1563 940 1612 novum,
975 1550 1208 1601 exaltatc
1229 1558 1282 1602 ct
1308 1562 1556 1603 invocato
1618 1566 1814 1602 nomen
1836 1550 1975 1618 ejus.

490 1635 752 1691 Dominus
780 1648 1068 1692 conterens
1113 1638 1275 1704 bella,
1339 1639 1598 1694 Dominus
1642 1655 1838 1693 nomen
1899 1649 1982 1694 est

420 1727 525 1780 illi.

514 1819 616 1884 Qui
650 1819 831 1887 posuit
863 1831 1036 1875 castra
1073 1839 1166 1876 sua
1201 1822 1252 1876 in
1295 1822 1473 1876 medio
1541 1824 1725 1892 populi
1785 1823 1895 1886 sui,
1929 1833 1986 1876 ut
2023 1793 2061 1844 Β

419 1915 657 1980 eriperet
693 1930 792 1968 uos
834 1916 897 1968 de
932 1932 1094 1971 manu
1155 1919 1399 1973 omnium
1472 1919 1836 1973 inimicorum
1891 1935 1990 1973 no-

419 2018 680 2061 atrorum.

515 2099 674 2154 Vt-nit
702 2103 871 2154 Assur
897 2118 960 2156 ex
994 2103 1274 2158 montibus
1303 2105 1369 2157 ali
1393 2105 1650 2174 aquilone
1692 2105 1744 2157 in
1803 2105 1989 2159 multi-

422 2191 615 2246 tudine
658 2191 996 2248 fortitudinis
1046 2212 1192 2252 suat:
1235 2197 1390 2265 cujus
1415 2198 1994 2252 multitmloohturavit

425 2295 731 2354 torrentes,
785 2297 842 2340 et
899 2289 1025 2356 equi
1085 2304 1274 2341 eorum
1341 2301 1747 2357 cooperucrunt
1809 2290 1992 2344 valles.

526 2379 668 2433 Dixit
733 2394 791 2432 se
850 2380 1204 2432 incensurum
1263 2380 1401 2436 lines
1455 2397 1627 2442 meos,
1653 2391 1707 2434 et
1763 2381 1993 2449 juvenes

427 2484 576 2523 meos
635 2471 946 2524 occisurum
993 2471 1195 2540 gladio,
1256 2470 1489 2526 infantes
1543 2487 1696 2526 meos
1752 2473 1883 2527 dare
1940 2474 1993 2526 in

426 2562 688 2631 praedam,
721 2573 776 2618 et
806 2565 1050 2633 virgines
1078 2566 1130 2618 in
1166 2566 1566 2634 Captivitatem.
1981 2635 1983 2637 ι

498 2655 762 2710 Dominus
788 2666 969 2712 autem
997 2659 1346 2725 omnipotens
1392 2660 1576 2711 nocuit
1605 2673 1755 2722 eum,
1804 2668 1859 2711 ct
1887 2669 1998 2712 tra-

429 2749 567 2804 didit
615 2766 737 2803 eum
769 2749 822 2803 in
848 2765 1040 2804 manus
1067 2749 1177 2822 [Αι.
1215 2749 1490 2820 manibus]
1519 2748 1755 2815 feminnc,
1784 2759 1839 2804 et
1863 2765 1993 2828 con-

429 2841 570 2896 fodit
605 2856 754 2895 eum.

497 2935 614 2989 Non
655 2935 798 2988 enim
825 2935 1024 2990 cecidit
1053 2945 1246 3004 potens
1283 2950 1470 2988 eorum
1500 2950 1528 2988 a
1556 2933 1870 3002 juvenilms,
1897 2948 1999 2986 nec

428 3027 526 3082 filii
575 3026 730 3080 Titan
756 3037 1149 3094 percusserunt
1181 3043 1331 3085 eum,
1367 3041 1466 3080 nec
1501 3024 1705 3080 excelsi
1759 3026 2002 3093 gigantes

429 3126 803 3187 opposuerunt
832 3132 892 3169 se
924 3117 937 3146 ¹
973 3115 1072 3179 illi,
1128 3115 1224 3168 sed
1269 3115 1458 3169 Judith
1508 3115 1614 3168 ﬁlia
1674 3113 1870 3167 Merari
1932 3116 1986 3168 in
2014 3121 2060 3183 C

431 3209 613 3277 specie
639 3208 800 3262 faciei
828 3223 938 3262 suae
966 3207 1222 3261 dissolvit
1244 3223 1390 3261 euut.

499 3300 659 3355 Exuit
688 3302 832 3355 enim
863 3317 921 3356 se
958 3301 1288 3356 vestimento
1336 3300 1646 3363 viduitatis,
1703 3309 1760 3354 et
1817 3300 1998 3353 induit

429 3406 488 3444 sc
538 3374 860 3446 vestimento
907 3393 1108 3447 ltetitia:
1167 3393 1217 3445 in
1251 3391 1618 3445 exsultatione
1676 3393 1696 3422 ¹
1757 3390 2001 3445 filiorum

431 3483 626 3537 Israel.

508 3575 878 3632 Unxitfaciem
920 3593 1072 3631 suam
1112 3584 1415 3646 unguento,
1487 3585 1544 3632 et
1577 3576 1855 3648 colligavit
1885 3577 2004 3630 cin-

431 3671 626 3723 cinnos
654 3687 782 3725 suos
814 3673 997 3736 mitra,
1027 3675 1236 3742 accepit
1256 3673 1448 3726 stolam
1483 3686 1678 3726 novam
1710 3673 1729 3701 ³
1767 3673 1833 3726 ad
1857 3671 2007 3726 deci-

434 3763 692 3831 piendum
727 3765 901 3820 illum.
1460 3819 1481 3837 .

539 3857 793 3909 Saudalia
825 3858 942 3927 ejus
967 3867 1265 3926 rapuerunt
1320 3859 1512 3914 oculos
1560 3860 1700 3930 ejus,
1759 3860 2007 3929 pulchri-

438 3948 569 4002 tudo
605 3949 722 4018 ejus
743 3953 1009 4019 captivam
1043 3951 1172 4005 fecit
1195 3952 1430 4005 animam
1491 3952 1630 4022 ejus,
1694 3953 2006 4021 amputavit

440 4040 680 4106 pugione
717 4040 988 4094 cervicem
1018 4039 1160 4108 ejus.

516 4131 864 4187 llorruerunt
897 4133 1078 4189 Persa:
1129 4132 1496 4188 constantiam
1559 4134 1695 4204 ejus,
1745 4141 1802 4188 et
1859 4133 1999 4191 Medi

437 4224 721 4278 audaciam
743 4226 884 4293 ejus.

513 4312 668 4368 Tunc
699 4317 1044 4370 ululaverunt
1073 4328 1247 4372 castra
1271 4319 1638 4390 Assyriorum,
1660 4319 1882 4387 quando
1907 4335 2006 4391 ap-

441 4419 742 4473 paruerunt
773 4409 1008 4464 humiles
1045 4410 1171 4474 mei,
1199 4425 1511 4465 arescentes
1539 4412 1593 4465 in
1621 4411 1738 4465 siti.

513 4497 635 4552 Filii
669 4502 965 4568 puellarum
1003 4512 1440 4572 compunxerunt
1463 4519 1584 4568 eos,
1614 4513 1668 4558 et
1693 4506 1837 4558 sicut
1872 4519 2005 4573 pue-

1747 4622 1980 4690 Explicit
2016 4624 2145 4677 liber
2175 4621 2381 4675 Iudith.

523 4782 536 4810 ¹
568 4780 685 4835 Pari
723 4794 994 4834 consensu
1024 4779 1194 4834 nostri
1221 4793 1378 4842 mss.,
1402 4780 1762 4848 imposuerunt
1787 4793 1861 4842 se,
1897 4792 1996 4846 pro

448 4860 820 4909 opposuerunt,
853 4860 960 4904 etc.

481 4868 820 4920 pposuerunt,
853 4868 960 4904 etc.

524 4923 541 4950 ‘
589 4922 836 4972 Fortasse
877 4936 1071 4985 qaema
1096 4921 1334 4973 Imotlum
1373 4920 1537 4973 habet
1565 4928 1619 4970 et
1663 4915 1892 4970 Graecus
1921 4918 2002 4977 εἰς

453 4989 606 5056 ﬁdo;
639 4991 858 5056 scripsit
880 5006 1097 5059 quoque
1130 4992 1184 5044 S.
1216 4989 1375 5044 Pater
1405 4991 1460 5041 in
1489 4986 1875 5059 exultationem
1901 5001 1999 5055 pro

451 5061 874 5112 exsultationem.

527 5130 547 5160 ³
585 5132 807 5183 Comma
845 5130 1011 5192 istud,
1045 5131 1254 5198 Accepit
1320 5127 1513 5183 stolam
1575 5142 1789 5189 novam,
1835 5125 2010 5179 nostri

456 5215 647 5253 omnes
671 5215 804 5253 mss.
839 5203 1112 5256 nesciunt.

528 5269 549 5300 ⁸
574 5269 690 5324 Non
723 5271 872 5324 addit
897 5272 1125 5327 Palatia.
1155 5287 1287 5326 mss.
1319 5270 1405 5324 hic
1443 5284 1642 5324 nomen
1679 5267 1795 5322 Dei.

2077 540 2215 596 facie
2252 544 2463 597 Domini
2505 544 2598 597 Dei
2633 545 2652 574 ⁵
2687 543 2816 596 mei.

2151 635 2426 701 llymnum
2473 644 2757 688 cantemus
2815 635 3067 699 Domino,
3127 633 3391 705 hymnum
3453 648 3657 686 novum

2078 737 2360 779 cantemus
2396 727 2505 781 Deo
2533 738 2750 781 nostro.

2129 799 2382 881 'Adonai,
2439 817 2661 872 Domine
2698 833 2927 888 magnus
2978 823 3141 879 esto,
3201 815 3580 886 et.,jirmclarus
3607 816 3664 870 in

2077 910 2282 962 virtute
2312 917 2406 962 tua
2436 909 2487 972 ⁸,
2521 919 2575 963 et
2597 924 2758 976 quem
2795 924 3057 977 superare
3081 924 3240 962 nemo
3273 916 3476 975 potest.

2150 998 2268 1053 Tibi
2299 999 2502 1054 serviet
2529 1000 2638 1066 (Al.
2674 1002 2924 1068 serviat)
2966 1001 3144 1052 omnis
3206 1009 3457 1052 creatura
3515 1009 3603 1048 tua
3648 1017 3664 1052 :

2077 1091 2202 1160 quia
2239 1090 2420 1144 dixisti
2457 1131 2474 1156 ,
2507 1102 2561 1145 et
2586 1094 2722 1145 facta
2756 1101 2884 1144 sunt
2922 1109 2935 1144 :
2970 1091 3163 1144 misisti
3204 1091 3452 1156 spiritum
3491 1099 3668 1144 tuum.

2081 1197 2132 1240 et
2155 1197 2335 1238 creata
2367 1197 2512 1251 sunt,
2553 1195 2610 1238 et
2648 1201 2756 1238 non
2799 1187 2995 1253 estqui
3027 1185 3248 1238 resistat
3285 1183 3404 1235 voci
3438 1191 3566 1234 tum.

2151 1277 2361 1331 Montes
2395 1292 2422 1329 a
2455 1275 2826 1330 fundamentis
2879 1278 3246 1329 movebuntur
3309 1290 3433 1328 cum
3469 1271 3667 1339 aquis:

2081 1378 2269 1439 petrae,
2292 1370 2435 1422 sicut
2467 1383 2613 1431 cera,
2644 1368 2951 1436 liquescent
2972 1379 3098 1422 ante
3131 1366 3326 1420 faciem
3364 1376 3532 1418 tuam.
3558 1395 3560 1397 -

2151 1461 2254 1526 Qui
2302 1469 2483 1515 autem
2519 1459 2711 1514 timent
2744 1469 2815 1526 te,
2856 1461 3036 1526 magni
3099 1455 3427 1526 eruntapud
3455 1465 3504 1508 te
3544 1471 3640 1523 per

2091 1555 2300 1608 omnia.

2159 1646 2247 1700 Vie
2271 1645 2418 1715 genti
2455 1645 2760 1718 insurgcnti
2789 1660 2954 1715 super
3001 1658 3172 1712 genus
3235 1656 3457 1695 meum:
3493 1635 3674 1691 Domi-

2087 1753 2192 1791 nus
2245 1739 2394 1790 enim
2447 1738 2801 1804 omnipotens
2867 1735 3180 1790 vindicabit
3216 1733 3268 1787 in
3305 1733 3407 1796 eis,
3476 1729 3529 1782 in
3578 1727 3671 1781 die

2087 1829 2276 1899 jutlicii
2315 1829 2560 1890 visitahit
2608 1830 2753 1882 illos.

2167 1922 2323 1974 Dabit
2357 1925 2497 1974 enim
2535 1921 2642 1990 (Al.
2671 1931 2774 1975 lac.
2808 1921 2977 1989 enim)
3014 1920 3220 1989 ignem,
3256 1930 3311 1973 et
3359 1935 3581 1974 vermes
3613 1920 3671 1974 in

2094 2031 2285 2070 carnes
2307 2031 2526 2080 eorum,
2551 2025 2609 2068 ut
2635 2027 2886 2077 urantur,
2909 2024 2966 2068 et
2991 2013 3233 2068 sentiant
3259 2027 3430 2081 usque
3451 2013 3504 2066 in
3527 2028 3675 2066 scm-

2095 2110 2399 2178 pitcrnum.

2171 2199 2235 2252 Et
2281 2199 2484 2254 factttm
2521 2209 2604 2253 est
2641 2209 2762 2268 post
2824 2199 2962 2264 haec,
3026 2197 3206 2251 omnis
3268 2197 3499 2266 populus
3553 2205 3679 2265 post

2096 2293 2384 2345 victoriam
2419 2290 2569 2346 venit
2597 2291 2648 2344 iu
2710 2289 3013 2344 Jerusalem
3045 2290 3277 2344 adorare
3321 2291 3606 2343 Dominum
3659 2307 3674 2343 :

2097 2393 2154 2438 ct
2184 2400 2308 2436 mox
2358 2393 2418 2437 ut
2445 2383 2717 2452 puriﬁcati
2761 2391 2906 2448 sunt,
2940 2382 3264 2436 obtulerunt
3297 2397 3489 2434 omnes
3519 2381 3682 2433 holo-

2098 2485 2427 2547 caustaaet
2458 2489 2606 2542 vota,
2655 2486 2710 2531 et
2771 2475 3236 2545 repromissiones
3296 2489 3441 2527 suas.
3500 2471 3676 2526 Porro

2097 2565 2307 2627 Judith,
2339 2567 2597 2621 universa
2656 2584 2776 2620 vasa
2845 2567 3046 2620 bellica
3086 2567 3106 2596 °
3180 2565 3510 2631 llolofernis,
3560 2582 3679 2635 qua:

2099 2657 2248 2710 dedit
2276 2657 2349 2709 illi
2383 2656 2636 2725 populus,
2665 2667 2721 2711 et
2765 2673 3104 2726 conripeum,
3163 2657 3308 2725 quod
3340 2657 3456 2724 ipsa
3489 2667 3680 2709 sustu-

2101 2750 2240 2804 lerat
2274 2751 2340 2804 de
2375 2750 2542 2803 cubili
2594 2751 2788 2818 ipsius.
2827 2753 3027 2804 obtulit
3073 2751 3125 2802 in
3180 2751 3473 2803 anathema
3535 2749 3678 2802 obli-

2103 2843 2306 2895 vionis.
2343 2843 2468 2896 Erat
2531 2852 2711 2896 autem
2772 2844 3008 2910 p0pulus
3046 2843 3326 2912 jncundus
3375 2839 3677 2896 secundum

2106 2935 2298 2988 faciem
2337 2944 2678 2994 sanctorum.
2719 2945 2777 2989 et
2822 2951 2921 3004 per
2987 2945 3099 2988 tres
3155 2947 3370 2986 nit-uses
3423 2933 3680 3002 gaudium

2105 3027 2268 3095 hujus
2296 3028 2540 3082 victori-.2
2580 3027 2915 3082 celebratum
2948 3034 3030 3080 est
3063 3041 3188 3078 cum
3233 3025 3445 3079 Jnditli.

2170 3120 2298 3174 Post
2329 3121 2448 3174 dies
2481 3131 2664 3174 autem
2707 3119 2828 3174 illos
2862 3120 3238 3188 unusquisque
3284 3119 3442 3171 rediit
3475 3117 3529 3170 in
3563 3117 3667 3171 do-

2118 3229 2270 3266 mum
2303 3228 2485 3275 suam,
2512 3224 2567 3267 et
2599 3212 2785 3266 Judith
2813 3213 2830 3242 ⁷
2871 3227 3061 3280 magna
3105 3211 3242 3264 facta
3263 3221 3347 3264 cst
3390 3210 3442 3262 in
3475 3209 3681 3263 liethu—

2115 3302 2210 3362 lia.
2244 3314 2297 3357 et
2339 3303 2652 3369 praeclarior
2673 3312 2791 3354 erat
2821 3303 3090 3356 universe
3133 3313 3292 3355 teme
3315 3302 3502 3355 lsrael.
3537 3301 3673 3355 Erat

2113 3397 2277 3449 etiam
2307 3396 2491 3448 virtuti
2519 3394 2741 3448 castitas
2764 3393 3042 3462 adjuncta,
3077 3403 3136 3447 ut
3188 3409 3298 3446 non
3352 3400 3685 3462 cognoceret

2113 3486 2290 3540 virum
2322 3486 2577 3539 omnibus
2608 3485 2800 3539 dielms
2838 3486 2960 3538 vita:
2990 3500 3122 3546 suat,
3151 3500 3217 3536 ex
3254 3500 3362 3553 quo
3397 3484 3690 3538 defunctus

2115 3591 2198 3634 est
2228 3579 2504 3632 Marianos
2538 3579 2624 3631 vir
2677 3577 2819 3646 ejus.
2884 3577 3013 3630 Erat
3072 3588 3253 3630 autem
3305 3575 3499 3629 diebus
3537 3575 3692 3630 festis

2114 3671 2418 3741 procedens
2442 3685 2568 3725 cum
2601 3685 2792 3738 magna
2836 3669 3034 3737 gloria.
3065 3667 3262 3721 Mansit
3290 3678 3472 3721 autem
3499 3667 3550 3719 in
3585 3667 3689 3720 do-

2115 3783 2203 3820 mo
2252 3766 2354 3820 viri
2402 3765 2488 3819 sui
2537 3779 2713 3818 annos
2775 3773 2999 3816 centum
3053 3763 3318 3830 quinque,
3382 3769 3438 3812 et
3483 3760 3694 3813 dimisit

2115 3860 2314 3912 Abram
2341 3871 2497 3910 suam
2528 3856 2780 3915 liberam.
2811 3866 2863 3907 et
2894 3855 3150 3908 defuncta
3202 3863 3287 3906 est
3352 3867 3417 3904 ac
3479 3851 3692 3920 sepulta

2115 3966 2240 4005 cum
2272 3951 2386 4004 viro
2409 3949 2592 4003 suoin
2637 3946 2911 4001 Bctliulia.
2961 3945 3234 4012 Luxitque
3297 3945 3442 3996 illam
3512 3942 3696 3995 omnis

2114 4041 2347 4113 papnlus
2380 4041 2572 4096 diebus
2596 4052 2827 4107 septem.
2858 4037 2918 4092 In
2945 4038 3093 4092 omni
3141 4049 3324 4089 autem
3368 4035 3545 4103 spatio
3571 4035 3697 4086 vita:

2113 4137 2232 4207 ejus
2254 4149 2360 4188 non
2390 4133 2512 4199 fuit,
2535 4132 2623 4201 qui
2651 4129 2998 4202 perturbaret
3020 4124 3210 4191 Isiacl,
3237 4138 3290 4181 et
3315 4137 3434 4196 post
3460 4135 3694 4179 mortem

2113 4229 2233 4296 ejus
2257 4225 2419 4280 anuis
2446 4223 2656 4277 multis.

2188 4318 2313 4372 Dies
2341 4327 2522 4372 autem
2543 4317 2787 4370 victoria:
2803 4316 2967 4387 hujus
2995 4312 3310 4368 festivitatis
3361 4310 3428 4364 ab
3452 4307 3699 4360 Hebraeis

2115 4413 2170 4466 in
2205 4425 2434 4464 numero
2466 4418 2779 4463 sanctorum
2839 4409 3048 4461 dierum
3100 4405 3391 4471 accipitur,
3451 4413 3507 4454 et
3555 4399 3694 4452 coli-

2113 4499 2462 4574 turaJutlceis
2479 4515 2543 4555 ex
2557 4500 2652 4554 illo
2669 4487 2912 4570 tempore
2934 4514 3103 4568 usque
3120 4499 3172 4548 in
3193 4505 3509 4566 praesentem
3527 4490 3700 4544 diem.

2176 4777 2198 4808 "
2233 4776 2538 4829 Prouomen
2566 4784 2655 4828 tua
2685 4773 2771 4828 hic
2801 4784 2855 4828 et
2885 4767 3243 4839 subsequenti
3319 4766 3505 4820 statim
3537 4782 3701 4821 versu

2104 4844 2337 4898 Palatio.
2373 4863 2476 4899 ms.
2513 4858 2695 4901 tacet-

2174 4917 2195 4946 °
2228 4914 2375 4968 Idem
2439 4931 2540 4968 ins.
2597 4916 2842 4968 universa
2890 4911 3098 4969 bellica,
3162 4906 3370 4975 absque
3423 4923 3550 4960 vasa
3586 4921 3604 4958 :
3640 4915 3701 4960 et

2107 4985 2268 5056 paulo
2288 4994 2428 5052 post,
2449 4987 2734 5036 sustulerat
2769 4987 2820 5036 in
2848 4984 3162 5056 anathema,
3199 4992 3298 5044 pro
3329 4977 3547 5056 obtulit,
3574 4985 3690 5030 etc.

2182 5055 2199 5085 ⁷
2231 5051 2366 5107 Ctim
2437 5056 2674 5122 Reginae,
2730 5064 2842 5106 tum
2899 5051 3134 5122 Palatin.
3161 5061 3289 5122 mss,
3322 5051 3688 5122 unusquisque

2114 5124 2266 5177 rediit
2299 5123 2354 5175 in
2389 5118 2588 5187 suafet
2628 5123 2834 5183 Iudith,
2865 5131 2973 5175 etc.
3010 5119 3233 5173 Gra'cus
3267 5119 3429 5170 habet
3459 5118 3696 5178 Exacto;

2115 5197 2196 5255 εἰς
2225 5193 2323 5260 τὴν
2352 5195 2718 5263 κληρονομίαν
2744 5193 2940 5244 ἑαυτοῦ
2972 5206 2986 5244 :
3022 5189 3380 5258 unusquisque
3400 5189 3454 5241 in
3481 5199 3695 5254 posses-

2117 5267 2318 5318 sionem
2354 5281 2526 5345 ετιαηξ,
2554 5276 2665 5320 etc.
