3966 6184
368 281 438 340 63
1277 281 1338 340 s.
1379 261 1829 362 illERONYMI
1872 281 2143 341 DIVINA
2186 279 2725 340 BIBLlOTHECA.
3569 275 3639 338 at

365 392 601 460 singula,
657 391 902 462 singulas
977 392 1162 463 stellas
1216 393 1523 463 videamus.
1589 393 1960 463 signiﬁcantes
1991 407 2032 461 Α
2065 410 2241 450 meam
2279 410 2400 449 eum
2429 394 2708 449 asteriscis
2741 391 2855 448 suis
2893 393 3106 447 radere.
3139 392 3325 461 Neque
3346 392 3493 446 enim
3521 392 3639 446 fieri

365 463 562 518 eadem
596 463 766 515 verba
799 477 920 515 esse
952 463 1004 515 in
1041 462 1295 525 lit-brato,
1327 464 1380 516 in
1409 462 1598 516 Graeco
1626 462 1807 517 autem
1839 481 1950 518 non

366 547 510 585 esse.
546 532 798 584 Advertet
841 532 1021 590 lector.
1051 534 1148 583 hac
1198 532 1507 601 Hieronymi
1536 535 1773 586 versione
1800 551 1953 586 usum

367 603 529 668 [uisse
558 601 908 668 Augustinum
937 600 1069 653 libro
1104 600 1515 659 Aduotutionum
1553 606 1606 656 in
1641 604 1739 656 Job
1769 620 1786 656 :
1813 621 1954 670 pra:-

371 671 627 793 tcbrtrissis
666 681 840 736 tanien
875 673 1235 738 hujuscemodi
1262 673 1424 741 signis
1477 677 1851 726 asteriscornm
1902 684 1954 728 et

372 758 402 793 ο
439 757 464 793 e
491 756 660 793 orum.

372 756 660 794 ουειοηιηι.

407 857 492 907 Ex
525 853 849 922 Pra’fatione
882 853 1191 922 Hieronymi
1233 856 1284 907 in
1317 872 1468 909 suam
1509 858 1914 912 translationem

855 923 976 976 libri
1005 925 1098 977 Job
1129 942 1192 977 eat
1225 925 1467 978 Hebrreo.

447 1016 672 1068 Discant.
699 1015 866 1085 igitur
898 1016 1299 1069 obtrectatores
1325 1021 1427 1069 mei
1461 1019 1704 1082 recipere
1733 1020 1782 1070 in
1819 1028 1956 1082 toto,

374 1086 592 1154 quodin
631 1085 880 1152 partibus
913 1100 1297 1154 susceperunt,
1326 1098 1418 1140 aut
1449 1089 1958 1156 interpretationem

2065 474 2266 534 potest,
2299 475 2360 517 ut
2399 480 2539 533 quos
2573 465 2755 531 [plura
2817 463 3177 534 intermisisse
3239 463 3639 530 perspexerint,

2068 533 2174 588 non
2203 538 2424 588 eosdem
2452 534 2622 587 etiam
2662 534 2714 586 in
2749 533 3079 597 quibusdam
3108 548 3322 586 errasse
3346 535 3640 585 fateantur:

2065 605 2336 673 przecipue
2378 605 2431 656 in
2455 601 2580 663 Job.
2618 605 2705 656 cui
2745 605 2785 654 si
2816 619 2880 656 ea
2912 618 3032 669 quae
3073 603 3176 656 sub
3232 603 3513 656 asterisris
3543 604 3644 673 ad-

2065 671 2173 726 dita
2208 686 2356 735 sunt,
2400 673 2770 734 subtraxeris,
2806 687 2930 740 pars
2970 675 3204 725 maxima
3231 673 3527 726 voluminis
3551 671 3646 725 de-

2061 745 2430 797 truncabilur:
2470 753 2529 796 et
2581 743 2684 796 hoc
2714 743 2978 795 duntaxat
3002 744 3143 809 apud
3176 741 3416 797 Graecos.
3455 740 3632 795 Caete-

2065 829 2186 865 rum
2215 816 2355 881 apud
2389 813 2613 866 Latinos
2669 823 2795 866 ante
2834 827 2954 864 eam
3020 813 3426 866 translationem
3483 826 3644 881 quant

2063 886 2166 936 sub
2200 880 2479 936 asteriscis
2501 892 2554 935 et
2584 882 2759 934 obelis
2794 897 2969 949 nuper
2995 882 3286 944 edidimus,
3313 880 3644 950 septingenti

2065 954 2237 1004 ferme
2270 962 2359 1004 aut
2386 951 2683 1020 octingenti
2706 963 2897 1003 versus
2918 956 3140 1012 desunt,
3171 961 3230 1006 ut
3252 954 3568 1006 decurtatus
3591 960 3649 1002 et

2067 1021 2338 1074 laceratus
2369 1036 2739 1091 corrosusque
2771 1020 2932 1086 liber,
2974 1021 3276 1078 fteditatem
3320 1023 3404 1076 sui
3432 1020 3649 1091 publice

2068 1091 2378 1161 legentibus
2414 1089 2668 1159 pnebeat.

2296 1249 3596 1272 ’Μ

765 1367 1403 1459 ΡΒᾹΞΓΑΊἸΟ
1484 1369 2193 1457 HIERONYMI
2282 1373 2408 1459 1N
2490 1374 2952 1462 LIBRUM
3029 1335 3245 1471 Jou

457 1638 512 1690 Si
556 1649 647 1690 aut
676 1637 931 1691 ﬁscellam
990 1637 1158 1706 junco
1198 1647 1464 1702 tererem,
1518 1648 1610 1698 aut
1651 1641 1953 1712 palmarum
1989 1649 2032 1709 Β
2058 1642 2162 1702 Job
2192 1640 2284 1711 qui
2319 1639 2499 1695 adhuc
2534 1638 2678 1708 apud
2704 1637 2930 1692 Latinos
2981 1635 3211 1706 iacebat
3265 1635 3318 1689 in
3389 1644 3656 1697 stercore,

388 1731 517 1785 folia
551 1728 961 1797 complicarem,
995 1739 1055 1782 ut
1083 1729 1135 1782 in
1170 1729 1371 1784 sudore
1411 1731 1595 1786 vultus
1625 1734 1727 1787 mei
1780 1749 1964 1791 conte—

389 1820 573 1875 derem
601 1835 818 1889 panem,
849 1828 902 1874 et
943 1820 1147 1874 ventris
1204 1835 1343 1889 opus
1396 1822 1626 1876 sollicita
1657 1835 1836 1879 mente
1859 1835 1968 1880 tra-

389 1925 636 1967 Ctarem:
712 1913 892 1965 nullus
951 1913 1252 1977 morderet,
1306 1928 1466 1967 nemo
1519 1917 1970 1983 reprehenderet.

389 2005 547 2058 Nunc
568 2014 748 2057 autem
784 2005 910 2072 quia
941 2006 1097 2075 juxta
1129 2006 1457 2059 sententiam
1517 2005 1819 2062 Salvatoris
1846 2009 1971 2064 volo

390 2097 606 2164 operari
649 2096 854 2158 cibum,
893 2096 987 2163 qui
1035 2112 1141 2149 non
1176 2097 1334 2166 perit,
1387 2107 1442 2151 et
1492 2098 1774 2166 antiquam
1829 2099 1973 2154 divi-

392 2202 586 2241 norum
615 2187 958 2240 Voluminum
1018 2187 1157 2241 viam
1194 2188 1440 2242 sentibus
1470 2189 1826 2259 virgultisque
1853 2207 1978 2260 pur-

396 2293 543 2346 gare,
575 2277 705 2329 mihi
737 2277 1009 2344 genuinus
1041 2276 1284 2344 inligitur
1311 2276 1348 2328 ιτ
1386 2289 1664 2332 corrector
1723 2281 1976 2332 vitioruut

396 2368 646 2423 falsarius
681 2383 867 2432 vocor,
894 2377 950 2422 et
975 2383 1193 2421 errores
1221 2384 1328 2422 non
1361 2369 1603 2432 auferre,
1633 2369 1727 2425 sed
1755 2385 1974 2425 serere.

395 2455 570 2511 Tanta
602 2466 686 2511 est
722 2459 868 2511 enim
909 2457 1200 2511 vetustatis
1268 2459 1630 2523 consuetudo,
1697 2467 1757 2512 ut
1811 2461 1979 2516 etiam

394 2550 643 2605 Confessa
681 2551 957 2620 plerisque
1005 2550 1136 2603 vitia
1169 2549 1444 2617 placeant,
1473 2551 1598 2604 dum
1653 2550 1826 2618 magis
1857 2553 1982 2619 pul-

397 2644 563 2697 cbros
600 2645 803 2698 habere
853 2645 1062 2698 malunt
1113 2643 1356 2707 codices,
1411 2657 1576 2711 quam
1638 2643 1982 2698 emendatos.

394 2736 756 2803 Quapropter,
795 2751 828 2788 ο
858 2736 1020 2790 Paula
1057 2744 1113 2789 et
1137 2734 1492 2787 Eustochium
1533 2737 1583 2796 ⁸,
1634 2735 1854 2788 uuicmn
1888 2751 1985 2788 n0-

400 2825 628 2881 bilitatis
652 2838 706 2882 et
737 2826 1066 2880 humilitatis
1089 2826 1387 2894 exetnplar,
1424 2841 1526 2895 pro
1562 2823 1796 2892 (labello,
1829 2827 1978 2880 cala-

398 2920 530 2980 this,
567 2920 972 2987 sportellisque,
1035 2920 1364 2973 munusculo
1406 2921 1824 2980 monachorum,
1864 2919 1977 2987 spi-

398 3008 616 3064 rituaiia
643 3010 755 3064 haec
777 3021 832 3063 et
858 3024 1116 3062 mansura
1149 3009 1292 3063 dono
1317 3009 1602 3078 suscipite:
1632 3025 1696 3064 ac
1753 3009 1972 3064 beatum

2069 1745 2126 1792 et
2154 1733 2432 1790 vermibus
2466 1731 2710 1786 scatebat
2733 1745 3004 1792 errorum,
3055 1729 3328 1798 integrum
3396 1729 3662 1781 immacu-

2075 1828 2360 1892 latumque
2420 1822 2678 1892 gaudete.
2750 1820 3035 1885 Quomodo
3105 1821 3252 1872 enim
3333 1819 3660 1887 probatione

2079 1926 2246 1985 atque
2272 1914 2501 1968 victoria
2543 1911 2841 1980 dupliciter
2864 1911 3116 1964 universa
3146 1909 3195 1962 ei
3231 1918 3361 1962 sunt
3419 1908 3657 1962 reddita:

2071 2012 2145 2063 ita
2172 2023 2270 2078 ego
2303 2008 2353 2060 in
2380 2007 2565 2076 lingua
2595 2014 2780 2058 nostra
2811 2002 3094 2072 (audacter
3119 2003 3313 2070 loquor
3337 2000 3377 2071 ³)
3403 2001 3504 2054 feci
3531 2014 3660 2052 eum

2073 2101 2281 2157 habere
2305 2113 2425 2168 quas
2455 2097 2736 2151 amiserat.
2767 2095 2942 2164 Igitur
2966 2103 3020 2148 et
3045 2109 3161 2156 vos,
3193 2103 3246 2147 et
3284 2107 3658 2161 unumquem-

2073 2207 2180 2260 que
2203 2191 2461 2243 lectorem
2506 2187 2679 2240 solida
2729 2185 3046 2254 praefatione
3092 2198 3438 2246 commoneo,
3496 2190 3551 2237 et
3602 2183 3660 2236 in

2077 2281 2370 2352 principiis
2405 2279 2679 2333 librorum
2709 2277 2902 2331 eadem
2937 2290 3155 2344 semper
3181 2284 3502 2338 annectens,
3529 2288 3663 2344 rogo

2076 2382 2134 2426 ut
2162 2371 2472 2438 ubicunque
2495 2366 3123 2441 praecedentesvirgulas
3150 2381 3206 2420 +
3228 2365 3502 2426 videritis.
3524 2365 3670 2419 scia-

2091 2463 2164 2518 tis
2191 2477 2250 2515 ea
2281 2476 2400 2530 quae
2443 2459 2686 2528 subjecta
2715 2467 2844 2511 sunt
2874 2458 2927 2510 in
2985 2455 3228 2511 Hebraeis
3292 2456 3670 2510 voluminibus

2087 2570 2194 2608 non
2230 2552 2440 2606 haberi.
2479 2551 2648 2604 Porro
2682 2550 2772 2603 ubi
2803 2551 2975 2604 stellae
3023 2549 3199 2617 imago
3229 2548 3439 2602 fulserit
3471 2552 3561 2614 Χ,
3596 2563 3667 2600 ex

2084 2646 2323 2700 Hebraeo
2357 2644 2410 2697 in
2447 2651 2639 2696 nostro
2669 2656 2924 2695 sermone
2957 2641 3166 2695 addita.
3206 2640 3317 2695 Nec
3349 2656 3455 2693 non
3487 2651 3539 2693 et
3576 2640 3670 2694 illa

2082 2750 2204 2804 qum
2240 2734 2444 2788 habere
2474 2731 2798 2787 videbamur
2829 2729 2872 2791 ".
2912 2739 2969 2785 et
3001 2731 3072 2784 ita
3096 2740 3348 2800 corrupta
3397 2737 3575 2791 erant,
3609 2736 3672 2782 ut

2088 2841 2313 2883 sensum
2341 2827 2647 2896 legentibus
2672 2823 3250 2889 tollerent,orantibus
3277 2823 3452 2888 vobis,
3475 2835 3672 2890 magno

2086 2921 2271 2973 labore
2301 2918 2542 2984 correxi;
2574 2917 2746 2986 magis
2777 2916 2906 2969 utile
2928 2916 3060 2984 quid
3083 2931 3148 2970 ex
3179 2915 3290 2970 otio
3324 2930 3445 2968 meo
3460 2913 3672 2968 Christi

2081 3009 2344 3064 Ecclesiis
2360 3019 2650 3064 venturum
2675 3011 2694 3040 ³
2720 3019 2894 3072 ratus,
2916 3021 3078 3076 quam
3094 3023 3158 3062 ex
3179 3007 3412 3061 aliorum
3425 3006 3672 3074 negotio.

479 3169 494 3196 ¹
524 3167 717 3240 Errore
747 3164 1094 3240 libraroriu‘m
1127 3179 1332 3240 septem
1355 3180 1491 3240 mss1
1521 3170 1606 3240 vel
1634 3165 1869 3240 amplius
1904 3165 1980 3219 le-
2007 3181 2050 3240 ο
2087 3167 2193 3240 nis,
2237 3181 2401 3235 quam
2445 3168 2609 3240 typis
2639 3163 2958 3219 melioribus
2995 3163 3048 3217 in
3109 3165 3280 3240 finem
3318 3162 3678 3240 Bibliotheca;

403 3246 537 3304 gunt
567 3236 670 3290 hoc
701 3236 884 3295 modo,
920 3236 1047 3287 mihi
1104 3236 1341 3302 geminus
1397 3235 1653 3304 inﬁgitur.
1683 3235 1737 3287 lit
1767 3250 1978 3289 canone

406 3306 758 3380 SgGermanli
794 3321 823 3357 a
861 3305 1052 3380 Pratis
1106 3305 1358 3380 additum
1389 3316 1482 3380 est
1527 3306 1754 3380 verbum
1809 3320 1980 3380 error.

406 3377 586 3440 idest,
615 3373 764 3428 error
803 3374 926 3427 mihi
961 3375 1218 3444 genuinus
1251 3373 1511 3443 inﬁgitur:
1555 3376 1687 3428 editi
1743 3375 1982 3429 retinent

405 3448 652 3498 omnium
690 3460 821 3499 mss.
851 3444 1290 3513 depravationes,
1334 3445 1388 3497 in
1413 3444 1482 3497 iis
1510 3446 1656 3498 enim
1690 3445 1761 3498 ita
1796 3445 1984 3514 legunt

407 3517 674 3570 Erasmus
707 3531 769 3568 ac
799 3515 1248 3578 Marianus,error
1277 3515 1403 3568 mihi
1433 3515 1671 3584 geminus
1706 3513 1980 3584 inﬁgitur.

408 3585 628 3641 Pbrasis
661 3599 791 3638 vero
823 3585 1029 3645 isthmc,
1087 3585 1376 3654 genuinum
1424 3583 1659 3653 inﬁgere,
1696 3583 1984 3638 familiaris

411 3665 528 3709 erat
560 3654 910 3724 Hieronymo,
947 3658 1023 3706 uti
1051 3655 1223 3723 liquet
1250 3671 1316 3707 ex
1349 3654 1450 3708 hoc
1500 3657 1618 3708 loco
1652 3655 1775 3708 libri
1821 3655 1985 3723 primi

417 3725 689 3794 Apologia:
714 3733 976 3778 adversus
1006 3724 1281 3778 Rulinum:
1318 3741 1337 3774 ι
1371 3726 1450 3778 Me
1489 3725 1767 3779 hominem
1820 3725 1987 3778 male—

417 3793 624 3857 dicum,
654 3794 901 3848 omnium
931 3794 1290 3848 detractorem
1328 3795 1467 3865 (esse
1505 3793 1684 3865 dicit),
1732 3796 1787 3847 in
1843 3809 1986 3865 pra:-

417 3880 665 3919 cessores
693 3880 841 3918 meos
873 3867 1169 3932 genuinum
1201 3879 1416 3933 semper
1448 3863 1675 3932 inﬁgere
1699 3881 1750 3930 ;»
1785 3879 1853 3918 ex
1887 3863 1988 3916 Sa-

421 3944 524 4003 tyr.
559 3936 585 3987 l
623 3934 814 4000 Persii,
841 3947 892 3989 et
917 3934 949 3988 5
975 3933 1254 3988 iuvenalis
1281 3934 1488 3988 suades
1530 3936 1834 3989 locutiones
1888 3936 1986 3986 de-

418 4015 685 4074 prompta:
711 4007 870 4058 nonis
901 4004 1174 4058 videntur.
1209 4003 1380 4056 Manr.

487 4102 555 4113 -
584 4073 718 4127 Male
742 4074 961 4141 quidam
993 4088 1120 4127 mss.
1157 4076 1408 4142 geminus.
1460 4073 1686 4139 Passim,
1727 4072 1873 4142 quod
1934 4083 1990 4127 et

418 4144 673 4198 Martiali.
717 4153 890 4204 notat,
932 4143 1030 4195 hac
1061 4144 1228 4195 utitur
1253 4143 1847 4212 phrasiﬂieronymus.
1879 4144 1990 4194 Alt-

417 4215 543 4268 cubi
584 4213 735 4266 addit
763 4225 818 4266 et
854 4213 1082 4275 dentem,
1113 4221 1170 4264 ut
1217 4215 1270 4265 in
1319 4211 1478 4266 Pratf.
1527 4211 1936 4266 ad'C/tro'nicum
1967 4226 1986 4265 ε

427 4303 444 4335 ι
484 4285 596 4338 Nec
635 4284 821 4352 ignoro
861 4283 1064 4336 multos
1092 4283 1229 4350 fore,
1266 4284 1358 4351 qui
1393 4285 1517 4337 huic
1577 4284 1838 4336 volumini
1896 4297 1988 4352 ge—

422 4356 651 4406 nuinum
689 4357 905 4407 dentem
942 4355 1187 4420 ittligattt.
1226 4372 1244 4403 ι

495 4428 516 4456 ³
559 4423 838 4492 Stupend‘a
867 4422 953 4477 hic
987 4423 1488 4478 cecurritveterum
1534 4422 1885 4477 librariorum
1911 4430 1992 4475 te-

424 4494 668 4556 meritas,
702 4510 806 4560 qua
834 4494 951 4546 ausi
1008 4503 1134 4546 sunt
1169 4494 1220 4546 in
1253 4509 1382 4546 mss.
1416 4495 1699 4548 eodicibus
1724 4494 1837 4547 fere
1866 4507 1987 4546 om-

425 4542 806 4616 ἰὲἰὺῌέἷὸιιέἓὲ
834 4542 1132 4616 magna
1149 4542 1847 4625 ortinae};saera
2025 4542 2070 4600 υ

424 4635 676 4686 stoc/tium
701 4649 720 4697 ;
749 4647 811 4685 ac
839 4647 1027 4685 eorum
1056 4633 1175 4686 loco
1205 4635 1306 4686 ista
1343 4634 1700 4696 substituere,
1747 4649 1776 4686 ο
1803 4638 1999 4702 [i-atres

426 4703 756 4756 charissimi:
785 4706 937 4771 quasi
961 4703 1179 4771 indigne
1203 4702 1441 4756 ferentes
1465 4705 1610 4771 quod
1640 4705 2003 4771 Hieronymus

427 4775 836 4826 lucubrationes
871 4788 999 4825 suas
1035 4773 1360 4826 mulieribus
1387 4778 1707 4827 dedicasset.
1741 4773 1890 4827 ldetn
1923 4773 2009 4825 in-

429 4852 582 4895 vnlne
605 4843 743 4896 livor
774 4853 998 4910 apparet
1018 4845 1071 4896 in
1106 4844 1438 4896 Praefatione
1468 4845 1534 4897 ad
1561 4845 1732 4898 libros
1764 4843 2011 4898 Salomo-

448 4979 622 5000 ﬂ

2085 3234 2353 3291 edendam
2387 3234 2611 3304 polliciti
2650 3251 2840 3288 sumus
2877 3250 3062 3302 supra,
3095 3251 3218 3287 ctttn
3250 3234 3317 3287 de
3369 3235 3516 3288 hisce
3574 3249 3679 3304 vo-

2085 3303 2712 3374 luminibusdiSputatio
2752 3307 2994 3357 instituta
3030 3316 3131 3374 est.
3172 3304 3446 3358 Caeterum
3482 3303 3678 3374 ﬂabel-

2086 3377 2196 3430 lutn
2239 3372 2443 3443 dequo
2477 3372 2565 3429 hic
2618 3376 2716 3427 loci
2773 3375 3014 3442 loquitur
3069 3372 3454 3444 Hieronymus,
3521 3373 3678 3427 inter

2087 3446 2485 3499 monachorum
2520 3445 2843 3497 munuscula
2900 3444 3077 3506 ipsum
3134 3454 3481 3513 computans,
3545 3451 3675 3497 erat

2086 3517 2512 3570 instrut'uentum
2549 3515 2820 3582 prweipue
2852 3516 2916 3566 ad
2954 3513 3299 3567 excitandum
3348 3513 3550 3578 ignem,
3583 3513 3678 3568 vel

2087 3587 2156 3641 ad
2187 3586 2485 3653 abigeudas
2512 3599 2750 3637 muscas:
2787 3591 2951 3650 atque
2984 3584 3035 3634 id
3070 3598 3242 3652 genus
3276 3583 3474 3637 flabelli
3510 3593 3668 3636 tene-

2091 3659 2182 3710 bat
2210 3670 2371 3708 manu
2417 3672 2514 3710 sua
2549 3653 2929 3716 Eustochium,
2965 3653 3095 3704 dum
3165 3654 3345 3706 Paula:
3407 3655 3566 3705 matri
3616 3654 3676 3706 in

2088 3725 2290 3780 lectulo
2319 3725 2692 3783 decumbenti,
2711 3724 2821 3789 jam
2844 3723 3081 3792 jamque
3102 3722 3332 3776 obitum
3364 3725 3676 3777 assisteret.

2089 3795 2224 3850 Vide
2254 3795 2640 3863 Ephitapbium
2669 3791 2855 3845 Paulae
2878 3797 3018 3861 apud
3042 3791 3456 3862 Hieronymum.
3495 3794 3680 3846 ΜΑιιτ.

2162 3866 2182 3896 ³
2214 3862 2579 3934 Quamplures
2611 3879 2746 3916 mss.
2776 3878 2899 3917 cum
2937 3863 3121 3927 editis,
3161 3875 3232 3915 ut
3287 3862 3541 3915 audacter
3601 3863 3686 3915 lo-

2090 3952 2246 4004 quar.
2279 3935 2320 3986 51
2330 3951 2448 4004 aut".

2162 4004 2184 4037 ’⁵
2216 4006 2274 4058 In
2301 4003 2552 4074 pluribus
2582 4019 2716 4059 mss.
2757 4018 2819 4057 ac
2857 4003 2910 4058 in
2946 4003 3128 4065 editis,
3166 4002 3296 4068 Qua:
3324 4001 3506 4055 haberi
3539 4004 3686 4056 vide-

2091 4075 2306 4128 bantur.
2330 4075 2746 4143 Consequenter
2778 4089 2874 4140 pro
2904 4090 2965 4127 ea;
2999 4076 3103 4127 otio
3146 4089 3279 4138 meo,
3317 4074 3506 4127 decem
3544 4090 3680 4128 mss.

2093 4148 2280 4215 legunt
2308 4180 2324 4206 ,
2355 4159 2420 4196 ex
2451 4148 2726 4215 odiormeo.
2761 4143 2934 4198 Mam.

2167 4219 2186 4247 ⁵
2216 4216 2443 4283 Accepit
2477 4231 2544 4268 ex
2577 4214 2670 4266 illo
2699 4215 2942 4267 Sallustii
2977 4213 3144 4268 eifato
3177 4215 3229 4267 in
3262 4213 3529 4282 Jugurtha
3555 4227 3684 4280 cap.

2091 4291 2150 4342 ις
2191 4303 2209 4336 ‹
2250 4284 2423 4352 Maius
2451 4287 2799 4338 commodum
2828 4299 2891 4337 ex
2927 4288 3039 4338 otio
3077 4300 3223 4345 meo,
3262 4300 3429 4354 quam
3456 4299 3521 4336 ex
3547 4284 3689 4334 alio-

2092 4371 2213 4409 rum
2248 4345 2482 4424 uegotiis
2528 4355 2863 4422 Reipublicae
2913 4364 3229 4416 venturum,
3261 4345 3297 4406 ι’
3344 4345 3454 4407 εῐῦ.
3505 4356 3688 4418 Atque

2094 4427 2262 4481 Otium
2281 4425 2500 4494 quidem
2539 4426 2899 4493 Hieronymus
2927 4426 3104 4477 studia
3145 4425 3452 4478 litterarqu
3489 4433 3673 4487 vocat,

2096 4512 2216 4566 quae
2254 4496 2327 4549 ita
2355 4506 2411 4549 et
2441 4495 2602 4562 vulgo
2648 4498 2902 4547 audiunt:
2951 4496 3094 4562 quod
3144 4510 3242 4564 ego
3286 4510 3351 4566 ea
3401 4496 3468 4546 de
3521 4507 3692 4545 causa

2100 4565 2319 4630 moneo,
2360 4582 2427 4618 ne
2491 4567 2628 4618 forte
2660 4581 2722 4618 ex
2786 4569 3110 4618 recenuoris
3164 4565 3348 4618 critici
3410 4566 3691 4615 sententia

2099 4637 2405 4698 existimes,
2435 4637 2522 4689 hic
2544 4636 2725 4688 luxata
2762 4635 3111 4688 librariorum
3144 4635 3272 4687 vitio
3299 4650 3418 4688 esse
3433 4633 3685 4694 noutiua,

2102 4707 2536 4786 legendumque,‘
2555 4719 2619 4758 ea:
2648 4707 2854 4774 negotio
2875 4719 2986 4758 meo
3123 4720 3284 4773 quam
3333 4719 3396 4756 ea:
3457 4703 3693 4756 aliorum

2105 4779 2231 4840 otio,
2259 4786 2366 4830 etc.

654 4967 3663 4997 W

1910 5097 2196 5161 INCIPIT

1429 5238 2080 5512 LIBEIE
2221 5241 2327 5412 J
2341 5235 2684 5414 OB.

511 5631 665 5703 (Cap.
699 5635 761 5700 l).
796 5632 967 5685 linum
1001 5631 1220 5703 quidam
1261 5639 1376 5684 erat
1415 5631 1468 5684 in
1508 5634 1725 5700 regione
1757 5629 2006 5684 Ausitide

437 5728 661 5782 nomine
683 5724 800 5782 Job.
845 5725 973 5782 Erat
1003 5725 1278 5780 homoille
1337 5740 1522 5790 verax,
1578 5725 1694 5780 sine
1757 5726 2005 5787 crimine,

2102 5629 2280 5696 justus
2309 5627 2398 5680 Dei
2431 5625 2633 5684 cultor,
2670 5620 2955 5676 abstinens
2996 5633 3054 5672 se
3093 5623 3161 5672 ab
3216 5618 3360 5672 omni
3414 5633 3471 5673 re
3520 5617 3694 5681 mala.

2108 5723 2504 5778 llrtbuitautem
2539 5724 2744 5788 septem
2781 5715 2920 5768 Iitios
2952 5723 3007 5768 et
3042 5721 3149 5768 tres
3203 5713 3360 5770 filias.
3405 5713 3471 5768 Et
3526 5722 3698 5772 erant
