3966 6184
417 289 487 362 si
1329 293 1388 355 s.
1435 291 1871 353 HlERONdeI
1918 289 2182 358 Dl‘t’lXA
2228 284 2770 348 BlBl.lOTIIECA.
3607 276 3677 337 68

420 413 546 470 veni
585 413 608 482 1
639 420 698 467 ut
721 409 1036 467 nuntiarem
1063 407 1184 466 tibi.
1215 407 1404 464 Adhuc
1428 425 1498 464 eo
1546 409 1826 478 loquente.
1861 406 2002 461 alius
2028 413 2074 468 Α
2104 421 2269 475 quam
2321 403 2517 460 similis
2570 401 2648 456 illi
2701 412 2868 468 super
2914 393 3674 482 terram,_homoAinnocens,

421 508 649 562 nuntius
679 505 854 569 venit,
889 505 1113 559 dicens:
1142 501 1292 574 [Job]
1319 505 1335 534 ⁸
1359 501 1454 556 lilii
1493 500 1568 556 tui
1613 508 1669 555 et
1709 499 1832 554 filiae
1872 511 1998 564 tuae,

422 602 552 654 dum
581 597 878 653 comedunt
899 603 956 650 et
978 593 1178 650 bibunt
1203 597 1392 648 vinum
1417 591 1560 662 apud
1589 591 1812 646 fratrem
1839 607 2000 645 suum

420 691 717 754 seniorem,
753 690 979 758 spiritus
1008 687 1194 742 subito
1217 685 1484 755 malignus
1519 683 1677 738 irruit
1698 698 1729 738 a
1759 682 1998 748 deserto,

422 794 477 840 et
500 783 931 854 tetigitquatuor
954 779 1182 848 angulos
1199 777 1412 839 domus,
1443 785 1497 830 et
1517 777 1687 841 ruit',
1722 783 1775 830 et
1800 775 2002 828 libera«

425 882 513 928 tus
532 887 652 927 sum
677 886 776 941 ego
799 869 970 931 solus,
999 877 1056 922 et
1075 867 1222 932 veni,
1260 877 1320 920 ut
1348 865 1660 920 nuntiarem
1700 865 1822 918 tibi.
1843 863 2001 918 Tunc

422 963 664 1018 surrexit
695 961 819 1026 Job,
847 969 903 1016 et
927 959 1197 1014 conscidit
1229 957 1554 1012 chtimenta
1588 972 1709 1020 sua,
1737 967 1793 1011 et
1823 964 2002 1010 toton-

423 1059 503 1112 dit
534 1069 744 1112 comam
767 1049 962 1122 capitis
996 1051 1119 1107 sni:
1155 1060 1210 1104 et
1247 1051 1538 1119 procidens
1562 1051 1614 1104 in
1646 1058 1846 1104 terram
1873 1064 1999 1103 ora-

420 1147 520 1211 vit,
555 1153 611 1199 et
663 1143 832 1197 dixit:
867 1141 1060 1196 Nudus
1096 1141 1204 1194 exii
1279 1141 1346 1194 de
1392 1153 1552 1194 utero
1592 1140 1784 1193 matris
1836 1154 1988 1201 meat,

419 1245 477 1293 et
507 1236 692 1292 nudus
748 1233 944 1289 vadam
987 1234 1138 1288 illuc.
1201 1232 1466 1287 Dominus
1519 1233 1690 1294 dedit,
1738 1232 2000 1285 Dominus

421 1328 650 1383 abstulit
679 1345 694 1381 :
737 1341 799 1382 +
833 1327 977 1382 sicut
1015 1326 1250 1380 Domino
1287 1327 1494 1395 placuit
1526 1325 1598 1379 ita
1631 1324 1830 1377 factum
1865 1323 1992 1390 cst1

423 1423 494 1477 sit
521 1435 722 1474 nomen
756 1417 973 1472 Domini
1012 1417 1382 1472 benedictum.
1418 1417 1474 1472 In
1515 1417 1774 1472 omnibus
1823 1416 1907 1470 his
1933 1431 1993 1471 σθ-

423 1527 543 1576 quae
571 1512 917 1580 contigerunt
959 1511 1008 1564 ei
1055 1510 1077 1579 1
1143 1524 1254 1563 non
1313 1512 1559 1578 peccavit
1608 1510 1708 1565 Job
1809 1526 1992 1565 coram

422 1605 657 1660 Domino
689 1604 710 1670 1
743 1613 797 1657 et
827 1618 933 1655 non
968 1602 1120 1656 dedit
1156 1602 1528 1671 insipientiam
1560 1603 1696 1656 Deo.

494 1696 649 1768 [ϐαρ.
685 1694 774 1765 Ιι.]
797 1693 1082 1748 Etfactum
1116 1707 1201 1749 est
1232 1697 1283 1748 in
1318 1695 1426 1747 illis
1456 1695 1682 1760 diebus,
1720 1708 1994 1750 venerunt

2105 504 2267 542 verax
2307 486 2398 542 Dei
2458 485 2656 548 cultor,
2703 482 2988 536 abstinens
3035 494 3094 534 se
3124 480 3191 534 ab
3223 478 3374 534 omni
3427 479 3592 541 malo,
3621 488 3679 531 et

2104 581 2284 634 adhuc
2318 585 2635 648 perseverat
2675 575 2728 628 in
2779 571 3093 628 innocentia
3131 587 3146 626 :
3200 581 3256 626 ιιι
3294 570 3424 626 vero
3469 571 3677 636 dixisti,

2107 683 2161 726 ut
2198 669 2560 726 substantiam
2593 669 2711 738 ejus
2743 665 2942 720 frustra
2968 665 3278 735 perderem.
3312 664 3680 733 Respondi-ns

2104 775 2284 818 autem
2321 761 2574 816 diabolus
2600 759 2852 818 Domino,
2897 756 3033 810 dixit
3065 773 3079 812 :
3127 758 3345 811 Coriutn
3387 775 3481 823 pro
3507 761 3675 819 corio,

2102 861 2159 906 et
2211 851 2394 904 omnia
2454 863 2793 918 quzecunque
2841 847 3094 902 habuerit
3149 848 3314 902 homo
3375 847 3527 901 dabit
3576 863 3677 914 pro

2103 943 2281 997 anima
2322 959 2443 997 sua.
2498 941 2605 996 Sed
2665 941 2898 994 extende
2959 954 3179 994 manum
3225 949 3398 1004 tuam,
3432 949 3487 992 et
3517 950 3676 1006 tange.

2105 1051 2225 1091 ossa
2276 1044 2332 1088 et
2372 1050 2566 1089 carnes
2612 1033 2754 1103 ejus,
2793 1033 2893 1086 nisi
2933 1033 2987 1084 in
3019 1033 3157 1086 facie
3206 1041 3297 1085 tua
3333 1031 3678 1086 benedixerit

2106 1129 2227 1183 tibi.
2264 1127 2409 1180 Dixit
2459 1136 2642 1180 autem
2702 1124 2960 1178 Dominus
3009 1123 3231 1177 diabolo
3273 1140 3286 1180 :
3349 1125 3487 1177 Ecce
3522 1124 3677 1176 trado

2105 1223 2255 1276 illum
2290 1222 2418 1275 tibi:
2459 1230 2672 1273 tantum
2707 1223 2945 1272 animam
2981 1220 3099 1288 ejus
3131 1219 3366 1271 custodi.
3399 1219 3463 1270 Et
3501 1233 3680 1285 egres-

2102 1330 2196 1368 sus
2249 1314 2500 1367 diabolus
2557 1316 2622 1381 ἃ(
2680 1329 2708 1366 a
2767 1312 2905 1365 facie
2963 1312 3178 1366 Domini
3214 1311 3235 1376 ζ
3277 1313 3544 1376 ιιυτιξιιεκιι
3577 1311 3680 1362 Job

2102 1407 2331 1460 vulnere
2376 1408 2637 1474 pessimo,
2697 1421 2724 1458 a
2761 1404 2993 1474 pedibus
3045 1419 3215 1472 usque
3265 1404 3330 1456 ad
3385 1412 3563 1472 caput.
3619 1403 3680 1456 Et

2104 1499 2222 1552 tulit
2271 1500 2336 1566 >ε<
2377 1497 2530 1564 sibi1
2573 1507 2789 1562 testam,
2843 1507 2898 1550 ut
2955 1496 3172 1549 raderet
3230 1496 3458 1549 saniem.
3517 1497 3580 1548 Et
3617 1501 3680 1561 3K

2100 1588 2216 1655 ipse
2254 1588 2274 1654 1
2310 1589 2538 1642 sedebat
2572 1590 2624 1641 iti
2649 1597 2894 1642 stercore
2933 1587 2953 1617 ⁸
2991 1586 3163 1658 [extra
3189 1588 3465 1640 civitatem
3525 1587 3677 1639 T-m-

2100 1695 2231 1747 pore
2256 1695 2381 1730 veto
2410 1681 2582 1734 multo
2637 1681 2930 1750 interjecto
2958 1680 3018 1751 :]
3059 1683 3121 1746 ΒΞ(
3153 1680 3218 1733 Ει
3258 1681 3393 1732 dixit
3428 1682 3503 1732 illi
3538 1697 3676 1731 ll\l)l'

423 1764 518 1842 ﬁlii
553 1787 671 1852 Dei,
712 1764 772 1840 ut
811 1796 1055 1841 astarent
1102 1797 1226 1840 ante
1261 1786 1574 1847 Dominum,
1607 1799 1662 1841 et
1695 1787 1842 1840 venit
1872 1789 1990 1840 dia-

2099 1789 2242 1827 sua:
2307 1774 2604 1843 Quousque
2670 1775 2974 1829 sustinebis
3036 1789 3098 1829 σι-
3155 1774 3395 1830 dicens"
3456 1774 3478 1842 1
3541 1775 3681 1828 Ecce

423 1880 581 1934 bolus
606 1880 658 1932 in
697 1878 876 1932 medio
909 1892 1101 1931 eorum
1129 1880 1196 1945 Χ
1229 1888 1279 1932 ιιι
1311 1889 1480 1934 staret
1509 1894 1693 1933 coram
1718 1878 1990 1946 Domino1

424 1971 492 2025 Et
549 1971 687 2024 dixit
742 1970 1006 2024 Dominus
1046 1970 1303 2025 diabolo:
1364 1969 1516 2025 Unde
1575 1983 1628 2026 ιιι
1679 1971 1882 2025 venis?
1929 1971 1997 2024 Et

421 2063 703 2131 respondit
748 2061 1002 2116 diabolus
1055 2062 1288 2116 Domino
1318 2065 1384 2131 χ(
1431 2062 1705 2132 etdixit1
1747 2061 1993 2118 Circuivi

422 2168 542 2222 qua:
589 2152 692 2204 sub
744 2151 888 2206 ccelo
941 2161 1101 2216 sunt;
1147 2160 1204 2205 et
1231 2161 1515 2220 peragrato
1552 2163 1666 2206 toto
1702 2154 1854 2214 orbe,
1900 2153 1998 2204 ad-

420 2259 564 2300 sum.
597 2245 662 2297 Et
702 2243 838 2297 dixit
873 2245 1134 2298 Dominus
1167 2245 1232 2297 ad
1267 2245 1545 2299 diabolum
1583 2261 1597 2298 :
1635 2246 1998 2300 Animadver-

423 2337 539 2392 tisti
582 2352 713 2406 ergo
753 2337 1020 2391 famulum
1053 2351 1234 2391 meum
1265 2337 1390 2401 Job,
1430 2340 1556 2408 quia
1588 2355 1696 2393 non
1730 2350 1815 2394 est
1846 2341 1996 2410 quis-

497 2608 513 2639 ι
543 2603 784 2657 Positum
819 2601 907 2656 hic
936 2600 1040 2655 loci
1064 2601 1132 2654 ab
1153 2602 1495 2670 exseriptore
1527 2602 1746 2657 obrlum
1771 2603 1998 2659 sustuli-

419 2693 582 2732 mus:
615 2691 718 2728 non
755 2673 901 2726 enim
933 2683 1059 2726 ante
1086 2688 1274 2726 vocem
1308 2673 1448 2727 hanc
1489 2673 1648 2733 alius,
1709 2676 1801 2730 sed
1869 2682 1997 2725 ante

420 2750 672 2801 verbum.
699 2742 821 2803 Job,
862 2745 1221 2812 apppnendus
1242 2754 1383 2808 erat,
1409 2743 1534 2812 quia
1565 2743 1666 2797 Job
1726 2762 1827 2798 non
1867 2745 1997 2810 legi-

423 2828 514 2870 tur
544 2819 594 2869 in
622 2809 909 2868 Hebraico.
933 2809 1110 2869 Manr.

489 2917 560 2927 _
590 2881 886 2954 scripserit
955 2883 1216 2954 OArigt-nes
1267 2881 1491 2954 ἔρχεται
1526 2899 1588 2941 +
1629 2885 1764 2952 πρ³.ς
1814 2885 1934 2938 ’ῐιῖιϐ
1971 2886 1993 2954 1

420 2959 621 3024 λέγων,
654 2966 764 3008 etc.
820 2951 1075 3024 ad_cujus
1122 2951 1631 3024 videtur'normam
1679 2951 1840 3008 locus
1896 2951 1998 3011 iste

423 3020 752 3093 religendus,
791 3020 928 3074 venit
965 3035 1022 3074 -ιο
1064 3028 1129 3074 ad
1161 3022 1258 3075 Job
1295 3025 1316 3090 1
1353 3027 1550 3086 dicens,
1584 3037 1691 3080 etc.
1727 3026 1891 3080 Certe
1940 3029 1994 3080 in

423 3100 591 3150 Hebr.
630 3095 752 3148 ,Ιοιί
785 3105 1005 3153 nomen,
1046 3095 1192 3161 quod
1237 3094 1373 3147 adeo
1406 3095 1620 3149 uncinis
1655 3098 1991 3161 inclusimus,
2024 3103 2065 3158 C

421 3176 584 3220 tacet.

491 3263 510 3290 '
552 3257 758 3311 Desunt
789 3258 838 3308 in
877 3271 976 3309 nis.
1014 3270 1134 3322 qua:
1159 3263 1510 3323 sequuntur:
1550 3255 1851 3326 Ceciditque
1903 3275 1992 3312 ru-

419 3346 512 3400 per
542 3343 757 3400 pueros,
785 3336 832 3379 et
868 3326 1059 3400 mortui
1084 3335 1226 3400 sunt.
1265 3327 1437 3400 Illam:

490 3396 558 3438 -ὲ
590 3399 796 3466 Supple
823 3412 887 3450 ex
915 3396 1102 3449 Grzcco
1141 3397 1364 3467 istlizcc:
1400 3396 1588 3448 Domus
1619 3414 1775 3466 super
1804 3415 1990 3467 pueros

421 3482 558 3535 tuos,
587 3478 636 3520 et
672 3469 864 3521 mortui
894 3473 1040 3528 sunt,
1076 3481 1196 3530 qua:
1221 3466 1433 3518 librarii
1470 3469 1756 3522 oscitantia
1793 3466 1848 3522 in
1881 3469 1987 3522 La-

421 3544 538 3595 tino
573 3554 674 3590 ms.
715 3537 1002 3597 excidisse,
1035 3535 1173 3588 nihil
1207 3545 1290 3589 est
1313 3536 1556 3589 dubium.

490 3612 510 3642 ³
544 3611 673 3674 Quae
706 3606 847 3659 intra
881 3606 1110 3659 uncinos
1127 3607 1518 3673 comprehensa
1542 3617 1690 3672 sunt,
1723 3623 1828 3662 non
1857 3618 1988 3664 sunt

418 3689 603 3734 notata
636 3676 876 3748 obelisco
917 3682 968 3728 in
996 3691 1096 3728 ms.
1125 3677 1353 3748 codice;
1402 3679 1504 3748 etsi
1547 3680 1771 3748 minime
1805 3681 1991 3748 legau-

419 3761 530 3811 tur,
559 3747 700 3816 apud
736 3745 1012 3816 l-lebraeos,
1042 3745 1464 3816 redundentque
1490 3747 1541 3799 in
1567 3747 1770 3802 Grgecis
1803 3745 1988 3804 ett—em-

418 3814 660 3888 pla-ribus
721 3814 882 3867 LXX.
927 3815 1066 3878 Quid
1109 3831 1243 3888 vero
1292 3817 1486 3869 doceat
1543 3835 1639 3871 nos
1675 3819 1987 3874 immediate

417 3885 658 3957 sequens
692 3889 1009 3946 asteriscus,
1045 3885 1335 3957 SCll‘tBAIIOII
1385 3901 1631 3952 possunt.
1687 3888 1812 3942 Ideo
1862 3901 1985 3943 tati-

417 3955 579 4023 qnam
611 3957 820 4010 inutilis
849 3965 903 4010 ct
941 3971 1130 4008 errore
1159 3955 1512 4010 librariorum
1541 3959 1754 4027 positus
1780 3961 1986 4014 haben-

416 4030 520 4082 dus
557 4041 678 4081 esse
710 4028 944 4080 videtur.
977 4027 1152 4078 MART.

482 4097 804 4152 —-'l‘otidem
821 4105 947 4148 sunt
964 4105 1019 4147 et
1039 4099 1089 4147 in
1109 4095 1298 4149 Graeco
1326 4097 1512 4159 verba,
1535 4113 1634 4149 nec
1650 4111 1829 4153 tamen
1849 4099 1986 4152 ὡδε-

417 4168 670 4236 λισμένα,
703 4182 823 4237 qua:
861 4181 961 4218 nos
995 4167 1204 4237 uncinis
1239 4167 1800 4237 circumscripsimus,
1835 4171 1983 4237 quod

415 4239 471 4291 in
507 4235 640 4290 lleb.
674 4236 1093 4307 desiderentur:
1133 4236 1277 4307 Ἐξῳ
1322 4235 1429 4307 si};
1480 4239 1708 4298 πόλεως,
1772 4235 1981 4307 Χρήόνου

413 4308 470 4358 δὲ
502 4305 699 4358 πολλοῦ
739 4303 1166 4373 προϐεϐηκότος.
1231 4304 1333 4368 Qui
1392 4308 1750 4375 subsequitur
1783 4303 1982 4363 asteri-

415 4393 564 4440 scus,
609 4392 770 4428 unam
823 4375 1138 4445 illucesCere
1188 4376 1333 4441 facit,
1379 4374 1468 4439 Et,
1507 4374 1774 4443 vocitlam,
1816 4393 1980 4445 quam

2099 1878 2358 1936 exspecto
2386 1883 2552 1936 parvo
2581 1882 2643 1922 σξ-
2693 1868 2971 1922 sustinens
3007 1883 3158 1935 spent
3187 1869 3417 1923 salutis?
3452 1884 3512 1923 -ιο
3544 1868 3682 1922 Ecce

2099 1960 2245 2014 enim
2311 1959 2672 2014 exterminata
2725 1970 2809 2015 est
2865 1963 3130 2016 memoria
3169 1973 3256 2015 tua
3295 1978 3323 2014 a
3384 1977 3524 2015 terra
3559 1965 3578 1992 ’
3615 1975 3679 2018 +-

2103 2050 2194 2104 filii
2224 2060 2276 2104 et
2313 2050 2453 2112 tiliae,
2489 2051 2593 2106 mei
2629 2053 2838 2106 ventris
2865 2052 3083 2106 dolores
3104 2063 3160 2107 et
3188 2057 3419 2120 genitus
3455 2069 3516 2109 -ι-
3545 2072 3680 2122 ιιιιιιε

2100 2142 2302 2196 frustra
2339 2143 2552 2210 portavi
2587 2160 2706 2196 cum
2740 2144 2926 2198 labore
2970 2160 3032 2200 ~1'-
3073 2146 3264 2212 Tuque
3308 2148 3358 2197 in
3397 2148 3680 2211 putri-dine

2102 2237 2366 2288 vermium
2402 2235 2558 2289 sedes
2598 2252 2658 2292 -ξ-
2689 2249 3014 2305 pernoctans
3044 2242 3150 2290 sub
3184 2238 3310 2291 diro
3345 2239 3364 2268 ⁸
3400 2253 3458 2293 «ι-
3493 2250 3546 2292 et
3575 2256 3679 2304 ego

2101 2328 2384 2393 oberrans,
2419 2337 2474 2382 et
2503 2325 2804 2395 deprecans
2841 2331 2906 2396 )9:
2945 2331 3159 2384 deloco
3193 2331 3251 2384 in
3293 2331 3494 2393 locum,
3528 2331 3678 2386 etde

2099 2600 2203 2672 ἕως
2258 2599 2354 2672 τρῦ
2391 2615 2493 2672 ’με
2532 2599 2619 2650 ἵνα
2667 2599 3074 2672 ἀνᾳπῖύσωμαι
3124 2602 3234 2653 τῶν
3291 2606 3506 2672 μῦχθιιιν
3571 2626 3672 2670 pou

2101 2669 2197 2721 καὶ
2249 2669 2358 2719 τῶν
2420 2669 2652 2722 ὀδυνῶν.
2701 2669 2763 2720 αἴ
2818 2687 2884 2737 με
2941 2670 3038 2744 vini
3072 2669 3404 2737 συνέχούσιη·
3442 2696 3458 2725 ι
3513 2679 3676 2744 μόνον

2101 2741 2516 2811 γὰρ-ῥήματα
2580 2741 2676 2811 ﬁl?
2734 2741 2996 2805 γυναικὸς
3041 2741 3526 2811 ἀναγέγραπτιιῖ
3594 2753 3672 2810 τὸ,

2108 2827 2126 2858 ι
2167 2807 2472 2879 ἀλλ’νεῖπὸν
2520 2825 2571 2859 τι
2617 2809 2770 2877 ῥῆμα
2808 2807 3195 2879 πρὸς-Κύριονς
3236 2807 3327 2866 illi
3355 2817 3604 2869 τελεύτα.
3649 2807 3666 2871 ι

2103 2878 2269 2932 Multa
2323 2879 2377 2931 in
2417 2881 2602 2932 nostris
2667 2878 3069 2932 exemplaribus
3097 2884 3239 2935 ultra
3274 2887 3434 2940 Hebr.
3476 2891 3672 2940 redim-

2100 2950 2249 3024 dant,
2277 2965 2396 3024 qua:
2431 2951 2509 3024 liis
2549 2949 2858 3024 uxorisjlob
2888 2951 3100 3024 uerbis;
3149 2970 3434 3022 quousque
3488 2973 3674 3024 perse-

2101 3019 2359 3071 verabis?
2391 3021 2678 3080 addantur,
2717 3021 2952 3072 dicendo
2986 3038 2998 3073 :
3042 3019 3268 3078 Manebo
3303 3019 3674 3088 adhuc-parvo

2102 3101 2350 3167 tempore
2385 3101 2712 3167 exspectans
2762 3105 2914 3167 spem
2967 3093 3159 3167 salutis
3209 3112 3360 3167 nter,
3410 3100 3676 3167 usquead

2099 3158 2254 3220 illud,
2291 3171 2348 3211 ut
2376 3161 2715 3228 requiescam
2743 3161 2810 3211 ab
2842 3163 3100 3218 aerumnis
3139 3165 3300 3227 lueis,
3328 3177 3444 3220 θη
3486 3158 3670 3222 ἰΙοιο-

2100 3233 2253 3281 ribus
2305 3231 2396 3296 qui
2438 3245 2522 3283 me
2573 3246 2718 3281 nunc
2753 3230 3051 3284 detinent:
3117 3234 3256 3288 Nam
3306 3237 3413 3292 liazc
3467 3250 3674 3292 trmtunt

2100 3302 2276 3352 teretis
2309 3302 2462 3352 uerba
2505 3302 2701 3364 scripta
2732 3309 2888 3360 attrit;
2938 3302 3027 3354 sed
3080 3305 3165 3356 die
3217 3311 3440 3358 verbum
3484 3321 3674 3362 ciuilia

2101 3369 2412 3433 hominum,
2461 3381 2520 3423 et
2563 3385 2800 3424 morere.
2836 3370 2979 3423 Nihil
3017 3373 3120 3426 hoc
3162 3376 3486 3430 lttculentius
3523 3380 3674 3432 testi-

2097 3454 2300 3491 ιιιυηιο.

2167 3533 2188 3562 ⁸
2223 3532 2306 3604 Exi
2356 3532 2712 3586 distinctione
2773 3533 3197 3597 versiculorum,
3247 3553 3410 3604 quam
3469 3539 3675 3594 retinet

2093 3615 2196 3673 ius.
2252 3603 2652 3655 Alexandrinus
2690 3605 2742 3654 in
2797 3604 3004 3656 Catena
3053 3605 3158 3658 Gra
3179 3603 3370 3660 corum
3425 3606 3670 3673 Patrum,

2097 3671 2495 3745 huncobelum
2531 3673 2911 3745 supplevimus
2946 3689 2958 3724 :
2997 3682 3074 3727 tot
3100 3691 3336 3743 namque
3370 3671 3674 3745 Scriptura:

2096 3756 2223 3812 pars
2261 3741 2448 3794 isthzec
2491 3743 2680 3795 obelos
2710 3743 2873 3795 debet
2907 3744 3136 3808 habere,
3170 3741 3301 3812 quot
3337 3741 3507 3802 habet
3539 3765 3664 3801 vcr-

2091 3809 2344 3882 siculos:
2399 3813 2641 3878 alioquin
2701 3813 2926 3865 minime
2985 3809 3327 3882 perspectum
3391 3819 3530 3871 foret
3589 3820 3672 3869 in-

2095 3880 2293 3956 tuenti.
2330 3893 2530 3949 quanta
2554 3897 2820 3956 _versuuni
2855 3880 3011 3951 copia
3041 3880 3310 3939 redundet
3350 3895 3492 3956 apud
3527 3887 3674 3941 LXX

2093 3949 2445 4025 interpretes,
2478 3953 2636 4025 cujus
2671 3954 2890 4025 nullum
2923 3949 3102 4006 eitslat
3154 3949 3441 4025 vesngiuin
3478 3962 3528 4009 in
3567 3959 3669 4011 lle-

2091 4019 2360 4072 brieorum
2415 4023 2808 4076 Volimiinibus.
2871 4025 3037 4075 l’urro
3071 4026 3186 4077 vice
3234 4019 3385 4079 veisa
3421 4029 3671 4080 nonnihil

2083 4087 2277 4155 juvant
2305 4091 2447 4143 obeli
2484 4093 2573 4144 hic
2615 4096 2784 4146 notati
2822 4095 2888 4144 ad
2933 4095 3330 4147 restituendam
3368 4107 3668 4164 perii-ctam

2091 4173 2348 4212 versuum
2400 4164 2806 4234 distinctionem
2862 4165 2912 4214 in
2948 4179 3048 4234 nis.
3100 4166 3494 4227 Alexandrino,
3539 4170 3668 4234 quia

2087 4243 2481 4300 nonnunquam
2517 4233 2626 4286 duo
2664 4248 2856 4286 versus
2903 4233 3007 4283 sub
3035 4249 3140 4286 una
3170 4236 3442 4290 divisione
3473 4233 3670 4289 ibi’le-

2087 4310 2309 4353 nuntur.
2337 4301 2509 4353 MaRT.

2087 4310 2309 4366 guinur.
2337 4310 2509 4355 Manr.

2159 4393 2178 4424 ⁸
2219 4393 2404 4462 Neque
2429 4394 2580 4460 plura
2610 4393 2827 4449 Graicus
2859 4396 3019 4449 habet
3057 4408 3236 4452 textus
3270 4415 3283 4450 :
3321 4397 3667 4452 Martiana‘us

415 4462 516 4498 nos
545 4463 577 4525 e
617 4448 851 4526 textibus
891 4444 1030 4522 lleb.
1065 4455 1119 4531 et
1168 4440 1356 4498 Graeco
1391 4447 1729 4531 sull‘eciitius.
1763 4440 1978 4517 iit-ipsa

2097 4472 2270 4515 lainen
2319 4440 2372 4516 in
2401 4440 2678 4518 Arddendis
2706 4470 2939 4518 alterum
2974 4471 3118 4521 hunc
3159 4484 3376 4520 thl'slllll
3411 4472 3664 4531 suppleti

415 4518 687 4576 asterisci,
741 4531 900 4582 quem
946 4515 1192 4567 inunlem
1237 4531 1300 4566 ac
1341 4517 1582 4584 positum
1636 4515 1986 4573 librariorum

414 4601 600 4638 errore
636 4587 977 4638 Martiarucus
1012 4587 1245 4649 putavit,
1288 4588 1430 4636 ratio
1469 4597 1772 4640 constaret.

487 4655 507 4685 ⁵
543 4656 824 4706 Manil'esto
859 4657 1211 4718 exscriptoris
1242 4671 1433 4708 errore
1485 4657 1573 4709 hic
1618 4667 1840 4710 notatus
1867 4667 1988 4711 erat

416 4728 713 4778 r-stei'is'ws
741 4741 837 4791 pro
862 4727 1014 4788 signa
1040 4728 1207 4789 obeti,
1243 4736 1298 4778 et
1329 4727 1546 4791 quidem
1581 4738 1716 4794 post.
1736 4731 1984 4792 verbum,

413 4797 612 4857 dicens,
653 4795 796 4860 quod
834 4809 940 4844 non
964 4794 1163 4860 legitur
1194 4800 1246 4848 in
1287 4795 1576 4849 Hebraico.
1603 4797 1712 4849 Nos
1738 4795 1987 4863 Origenis

414 4875 742 4934 auctoritate
774 4864 920 4928 l'uiti,
962 4879 1076 4916 suis
1115 4871 1253 4920 locis
1299 4881 1363 4918 ac
1401 4868 1570 4934 signis
1600 4871 1784 4919 omnia
1822 4869 1986 4922 resti-

416 4943 640 4987 tuitnus.
675 4933 844 4987 Illam.

480 5055 554 5066 —
583 5027 923 5082 Martiarueus
973 5029 1057 5083 hic
1102 5029 1211 5082 duo
1257 5029 1527 5081 crassiora
1573 5037 1775 5096 puncta
1813 5043 1985 5098 appo-

413 5109 619 5158 suerat,
672 5101 736 5150 ad
783 5101 942 5151 tinent
979 5102 1353 5165 ὼὸελῖσμένης
1393 5113 1542 5151 vocns
1579 5103 1980 5166 denotandum,

415 5169 639 5239 perinde
666 5184 729 5220 ac
769 5184 810 5220 sl
837 5182 1308 5239 qtt.te_sequunttu',
1349 5169 1477 5221 Ecce
1511 5183 1753 5235 exspecto
1794 5187 1979 5233 parvo,

411 5244 478 5288 de
500 5238 662 5289 llrbr.
695 5254 875 5289 essent
911 5238 1079 5303 textu,
1106 5255 1228 5292 cum
1256 5240 1482 5292 minimc
1504 5243 1636 5301 sint,
1671 5241 1981 5310 ctjugulari

413 5312 614 5373 pariter
661 5311 817 5359 obeln
846 5318 1098 5362 deneant.
1140 5313 1190 5361 ld
1228 5325 1294 5361 ex
1332 5315 1470 5377 ipsa,
1505 5325 1668 5376 quam
1699 5311 1860 5361 Mart.
1899 5327 1983 5363 ιιι-

411 5390 550 5436 nuit,
588 5381 836 5446 Ut'igrtns
875 5384 1037 5447 epist.
1081 5381 1146 5432 ad
1194 5381 1508 5432 Africanum
1547 5392 1782 5443 constat,
1821 5382 1982 5447 cujus

410 5463 588 5514 Opera:
637 5460 869 5517 pretium
901 5464 984 5503 est
1029 5453 1193 5502 verba
1221 5451 1536 5502 describere
1573 5467 1586 5503 :
1652 5452 1886 5500 Πλείονα
1922 5453 1980 5502 ἐν

407 5519 514 5590 soi,
576 5523 866 5590 ἡμετέροις
922 5523 1072 5590 παρὰ
1130 5526 1196 5571 τὰ
1267 5520 1556 5585 Ἐὕραϊκὰ,
1612 5521 1699 5572 ὅτε
1750 5517 1869 5570 εἷπε
1905 5523 1981 5590 τῷ

421 5586 577 5657 ἰώόῃ
599 5586 764 5660 γυνή
793 5592 978 5656 αὑτοῦ,
1007 5586 1132 5643 ἀπὸ
1158 5591 1252 5642 τοῦ
1285 5606 1299 5619 ·
1342 5607 1360 5639 ι
1401 5592 1565 5659 μέχρι
1607 5593 1750 5652 τίνος
1783 5586 1980 5658 xopta-

410 5660 635 5726 ρήςειςς
693 5677 864 5726 Λεγων
892 5679 903 5690 ’
956 5664 1108 5724 Ἰδοὺ,
1147 5663 1404 5728 ἀναμένω
1445 5663 1636 5729 χρόνον
1669 5663 1750 5712 ἑτι
1781 5678 1980 5728 μικριιν

409 5734 838 5800 πε-οσοεάόμενος
913 5750 1007 5801 τςν
1073 5737 1263 5787 ελπιὸα.
1303 5735 1398 5801 ti},-
1447 5731 1722 5801 σωτηρίας
1789 5746 1914 5800 μου,
1954 5752 1972 5783 ι

2092 4534 2181 4584 hic
2207 4534 2363 4606 jubet
2397 4545 2560 4606 atque
2592 4539 2892 4591 interseri:
2935 4537 2998 4590 Et
3046 4555 3134 4591 ero
3178 4555 3330 4606 uaga,
3387 4546 3436 4589 et
3482 4538 3667 4589 habitu

2090 4605 2287 4655 ancilla
2328 4605 2630 4668 ambulans,
2667 4607 2813 4673 quod
2848 4609 2962 4659 hare
2998 4616 3158 4659 verba
3197 4605 3332 4660 lecta
3380 4613 3508 4659 olttu
3554 4620 3668 4658 sint

2090 4673 2144 4745 in
2175 4674 2280 4745 alio
2311 4677 2608 4742 exemplari
2642 4677 2744 4728 Job
2785 4678 2936 4745 juxta
2968 4677 3106 4730 LXX
3143 4697 3171 4730 ιι
3209 4677 3366 4732 Joan.
3410 4679 3671 4730 Camera-

2090 4743 2171 4815 ι·ιο
2198 4744 2495 4815 llalburgio
2521 4743 2796 4813 episcopo
2819 4747 3180 4815 Vangionum.
3213 4749 3496 4801 Constabit
3531 4762 3662 4799 vero

2089 4813 2158 4864 ab
2196 4813 2472 4879 liujustnet
2516 4817 2757 4882 episcopi
2809 4813 2956 4868 mox‘
2987 4821 3270 4871 recitando
3325 4821 3663 4880 testimonio,

2088 4884 2313 4936 minime
2371 4885 2728 4952 supplendam
2789 4901 2909 4938 eam
2964 4889 3128 4940 simul
3169 4905 3290 4940 esse
3346 4887 3663 4953 peticopen,

2086 4956 2180 5026 sed
2224 4962 2366 5006 stare
2426 4971 2524 5022 pro
2585 4956 2674 5007 hic
2737 4957 3022 5023 impressa,
3056 4957 3122 5009 Et
3168 4973 3261 5026 ego
3305 4960 3575 5015 oberrans,
3615 4968 3665 5007 et

2087 5021 2375 5088 deprecans
2401 5021 2503 5076 :ict
2531 5027 2688 5092 quod
2724 5021 3056 5096 illeiiiuvenit
3088 5029 3141 5079 in
3178 5021 3501 5096 l'tadagtenst
3550 5040 3667 5077 mo-

2088 5097 2327 5161 nasterio
2359 5100 2637 5161 exemplar
2669 5111 2776 5147 non
2804 5095 3028 5150 llieron.
3058 5095 3347 5160 versionis,
3388 5096 3484 5149 sed
3514 5098 3660 5149 alius

2088 5160 2322 5214 fortasse
2376 5160 2708 5231 antiquioris
2759 5180 2897 5219 esse.
2963 5165 3053 5222 Sic
3093 5181 3274 5222 autem
3325 5170 3488 5220 verba
3540 5169 3664 5230 ejus

2088 5232 2328 5286 hanent:
2365 5233 2517 5300 Smpe
2546 5246 2773 5303 questus
2807 5251 2949 5296 sum,
2997 5239 3333 5306 Scripturam
3365 5252 3507 5290 sacr.
3543 5243 3662 5302 plu-

2087 5311 2242 5353 ribus
2279 5320 2331 5355 ιιι
2367 5307 2504 5355 lous
2536 5325 2561 5355 ιι
2607 5322 2730 5358 vcta
2768 5307 3222 5373 interpretatione
3243 5323 3365 5362 esse
3396 5308 3662 5374 deprom-

2088 5381 2218 5437 tam,
2273 5389 2380 5425 non
2433 5376 2656 5427 literon.
2706 5377 2807 5427 viri
2859 5378 3163 5430 doctissimi
3214 5389 3269 5432 et
3321 5376 3660 5430 sanctissimi

2085 5448 2266 5510 culpa,
2322 5445 2418 5496 sed
2465 5448 2594 5497 vitio
2648 5446 3020 5498 librariorum.
3068 5450 3127 5499 In
3159 5463 3266 5515 qua
3315 5464 3369 5499 re
3405 5446 3657 5498 nonnulli

2053 5520 2056 5524 '
2086 5515 2388 5568 nebulones
2420 5516 2612 5567 incoho
2641 5515 2902 5569 cellarum
2935 5518 3268 5570 urbanarum
3296 5518 3426 5570 mihi
3461 5518 3659 5569 adver-

2086 5597 2188 5634 sati
2221 5595 2368 5644 sunt.
2397 5601 2461 5638 ex
2497 5590 2694 5653 spiritu
2727 5589 2836 5639 vini
2872 5598 3169 5640 sententias
3209 5604 3338 5642 suas
3364 5589 3659 5657 proferen-

2088 5663 2208 5707 tes:
2255 5671 2488 5722 quorum
2529 5667 2587 5708 ut
2638 5659 2910 5711 inscniam
2955 5660 3286 5711 luculentam
3333 5672 3654 5726 arguamus,

2088 5728 2242 5779 mitto
2267 5742 2387 5795 quae
2414 5743 2579 5796 wper
2605 5732 2662 5782 in
2688 5729 3002 5797 Badagieusi
3039 5730 3372 5785 monasterio
3399 5746 3452 5782 ιιι
3483 5730 3656 5783 veteri
