3966 6184
365 241 430 308 τι
1007 241 1010 244 ’
1272 230 1336 294 S.
1370 223 1818 290 HIERONYMI
1862 220 2134 284 DIVINA
2179 217 2711 278 BIBLIOTHECA.
3544 219 3616 284 72

368 357 463 412 lux
505 360 562 408 et
595 350 729 415 vita,
764 345 1052 404 animabus
1079 359 1199 415 qua:
1233 354 1363 398 sunt
1403 343 1457 396 in
1487 339 1793 402 doloribus,
1821 348 1944 404 quae
1969 337 2019 393 Α
2047 347 2236 385 aurem
2286 333 2520 384 tantum"
2549 339 2604 383 et
2650 343 2840 384 vocem
2885 327 3194 384 audiebam.
3241 329 3381 396 Quid
3426 331 3572 386 enim
3597 327 3624 379 ?

369 445 690 503 desiderant
711 449 966 511 mortem,
1007 447 1061 494 et
1089 454 1200 492 non
1230 435 1500 504 contingit
1531 433 1656 495 illis,
1686 443 1938 499 quaeren-

367 546 451 592 tes
491 550 610 590 eam
654 543 911 602 tanquam
961 531 1300 592 thesaurum,
1360 536 1417 580 et
1453 522 1651 594 gaudio
1687 519 1936 574 adiciun-

369 640 460 684 tur
494 629 536 681 ⁸.
596 627 740 680 Mors
769 624 886 677 viro
918 620 1158 688 requies,
1183 618 1338 688 cujus
1369 616 1454 670 via
1485 611 1804 668 abscondita
1830 618 1938 664 est.

367 718 652 773 Conclusit
687 716 833 770 enim
891 712 1031 766 Deus
1085 710 1356 764 adversus
1388 722 1538 759 eum.
1590 705 1730 757 Aule
1785 715 1941 755 escas

367 812 570 880 quippe
627 822 774 861 meas
810 805 1043 874 gemitus
1076 805 1095 834 '
1166 799 1256 871 [ad
1310 793 1674 866 Dominum]:
1729 802 1786 847 et
1836 790 1941 844 ﬂeo

369 909 683 955 coarctatus
738 896 955 950 timore.
1014 892 1205 946 Timor
1251 892 1401 945 enim
1464 903 1627 957 quem
1689 885 1937 946 verebar,

367 995 519 1046 venit
570 991 725 1053 milii,
757 998 812 1042 et
845 1001 1008 1057 quem
1033 986 1315 1048 timebam,
1355 977 1778 1050 comprehendit
1810 989 1894 1028 me
1923 990 1938 1029 :

369 1098 544 1152 neque
572 1083 628 1135 in
653 1095 787 1150 pace
820 1079 917 1142 fui,
967 1091 1145 1142 neque
1177 1078 1231 1128 in
1273 1074 1513 1134 silentio,
1553 1082 1736 1137 neque
1772 1067 1826 1118 iu
1856 1079 1943 1118 re-

371 1175 540 1244 quie:
579 1172 723 1226 venit
755 1179 940 1224 autem
967 1167 1080 1239 [AL
1115 1163 1286 1236 enim]
1329 1164 1463 1217 mihi
1491 1163 1596 1215 ira.

453 1344 784 1386 RESPO‘NDENS
826 1342 1002 1383 ΔΠΤΕΠ
1041 1341 1259 1379 ειιρωῑ
1286 1334 1635 1384 ΤΠΕΜΔΝΙΤΕΞ,
1675 1333 1820 1372 ΙΠΧῘΤ
1853 1332 1869 1371 ζ

441 1446 594 1519 [ϐαρ.
634 1444 750 1516 lV.]
789 1444 870 1498 Ne
920 1445 1058 1498 [orte
1101 1440 1393 1509 loquamur
1433 1435 1529 1490 tibi
1561 1437 1617 1488 iu
1667 1433 1942 1487 molestia.

371 1541 591 1596 Pontius
620 1547 803 1592 autem
831 1536 1127 1589 verborum
1162 1541 1380 1584 tuorum
1426 1528 1549 1597 quis
1599 1527 1896 1580 sustinebit
1923 1526 1946 1578 ?

372 1632 529 1698 Quod
583 1630 630 1684 si
681 1639 736 1683 tu
770 1626 1030 1682 monuisti
1067 1623 1292 1684 multos,
1341 1630 1396 1674 et
1428 1634 1620 1673 manus
1649 1618 1944 1672 inﬁrmium

374 1724 694 1780 consolatus
738 1737 818 1786 es,
855 1729 912 1774 et
950 1732 1122 1788 δἐι-οε
1167 1713 1543 1769 eorroborasli
1576 1711 1940 1772 sermonibus,

374 1818 713 1886 genibusque
767 1811 1066 1867 infirmium
1118 1807 1486 1861 valetudinem
1534 1802 1866 1870 praestitisti,
1895 1809 1950 1854 et

375 1917 524 1956 nunc
550 1901 700 1954 venit
746 1901 798 1952 in
831 1909 881 1952 te
910 1899 1088 1963 dolor,
1120 1905 1173 1950 et
1202 1892 1635 1983 penetravit.te,
1674 1903 1730 1944 tu
1762 1902 1946 1944 autem

377 1994 737 2050 conturbatus
783 2007 840 2044 es
873 2007 887 2042 :
942 2004 1124 2043 nonne
1159 1989 1320 2042 timor
1368 1998 1493 2040 tuus
1522 1984 1720 2038 Stultus
1759 1994 1862 2048 est,
1895 1989 1952 2035 et

376 2101 502 2155 spes
527 2095 638 2148 tua,
677 2092 730 2137 et
755 2081 1076 2151 simplicitas
1104 2081 1228 2134 vita:
1267 2081 1286 2112 ⁸
1329 2077 1472 2131 tuae?
1505 2075 1813 2130 Recordare
1848 2075 1951 2130 ita-

328 2211 332 2213 λ
377 2193 484 2247 que
534 2178 659 2244 quis
709 2176 941 2228 mundus
987 2172 1249 2242 perierit,
1313 2170 1394 2224 vel
1447 2169 1665 2238 quando
1731 2181 1952 2220 veraces

379 2268 646 2323 radicitus
685 2265 1017 2320 interierint.
1069 2262 1540 2329 Quemadmodum
1578 2262 1684 2314 vidi
1731 2270 1948 2314 arantes

381 2359 644 2430 pessima,
693 2366 749 2411 et
800 2358 894 2424 qui
947 2363 1138 2408 serunt
1183 2369 1268 2416 ea,
1325 2353 1545 2405 dolores
1576 2361 1789 2406 metunt
1819 2352 1946 2406 sibi.

377 2453 657 2520 Praecepto
692 2447 904 2502 Domini
940 2447 1211 2512 peribunt.
1243 2455 1298 2498 et
1327 2445 1522 2514 spiritu
1563 2447 1655 2496 ira:
1692 2445 1811 2512 ejus
1853 2443 1952 2496 de-

381 2549 702 2602 molientur.
746 2543 1021 2597 Fremitus
1043 2540 1240 2604 leonis,
1272 2551 1326 2592 et
1369 2553 1473 2591 vox
1503 2539 1704 2600 leaenae,
1737 2547 1791 2590 et
1823 2551 1955 2605 gau-

380 2643 534 2696 dium
585 2640 890 2693 draconum
942 2636 1274 2690 exstinctuin
1341 2642 1427 2686 est
1460 2632 1504 2687 ⁵.
1567 2632 1953 2700 Myrtnicolcon

381 2727 566 2797 periit,
600 2741 664 2780 eo
704 2724 851 2794 quod
884 2738 991 2776 non
1028 2722 1254 2775 haberet
1296 2736 1514 2774 escam:
1567 2731 1624 2774 et
1650 2719 1816 2773 catuli
1851 2719 1956 2773 leo-

382 2833 513 2872 num
548 2815 705 2871 divisi
731 2823 857 2868 sunt
882 2811 950 2866 ab
991 2811 1245 2864 invicem.
1280 2810 1434 2874 Quod
1469 2811 1513 2864 si
1564 2809 1783 2878 aliquod
1833 2825 1957 2861 ver-

383 2909 515 2963 bum
563 2921 753 2961 verum
801 2905 992 2958 fuisset
1035 2903 1086 2955 in
1146 2903 1496 2955 sermonibus
1543 2904 1651 2956 tuis
1708 2916 1768 2957 +
1818 2900 1952 2954 nihil

384 3002 581 3056 horqu
630 2998 726 3051 tibi
780 2997 1070 3050 accidisset
1109 2995 1131 3062 ζ
1173 2993 1426 3061 Nunquid
1491 3009 1597 3046 non
1641 2996 1785 3063 capit
1810 2995 1955 3046 auris

387 3108 508 3147 mea
543 3090 827 3158 magniﬁca
855 3087 922 3140 ab
949 3103 1034 3151 eo,
1078 3101 1330 3139 somnum
1360 3096 1410 3139 et
1445 3085 1697 3138 timorem
1732 3097 1956 3138 noctur-

387 3183 557 3240 nutu?
604 3183 898 3236 Dccidcnte
941 3179 1135 3232 timore
1183 3179 1234 3230 in
1276 3177 1547 3239 homines,
1600 3177 1797 3230 horror
1827 3175 1956 3228 mihi

389 3276 590 3331 accidit
619 3284 674 3328 et
707 3284 950 3327 tremor:
998 3284 1053 3326 et
1104 3269 1277 3323 valide
1329 3285 1452 3324 Ossa
1487 3285 1608 3323 mea
1638 3269 1956 3332 commovit,

389 3381 448 3424 et
498 3367 725 3438 spiritus
773 3367 827 3419 in
878 3364 1071 3418 faciem
1125 3363 1256 3416 mihi
1305 3370 1569 3416 occurrit.
1605 3359 1956 3412 llorruerunt

391 3459 573 3527 capilli
607 3457 709 3510 mei
743 3466 795 3508 et
831 3469 1041 3509 carnes.
1089 3454 1406 3515 Exsurrexi,
1451 3462 1506 3506 et
1547 3466 1656 3504 non
1704 3450 1957 3520 Cognovi.

391 3547 633 3618 Inspexi,
660 3559 713 3602 et
741 3563 849 3602 non
881 3557 996 3600 erat
1028 3546 1194 3616 ﬁgura
1230 3555 1354 3598 ante
1386 3544 1580 3599 faciem
1613 3557 1826 3597 meam:
1863 3544 1960 3598 sed

465 3772 484 3804 ⁸
527 3769 868 3840 Οἰιιίιιιιηιιιιξ
919 3767 1032 3822 haec
1067 3769 1119 3820 iu
1155 3782 1280 3832 ms.,
1321 3785 1437 3822 cum
1463 3769 1761 3823 invenerint
1788 3771 1964 3840 sepul-

396 3859 566 3906 crum,
616 3841 701 3893 vel
747 3841 792 3892 si
845 3839 1040 3907 fuerint
1095 3841 1379 3891 consecuti.
1447 3839 1964 3897 Cousulendus'cst

397 3922 579 3966 textus
609 3911 974 3983 Hebraius,_ae
1002 3924 1103 3963 ius.
1136 3910 1539 3963 Alexandrinus
1564 3912 1630 3964 ad
1655 3911 1963 3983 intelligen~

396 3984 524 4035 tiani
560 3983 724 4048 liuj-us
749 3980 877 4033 loci.
901 3978 1075 4031 Manr.

468 4081 539 4092 -
571 4049 1092 4119 SubjungitGrzecus
1119 4049 1470 4103 Alexandrini
1496 4048 1707 4105 codicis
1733 4062 1915 4108 textus
1947 4072 1962 4110 :

396 4124 492 4177 HV
539 4122 905 4186 κατατύχωςι,
959 4119 1011 4171 id
1053 4129 1157 4179 est,
1203 4121 1248 4171 si
1299 4119 1493 4187 fuerint
1545 4126 1854 4177 consecuti:
1909 4127 1962 4179 iii

397 4194 520 4248 aliis
562 4192 781 4243 additur
829 4198 1110 4256 prieterea,
1159 4190 1409 4251 Θανάτου,
1466 4189 1517 4242 id
1565 4202 1670 4254 est,
1711 4203 1959 4249 mortem.

399 4258 555 4317 l’aria’
590 4262 754 4313 habet
786 4258 1047 4311 Hebraeus
1080 4272 1298 4325 quoque
1338 4270 1537 4313 textus.

472 4337 491 4365 ³
526 4332 703 4384 Facile
761 4345 856 4399 pro
887 4326 954 4378 ad
983 4327 1290 4393 Dominum,
1338 4346 1475 4394 quas
1504 4332 1723 4384 Voculas
1751 4335 1966 4389 uncinis

2031 419 2294 492 Nunquid
2333 421 2500 475 homo
2546 436 2726 474 coram
2753 421 2984 476 Domino
3008 421 3245 477 mundus
3277 422 3402 488 erit,
3433 435 3526 478 aut
3548 423 3620 478 ab

2039 516 2300 584 operibus
2331 514 2449 568 suis
2483 513 2600 566 sine
2649 515 2860 567 macula
2901 513 3022 566 vir?
3073 515 3128 566 Si
3183 523 3374 568 contra
3429 530 3621 570 servos

2042 625 2172 663 suos
2204 624 2316 662 nou
2367 609 2566 673 credit,
2598 619 2654 663 et
2685 608 2948 662 θᾶκοι-δας
2977 609 3201 678 angelos
3235 623 3364 662 suos
3393 624 3619 677 pravum

2043 702 2172 771 quid
2214 701 2465 770 reperit?
2523 702 2836 756 habitantes
2868 711 3051 755 autem
3099 701 3294 754 domos
3323 701 3518 763 luteas.
3551 702 3621 756 de

2043 794 2244 862 quibus
2277 803 2332 848 et
2379 809 2477 846 nos
2532 809 2597 846 es
2651 793 2848 846 eodem
2907 793 3023 845 iuto
3073 808 3284 855 sumus,
3334 795 3608 860 percussit

2045 884 2170 938 illos
2227 893 2483 954 tanquam
2531 884 2697 948 tinea,
2733 893 2787 937 et
2837 898 2869 936 a
2919 899 3076 937 mane
3127 899 3302 952 usque
3330 884 3396 936 ad
3431 899 3627 953 vespe-

2046 988 2162 1026 ram
2200 973 2345 1026 ultra
2371 988 2478 1026 non
2514 983 2665 1034 sunt,
2692 981 2746 1026 et
2781 971 2926 1040 quod
2962 988 3069 1026 nou
3095 982 3319 1040 possent
3347 973 3448 1026 sibi
3487 973 3625 1042 ipsis

2045 1065 2344 1128 subvenire
2406 1065 2692 1132 perierunt
2769 1063 2812 1116 ⁵.
2888 1062 3106 1117 Alllavit
3163 1065 3308 1118 enim
3373 1079 3505 1129 eos,
3570 1072 3630 1118 et

2046 1163 2335 1220 aruerunt,
2383 1153 2732 1221 interierunt,
2770 1156 2899 1223 quia
2928 1171 3039 1210 non
3074 1157 3350 1210 habebant
3399 1156 3627 1226 sapien-

2048 1250 2199 1301 tiam.

2121 1338 2275 1410 [Cap.
2309 1338 2400 1410 V.]
2442 1339 2638 1394 lnvoca
2671 1349 2851 1394 autem
2883 1342 2931 1395 si
2965 1341 3091 1409 quis
3117 1342 3228 1412 ;tihi
3253 1346 3578 1414 respondeat
3607 1365 3622 1399 :

2047 1441 2142 1485 aut
2170 1430 2216 1486 si
2245 1447 2405 1500 quem
2436 1443 2750 1486 sanctorum
2795 1435 3117 1500 angelorum
3149 1434 3357 1488 videas.
3401 1437 3612 1488 Etenim

2049 1524 2272 1578 stultum
2307 1524 2571 1576 interimit
2605 1523 2720 1593 [AL
2757 1522 2997 1595 perimit]
3036 1527 3114 1577 ira
3149 1541 3162 1579 :
3218 1535 3496 1579 errantem
3529 1543 3594 1578 au

2053 1623 2160 1667 tem
2193 1614 2396 1668 occidit
2422 1615 2593 1666 zelus.
2647 1615 2758 1684 Ego
2794 1626 2976 1668 autem
3004 1615 3117 1669 vidi
3149 1617 3349 1670 stultos
3384 1617 3626 1670 radici-in

2056 1705 2370 1771 mittentes;
2403 1711 2498 1760 scd
2535 1707 2783 1774 pratinus
2835 1718 3076 1760 comesta
3131 1717 3212 1762 est
3257 1724 3449 1762 eorum
3494 1725 3627 1762 con-

2051 1796 2315 1850 versatio.
2359 1797 2544 1865 Longe
2578 1797 2710 1850 tiant
2746 1796 2841 1848 lilii
2875 1811 3062 1850 eorum
3097 1813 3126 1850 a
3159 1799 3359 1861 salute,
3400 1807 3454 1853 et
3487 1815 3629 1854 con-

2052 1901 2301 1944 terantur
2331 1899 2457 1943 ante
2487 1888 2596 1960 [ΑΙ.
2631 1889 2819 1956 super]
2850 1890 3046 1958 jaiiuas
3076 1886 3468 1964 [inﬁrmorum]
3502 1893 3541 1955 ⁸,
3572 1902 3631 1948 et

2052 1998 2159 2035 non
2195 1981 2266 2036 sit
2294 1983 2384 2050 qui
2421 1990 2598 2036 eruat.
2653 1981 2783 2047 Qua:
2825 1985 2972 2037 enim
3010 1984 3087 2038 illi
3129 1999 3628 2054 congregaverunt,

2047 2075 2182 2144 justi
2215 2073 2522 2136 comedent,
2557 2075 2658 2142 ipsi
2695 2089 2822 2128 vero
2862 2075 2930 2128 de
2972 2075 3129 2130 malis
3158 2092 3267 2131 non
3308 2078 3635 2131 liberabun-

2054 2181 2164 2223 tur.
2205 2166 2577 2227 Exbauriatur
2607 2165 2873 2221 fortitudo
2906 2161 3119 2222 eorum.
3174 2169 3290 2223 Non
3327 2170 3469 2223 enim
3507 2185 3637 2237 pro-

2054 2259 2165 2313 diet
2223 2259 2292 2312 de
2349 2269 2493 2311 terra
2544 2258 2726 2322 labor,
2763 2274 2861 2313 nec
2891 2259 2958 2313 de
2987 2261 3265 2315 montibus
3297 2262 3636 2331 germinabit

2055 2352 2246 2418 dolor;
2282 2350 2374 2405 sed
2411 2351 2575 2404 homo
2616 2351 2671 2404 in
2703 2350 2890 2404 labore
2928 2354 3176 2406 nascitur
3211 2371 3223 2406 :
3273 2353 3404 2422 pulli
3441 2364 3631 2408 autem

2057 2445 2288 2497 vulturis
2340 2442 2608 2497 altissime
2650 2443 2835 2497 volant
2869 2444 2908 2498 ⁷.
2973 2444 3126 2500 Unde
3159 2455 3214 2498 et
3247 2462 3346 2516 ego
3375 2447 3639 2514 depreca-

2057 2535 2159 2588 bor
2191 2535 2499 2597 Dominum,
2533 2547 2589 2589 et
2625 2533 2914 2588 Dominum
2948 2536 3194 2590 omnium
3232 2537 3634 2593 dominatorem

2060 2626 2344 2692 invocabo,
2377 2627 2468 2693 qui
2504 2627 2631 2680 facit
2663 2644 2857 2696 magna
2891 2637 2945 2682 et
2977 2628 3427 2698 iiiveStigabilia;
3473 2631 3642 2699 glori-

2061 2718 2159 2771 lica
2208 2732 2263 2774 ιι-
2308 2729 2362 2772 et
2420 2719 2659 2788 ingentia
2695 2720 2714 2750 ⁸
2752 2720 2774 2787 ζ
2837 2735 3068 2788 quorum
3099 2736 3208 2774 non
3236 2730 3320 2775 est
3348 2737 3636 2776 numerus.

2061 2813 2165 2876 Qui
2217 2812 2311 2865 dat
2360 2811 2599 2880 pluviam
2644 2827 2810 2881 super
2849 2814 2868 2843 ⁸
2933 2814 3002 2878 >ε<
3057 2813 3248 2867 faciem
3291 2815 3312 2882 ζ
3367 2826 3548 2876 terra),
3583 2826 3640 2871 et

2065 2905 2232 2956 mittit
2293 2919 2489 2973 aquam
2552 2903 2655 2958 sub
2708 2904 2867 2957 cmlo.
2930 2904 3032 2968 Qui
3093 2905 3225 2960 facit
3289 2905 3538 2970 inﬁrmos
3581 2909 3638 2962 iii

2065 2994 2305 3059 excelso,
2354 3003 2410 3046 et
2451 2995 2542 3063 qui
2591 2995 2884 3063 impeditos
2921 2998 3119 3050 excitat
3151 2999 3218 3066 ἢ(
3271 2999 3324 3051 iii
3371 2998 3635 3054 salutem.

2061 3085 2165 3152 Qui
2197 3097 2373 3140 mutat
2402 3086 2632 3140 consilia
2672 3095 3003 3153 astutoruni,
3057 3099 3116 3142 ut
3150 3104 3256 3143 non
3290 3090 3487 3144 faciant
3517 3089 3636 3163 [ΑΙ.

2059 3177 2247 3248 faciat]
2269 3193 2463 3232 manus
2487 3192 2679 3230 eorum
2706 3180 2993 3232 veritatem
3027 3179 3048 3247 ζ
3079 3179 3180 3245 Qui
3218 3183 3645 3250 comprehendit

2060 3272 2334 3340 sapientes
2373 3271 2427 3328 iii
2461 3270 2771 3337 prudentia,
2830 3279 2886 3323 et
2927 3273 3218 3326 consilium
3287 3285 3637 3327 versutoruni

2060 3372 2320 3416 exterret.
2362 3361 2418 3414 lu
2455 3361 2544 3415 die
2582 3375 2874 3417 occurrent
2927 3364 3032 3417 illis
3084 3365 3362 3418 teuebre:
3414 3377 3466 3418 et
3517 3365 3638 3437 (At;

2061 3453 2177 3525 aut]
2214 3466 2468 3524 tauquam
2525 3464 2685 3507 nocte
2719 3455 3016 3524 palpabunt
3050 3455 3102 3508 in
3140 3455 3390 3509 meridie.
3434 3457 3498 3509 Et
3547 3475 3645 3525 pe-

2065 3556 2218 3600 reant
2243 3547 2299 3599 iii
2330 3546 2496 3610 bello,
2532 3556 2585 3600 et
2635 3547 2952 3616 egrediatur
2995 3549 3061 3601 de
3095 3564 3254 3602 manu
3288 3551 3530 3618 potentis
3559 3551 3645 3604 iii-

2137 3782 2156 3811 '
2192 3780 2323 3833 Erat
2377 3778 2556 3851 minus
2607 3789 2753 3831 recte
2805 3780 2952 3848 ipsi:
3003 3781 3246 3846 Gnaeus,
3283 3782 3431 3848 παρὰ
3457 3781 3516 3833 τὸ
3566 3783 3645 3851 μὴ

2066 3850 2324 3902 δύνασθαι
2360 3850 2556 3910 αὐτοὺς
2610 3851 2824 3910 ἑαυτοῖς
2863 3852 3129 3918 βοηθῆσαι
3172 3868 3185 3904 :
3250 3850 3639 3918 Atigustiiiiaiii

2067 3935 2284 3988 quoque
2319 3919 2488 3980 libri,
2548 3920 2686 3988 quod
2734 3931 3078 3990 nonpossent
3125 3922 3223 3974 sibi
3270 3923 3395 3989 ipsis
3448 3924 3644 3974 subre-

2069 4006 2204 4042 iure.

2140 4063 2160 4089 "
2187 4059 2533 4112 Martianicus
2581 4060 2713 4129 legit
2759 4058 3063 4122 impiorum.
3104 4061 3194 4128 qui
3244 4063 3445 4114 Veteris
3478 4076 3637 4113 ania-

2070 4130 2292 4184 nuensis
2321 4145 2474 4181 error
2525 4140 2626 4184 est.
2683 4129 2791 4182 Nos
2841 4131 3153 4196 accepimus
3184 4145 3252 4182 ex.
3300 4131 3633 4198 Augustino,

2069 4199 2426 4267 inﬁrmorum,
2485 4215 2622 4266 quos
2652 4201 2818 4252 etiam
2855 4200 2906 4250 iii
2951 4203 3144 4252 bonum
3203 4211 3409 4266 partem
3469 4202 3647 4252 inter-

2071 4279 2339 4338 pretatur,
2373 4271 2422 4322 id
2462 4280 2566 4327 est,
2601 4268 2864 4332 Humiles,
2911 4280 2958 4320 ct
2990 4275 3079 4337 qui
3123 4272 3314 4337 recepti
3349 4273 3548 4336 fuci-int
3587 4273 3644 4322 in

2073 4338 2367 4392 cubiculum
2411 4356 2443 4389 α
2479 4355 2713 4406 sponso:
2756 4349 2964 4391 tantum
2999 4341 3172 4400 abest,
3213 4351 3271 4391 ut
3315 4357 3413 4404 pro
3460 4341 3645 4403 impiis

402 4396 1209 4477 inclusimus,flegenduniuno
1243 4410 1324 4451 est
1358 4400 1521 4477 verbo
1563 4402 1763 4477 adest_.'
1803 4405 1961 4477 facile
2000 4396 2040 4449 Ι)
2076 4411 2348 4462 habuerit.
2383 4396 2636 4461 Concinit
2689 4425 2819 4461 vero
2875 4419 2929 4461 et
2979 4396 3169 4463 Graeca
3215 4396 3324 4461 vox.
3369 4396 3640 4477 ὴσσόνὶυν,

402 4475 549 4525 enim
588 4472 848 4523 librarius
895 4469 1212 4535 scriptionis
1241 4473 1426 4521 nescio
1455 4485 1560 4537 qua
1598 4471 1959 4527 similitudine

403 4544 667 4610 deceptus
691 4550 797 4591 est.
826 4540 916 4590 Sic
947 4551 1094 4610 certe
1119 4539 1387 4610 ipsciiliiii
1427 4541 1763 4610 Augustinus
1794 4545 1960 4610 legit:

406 4608 639 4666 Gciititus
669 4610 810 4661 adest
842 4624 860 4660 :
891 4618 938 4658 et
968 4609 1088 4676 ﬂeo,
1114 4618 1220 4659 etc.
1249 4608 1384 4660 Illud
1420 4625 1547 4660 vero
1570 4609 1637 4659 ad
1665 4608 1964 4678 Dominum,

404 4698 579 4751 neque
597 4681 815 4732 Giaccns
840 4678 1034 4741 codex,
1064 4687 1121 4728 ut
1149 4682 1214 4729 dc
1235 4678 1462 4731 Hebraeo
1493 4678 1712 4731 interim
1737 4690 1964 4747 taceam,

403 4754 668 4821 agnoscit.

477 4823 497 4852 ³
529 4824 663 4873 tium
699 4817 768 4872 sit
818 4817 869 4870 iu
902 4817 1091 4871 Graeco
1136 4820 1235 4885 τῆς
1279 4817 1422 4881 ὁδοῦ,
1479 4816 1532 4870 id
1567 4830 1670 4882 est,
1718 4819 1815 4872 vim
1845 4837 1862 4873 :
1913 4822 1969 4875 in

405 4891 602 4944 Latino
630 4901 806 4941 autem
843 4903 942 4939 vox
978 4897 1161 4940 istince
1203 4903 1464 4955 perquam
1493 4888 1688 4942 similis
1719 4891 1784 4943 sit
1829 4895 1967 4957 vitm,

405 4965 618 5030 upi'iiari
667 4962 813 5022 licet,
863 4960 1150 5010 contusum
1203 4958 1332 5009 oliui
1381 4975 1410 5010 a
1465 4961 1710 5013 librariis
1743 4977 1968 5028 nomen,

409 5029 622 5100 hocque
655 5031 730 5080 illi
769 5041 972 5081 temere
1007 5029 1394 5100 substitutum.

480 5105 500 5132 ⁵
537 5099 638 5155 llic
683 5115 809 5151 vero
848 5099 1136 5150 manifesto
1173 5101 1432 5151 mendosa
1473 5100 1585 5153 visa
1621 5113 1702 5155 est
1755 5104 1972 5156 Martia-

408 5177 508 5228 iimi
563 5171 747 5228 lectio,
790 5171 997 5241 gladius
1045 5181 1349 5241 eratmctus,
1392 5187 1486 5237 pro
1525 5187 1630 5238 qua
1679 5176 1968 5241 rescripsi-

409 5264 550 5303 iiiiis.
581 5241 832 5311 gaudium
866 5240 1198 5290 exstiiictuiit.
1251 5239 1323 5311 Dc.
1352 5241 1455 5290 hoc
1499 5257 1737 5308 primum
1791 5239 1969 5297 rectus

407 5333 505 5368 nos
537 5309 728 5365 sensus
759 5314 988 5370 monuit,
1011 5327 1129 5361 nam
1157 5309 1403 5376 gaudium
1429 5311 1648 5377 qtiideiii
1675 5322 1968 5380 exstingui,

407 5404 516 5438 iiuii
573 5383 808 5451 gtadium
860 5380 1257 5446 intelligimus:
1318 5381 1514 5433 deinde
1569 5383 1742 5436 Gratci
1799 5386 1972 5452 ipsius

411 5469 586 5508 lirxtus
639 5455 962 5506 vocaburuin
1014 5451 1322 5516 γαυρίαμα,
1359 5453 1502 5518 quod
1534 5461 1712 5520 gaudii
1749 5451 1970 5506 cilusio-

410 5546 567 5584 neut,
625 5540 718 5577 seu
776 5525 1122 5585 iactationem
1177 5521 1596 5575 insolesceutcni
1657 5528 1966 5592 signiﬁcat:

411 5598 646 5657 denique
681 5605 733 5646 et
788 5594 843 5646 ὃ.
881 5592 1166 5659 AiigUstini
1212 5594 1402 5643 eadem
1458 5592 1619 5646 lectio
1679 5600 1966 5662 persuasit.

409 5667 513 5720 i’to
541 5671 773 5729 nuberet,
809 5669 951 5731 quod
980 5673 1244 5732 sequitur,
1279 5677 1438 5716 antea
1472 5681 1584 5718 crat
1620 5669 1793 5718 habet.

2074 4484 2376 4548 minorum;
2423 4493 2540 4544 qua:
2573 4480 2835 4532 tamenin
2871 4479 3097 4532 Hebraeo
3129 4490 3300 4542 vacat,
3342 4492 3504 4548 atque
3546 4483 3640 4533 hic

2058 4547 2207 4601 adeo
2269 4549 2484 4601 uncinis
2532 4549 2852 4603 includitur.
2916 4550 3144 4602 Leviora
3195 4549 3333 4602 inl'ra
3375 4547 3641 4603 emcnda-

2074 4635 2216 4672 ιιιυς.

2149 4691 2167 4719 ⁷
2203 4689 2258 4743 S.
2299 4689 2652 4755 Augustinus,
2707 4689 2953 4751 volitant,
3011 4688 3157 4758 quod
3209 4688 3434 4742 verbum
3486 4699 3540 4744 et
3585 4688 3644 4742 iii

2075 4761 2317 4813 subnexa
2350 4761 2420 4812 ibi
2454 4759 2794 4826 espositione
2829 4770 3025 4812 servat.

2145 4830 2166 4860 ⁸
2195 4830 2395 4883 Olielus
2415 4831 2504 4881 iiic
2536 4830 2747 4897 positus
2775 4839 2892 4880 erat
2917 4838 3048 4896 post
3077 4829 3338 4896 ingentia,
3360 4843 3518 4896 quem
3543 4843 3648 4881 suo

2074 4900 2196 4953 loco
2243 4903 2534 4952 restituere
2584 4913 2797 4965 thuuii
2844 4898 2964 4956 luit,
3001 4915 3066 4951 ue
3100 4903 3167 4948 ali
3195 4917 3280 4963 ,ua
3313 4899 3464 4952 lraus
3513 4899 3649 4952 sub-

2075 4980 2291 5038 reperet
2326 4986 2388 5019 ex
2425 4970 2763 5020 notariorum
2798 4984 3010 5020 errore.
3050 4970 3221 5021 Maur.

2145 5069 2214 5076 ——-
2249 5039 2456 5091 Finatia
2490 5050 2684 5104 puncta
2713 5053 2832 5104 qua:
2864 5048 2919 5089 et
2966 5056 3104 5106 saepe
3139 5041 3267 5092 alibi
3303 5039 3654 5092 Martianwus

2077 5111 2467 5178 praiteruiittit,
2525 5109 2615 5159 liic
2650 5118 2700 5160 ct
2753 5109 3104 5174 subsequcnti
3147 5108 3265 5162 loco
3299 5110 3649 5170 suil‘ecixnus,

2074 5194 2134 5232 tit
2187 5193 2475 5246 quousque
2539 5178 2793 5243 procedat
2853 5179 3018 5230 lectio
3064 5180 3223 5231 obclu
3259 5180 3653 5241 coniodieiida,

2077 5267 2170 5303 seu
2203 5261 2464 5301 asterisco
2499 5247 2846 5309 illusti'aiida,
2881 5260 3114 5300 constet.

2149 5323 2167 5350 ⁸
2201 5318 2624 5386 l’rmpouebatur
2660 5318 2712 5367 iu
2751 5319 3043 5371 Μαι-ιπηιίὼ
3077 5319 3316 5373 editione
3349 5319 3658 5374 asteriscus

2079 5389 2406 5458 praecedenti
2443 5387 2608 5439 verbo
2641 5402 2820 5458 super,
2880 5389 3043 5440 nullis
3085 5389 3282 5442 deinde
3308 5393 3507 5444 additis
3542 5401 3658 5442 ter-

2079 5457 2372 5512 iiiinalibus
2414 5458 2652 5525 punctis.
2711 5457 2910 5524 Liquet.
2974 5473 3100 5512 vero
3157 5475 3221 5511 ex
3294 5461 3656 5513 Alexandrini

2077 5533 2282 5584 codicis
2318 5544 2523 5595 Itttpcl‘a
2565 5531 2911 5590 reCensioiie,
2960 5531 3049 5580 uni
3086 5529 3202 5582 voci
3241 5532 3553 5598 πρόσωπον,
3599 5531 3656 5584 id

2077 5611 2180 5662 est,
2201 5599 2410 5662 Iccium,
2433 5607 2754 5650 astei'iscuni
2788 5601 2839 5648 in
2877 5598 3132 5668 ilexaplis
3163 5599 3658 5670 iu:sscpra:ftxuui,

2080 5671 2543 5739 quemadmodum
2579 5679 2943 5724 restitiiiuius.
