3966 6184
208 356 262 416 73
1586 339 1814 406 LIBER
1858 343 2016 406 JOB.
3366 332 3440 395 74

217 475 388 528 ﬁrmus.
447 468 530 521 Sit
581 476 767 520 autem
823 457 1042 519 infirmo
1096 480 1222 535 spes
1256 482 1268 519 :
1324 473 1379 519 et
1410 463 1632 532 iniquus
1658 465 1760 518 ob-
1790 464 1830 518 Α
1865 456 2138 527 Numquid
2169 462 2350 526 potest
2387 451 2505 508 sine
2536 449 2648 505 sale
2678 448 2764 504 eali
2800 449 2958 519 panis
2989 464 3003 502 :
3042 457 3137 502 aut
3168 455 3252 502 est
3280 461 3448 517 sapor

213 572 445 619 sl'uatur.
478 561 679 614 Beatus
707 569 890 613 autem
922 559 1024 620 vir,
1067 573 1230 628 quem
1259 555 1439 627 arguit
1468 556 1758 610 Dominus.

212 651 590 720 Correptionezn
625 666 752 716 ergo
793 648 1188 716 omnipotentis
1217 665 1283 702 ne
1309 648 1594 702 abnueris.
1636 648 1759 716 Ipse

211 745 325 799 enim
348 740 597 794 dolorem
635 739 783 804 facit,
818 747 873 791 et
905 751 1120 790 rursum
1157 736 1424 790 medetur.
1474 735 1750 792 Perculit,

213 846 254 888 et
282 847 461 887 manus
507 833 626 900 eius
662 841 840 884 sanat.
904 829 1096 883 Sexies
1124 827 1192 881 de
1230 827 1660 881 neaessitatibus
1694 825 1763 878 li-

217 927 394 981 berabit
421 934 493 984 te,
532 934 587 977 et
632 923 687 976 in
719 923 954 990 septimo
982 936 1089 974 non
1133 929 1183 974 te
1215 929 1400 988 tanget
1432 919 1650 971 malum.
1702 917 1760 971 In

214 1019 604 1074 iameliberabit
635 1026 685 1068 te
732 1031 760 1067 a
803 1023 1000 1073 morte,
1033 1014 1085 1066 in
1121 1013 1307 1081 praelio
1335 1027 1466 1064 vero
1493 1010 1565 1063 de
1600 1027 1761 1063 manu

210 1111 313 1166 ferri
342 1111 514 1162 solvet
554 1119 604 1162 te
642 1109 678 1162 ¹.
732 1106 778 1159 Λ
829 1104 1038 1174 flagello
1089 1104 1291 1172 linguae
1335 1102 1636 1156 abscondet
1662 1097 1762 1153 tc':

212 1222 352 1265 neque
415 1203 678 1263 timebis,
727 1215 906 1268 neque
968 1196 1354 1266 supervenient
1399 1196 1494 1248 tibi
1542 1193 1681 1244 mala
1714 1193 1758 1244 ’.

211 1300 410 1368 lnjnstos
444 1307 500 1349 et
535 1295 756 1364 iniquos
783 1291 1077 1352 deridebis,
1131 1298 1186 1343 et
1248 1289 1579 1341 ferocientes
1613 1287 1632 1317 ³
1667 1286 1765 1339 be-

210 1393 314 1444 stias
359 1404 468 1441 non
528 1387 745 1438 timebis
797 1387 862 1452 χ(
919 1382 1052 1448 Quia
1111 1395 1232 1433 cum
1303 1380 1580 1446 lapidibus
1643 1379 1754 1446 agri

210 1480 406 1533 habebis
456 1478 662 1530 foedus.
709 1475 901 1528 Bestia:
953 1473 1098 1524 enim
1150 1472 1278 1524 ferte
1333 1478 1536 1537 pacatae
1589 1477 1758 1521 erunt

212 1572 287 1622 tibi
314 1571 334 1638 ζ
376 1568 589 1622 Deinde
618 1567 760 1619 scies
790 1563 935 1633 quod
968 1563 1018 1615 in
1055 1577 1187 1630 pace
1217 1560 1321 1614 erit
1362 1560 1558 1612 domus
1595 1567 1683 1609 tua
1712 1558 1758 1610 δε

209 1674 254 1716 et
300 1659 636 1716 tabernaculi
691 1659 765 1711 tui
819 1656 1168 1710 conversatio
1219 1669 1327 1706 non
1385 1652 1660 1721 peccabit.
1697 1648 1762 1702 Et

207 1756 322 1806 scies
347 1752 493 1820 quod
547 1751 781 1803 multum
820 1749 925 1801 erit
975 1762 1162 1801 semen
1200 1755 1356 1799 tuum
1392 1760 1407 1798 :
1462 1754 1519 1798 et
1552 1743 1648 1796 lilii
1683 1744 1758 1795 tui

208 1849 339 1892 erunt
371 1851 634 1906 tanquam
692 1837 862 1889 herba
902 1837 1083 1889 omnis
1125 1835 1178 1888 in
1212 1849 1427 1903 campo.
1475 1834 1538 1886 Et
1570 1833 1761 1885 venies

208 1930 252 1983 in
272 1928 577 1999 sepulcrum
614 1940 876 1996 tanquam
911 1927 1248 1980 frumentum
1283 1935 1555 1978 maturum
1592 1923 1760 1994 [quod

208 2022 252 2074 iu
300 2031 540 2090 tempore
588 2035 690 2072 suo
741 2028 974 2071 metetur
1011 2016 1057 2089 ⁸]
1116 2026 1208 2070 aut
1241 2026 1496 2085 tanquam
1535 2031 1766 2069 acervus

207 2131 324 2173 area:
374 2117 426 2169 in
472 2125 723 2183 tempore
755 2128 855 2165 suo
889 2120 1278 2181 congregatus.
1328 2109 1469 2163 Ecce
1520 2108 1636 2164 hac
1690 2109 1766 2162 ita

208 2209 607 2278 etquisivimus.
672 2204 798 2258 Ηιιιο
833 2211 959 2256 sunt
994 2218 1114 2270 quze
1152 2201 1487 2262 audivimus,
1538 2208 1597 2253 tu
1636 2214 1767 2254 vero

207 2304 323 2356 scito
352 2301 708 2369 temetipsum
741 2295 899 2374 [quid
935 2293 1165 2366 egeris].

524 2469 857 2509 ιιεςροκυεκε
887 2466 1060 2506 ΔΟΤΕΗ
1092 2467 1201 2513 JOB,
1236 2466 1378 2503 DIXlT
1405 2466 1420 2505 ξ

268 2571 419 2646 [Βίῳ.
456 2569 576 2642 γι]
642 2569 698 2623 Si
751 2567 876 2637 quis
921 2567 1239 2635 appendens
1294 2565 1561 2635 ponderet
1625 2565 1768 2618 ira-ai

209 2679 388 2728 meam,
430 2675 489 2716 et
535 2675 821 2715 sermones
870 2673 1020 2711 meos
1052 2659 1072 2688 °
1111 2666 1279 2726 ponat
1335 2656 1391 2708 in
1442 2665 1647 2710 statera
1703 2657 1776 2710 sis

212 2758 345 2810 mul:
396 2770 566 2808 arena
620 2753 870 2807 littorum
923 2749 1170 2803 inveniet
1224 2747 1529 2816 graviores.
1580 2747 1685 2801 Sed
1717 2756 1776 2801 ut

213 2846 434 2907 videtur,
468 2845 639 2900 verba
679 2860 799 2897 mea
833 2843 851 2872 ⁷
881 2851 1008 2895 sunt
1042 2842 1201 2894 mala.
1240 2839 1462 2911 Sagitta:
1496 2839 1644 2894 enim
1678 2840 1774 2894 Dei

211 2940 308 3011 [ΑΙ.
340 2935 586 3008 Domini]
623 2937 674 2989 in
708 2950 940 3002 corpore
973 2947 1094 2986 meo
1132 2941 1259 2986 sunt
1291 2948 1305 2985 :
1361 2947 1592 3001 quarum
1621 2932 1775 2985 furor

211 3031 334 3084 bibit
371 3029 698 3097 sanguinem
737 3040 939 3078 meum.
996 3023 1133 3077 Cum
1167 3023 1314 3094 enim
1359 3021 1567 3090 incipio
1599 3023 1774 3092 loqui.

1872 550 1925 602 in
1980 547 2332 602 sermonibus
2386 542 2582 597 vanis?
2647 541 2739 595 Sic
2769 556 2867 594 nec
2895 541 3074 606 anima
3113 555 3230 593 mea
3267 548 3450 611 potest

1870 652 2106 693 ceSsare.
2160 637 2380 692 Fetidas
2408 635 2555 689 enim
2596 633 2757 687 video
2790 647 2945 686 escas
2980 647 3152 694 meas,
3194 633 3338 685 sicut
3367 639 3454 686 est

1870 731 2004 784 odor
2039 729 2230 782 leonis.
2267 727 2420 792 Quod
2453 726 2495 778 si
2530 724 2621 778 det
2653 733 2704 776 et
2735 723 2918 776 veniat
2955 723 3256 790 po~tulatio
3304 739 3446 788 mea,

1869 832 1926 876 et
1960 837 2110 891 spem
2165 836 2338 874 meam
2383 819 2476 872 det
2512 817 2779 870 Dominus
2811 833 2823 869 :
2877 815 3150 882 incipiens
3185 815 3452 870 Dominus

1871 914 2256 975 vulnerctmt‘,
2291 911 2386 966 sed
2418 927 2524 964 non
2561 910 2613 963 in
2652 917 2978 978 perpetuum
3014 921 3099 959 me
3132 906 3450 961 interiieiat.

1874 1003 1958 1056 Sit
1995 1002 2128 1055 mihi
2185 1001 2379 1054 civitas
2425 999 2763 1067 sepulcrum,
2825 1013 2993 1064 super
3045 997 3203 1064 cujus
3265 1013 3454 1051 muros

1876 1094 2164 1148 saliebam.
2219 1091 2337 1145 Non
2395 1105 2640 1158 parcam.
2702 1089 2818 1142 Non
2853 1088 2996 1140 enim
3031 1089 3290 1141 mentitus
3330 1105 3450 1142 sum

1869 1190 2036 1244 verba
2078 1187 2252 1242 sancti
2306 1187 2393 1239 Dei
2429 1187 2532 1238 mei
2557 1187 2598 1241 ⁸.
2632 1185 2756 1251 Quae
2796 1194 2878 1237 est
2914 1185 3061 1237 enim
3093 1185 3268 1239 virtus
3309 1201 3451 1246 mea,

1868 1292 1930 1333 ut
1959 1279 2261 1334 snﬂeram?
2297 1289 2389 1332 aut
2417 1279 2564 1348 quod
2600 1287 2814 1345 tempus
2847 1292 3053 1339 meum,
3086 1289 3145 1332 ut
3183 1279 3456 1332 sustineat

1867 1375 2048 1426 anima
2081 1373 2245 1426 mea?
2281 1372 2553 1440 Numquid
2591 1372 2766 1424 virtus
2802 1371 3068 1437 lapidum,
3109 1372 3285 1425 virtus
3312 1387 3452 1432 mea,

1869 1475 1962 1519 aut
1993 1482 2186 1519 carnes
2220 1482 2350 1517 mete
2384 1477 2511 1516 sunt
2545 1464 2748 1518 aereas?
2779 1474 2874 1516 aut
2906 1480 3015 1516 non
3047 1465 3100 1517 in
3136 1465 3253 1532 ipso
3285 1465 3456 1517 conii-

1871 1559 2063 1612 debam
2095 1557 2163 1610 ’?
2211 1557 2306 1611 sed
2349 1557 2680 1624 adiutorium
2714 1572 2740 1610 a
2798 1571 2886 1609 me
2942 1555 3190 1610 recessit.
3250 1555 3459 1611 Aversa

1867 1665 1951 1706 est
1985 1667 2024 1706 a
2066 1667 2151 1704 me
2187 1650 2594 1713 misericordia,
2627 1658 2684 1704 et
2717 1649 2963 1703 visitatio
2997 1649 3214 1704 Domini
3246 1666 3332 1702 me
3361 1650 3458 1703 de-

1879 1747 2079 1815 spexit.
2133 1745 2430 1813 PrOpinqni
2482 1744 2590 1797 mei
2643 1758 2748 1796 non
2798 1753 3160 1812 respexerunt
3204 1752 3462 1806 me,tan-

1868 1856 2032 1908 quam
2087 1846 2304 1892 torrens
2363 1837 2649 1898 deficiens,
2701 1845 2795 1889 aut
2853 1837 2994 1889 sicut
3047 1835 3249 1890 ﬂuctus
3280 1847 3465 1890 trans-

1866 1928 2052 1981 ierunt
2103 1943 2209 1980 me.
2299 1925 2403 1992 Qui
2460 1943 2547 1979 me
2603 1929 2942 1988 metuebant,
3009 1943 3153 1980 nunc
3184 1929 3464 1979 irrncrunt

1869 2029 2035 2084 super
2088 2032 2195 2071 me.
2241 2000 2394 2070 Sicut
2446 2017 2536 2068 nix
2584 2025 2678 2068 aut
2727 2017 2932 2083 glacies
2979 2020 3278 2070 constricm
3329 2033 3458 2070 cum

1870 2111 2107 2165 tabuerit
2139 2108 2192 2160 in
2218 2108 2426 2168 calore,
2455 2123 2563 2160 non
2591 2120 2821 2178 apparet
2846 2109 2976 2178 quid
3008 2110 3176 2162 fuerit
3206 2125 3220 2162 :
3276 2113 3356 2162 sic
3402 2119 3459 2161 et

1871 2221 1971 2274 ego
1997 2203 2296 2257 derelictus
2317 2196 2451 2254 'sum
2486 2203 2552 2256 ab
2579 2202 2859 2255 omnibus.
2911 2202 3080 2264 Perii,
3113 2212 3170 2255 et
3199 2203 3349 2255 exsul
3389 2207 3459 2255 de

1877 2297 2044 2349 domo
2093 2310 2210 2347 mea
2251 2293 2426 2346 factus
2460 2308 2606 2345 sum.
2645 2292 2838 2349 Videte
2874 2293 2990 2345 vias
3023 2291 3462 2355 The-manorum,

1873 2389 2092 2442 semitas
2122 2387 2462 2439 Sabaeorum.
2496 2385 2797 2438 lntuemiui
2821 2385 2888 2446 '°,
2921 2386 3047 2453 quia
3085 2384 3463 2440 cumfusioncm

1875 2488 2290 2546 consequentur
2327 2477 2503 2546 quiin
2541 2477 2855 2530 civitatibus
2915 2489 2970 2531 et
2999 2477 3054 2530 in
3089 2478 3296 2532 divitiis
3327 2495 3464 2533 con-

1878 2569 2070 2620 ﬁdunt.
2111 2568 2266 2620 Nunc
2303 2578 2488 2619 autem
2522 2575 2578 2618 et
2609 2582 2705 2618 vos
2738 2567 3121 2620 insurrexistis
3145 2569 3196 2620 in
3227 2584 3310 2619 me
3340 2570 3462 2622 sine

1879 2657 2258 2712 misericordia
2282 2675 2294 2709 :
2316 2657 2410 2711 sed
2446 2657 2694 2711 videntes
2727 2659 2927 2711 vulnus
2951 2673 3154 2722 meum,
3187 2659 3374 2714 timete
3397 2661 3462 2714 “.

1875 2749 2245 2817 Quid-enim?
2302 2748 2587 2818 Numquid
2620 2749 2826 2817 aliquid
2868 2742 2966 2803 vos
3011 2751 3161 2818 petii,
3192 2763 3287 2802 aut
3311 2753 3466 2804 forti-

1881 2844 2077 2897 tudine
2109 2851 2290 2894 vestra
2346 2840 2587 2908 indigeo,
2625 2849 2686 2892 ut
2716 2854 2800 2893 me
2829 2840 3057 2893 salvetis
3091 2841 3158 2895 ab
3199 2840 3464 2903 inimicis,

1879 2945 1974 2989 aut
2011 2935 2078 2990 de
2109 2949 2274 2987 manu
2308 2931 2616 3002 potentium
2651 2931 2902 2998 eripiatis
2934 2931 3064 2984 me?
3122 2930 3326 2986 Doeete
3354 2948 3466 2986 me.

1880 3038 1936 3082 et
1987 3043 2088 3098 ego
2135 3025 2632 3102 obmutescam._Si
2672 3024 2799 3091 quid
2830 3024 3035 3083 erravi,
3089 3022 3255 3076 dicite
3307 3025 3466 3078 mihi.

207 3123 478 3175 stimulant
516 3135 626 3172 me.
676 3118 811 3183 Quid
845 3114 1032 3170 enim?
1078 3113 1358 3181 Numquid
1398 3113 1604 3168 frustra
1645 3129 1779 3168 ona-
1807 3133 1851 3193 ε
1883 3120 1992 3176 Sed
2043 3128 2104 3174 ut
2157 3118 2336 3179 video,
2359 3131 2540 3194 prava.
2568 3117 2611 3149 ³³
2665 3115 2782 3170 veri
2818 3115 3058 3169 hominis
3104 3129 3227 3170 csse
3261 3116 3465 3170 dicitis.

208 3230 292 3283 ger
313 3215 570 3266 clamabit
611 3212 712 3264 nisi
744 3225 927 3264 escam
967 3221 1221 3276 quazrens
1265 3203 1377 3278 [ΑΙ.
1428 3206 1773 3277 requirens]?

207 3313 289 3357 aut
347 3308 446 3358 bos
509 3303 719 3372 mugiet
780 3316 906 3354 cum
953 3298 1153 3351 habeat
1199 3297 1253 3350 in
1309 3297 1536 3366 prensepi
1582 3296 1774 3352 cibos?

272 3506 286 3535 ⁸
317 3504 527 3558 Vitiose
554 3501 608 3556 in
655 3516 754 3554 suo
793 3500 930 3569 legit
959 3498 1301 3556 Martianmus
1336 3498 1526 3552 codice
1575 3501 1774 3569 inferni

207 3589 296 3642 pro
325 3574 477 3644 ferri,
505 3589 656 3644 nam
691 3582 747 3624 et
774 3567 1003 3644 Graecus
1045 3580 1226 3644 textus
1280 3571 1547 3644 habete):
1585 3567 1771 3640 χέιρὸς

207 3641 440 3711 Maban,
475 3643 542 3695 de
572 3657 732 3693 manu
757 3641 912 3709 ferri,
957 3655 1052 3694 seu
1085 3642 1258 3708 ferrea
1286 3656 1305 3693 :
1353 3650 1411 3711 et
1459 3641 1516 3692 δ.
1550 3657 1772 3710 quoque

210 3710 537 3784 Augustinus
568 3715 641 3764 ita
666 3711 896 3784 przefert
948 3713 1092 3784 quod
1144 3713 1310 3784 etiam
1349 3710 1769 3778 interpretatur,

205 3785 260 3836 de
290 3781 574 3852 'potestatc
625 3783 978 3852 vinculorum.
1022 3781 1128 3835 Nos
1156 3781 1350 3833 borum
1388 3794 1489 3849 0pc
1519 3791 1772 3835 textuum

204 3851 373 3908 terant
401 3852 699 3906 lectionem
733 3851 1095 3904 restituimus.

263 3925 532 3991 'Supplet
561 3920 832 3974 hicGrazci
857 3921 1059 3974 codicis
1080 3919 1430 3991 Alexandrini
1458 3919 1647 3982 eslitio,
1677 3923 1774 3974 κλὶ

205 3996 258 4046 οὐ
279 3990 570 4061 φθὸηυὴσῃ
607 3991 719 4043 ἀπὸ
751 3992 1157 4056 ταλαιπωρίας,
1221 3990 1309 4042 ὅτι
1358 3990 1638 4040 ἐλεύσεται
1673 4008 1772 4042 τα-

202 4047 496 4134 latitans-ta;
535 4047 605 4116 Et
639 4077 743 4113 non
774 4047 1026 4113 timebisa
1058 4047 1295 4126 miseria,
1327 4061 1578 4126 quoniam
1607 4063 1770 4113 veniet

204 4151 319 4187 mue
325 4152 428 4188 na.

266 4205 286 4234 ³
317 4205 495 4270 Quam
523 4201 616 4257 hic
644 4201 986 4254 Martianaaus
1037 4212 1437 4270 praeposuerat,
1464 4199 1770 4252 delevimus

201 4277 446 4329 asterisci
499 4281 707 4331 notam,
759 4285 866 4340 qua
929 4270 1094 4324 etiam
1147 4271 1501 4323 Alexandrini
1558 4271 1770 4322 codicis

201 4345 360 4420 editio
401 4357 578 4420 caret.
632 4342 740 4420 Pro
791 4343 1100 4420 ferocientes
1150 4340 1282 4420 legit
1338 4341 1395 4394 S.
1433 4341 1772 4420 Augustinus

200 4415 389 4482 feror-es
425 4431 446 4468 :
489 4414 581 4470 sed
616 4428 682 4465 eo
713 4413 928 4480 longius
958 4411 1179 4465 Graecus
1211 4411 1326 4479 ipse
1360 4419 1648 4482 contextus
1677 4411 1771 4482 ab-

1882 3212 2000 3267 Non
2031 3213 2177 3266 enim
2205 3226 2234 3263 a
2267 3209 2424 3263 vobis
2453 3208 2714 3261 auxilium
2747 3219 2899 3276 peto,
2940 3222 3118 3276 neque
3161 3207 3468 3276 increpatio

1881 3316 2064 3362 vestra
2091 3303 2368 3358 silentium
2402 3302 2637 3370 imponit
2668 3301 2826 3354 mihi.
2876 3300 3067 3369 Neque
3094 3302 3242 3354 enim
3278 3303 3466 3355 elocuv

1880 3507 2036 3562 verba
2063 3515 2186 3559 sunt
2214 3515 2401 3575 sancta
2424 3503 2516 3557 Dei
2535 3503 2654 3557 mei.
2675 3501 2897 3557 Graecus
2922 3502 3206 3573 impressae
3235 3506 3465 3567 lectioni

1883 3587 2081 3632 nostrae
2109 3579 2276 3629 lueret
2311 3589 2556 3641 propius.

1952 3649 1972 3678 ’
2010 3649 2174 3700 Addit
2204 3657 2466 3714 praeterea
2496 3645 2858 3712 Augustinus,
2891 3641 3027 3699 Cum
3053 3648 3181 3701 mihi
3214 3648 3345 3703 bene
3376 3669 3463 3706 es-

1879 3727 1954 3770 set
1996 3733 2014 3770 :
2062 3731 2183 3785 qua:
2240 3727 2498 3782 tanquam
2551 3715 2694 3768 sacri
2749 3723 2932 3768 textus
2983 3732 3237 3782 germana
3295 3731 3463 3778 verba

1880 3790 2293 3852 interpretatur,
2331 3786 2384 3836 id
2410 3795 2505 3844 est,
2544 3799 2662 3836 cum
2697 3801 2860 3837 essem
2886 3785 3201 3839 immortalis
3228 3792 3295 3840 ad
3320 3792 3463 3844 ima.

1880 3862 2053 3922 ginem
2095 3856 2207 3909 Dei.
2257 3856 2314 3908 1n
2369 3855 2595 3908 llebrmo
2640 3865 2825 3908 autem
2865 3862 2961 3907 aut
2993 3854 3182 3910 Graeco
3216 3862 3464 3916 testibus

1880 3943 1986 3979 non
2018 3935 2166 3979 sunt.

1954 3997 1996 4027 “
2031 3998 2203 4049 Aliter
2260 3996 2374 4047 hrec
2411 3995 2552 4046 idem
2607 3996 2778 4046 nectit
2813 4011 2827 4046 :
2884 3993 3110 4049 Semitas
3146 3995 3460 4054 Sabworum

1879 4067 2186 4140 intuemini;
2244 4066 2338 4120 sed
2385 4073 2442 4118 et
2491 4063 2714 4118 Oramus
2771 4073 2950 4120 textus
2981 4069 3296 4129 abiudit,et
3333 4074 3462 4140 plus

1886 4137 2066 4189 habet.

1957 4207 1999 4236 ”
2040 4204 2284 4260 Solidum
2311 4204 2456 4257 hunc
2512 4203 2842 4257 versiculum
2876 4205 2968 4267 21,
3020 4205 3169 4260 Nunc
3201 4216 3374 4262 autem
3407 4219 3458 4262 et

1881 4292 1966 4328 vos
1987 4276 2347 4328 insttrreaistis
2378 4277 2430 4326 in
2473 4291 2552 4326 me
2576 4276 2688 4326 sine
2721 4277 3078 4328 misericordia
3108 4292 3128 4330 .'
3154 4281 3244 4329 sed
3273 4281 3453 4332 viden-

1882 4357 1957 4398 tes
1997 4346 2180 4399 vulnus
2218 4361 2388 4398 meum
2425 4345 2627 4406 timete,
2659 4347 2751 4411 qui
2793 4345 2846 4397 in
2881 4345 3176 4400 tllarttantci
3213 4349 3458 4404 editione

1881 4418 2086 4469 veteris
2136 4415 2496 4480 desirriptoris
2530 4415 2740 4466 incuria
2773 4415 2984 4476 deerat,
3021 4433 3117 4468 nos
3152 4432 3216 4470 et
3251 4418 3308 4471 S.
3347 4424 3455 4472 Au-

202 4479 333 4560 ludit
359 4485 562 4560 :_'A1:o
589 4483 886 4560 Ssliqpito‘f
921 4482 1199 4560 dtypoixm‘f
1226 4485 1323 4550 τῆς
1362 4481 1465 4560 γῆς
1510 4480 1568 4530 οὐ
1599 4479 1769 4560 ’φοὸητ

1882 4487 2101 4560 gustino
2146 4486 2374 4560 totidem
2420 4483 2606 4560 verbis
2636 4483 2975 4560 stillecimus.
3004 4487 3192 4556 Neque
3227 4504 3358 4541 vero
3390 4507 3458 4544 ex

203 4555 360 4624 (δήσῃ.
393 4556 538 4608 Tum
572 4550 803 4624 addita
830 4553 996 4620 Οῆρες
1032 4556 1138 4620 γὰρ
1172 4550 1354 4618 ἄγριοι
1393 4550 1774 4624 εἰρηνμεύσουσί

198 4621 274 4676 ut
304 4621 333 4678 ἶ
357 4625 555 4678 Bestia:
587 4624 726 4674 enim
775 4622 970 4690 feroces
1025 4631 1228 4689 pacata:
1267 4629 1420 4673 erunt
1465 4621 1553 4672 tibi
1587 4635 1606 4672 :
1654 4635 1775 4686 qua:

203 4705 382 4748 tamen
422 4699 591 4749 verba
629 4695 698 4746 ad
739 4694 1165 4760 subsequentem
1199 4705 1413 4745 versum
1459 4691 1619 4760 unice
1649 4705 1777 4756 spe-

201 4775 369 4825 cunt,
391 4777 451 4819 et
481 4764 621 4817 male
647 4765 702 4815 in
728 4779 795 4816 eo
817 4759 1005 4817 codice
1028 4761 1217 4816 Graeco
1241 4760 1436 4830 repeti,
1459 4775 1525 4812 ex
1549 4759 1776 4814 Heber

195 4832 500 4905 archetypo
529 4838 728 4901 liquet.

265 4905 286 4933 ⁸
338 4900 548 4959 lterum
591 4900 735 4971 plus
773 4903 934 4956 habet
973 4901 1142 4955 codex
1183 4900 1609 4958 Alexandrinus.
1653 4917 1776 4970 quae

197 4974 296 5028 sub
325 4978 606 5028 asterisco
649 4975 936 5026 continuat
965 4987 980 5027 :
1030 4975 1138 5044 Καιι.
1167 4971 1349 5042 γνώσῃ
1377 4974 1459 5022 ὅτι
1494 4975 1558 5044 ὲν.
1581 4973 1778 5044 εἰρηνῃ

195 5051 252 5095 τὸ
277 5049 516 5113 σπέρμα.
546 5060 665 5105 σον,
714 5046 811 5094 καὶ
855 5043 1134 5112 ἐπισκοπῇ
1161 5044 1265 5113 ﬁt;
1294 5040 1630 5110 εὐπρεπείας
1659 5040 1774 5108 suo,

196 5117 286 5166 nl.
331 5112 407 5168 οὗ
445 5117 523 5185 μὴ
551 5120 805 5184 ἁμάρτῃς
836 5130 849 5165 :
887 5129 1008 5180 qua:
1038 5115 1104 5164 ad
1134 5112 1421 5167 tlebrmum
1463 5125 1776 5177 comparata

197 5192 436 5248 textqu,
504 5184 657 5239 mera
725 5184 980 5236 videntur
1035 5188 1425 5252 subsequentis
1495 5185 1779 5237 sententia:

193 5258 558 5324 gIOssemata.

262 5330 281 5356 ⁸
311 5327 536 5393 Nempe
586 5323 757 5379 semel
811 5333 895 5377 est
959 5323 1014 5376 in
1071 5321 1300 5378 llebraeo
1329 5333 1498 5387 1mm.
1535 5322 1682 5392 quod
1710 5323 1777 5376 ad

190 5412 465 5450 acervum
511 5412 651 5450 areae
693 5394 880 5448 refert.
928 5393 1062 5448 Vide
1109 5410 1229 5461 qtae
1279 5399 1346 5446 ad
1407 5405 1552 5446 nunc
1597 5398 1778 5446 locum

192 5470 483 5521 ven-iouis
519 5466 957 5533 Hieronymian'e
990 5481 1055 5518 ex
1091 5463 1319 5518 lli-brato
1349 5467 1614 5519 diximus.

261 5539 282 5567 ⁸
329 5538 665 5606 Legendum
723 5534 952 5597 dolores,
998 5537 1115 5603 ipse
1145 5535 1489 5589 Martianrus
1526 5537 1777 5586 monuit:

189 5617 242 5660 et
273 5622 366 5663 est
396 5610 626 5676 quitdctu
661 5607 715 5659 in
745 5606 938 5658 (ira-co
967 5606 1177 5666 doti-11;.

260 5679 278 5709 ¹
311 5680 501 5734 Tac-ct
525 5695 576 5728 ιιι
610 5679 1026 5745 Augustinianis
1054 5676 1214 5746 libris
1243 5690 1566 5746 pronomen,
1606 5691 1742 5727 mea.

255 5750 279 5782 ⁸
317 5750 498 5820 Apud
530 5750 588 5800 ὃ.
619 5744 1018 5814 Augustinum:
1042 5744 1158 5803 Non
1189 5744 1328 5801 enim
1359 5755 1604 5800 mentun:
1633 5762 1782 5802 sum:

493 5844 758 5906 PATBUL.
803 5847 1018 5907 XXIX.

1882 4554 1949 4609 iis
1991 4565 2108 4608 erat
2158 4558 2274 4610 luce
2318 4556 2614 4608 verborum
2656 4554 2934 4622 pcriCOp-t.
2980 4554 3115 4624 qua!
3153 4569 3248 4611 aut
3299 4563 3460 4612 olwlo

1875 4626 2174 4696 jugulanda
2222 4636 2373 4686 sunt,
2414 4635 2514 4696 aut
2555 4625 2662 4696 sub
2709 4628 2986 4678 asteriscis
3025 4631 3356 4696 supplenda,
3403 4642 3463 4685 ut

1881 4694 2098 4768 causari
2127 4695 2523 4768 exetnplarinm
2547 4694 2884 4768 varietatem
2925 4706 3018 4768 aut
3050 4694 3302 4750 notarum
3333 4717 3460 4768 pos-

1882 4767 1958 4818 sis
1993 4781 2007 4819 ;
2050 4767 2144 4820 sed
2179 4781 2300 4834 quae
2325 4775 2674 4834 continenter
2709 4780 2832 4816 cum
2874 4766 2929 4818 in
2970 4765 3222 4832 Hebraeo,
3256 4765 3367 4821 tum
3404 4774 3458 4824 in

1880 4836 2068 4890 Graeco
2122 4832 2359 4906 [tissime
2414 4844 2563 4888 textu
2603 4832 2960 4906 _obtinuerit:
2993 4905 2998 4906 ν
3031 4839 3198 4906 Ἀτάρ
3250 4839 3304 4890 δὲ
3364 4859 3462 4892 και

1883 4907 2040 4974 ὑμεῖς
2094 4905 2326 4975 ἐπέϐητέ
2369 4922 2473 4975 nec
2506 4903 2907 4971 ανελεημόνως,
2968 4905 3110 4960 ὥστε
3155 4903 3359 4971 [δόντες
3402 4925 3463 4961 τα

1881 4973 2017 5046 ἐμὸν
2047 4973 2270 5046 τραῦμά.
2308 4973 2587 5043 φοϐήθητε
2617 4976 2885 5046 {quibus
2921 4979 2989 5031 de
3040 4980 3209 5031 verbo
3241 4985 3304 5032 ad
3335 4996 3464 5033 ver-

1883 5045 2010 5098 bum
2058 5045 2269 5116 liatuta,
2323 5060 2484 5113 quam
2537 5045 2902 5110 restituimus,
2949 5050 3335 5116 interpretatio
3368 5067 3451 5103 re-

1882 5117 2135 5182 spondet.
2190 5115 2347 5177 Vide,
2399 5118 2444 5166 si
2489 5117 2658 5176 lubet,
2719 5129 3007 5180 Ipsmsmet
3055 5115 3110 5171 Si
3165 5123 3457 5189 Augustini

1881 5189 2323 5239 Adnotationeni.

1952 5284 2022 5294 ——
2055 5256 2095 5286 ¹¹¹
2138 5261 2366 5324 August.
2391 5273 2559 5325 parva
2607 5272 2706 5324 pro
2740 5273 2907 5327 prava
2944 5257 3145 5310 nedum
3177 5259 3327 5326 legit.
3357 5261 3453 5312 sed

1868 5328 2045 5380 etiam
2079 5328 2130 5378 in
2168 5329 2458 5393 subiuncta
2485 5328 2837 5380 adnotatione
2871 5331 3089 5394 exponit
3117 5345 3129 5379 :
3167 5329 3300 5380 [Cum
3328 5333 3455 5379 iacit

1882 5412 2064 5452 verum
2122 5400 2406 5460 hominem,
2463 5399 2550 5466 qui
2605 5414 2882 5466 personam
2941 5397 3198 5467 signiﬁcat
3251 5402 3457 5466 agentis

1884 5469 2243 5532 pwnitentiam
2313 5470 2642 5521 conversione
2691 5470 2760 5521 ad
2811 5468 3011 5531 Deum,
3068 5471 3216 5535 cujus
3294 5485 3461 5534 psi-vo

1884 5539 2040 5590 verba
2108 5542 2373 5590 dicebant.
2452 5542 2704 5592 Attamen
2765 5537 2998 5607 φαῦλα,
3066 5541 3209 5605 quod
3269 5549 3354 5589 est
3409 5544 3465 5593 in

1885 5608 2100 5668 Graeco.
2138 5612 2491 5670 Vocabulum,
2543 5610 2764 5679 proprie
2814 5609 3111 5671 deteriora,
3167 5608 3326 5666 mala.
3368 5628 3466 5664 ne-

1888 5695 2078 5748 quam,
2112 5689 2166 5732 ct
2203 5695 2334 5733 vero
2362 5680 2582 5734 nomine
2613 5680 2834 5746 indigna
2869 5681 3036 5732 verba
3069 5679 3374 5748 signiﬁcat.

3010 5840 3048 5900 3
