3966 6184
388 179 464 244 75
1296 183 1354 244 S.
1393 181 1835 244 HIERONYMI
1876 183 2142 246 D‘lVlNA
2188 188 2723 258 BIBLIOTHECA.
3560 204 3632 269 ⁸76

387 299 590 351 tionem
645 299 913 354 sermonis
979 299 1144 354 vestri
1190 300 1495 355 susunebo.
1557 301 1946 356 Verumtamen
1975 303 2022 363 Α
2050 317 2173 358 ossa
2208 321 2346 361 utea.
2381 311 2446 377 )t(
2476 309 2670 379 Repuli
2703 309 2780 376 ”_:
2817 326 2925 367 non
2961 311 3104 367 enim
3139 314 3192 368 in
3236 315 3632 386 sempiternum

385 405 550 457 stper
595 391 858 460 pupillum
901 391 1011 464 [ΑΙ.
1071 394 1350 464 pusillum]
1394 394 1658 458 irruistis,
1691 403 1746 446 ct
1777 393 1953 448 insili-

385 479 488 532 stis
539 479 592 532 in
629 482 864 533 amicum
914 491 1176 536 vestrum.
1233 483 1388 537 NUnc
1413 494 1595 537 autem
1623 483 1954 552 aspicientes

386 573 453 637 )ﬁ
509 584 694 624 vacatc
749 573 902 626 mihi.
957 573 1012 625 ιιι
1070 573 1208 627 facie
1255 584 1436 627 vestra
1494 591 1603 628 non
1641 576 1877 629 mentiar
1913 576 1954 628 ⁸.

385 663 603 723 Sedete.
654 674 708 716 et
745 679 850 716 non
899 665 968 716 sit
1001 664 1308 730 iniquitas:
1364 674 1419 718 et
1466 681 1681 720 rursum
1728 666 1956 736 iustitiae

383 759 648 809 :ulestote.
681 756 792 808 Non
817 767 898 808 est
921 756 1065 808 enim
1098 756 1148 808 in
1181 773 1276 810 ore
1319 773 1438 810 meo
1462 757 1742 826 iniquitas.

454 843 608 916 [(Iap.
648 845 784 917 νη]
839 847 903 899 Ει
940 847 1126 900 fauces
1180 863 1314 901 mea:
1371 864 1552 902 nonne
1621 847 1950 916 sapientiam

383 941 718 994 meditantur
783 938 894 1010 [ΑΙ.
955 941 1450 1010 meditabantur]?
1511 941 1785 1013 Numquid
1845 959 1954 996 non

385 1030 610 1086 tentatio
667 1037 750 1083 est
804 1031 910 1082 vita
972 1031 1208 1084 humana
1258 1049 1425 1099 super
1466 1044 1690 1098 terram,
1723 1042 1778 1086 et
1810 1033 1955 1088 sicut

382 1124 690 1190 quotidiani
725 1123 1053 1177 mercenarii
1088 1124 1193 1177 vita
1219 1125 1381 1191 ejus?
1422 1135 1516 1179 aut
1553 1135 1808 1194 tanquam
1842 1142 1957 1179 ser-

387 1231 487 1267 vus
533 1223 785 1268 metuens
827 1216 1109 1267 dominum
1146 1231 1328 1277 suum,
1374 1224 1430 1269 et
1479 1225 1803 1271 consecutus
1835 1233 1955 1271 um-

382 1303 580 1354 bram?
648 1312 743 1355 aut
787 1306 1044 1371 tanqiiam
1104 1307 1476 1358 mercenarius
1523 1305 1614 1373 qui
1677 1315 1957 1374 exspectat

383 1393 693 1446 mercedem
726 1397 908 1462 operis
957 1401 1038 1448 sui
1068 1394 1091 1446 ?
1133 1396 1212 1450 sic
1251 1405 1307 1450 et
1333 1411 1433 1465 ego
1463 1397 1771 1464 exspectavi
1806 1413 1957 1451 men-

381 1502 467 1538 ses
500 1500 690 1548 vanos,
720 1495 775 1539 et
809 1496 998 1540 noctes
1040 1487 1290 1540 dolorum
1345 1487 1485 1541 data:
1532 1497 1659 1542 sunt
1709 1487 1866 1542 mihi.
1898 1488 1955 1543 Si

380 1577 659 1630 dormiero
691 1615 706 1640 ,
745 1576 910 1630 dico:
972 1577 1200 1640 Quando
1244 1577 1402 1630 dies?
1463 1576 1526 1630 Et
1555 1578 1597 1630 si
1633 1592 1953 1640 surrexero,

385 1684 606 1720 rursum
642 1683 657 1720 :
692 1666 922 1731 Quando
957 1682 1181 1734 vespera
1222 1665 1332 1736 [Αι.
1384 1665 1645 1736 vesper]?
1679 1667 1915 1735 Repleor
1938 1669 1959 1699 ²
1993 1648 2035 1704 Β

383 1765 567 1807 autem
613 1754 895 1807 doloribus
943 1769 974 1807 a
1035 1769 1260 1822 vespera
1312 1769 1485 1823 usque
1543 1755 1610 1807 ad
1664 1770 1863 1809 mane:
1905 1764 1963 1810 et

383 1847 693 1900 t'UIlCI'CSCil
725 1861 926 1914 corpus
970 1861 1151 1900 meum
1193 1846 1480 1914 putredine
1515 1846 1807 1900 vermium.
1863 1845 1954 1900 In.

382 1938 552 1990 l'nndo
586 1937 772 2006 glebas
805 1947 986 1999 terra,
1020 1935 1220 1988 radens
1257 1934 1490 1997 saniem,
1549 1943 1606 1987 et
1639 1934 1747 1986 vita
1785 1948 1902 1987 mea
1937 1934 1958 1965 ³

385 2032 581 2084 exilior
605 2039 706 2091 est,
742 2044 904 2097 quam
935 2028 1171 2095 loquela,
1203 2036 1256 2079 et
1286 2027 1447 2095 periit
1475 2026 1528 2078 in
1548 2041 1780 2080 vacuum
1813 2040 1958 2094 spes.

384 2122 692 2176 Recordare
734 2120 918 2184 itaque
958 2117 1068 2188 [AL
1115 2116 1268 2189 ergo]
1311 2117 1438 2186 quia
1483 2116 1708 2186 spiritus
1737 2127 1822 2170 est
1853 2118 1960 2170 vita

383 2229 524 2275 mea,
574 2221 627 2266 et
665 2226 772 2264 non
834 2210 1069 2278 amplius
1117 2217 1422 2262 revertetur
1469 2211 1662 2262 oculus
1689 2223 1844 2262 meus
1885 2207 1961 2260 vi-

384 2309 513 2360 dere
545 2304 730 2365 bona‘,
759 2305 823 2369 λ’
843 2316 953 2356 ηοιι
987 2314 1074 2354 me
1100 2302 1121 2332 '
1144 2308 1434 2367 cognoscet
1467 2301 1660 2354 oculus
1682 2298 1959 2354 videntis?

389 2401 455 2465 )i(
506 2397 646 2450 oculi
683 2396 758 2449 tui
807 2398 860 2446 in
901 2408 1010 2458 me,
1051 2401 1106 2446 et
1152 2408 1260 2445 non
1303 2392 1543 2446 subsisto
1578 2392 1598 2422 ⁸
1633 2395 1655 2462 1
1701 2403 1958 2461 tanquam

383 2490 561 2544 nubes
597 2495 892 2555 expurgata
924 2483 1014 2556 [de
1042 2483 1229 2554 caelo].
1264 2484 1321 2537 Si
1353 2485 1498 2537 enim
1541 2484 1707 2537 homo
1736 2483 1956 2536 descen-

385 2580 529 2633 derit
581 2577 648 2630 ad
691 2576 921 2640 inferos,
982 2574 1124 2626 ultra
1179 2588 1286 2626 non
1320 2572 1598 2634 ascendet,
1633 2581 1688 2626 et
1731 2588 1838 2624 non
1875 2588 1960 2625 rc-

387 2680 632 2723 vertetur
665 2665 898 2735 amplius
953 2665 1174 2718 domum
1226 2679 1403 2727 suam,
1455 2679 1633 2732 neque
1662 2672 1960 2732 cognoscet

389 2762 540 2814 illum
584 2758 722 2810 ultra
772 2756 924 2809 locus
957 2769 1111 2809 suus.
1181 2753 1475 2822 PrOpterea
1530 2753 1716 2821 itaque
1765 2763 1822 2807 et
1857 2769 1957 2821 ego

387 2866 494 2904 non
544 2863 761 2912 parcam
813 2846 893 2900 ori
929 2861 1096 2900 meo:
1136 2845 1332 2913 loquar
1363 2846 1416 2898 in
1450 2846 1700 2914 angustia
1735 2849 1952 2914 positus

2060 395 2237 449 vivam
2274 401 2338 466 >ε<
2373 409 2431 453 ut
2463 402 2732 469 patienter
2756 405 2924 458 l'eram
2967 406 2988 474 1

2134 488 2360 544 Discede
2393 507 2421 542 a
2449 505 2554 545 me.
2596 490 2742 546 Vana
2782 505 2864 549 est
2888 497 3038 551 enim
3072 499 3182 552 vita
3215 515 3355 554 mea.
3389 502 3530 567 Quid
3551 513 3635 559 est

2057 579 2204 633 enim
2235 581 2398 637 homo
2427 585 2572 652 quod
2605 586 2857 640 exaltasti
2910 603 3037 641 eum
3064 590 3096 642 .?
3138 600 3233 644 aut
3289 595 3416 661 quia
3467 611 3632 650 sensu

2063 681 2155 723 tuo
2186 673 2470 728 intendisti
2501 677 2565 728 ad
2587 675 2788 748 [ALin]
2819 693 2945 732 eum
2977 679 3000 731 ?
3031 689 3089 734 ut
3116 682 3482 739 visitationem
3514 687 3634 754 ejus

2056 758 2226 816 facies
2265 763 2318 815 in
2352 778 2532 829 mane,
2563 776 2616 818 et
2647 767 2698 819 in
2731 768 3213 838 requiejudicabis
3240 788 3390 830 eum.
3427 777 3635 846 Usque-

2058 868 2168 922 quo
2198 869 2283 909 me
2305 871 2413 910 non
2439 857 2680 914 dimittis
2708 900 2722 925 ,
2749 876 2924 930 neque
2959 864 3168 919 deseris
3201 867 3376 923 donec
3406 873 3632 937 glutiam

2059 941 2171 1015 [Αἰ.
2211 945 2534 1019 deglutiam]
2566 950 2790 1005 salivam
2826 954 3087 1025 meam[in
3119 956 3333 1030 dolore]
3368 960 3390 1013 ἲ
3433 960 3486 1014 Si
3533 977 3634 1030 ego

2059 1037 2304 1104 peccavi,
2339 1039 2468 1103 quid
2499 1055 2719 1108 possum
2752 1043 2846 1098 tibi
2901 1045 3083 1101 facere
3117 1049 3160 1079 “
3201 1049 3223 1101 ‘i
3281 1049 3359 1104 Tu
3407 1051 3500 1120 qui
3527 1055 3634 1106 scis

2058 1141 2280 1181 sensum
2313 1130 2637 1197 humanum,
2676 1148 2848 1201 quare
2901 1137 3130 1203 posuisti
3158 1153 3265 1201 me,
3328 1149 3387 1192 ut
3441 1140 3634 1209 loquar

2058 1217 2348 1274 adversum
2383 1231 2457 1285 te,
2493 1233 2542 1276 et
2578 1240 2699 1277 sum
2737 1225 2833 1279 tibi
2865 1228 3063 1281 oneri?
3095 1229 3160 1282 Et
3187 1246 3356 1298 quare
3412 1247 3517 1286 non
3571 1249 3633 1286 es

2061 1311 2268 1367 oblitus
2297 1314 2341 1344 “
2399 1316 2708 1384 iniquitatis
2743 1333 2898 1382 mete,
2954 1331 3010 1373 et
3040 1323 3282 1389 purgasti
3347 1334 3631 1392 peccatum

2061 1403 2282 1458 meum?
2302 1421 2446 1460 nunc
2470 1417 2655 1463 autem
2687 1409 2740 1464 in
2765 1419 2965 1465 terram
2992 1411 3100 1465 ibo.
3123 1411 3278 1468 Mane
3300 1414 3534 1484 vigilabo
3561 1413 3630 1481 ",

2060 1502 2116 1548 et
2141 1495 2284 1549 ultra
2319 1511 2426 1551 non
2469 1513 2583 1554 ero.

2330 1664 2393 1702 AD
2427 1664 2541 1703 ΠοιΕο
2575 1664 2778 1706 ΒΑιΜυ
2815 1668 3129 1722 SAUCBITES,
3159 1674 3309 1715 ῡιιιτ
3347 1679 3359 1715 Ζ

2139 1759 2297 1832 [ϐαρ.
2337 1762 2494 1834 Vlli.]
2523 1765 2821 1836 Quousque
2865 1769 3110 1838 loqueris
3171 1773 3324 1827 haec?
3387 1774 3629 1845 Spiritus

2066 1852 2430 1923 multiloqua:
2461 1865 2545 1909 est
2573 1859 2654 1912 ori
2687 1873 2800 1913 tuo.
2845 1860 3101 1931 Nunquid
3130 1864 3390 1920 Dominus
3435 1869 3636 1935 injuste

2064 1949 2172 2010 agit
2202 1959 2325 1998 cum
2345 1946 2691 2015 judicat,aut
2736 1951 2828 2018 qui
2855 1951 2984 2005 fecit
3010 1955 3192 2008 omnia
3216 1958 3460 2012 turbabit
3484 1962 3634 2029 quod

2060 2036 2264 2104 justum
2298 2037 2423 2091 est?
2453 2038 2508 2092 Si
2539 2040 2630 2094 lilii
2663 2042 2738 2094 tui
2773 2055 3141 2110 peccaverunt
3171 2062 3354 2102 coram
3390 2066 3478 2116 eo,
3533 2053 3636 2107 tui-

2065 2127 2135 2178 sit
2179 2129 2230 2178 in
2261 2143 2423 2182 manu
2457 2129 2776 2198 iniquitates
2807 2148 3020 2188 eorum.
3053 2135 3130 2189 Tu
3164 2149 3346 2193 autem
3370 2157 3638 2215 consurge

2064 2217 2306 2271 diluculo
2328 2221 2394 2271 ad
2427 2219 2716 2274 Dominum
2745 2225 3205 2293 omnipotentem,
3229 2243 3280 2283 et
3306 2247 3550 2298 precare.
3577 2235 3638 2290 Si

2066 2306 2309 2359 mundus
2339 2317 2392 2358 et
2418 2323 2579 2361 Verax
2601 2312 2670 2377 >ε<
2698 2325 2756 2365 es
2779 2321 2860 2376 tu,
2889 2315 2911 2381 1
2937 2328 3151 2382 precem
3177 2322 3429 2377 exaudiet
3463 2333 3639 2390 tuam,

2062 2407 2117 2447 et
2150 2398 2408 2450 restituet
2431 2398 2525 2450 tibi
2557 2398 2722 2452 vitam
2751 2399 3004 2470 justitia.
3032 2415 3089 2460 et
3111 2419 3275 2464 erunt
3311 2414 3496 2480 priora
3545 2424 3640 2472 tua

2064 2487 2308 2550 minima,
2344 2490 2634 2543 novissima
2667 2501 2850 2546 autem
2918 2505 3005 2549 tua
3070 2499 3301 2556 inﬁnita.
3357 2505 3638 2574 Interroga

2061 2577 2206 2629 enim
2237 2581 2644 2645 generationem
2673 2586 2936 2650 priorem,
2965 2597 3019 2642 et
3053 2593 3287 2659 exquire
3311 2610 3484 2663 genus
3542 2615 3641 2668 pa-

2061 2676 2299 2720 rentum.
2334 2669 2396 2720 Et
2425 2670 2666 2725 hesterni
2705 2690 2897 2730 sumus
2935 2677 3001 2743 “,
3025 2690 3080 2734 et
3103 2683 3402 2751 ncscimus,
3431 2695 3486 2740 et
3520 2705 3643 2742 um.

2061 2755 2155 2809 bra
2188 2769 2269 2812 est
2302 2760 2410 2813 vita
2455 2773 2639 2815 nostra
2696 2779 2864 2834 super
2933 2779 3156 2826 terram.
3219 2774 3328 2827 Aut
3364 2779 3639 2848 numquid

2058 2864 2164 2901 non
2199 2850 2252 2903 hi
2285 2851 2561 2907 docebunt
2590 2865 2662 2920 te,
2693 2867 2748 2910 et
2780 2860 3022 2914 referent
3059 2863 3157 2916 tibi
3192 2885 3205 2920 :
3247 2877 3302 2920 et
3346 2883 3411 2922 ex
3473 2871 3641 2926 corde

385 2942 614 3009 spiritus
638 2938 767 2998 mei,
805 2940 1049 3004 aperiam
1077 2935 1504 2989 amaritudinem
1541 2936 1559 2964 ⁷
1585 2935 1781 2988 animae
1819 2951 1952 2988 mete
1982 2987 2024 3035 Γ
2058 2957 2158 2994 suo
2208 2944 2490 3009 proferent
2517 2954 2820 3011 {sermones
2853 2951 2876 3003 ?
2925 2952 3204 3024 Numquid
3260 2960 3483 3015 virescit
3526 2936 3670 3035 [ALV

389 3046 452 3088 σε·
484 3040 793 3088 coarctatus
818 3031 840 3099 1
868 3040 1124 3082 utrumne
1156 3044 1302 3082 mare
1332 3043 1452 3081 sum
1483 3042 1606 3096 ego,
1637 3037 1730 3080 aut
1761 3027 1952 3089 draco,

386 3127 512 3195 quia
545 3124 784 3178 statuisti
816 3123 836 3154 ⁸
871 3138 1038 3191 super
1064 3136 1150 3175 me
1171 3120 1515 3176 custodiam?
1543 3118 1766 3187 XQuia
1793 3119 1900 3171 dixi
1928 3119 1950 3185 1

385 3213 756 3269 consolabitur
808 3228 893 3266 me
949 3213 1184 3267 lectulus
1246 3226 1438 3275 meus,
1495 3218 1550 3265 ct
1603 3213 1834 3264 referam
1888 3215 1954 3263 ad

388 3306 651 3374 meipsum
687 3303 1118 3359 consolationem
1157 3304 1211 3356 in
1249 3313 1367 3357 toro
1397 3317 1516 3357 meo
1551 3318 1565 3357 :
1596 3311 1840 3356 exterres
1871 3315 1956 3356 me

392 3416 490 3466 per
523 3399 733 3452 somnia
769 3405 824 3450 et
873 3411 969 3465 per
1024 3395 1293 3449 visionem
1328 3393 1744 3463 obstupefacis:
1779 3393 1952 3448 absol.

391 3506 486 3547 Vcs
513 3493 533 3523 '
565 3507 594 3545 a
625 3491 817 3560 spiritu
863 3504 985 3545 meo
1039 3490 1275 3543 animam
1335 3502 1511 3543 meam
1544 3503 1560 3542 :
1600 3495 1655 3542 et
1696 3501 1728 3541 a
1780 3494 1958 3542 morte

456 3720 470 3748 '
507 3717 727 3770 Graecus
791 3713 953 3768 habet
995 3713 1131 3766 Νυνὶ
1178 3713 1235 3765 δὲ
1277 3711 1559 3780 ἐμϐλέψας
1582 3711 1660 3773 εἰς
1687 3708 1955 3777 πρόσωπα

385 3790 567 3856 ὑμῶν,
600 3788 659 3838 οὺ
687 3786 986 3852 ψεύσομαι,
1020 3784 1174 3856 Nunc
1203 3794 1382 3836 autem
1402 3781 1682 3856 inspiciens
1719 3781 1772 3833 in
1795 3780 1955 3856 facies

385 3851 603 3914 vestias.
646 3871 749 3907 non
794 3851 1036 3907 nieiitiar.
1086 3854 1238 3907 Facit
1267 3868 1398 3905 vero
1429 3866 1553 3905 cum
1584 3855 1849 3919 impressa
1880 3851 1958 3901 le-

388 3930 571 3980 ctione
609 3927 887 3987 llebragus,
947 3935 1110 3991 atque
1159 3928 1272 3990 ipse
1315 3923 1674 3988 Augustinus,
1717 3921 1811 3987 qui
1843 3932 1954 3971 uno

386 3999 558 4050 verbo
589 3997 940 4062 inspicientes,
978 3990 1074 4062 pro
1105 3990 1679 4062 aspicientcsabludit.

457 4069 476 4096 '
509 4056 688 4119 Minus
721 4068 856 4117 bene
915 4056 1286 4116 in'Martianwi
1309 4061 1552 4114 editione
1583 4057 1864 4127 Replebor.
1893 4056 1953 4111 S.

386 4143 614 4206 August.
651 4137 702 4186 in
735 4134 957 4186 instanti
984 4131 1218 4198 chleor,
1243 4140 1297 4182 et
1320 4128 1543 4182 Graecus
1571 4141 1789 4206 quoque
1813 4127 1958 4194 [Ιλή.

390 4197 500 4274 pag"
525 4209 580 4258 δὲ
611 4206 851 4270 γίνομαι,
894 4197 1120 4271 legunt:
1173 4215 1407 4268 quorum
1449 4209 1504 4251 et
1530 4213 1632 4255 nos
1661 4197 1953 4250 lectionem

388 4278 750 4344 prtul'crunus.

459 4348 476 4376 '
512 4348 813 4421 l’iouumen
853 4355 986 4403 mea,
1036 4339 1181 4409 quod
1213 4337 1422 4404 deerat,
1475 4352 1542 4391 ex
1571 4336 1874 4404 Augustino
1898 4346 1955 4390 et

2075 4355 2166 4428 ειη,
2197 4360 2297 4428 Ope
2332 4345 2506 4428 Graeci
2541 4333 3134 4428 exemplaris—,1?

387 4418 575 4468 Grieco
603 4413 942 4467 sull’ccimus.

455 4486 477 4514 ’⁵
513 4488 615 4538 l’ro
659 4487 806 4534 lusce
856 4481 1071 4542 verbis,
1121 4479 1191 4533 Et
1238 4493 1340 4531 non
1389 4475 1618 4546 amplius
1668 4482 1955 4549 revertetur

387 4557 568 4608 oculus
606 4569 746 4604 mens
786 4551 957 4603 videre
1005 4557 1158 4614 bona,
1193 4565 1312 4616 qua:
1345 4549 1567 4602 totidem
1601 4557 1654 4602 et
1679 4548 1734 4601 in
1765 4546 1954 4603 Graeco

388 4626 619 4687 Mtltl,S.
653 4629 882 4689 August.
944 4631 1152 4673 tantum
1207 4622 1390 4682 habet,
1443 4617 1511 4670 Et
1559 4634 1662 4670 non
1724 4628 1956 4671 revertar

388 4697 458 4747 ad
491 4693 729 4746 visibilia.

458 4783 478 4811 ⁸
504 4780 855 4846 Vitioselegit
887 4776 1237 4829 Martianteus
1274 4790 1382 4829 uno
1424 4774 1593 4828 verbo
1643 4791 1815 4829 nonne
1857 4791 1954 4844 pro

385 4869 488 4904 non
526 4865 628 4910 me,
660 4863 803 4916 quoe
837 4849 1183 4900 restituimus
1214 4862 1279 4898 ex
1312 4846 1634 4912 Augustino,
1675 4858 1730 4900 et
1764 4848 1953 4901 Grteco

385 4934 604 4990 quoque
637 4929 808 4990 textu.
839 4917 1016 4971 Etiam
1049 4933 1147 4986 pro
1169 4926 1461 4986 cognoscet,
1483 4928 1645 4969 antea
1671 4917 1956 4984 legebatur

387 4988 441 5043 in
469 4988 694 5042 instanti
725 4990 905 5042 minus
936 4991 1073 5041 bene
1095 4990 1381 5056 cognoscit.

457 5077 693 5130 “Deerat
715 5077 1015 5130 terminalis
1068 5086 1395 5144 punctorum
1447 5083 1600 5139 nota,
1641 5090 1802 5145 quam
1827 5090 1956 5140 sup-

387 5147 622 5216 plenius.

455 5237 474 5266 ⁷
505 5235 724 5290 Grmcus
783 5235 906 5304 plus
969 5233 1376 5298 habet’AvoiEm
1413 5233 1471 5285 τὸ
1505 5234 1682 5300 στόμα
1745 5251 1844 5302 μου
1897 5236 1952 5284 ἐν

386 5307 603 5374 πικρίᾳ,
647 5322 699 5356 κ.
730 5323 782 5356 τ.
816 5309 865 5358 λ.
898 5310 1146 5369 Apertam
1177 5322 1232 5358 os
1267 5321 1437 5357 meum
1468 5309 1520 5356 in
1569 5305 1952 5366 antaritudinc,

385 5378 764 5430 ciuile-bracas
802 5377 942 5428 haud
975 5380 1125 5428 item.
1160 5379 1264 5428 l’ro
1316 5391 1384 5428 eo
1436 5377 1531 5442 qui
1586 5377 1956 5441 subsequitur

384 5449 565 5510 elici-0,
595 5459 750 5499 antea
786 5449 1244 5509 eratastcriscus,
1267 5461 1427 5512 quem
1485 5455 1661 5496 tamen
1724 5457 1956 5512 Ipselnet

386 5517 634 5571 Martian.
681 5517 1023 5583 improbavit.

454 5586 476 5619 ⁸
506 5585 932 5646 Emendat'nnus
967 5587 1220 5648 statuisti,
1251 5586 1403 5656 juxta
1422 5584 1680 5653 ,(ῖινωουιη
1728 5588 1957 5640 κατέτα·

2065 3223 2328 3269 metetur.
2353 3219 2660 3286 Antequam
2685 3221 2837 3276 bibat
2865 3227 3045 3280 omnis
3070 3229 3262 3298 herba,
3296 3249 3478 3290 nonne
3517 3253 3644 3292 are—

2065 3304 2170 3358 scit
2202 3306 2246 3336 ¹⁸
2270 3306 2292 3357 ?
2318 3306 2409 3360 Sic
2445 3309 2610 3378 igitur
2629 3325 2793 3368 erunt
2822 3318 3120 3375 novissima
3179 3323 3488 3395 hominum,
3544 3334 3641 3400 qui

2065 3395 2466 3454 obliviscuntur
2494 3403 2816 3462 Dominum.
2849 3407 2987 3479 Spes
3012 3413 3161 3468 enim
3196 3417 3350 3488 impii
3410 3395 3638 3491 peribit,

2065 3497 2116 3542 et
2150 3504 2258 3544 non
2290 3491 2607 3551 habitabilis
2649 3498 2759 3553 erit
2793 3499 2992 3559 domus
3021 3505 3162 3576 ejus,
3187 3517 3353 3579 atque
3418 3519 3638 3574 araneis

2065 3715 2270 3799 ga;,.et
2314 3716 2598 3797 Augustini
2679 3723 3014 3782 lectionem:
3073 3738 3232 3785 antea
3297 3733 3442 3792 haud
3499 3741 3640 3799 bene

2063 3787 2346 3861 legebatur
2378 3791 2430 3840 in
2454 3805 2629 3856 prima
2661 3809 2893 3861 persona
2931 3802 3123 3854 statui.

2135 3855 2822 3948 “nlterum‘emendavitnps
2866 3868 3139 3948 absolves,
3175 3870 3326 3926 iuxta
3377 3878 3642 3948 Augusti-

2064 3926 2642 4022 pum',‘t}r:ecumquet
2660 3935 2889 4022 verbum
2929 3926 3299 4004 ἁπαλλᾶσσεις
3330 3961 3344 3997 :
3379 3926 3643 4022 ᾖδ’ἰῖδο

2065 3999 2271 4059 legerat
2300 3997 2557 4054 Martia‘n.
2581 4003 2874 4059 absolvens.

2142 4067 2184 4094 ¹⁰
2204 4069 2585 4146 Aliterﬁnectit
2611 4071 2667 4124 S.
2706 4075 3070 4142 Augustinus,
3110 4096 3142 4133 a
3172 4089 3342 4136 morte
3367 4102 3487 4142 ossa
3521 4107 3638 4146 mea

2063 4139 2256 4217 reputt.
2285 4136 2342 4189 ln
2375 4137 2564 4217 Graeco
2589 4151 2767 4217 autem
2795 4136 2983 4217 codice
3009 4136 3348 4217 postremum
3375 4136 3486 4213 n68
3511 4136 3635 4215 QE}?

2064 4207 2194 4258 bum
2225 4222 2400 4274 neque
2432 4213 2534 4262 sub
2565 4216 2826 4265 asterisco
2860 4207 3163 4273 invenitur.

2137 4276 2176 4367 in
2209 4276 2532 4367 Suti‘eeiiiius
2548 4283 2985 4367 conditionaleni
3004 4290 3048 4367 si
3070 4299 3345 4362 voculam,
3371 4313 3491 4367 qua:
3507 4303 3637 4359 dee-

2277 4371 2297 4425 ξς
2332 4371 2506 4439 inritet.
2541 4371 2890 4428 exetttptarts,
2926 4371 2987 4408 nt
3024 4371 3134 4428 εγὼ
3163 4371 3414 4439 ἥμαρτον
3458 4386 3471 4424 :
3521 4384 3635 4429 tum

2056 4415 2470 4507 Augustin-iunia:
2492 4415 2764 4500 lectionis,
2805 4415 2968 4507 quam
2995 4441 3047 4481 ei
3063 4415 3316 4507 ’νΓώἯέ
3333 4415 3637 4498 Ean-mg“;

2059 4488 2368 4575 continuat.
2482 4491 2712 4570 peccavi,
2761 4487 2893 4575 nihil
2941 4487 3301 4563 posst'tm'rt—ioi

2063 4560 2398 4642 [991,133905
2438 4559 2788 4642 interiectis:
2818 4561 2876 4615 Si
2908 4559 3080 4622 autem
3110 4559 3636 4642 peccatuinnlioniinis

2059 4626 2343 4699 necjocto,
2368 4642 2459 4678 nec
2489 4628 2626 4699 dicto
2663 4632 2756 4683 tibi
2781 4647 2947 4699 nocet,
2971 4648 3077 4694 etc.

2133 4693 2186 4784 ξ’.
2393 4698 2820 4784 ὃεΑυειξξῑίηυε
2852 4707 2908 4784 in
2937 4693 3127 4766 vtertia
3163 4731 3395 4784 persona
3449 4716 3640 4770 oblitus

2059 4771 2137 4815 est
2169 4777 2265 4818 :et
2291 4769 2516 4820 Graecus
2551 4775 2721 4838 ι.ηυην
2759 4779 3024 4842 εποιήσω.

2133 4858 2178 4940 1³
2203 4856 2307 4940 εξτο
2327 4876 2481 4940 mane
2513 4862 2755 4932 signabo,
2777 4869 2918 4940 quod
2941 4880 2992 4923 et
3015 4869 3234 4928 Graecus
3259 4886 3439 4930 textus
3463 4885 3645 4940 sonat,

2060 4925 2329 5014 depKwy
2352 4945 2397 5014 ξ.
2423 4925 2620 5014 vitio-Se
2666 5005 2672 5013 _
2695 4925 2994 5014 praeterunt
3019 4925 3436 5010 Augustiitiainw

2066 5009 2209 5049 tiam
2241 4998 2519 5067 evigilubo.
2547 4998 2778 5056 Levidra
2807 5009 2947 5059 intra
2976 4998 3360 5069 emendamus.

2135 5085 2614 5175 'f-lnins.‘c0d_ice
2637 5107 2792 5146 error
2814 5095 2905 5175 hic
2949 5110 3033 5151 est
3089 5105 3484 5171 exscriptoris,
3546 5108 3646 5175 qui

2060 5157 2213 5278 ﬁgit,
2244 5169 2291 5211 et
2327 5164 2534 5214 externi
2569 5178 2774 5228 sumus,
2808 5169 2860 5216 id
2881 5176 2985 5232 est,
3018 5174 3219 5225 externi
3245 5157 3344 5243 p'ro
3387 5157 3641 5233 lies-teriri.

2064 5267 2076 5278 .
2116 5242 2243 5278 ΛΚΤ.

2064 5242 2243 5280 MART.

2085 5345 2112 5400 .l
2134 5315 2183 5394 "‘-
2213 5315 2648 5400 Supino_errore,
2673 5322 2968 5400 quitamen
3013 5327 3067 5381 in
3093 5331 3331 5400 antiquis
3358 5350 3489 5388 mss.
3525 5335 3647 5388 fere

2062 5387 2256 5472 obvips
2289 5388 2622 5472 cst,nleclum
2668 5387 2710 5472 si
2762 5394 3076 5451 Martinusco
3135 5387 3273 5453 vivat
3326 5422 3423 5472 pro
3474 5387 3642 5466 bibat,

2061 5457 2206 5533 quod
2242 5472 2359 5535 nos,
2385 5457 2573 5537 (iratist)
2596 5460 2926 5530 Sttﬂragunte
2956 5477 3124 5530 textu,
3179 5475 3283 5534 πρὸ
3326 5457 3429 5524 ’τοῦ
3475 5457 3641 5537 πιέῖνξ

2065 5527 2431 5611 rcstitttiilnus.
2458 5527 3079 5611 Etegaiittssnneautem
3101 5527 3468 5606 Augustinus,
3499 5527 3638 5611 Nisi,

2063 5599 2259 5663 tnquit,
2292 5595 2431 5648 bibat
2464 5612 2483 5650 .'
2514 5615 2616 5652 non
2647 5604 2784 5654 enim
2817 5607 3104 5674 aliquando
3130 5595 3288 5665 viruit
3319 5595 3529 5683 impius.
