3966 6184
284 245 344 302 ’77
1668 238 1739 299 Ll
1756 239 1870 298 BE]

1987 236 2102 297 OB.
3462 227 3534 291 τε

282 356 641 424 Coniplebitur
665 354 1081 412 tabernaculum
1118 354 1257 426 ejus.
1302 350 1460 420 Quod
1486 359 1544 407 et
1577 350 1622 404 si
1650 347 1845 431 suﬂ'ul-
1879 344 1931 404 Α
1960 357 2183 409 terram,
2222 362 2388 414 super
2429 361 2597 400 mare.
2625 344 2726 412 Qui
2750 342 3205 415 facit:\rctti,runt,
3230 343 3534 412 etVesper-

286 450 415 507 serit
441 451 665 504 domum
696 465 1010 517 suam,.non
1046 449 1212 503 stabit
1258 465 1273 515 ;
1315 456 1371 501 et
1434 462 1559 501 cum
1592 444 1851 513 coeperit,

282 554 387 595 non
417 539 785 607 permanebit.
829 538 1100 593 Humidus
1123 547 1208 593 est
1238 538 1387 592 enim
1416 546 1543 591 ante
1563 537 1762 597 solem,
1797 546 1855 588 et

282 634 345 687 de
368 632 659 699 putredine
689 632 805 699 ejus
830 631 847 661 ¹
901 647 1123 699 germen
1162 629 1281 696 ejus
1313 628 1601 684 ascendet.
1634 628 1689 679 in
1721 642 1855 680 con-

284 724 693 791 gregationibus
721 721 969 790 lapidum
1005 721 1233 786 dormit,
1266 728 1323 773 et
1347 720 1401 771 in
1435 718 1615 772 medio
1640 718 1859 783 lapillo-

284 828 400 865 rum
434 814 599 865 t‘ivet.
640 812 697 865 Si
730 812 1049 881 deglutierit
1103 812 1145 875 ¹,
1186 810 1341 862 locus
1375 808 1671 862 mentietur
1705 822 1857 861 eum.

284 904 393 958 Non
436 904 581 956 enim
616 903 900 957 advertisti
937 904 1075 965 haec,
1104 902 1233 970 quia
1267 901 1481 955 eversio
1510 899 1856 968 imputabilis

283 1009 380 1051 est.
418 998 493 1051 De
523 1010 671 1051 terra
700 1007 884 1052 autem
930 998 1255 1051 alterutrum
1313 994 1647 1063 germinabit
1672 997 1711 1048 ³.
1750 995 1860 1048 Do-

284 1089 459 1143 minus
475 1091 625 1143 enim
652 1106 758 1144 non
784 1089 1139 1158 reprobabit‘
1160 1088 1535 1150 innocentem,
1554 1104 1658 1143 nec
1686 1088 1857 1141 ullum

284 1196 481 1233 munus
512 1182 664 1248 impii
704 1180 955 1247 accipiet.
986 1179 1279 1233 Veracium
1313 1192 1495 1231 autem
1522 1191 1583 1230 os
1628 1177 1861 1244 replebit

285 1272 416 1333 risu,
450 1284 507 1326 et
534 1273 680 1325 labia
713 1287 904 1326 eorum
964 1272 1340 1325 confessione.
1401 1270 1615 1324 lnitnici
1671 1279 1856 1323 autem

283 1380 467 1415 eorum
495 1364 799 1429 induentur
820 1364 1166 1423 confusione,
1192 1373 1246 1417 et
1264 1362 1681 1418 tabernaculum
1709 1360 1859 1431 impii

284 1472 386 1510 non
419 1453 779 1526 manebil[At.
812 1453 1205 1527 permanebit].

691 1636 761 1674 ΕΤ
786 1635 1124 1675 ηεδῐιθκυεδιε
1147 1634 1263 1680 JOB,
1286 1634 1435 1673 leIT
1462 1635 1476 1673 ξ

353 1736 507 1806 [Cap.
540 1733 660 1805 lX.]
695 1735 834 1788 Vere
868 1734 983 1787 scio
1017 1735 1141 1803 quia
1168 1734 1242 1787 ita
1275 1745 1380 1788 est.
1400 1732 1689 1799 Quomodo
1708 1733 1857 1788 enim

290 1829 485 1895 poterit
522 1827 652 1894 quis
680 1827 864 1893 justus
882 1840 1003 1879 esse
1035 1835 1164 1878 ante
1198 1824 1488 1879 Dominum
1536 1825 1559 1877 ?
1596 1825 1649 1879 Si
1713 1825 1863 1879 enim

288 1918 639 1986 velitjudicio
658 1917 994 1971 contendere
1023 1932 1149 1971 cum
1189 1933 1277 1983 eo,
1306 1934 1415 1971 non
1452 1916 1816 1987 respondebit
1842 1919 1862 1950 '

288 2014 331 2065 ei
360 2027 533 2063 unum
559 2012 627 2064 de
648 2010 814 2064 mille.
842 2009 1074 2081 Sapiens
1097 2020 1181 2065 est
1221 2013 1369 2065 enim
1400 2026 1586 2077 sensu,
1622 2023 1679 2066 et
1706 2011 1868 2065 fortis

289 2113 337 2153 et
364 2118 622 2171 magnus.
651 2100 786 2167 Quis
810 2102 981 2156 durus
1013 2102 1116 2156 fuit
1138 2118 1321 2156 coram
1374 2119 1459 2168 eo,
1496 2114 1551 2158 et
1614 2104 1812 2157 mansit
1846 2102 1869 2155 ?

289 2194 384 2258 Qui
422 2195 476 2247 in
503 2203 835 2248 vetustatem
866 2194 1121 2262 perducit
1154 2195 1175 2225 ⁸
1198 2203 1433 2260 montes,
1455 2205 1510 2250 et
1559 2197 1813 2250 nesciunt
1846 2210 1861 2249 :

288 2286 376 2354 qui
406 2286 577 2339 vertit
609 2286 777 2339 eosin
804 2286 905 2350 ira,
930 2286 1024 2355 qui
1052 2296 1362 2341 commovet
1384 2287 1577 2341 orbem
1602 2304 1631 2341 a
1669 2288 1869 2342 funda-

290 2378 508 2439 mentis,
529 2389 585 2431 et
608 2377 879 2433 columna:
915 2379 1035 2447 ejus
1066 2380 1453 2435 movebuntur.
1486 2382 1589 2447 Qui
1617 2383 1868 2451 praecipit

290 2470 385 2522 soli
419 2480 474 2523 et
499 2485 610 2523 non
639 2472 837 2533 oritur,
864 2480 921 2525 et
946 2482 1141 2527 etetera
1170 2474 1351 2527 sidera
1382 2475 1579 2542 signat.
1628 2476 1729 2540 Qui
1772 2492 1870 2528 ex-

292 2562 691 2618 tenditcoelum
728 2564 903 2630 solus,
966 2578 1021 2620 et
1067 2566 1318 2621 ambulat
1377 2576 1636 2639 tanquaut
1701 2586 1871 2640 super

359 2717 714 2794 {Prnnomen
774 2721 908 2788 ejus,
936 2725 1079 2791 quod
1112 2725 1201 2779 hic
1225 2724 1357 2794 legit
1404 2735 1459 2780 et
1509 2724 1865 2791 Augustinus,

291 2802 344 2845 et
372 2789 430 2841 in
459 2786 651 2842 Grarco
684 2786 806 2859 ipso
841 2786 988 2847 textu
1023 2786 1491 2859 resouatfa-‘Jroﬁ,
1522 2786 1624 2849 nos
1649 2786 1869 2864 supple;

294 2878 341 2913 ιιι
349 2876 435 2912 IIS.

364 2932 381 2959 ¹
413 2930 754 3017 .Antea'erat
786 2930 845 2984 Si
879 2934 1221 3017 deglutietur,
1259 2952 1358 3017 pro
1388 2951 1502 3017 quo
1550 2935 1868 3017 nosnAuguA-

1962 439 2159 504 tinum,
2189 452 2245 494 et
2270 440 2541 502 Pleiadas,
2564 450 2619 494 et
2656 439 2942 493 interioria
2975 437 3186 491 Austri.
3241 436 3343 502 Qui
3403 436 3537 490 facit

1962 549 2153 602 magna
2178 545 2340 602 atque
2390 533 2835 602 investigabilia:
2894 532 3139 599 gloriuca
3185 540 3240 584 et
3290 530 3536 599 ingentia

1960 640 2195 692 quorum
2223 640 2331 677 non
2360 634 2445 679 est
2499 640 2786 678 numerus.
2818 623 2874 678 Si
2906 635 3280 692 transgressus
3306 638 3391 675 tne
3418 622 3539 674 fue-

1963 716 2055 780 rit,
2111 732 2219 769 non
2274 717 2518 770 videbo:
2577 727 2631 771 et
2692 717 2736 769 si
2783 715 3063 769 transierit
3124 730 3230 776 me,
3295 728 3395 767 nec
3458 713 3540 768 sic

1962 810 2128 861 sciam
2168 810 2211 861 ⁷.
2240 808 2292 862 Si
2326 809 2470 861 enim
2495 809 2653 861 morti
2687 809 2993 871 tradiderit,
3024 807 3143 876 quis
3183 815 3411 867 avertet,
3448 815 3543 858 aut

1964 902 2087 971 quis
2119 901 2263 956 (licet
2294 902 2393 964 illi,
2424 902 2553 971 quid
2589 901 2814 955 fecisti?
2854 901 3029 966 Ipsius
3077 901 3224 953 enim
3280 899 3544 952 inaverti-

1965 994 2087 1046 bilis
2119 993 2214 1045 ira.
2249 994 2330 1046 Ab
2364 993 2480 1060 ipso
2515 993 2731 1045 subdita
2781 1001 2908 1045 sunt
2935 1002 3131 1044 caetera
3192 992 3292 1044 sub
3326 994 3465 1043 C(BiO
3497 988 3542 1043 ⁸.

1964 1082 2120 1147 Quod
2154 1085 2199 1139 si
2232 1084 2421 1137 audiat
2456 1100 2562 1147 me,
2600 1094 2653 1137 et
2681 1084 2962 1137 discernat
2986 1100 3270 1138 sermones
3296 1098 3445 1137 meos
3474 1083 3541 1149 )a(

1966 1192 2150 1229 secum
2194 1178 2215 1245 ζ
2248 1176 2399 1240 Quod
2431 1176 2473 1228 si
2502 1175 2667 1228 etiam
2697 1176 2879 1245 justus
2915 1176 3086 1235 fuero,
3121 1190 3228 1226 non
3287 1173 3544 1227 exaudiet

1968 1288 2073 1324 inc.
2108 1274 2171 1337 )s(
2194 1269 2468 1323 Judieium
2500 1271 2619 1338 ejus
2649 1270 2849 1337 rogabo
2884 1270 2904 1336 ζ
2937 1268 2991 1321 Si
3024 1284 3154 1322 vero
3189 1269 3542 1327 inroravere,

1966 1376 2021 1416 et
2053 1363 2361 1417 exaudierit
2390 1365 2435 1426 ’,
2467 1379 2574 1415 non
2606 1362 2845 1421 credam,
2890 1362 3035 1430 quod
3088 1360 3197 1431 [Αἰ.
3236 1359 3493 1429 quoniam
3523 1356 3544 1429 ]

1964 1456 2247 1510 exaudivit
2287 1470 2475 1509 vocem
2511 1471 2707 1507 meam.
2744 1452 2821 1508 Ne
2884 1454 3021 1507 forte
3075 1454 3127 1505 iii
3180 1452 3402 1505 turbine
3459 1466 3546 1505 me

1971 1557 2246 1604 conterat.
2278 1548 2478 1601 Multas
2513 1548 2659 1601 enim
2692 1546 3077 1599 tribulationes
3112 1560 3261 1598 meas
3284 1543 3547 1597 fecitsine

1969 1660 2154 1699 causa.
2191 1643 2306 1697 Non
2332 1643 2477 1696 enim
2507 1642 2637 1694 sinit
2670 1656 2755 1694 me
2794 1640 3069 1708 respirare
3101 1656 3113 1703 ;
3146 1638 3241 1692 sed
3300 1636 3548 1721 implevit

1969 1756 2056 1793 me
2092 1738 2479 1792 amaritudine.
2504 1737 2718 1791 Etenim
2744 1735 2869 1803 quia
2898 1742 3078 1803 potest
3118 1733 3351 1787 obtinet.
3413 1729 3548 1784 Nam

1960 1829 2171 1899 judicio
2202 1828 2321 1897 ejus
2347 1827 2469 1895 quis
2501 1825 2887 1880 adversabitur
2920 1825 2943 1877 ?
2995 1824 3148 1889 Quod
3182 1833 3236 1877 et
3295 1822 3338 1876 si
3395 1821 3551 1875 fuero

1962 1923 2167 1992 justus,
2202 1933 2264 1972 os
2298 1933 2480 1972 meum
2514 1919 2678 1987 impia
2706 1918 2991 1986 loquetur.
3026 1915 3180 1980 Quod
3215 1923 3270 1968 et
3302 1914 3345 1968 si
3392 1914 3548 1968 fuero

1967 2016 2086 2067 sine
2118 2012 2371 2075 crimine,
2405 2026 2606 2081 pravus
2646 2010 2918 2064 inveniar.
2955 2009 3010 2062 Si
3074 2009 3218 2063 enim
3280 2019 3336 2062 et
3385 2007 3553 2075 impie

1965 2106 2051 2175 egi
2076 2108 2127 2158 in
2158 2106 2396 2158 animam
2419 2118 2593 2157 meam
2617 2105 2682 2166 η,
2709 2103 2917 2157 nescio.
2942 2102 3334 2156 Verumtamen
3366 2103 3553 2153 aufer-

1979 2209 2066 2251 tur
2101 2200 2207 2251 vita
2246 2212 2386 2251 mea.
2424 2196 2603 2251 Unum
2632 2205 2716 2250 est
2775 2204 3001 2263 propter
3062 2193 3206 2262 quod
3271 2204 3325 2248 et
3384 2194 3493 2246 dixi
3536 2210 3553 2250 :

1978 2292 2229 2359 Magnum
2267 2297 2322 2343 et
2370 2298 2646 2357 potentem
2704 2287 2976 2355 disperdit
3037 2286 3149 2360 [ΑΙ.
3203 2284 3554 2359 disperdidit]

1978 2387 2076 2447 ira,
2104 2385 2231 2454 quia
2260 2397 2495 2452 nequam
2516 2381 2767 2436 homines
2791 2382 2829 2411 “
2854 2383 2905 2435 in
2932 2397 3124 2452 magna
3146 2394 3321 2435 morte
3351 2392 3556 2447 erunt;

1979 2478 2225 2547 sedjusti
2260 2478 2313 2530 lii
2347 2476 2689 2531 deridentur.
2757 2474 3025 2543 )(Terra
3085 2475 3286 2529 tradita
3347 2487 3431 2529 est
3496 2475 3553 2528 in

1981 2587 2175 2625 manus
2206 2570 2380 2641 impii.
2417 2572 2481 2638 )t(
2517 2568 2706 2625 Facies
2730 2568 2978 2640 judieum
3013 2568 3055 2600 "
3098 2569 3215 2637 ejus
3255 2569 3452 2638 operit.
3488 2569 3557 2635 χ

1980 2744 2143 2796 nymo
2177 2727 2414 2785 liieloci,
2470 2730 2565 2781 sed
2594 2738 2745 2782 cete:
2785 2727 3057 2797 siquidem
3113 2744 3177 2780 ex
3241 2725 3391 2797 nullo
3449 2742 3554 2779 un—

1978 2814 2137 2866 quam
2207 2798 2500 2864 exemplari
2557 2798 2701 2851 illam
2786 2796 2962 2864 potuit
3043 2796 3554 2863 interpretationem

1979 2869 2257 2921 excudere
2293 2886 2305 2929 ;
2342 2869 2483 2920 hanc
2516 2884 2647 2921 vero
2683 2868 3024 2937 propositum
3066 2867 3367 2934 Hexnplare
3392 2906 3405 2929 ,
3438 2882 3554 2923 srve

1977 2940 2139 2991 etiam
2191 2952 2481 2990 commune
2513 2938 2619 2990 τῶν
2643 2936 2783 2991 LXX
2814 2946 3008 3005 sponte
3040 2936 3377 3004 totidemque
3410 2936 3559 2991 litte-

297 3002 588 3085 stinianam
618 2999 910 3085 lectionem
932 2999 1530 3085 secuti,reseripsiinus
1547 2999 1869 3075 deglutierit,
1901 3028 1945 3085 ο
1981 3008 2056 3061 ris
2088 3007 2413 3068 sufﬁciebat,
2448 3008 2616 3085 x1137},
2638 3020 2777 3085 cete.
2808 2999 3036 3085 Optime
3063 3015 3243 3085 autem
3288 2999 3469 3085 'habet
3505 3016 3559 3059 et

298 3072 606 3147 etfiragcus,
647 3070 773 3123 Ἐὰν
806 3076 1072 3147 καταπίῃ,

365 3144 385 3171 ⁸
443 3139 544 3191 llic
578 3156 801 3214 quoque
865 3139 1248 3214 rescripsimus
1332 3146 1668 3214 germinabit,
1716 3146 1872 3212 juxta

298 3214 551 3285 Graecum
580 3212 1009 3281 ἁναὸλιστήσει,
1040 3212 1092 3267 et
1123 3212 1419 3285 Augustini
1453 3216 1869 3270 testimonium:

301 3284 435 3337 male
468 3284 904 3361 aulea,soleinui
942 3284 1378 3353 antiquariOruin
1440 3286 1613 3354 lapsu,
1661 3285 1874 3355 legeba-

304 3364 409 3415 tur,
440 3362 780 3421 germinavit.

371 3425 391 3454 ⁸
437 3420 513 3476 Ita
539 3434 596 3475 et
626 3420 848 3476 Graecus
880 3424 1044 3478 habet
1070 3426 1473 3494 ἀποποιήσεται
1504 3423 1672 3493 :legit
1693 3434 1871 3477 tamen

303 3494 640 3563 Augustinus
665 3494 904 3561 probabit
930 3511 948 3557 ,'
977 3496 1133 3550 addit
1160 3512 1311 3555 vero.
1339 3497 1445 3556 An.
1464 3512 1572 3547 non
1614 3498 1875 3561 reproba-

307 3562 425 3619 bit"!
450 3562 540 3616 Vel
564 3562 697 3613 illud
727 3579 745 3615 :
776 3566 1003 3631 impium
1030 3566 1280 3634 probabit
1306 3566 1679 3618 innocentem.

372 3637 392 3666 ⁸
426 3634 677 3687 Plurium
710 3649 941 3704 numero
977 3633 1316 3704 Augustinus
1338 3650 1440 3688 non
1465 3633 1872 3700 respondebunt.

371 3706 392 3735 ⁶
417 3704 769 3775 Martianzens
815 3702 884 3757 In
913 3702 1167 3758 vetustate
1188 3708 1433 3775 perducet
1460 3720 1478 3768 ;
1510 3708 1693 3758 minus
1737 3706 1875 3759 bene

304 3776 475 3830 Graec.
503 3773 529 3823 ὁ
558 3774 827 3826 παλαιῶν.

376 3847 393 3875 ⁷
421 3844 596 3897 Aliter
616 3843 784 3896 hocce
814 3844 1047 3899 alterum
1085 3842 1329 3898 isoeolon
1350 3843 1877 3913 legitAugustinus:

307 3916 360 3969 Si
389 3916 549 3967 altior
578 3928 661 3963 me
685 3914 844 3981 fuerit
867 3925 980 3981 (aut
1035 3914 1306 3967 celeritate
1354 3916 1719 3980 perstrinxerit
1751 3916 1874 3980 me),

310 4003 409 4037 non
432 4002 552 4036 eum
571 4000 880 4050 agnoscam.
917 3984 1071 4039 Haud
1097 4000 1215 4038 SClO
1243 3994 1444 4047 tamen,
1478 4000 1606 4037 tittiii
1632 3999 1754 4050 qua:
1784 4000 1879 4051 pa-

312 4055 551 4111 renthesi
583 4054 926 4118 inclusimus,
969 4066 1223 4122 tanquam
1258 4054 1430 4121 ipsius
1478 4064 1659 4107 textus
1712 4060 1877 4107 verba

312 4129 523 4178 recitet.
559 4122 629 4178 Ut
648 4132 708 4176 ut
731 4125 822 4189 sit,
844 4135 1033 4180 noster
1053 4124 1188 4179 satis
1212 4126 1353 4180 bene
1370 4138 1494 4179 cum
1526 4123 1715 4178 Grazeo
1745 4139 1880 4193 qua-

310 4200 447 4249 drat.

376 4266 398 4296 ⁸
424 4268 753 4339 Quanquam
784 4274 841 4320 et
869 4267 1208 4336 AuguSIinus
1236 4271 1310 4324 ita
1338 4266 1493 4335 legit,
1518 4277 1574 4319 et
1604 4263 1722 4339 qui“
1749 4279 1878 4317 eum

310 4339 411 4391 hoc
441 4335 661 4408 proprie
691 4339 818 4408 loco
862 4350 1170 4405 exponunt,
1232 4339 1573 4393 Beuedictiui
1639 4335 1880 4408 editores

309 4404 451 4461 nihil
473 4404 770 4463 de'Latina
808 4406 908 4460 ista
932 4404 1167 4465 lectione
1201 4412 1474 4469 dubitent,
1498 4408 1593 4460 sed
1631 4404 1876 4458 Graecam

309 4479 476 4533 modo
533 4487 785 4547 satagaut
830 4478 1151 4543 emendare,
1195 4484 1325 4533 mihi
1367 4492 1433 4530 eo
1476 4478 1646 4546 magis
1685 4474 1875 4527 Latina

310 4566 427 4615 ipsa
455 4551 523 4604 de
555 4550 752 4601 mendo
785 4558 1040 4617 suspecta
1058 4560 1163 4614 est,
1193 4568 1303 4618 quo
1330 4548 1535 4604 certius
1586 4548 1778 4614 liquet,
1810 4560 1879 4598 ex

308 4632 594 4688 corrupto,
628 4618 918 4681 utvolunt,
954 4618 1144 4673 Graeco
1168 4619 1490 4687 exemplari,
1517 4632 1636 4671 esse
1668 4619 1879 4668 deriva-

309 4699 440 4743 taut.
475 4694 582 4742 Pro
602 4698 794 4742 cwtera
818 4704 986 4754 penes
1010 4690 1151 4741 LXX
1172 4705 1255 4743 est
1275 4694 1440 4759 κήτη.
1466 4688 1515 4739 id
1534 4700 1636 4750 est,
1654 4688 1877 4754 κήτητὰ

309 4761 401 4810 ὑπ’
436 4763 687 4829 οὐρανὸν,
718 4768 824 4810 cete
856 4774 975 4827 qua'
992 4769 1083 4811 suo
1116 4763 1243 4812 coelo
1273 4768 1393 4811 sunt
1417 4774 1434 4810 :
1461 4768 1623 4826 atque
1672 4768 1728 4808 nt
1781 4759 1877 4807 de-

310 4846 433 4883 uius
452 4834 619 4892 ultro,
653 4831 798 4896 quod
832 4841 1043 4896 putant,
1076 4834 1251 4882 labem
1290 4834 1505 4883 allatam
1529 4829 1729 4880 (luceat
1761 4842 1881 4878 ver-

308 4919 469 4961 sioni,
507 4918 629 4969 quae
659 4908 788 4951 oliui
824 4906 1003 4965 legere
1050 4902 1299 4953 fortassis
1359 4901 1659 4969 debuisset,
1723 4900 1878 4962 κῆυοι

308 4974 402 5038 τῇς
440 4966 845 5039 εζιπέρηφαύιας,
888 4970 943 5021 td
992 4978 1099 5032 est,
1132 4972 1403 5038 adjutores
1427 4966 1703 5037 superbiw,
1734 4972 1879 5035 quod

309 5040 533 5095 Πρω-κο
566 5041 738 5094 textui
774 5051 1103 5093 consonarct
1135 5058 1147 5093 :
1187 5040 1463 5093 latendum
1517 5042 1595 5090 esi
1674 5048 1875 5101 tamen,

309 5128 470 5177 quam
503 5115 697 5165 dicunt
734 5110 910 5162 labent
936 5112 1096 5180 longe
1129 5127 1251 5164 esse
1306 5110 1764 5177 antiquissimam,
1825 5120 1881 5160 et

312 5188 481 5236 multo
510 5193 640 5235 ante
681 5182 1091 5250 Hieronymum,
1121 5197 1283 5249 quem
1304 5184 1444 5249 κήτη
1488 5180 1703 5247 legisse,
1770 5193 1877 5230 non

310 5260 490 5318 χηῠοι,
521 5265 636 5305 tum
661 5256 868 5318 reliqua
904 5254 1131 5319 hujusce
1159 5266 1447 5304 coturnatis
1501 5254 1880 5315 interpretatio

312 5330 627 5387 \crboruui,
668 5322 895 5392 quwsub
936 5326 1060 5373 cwlo
1112 5332 1255 5388 sunt,
1311 5324 1599 5374 lll'dltllCSlO
1654 5332 1880 5381 evincit,

310 5412 434 5446 cum
464 5412 577 5463 ipsa
619 5411 717 5447 vox
753 5406 943 5445 cwtera
969 5410 1086 5460 qua:
1113 5409 1289 5461 neque
1321 5394 1557 5445 Hebraeae
1582 5395 1879 5458 quidquam

311 5462 553 5529 lectioni,
583 5481 681 5518 tice
703 5465 904 5516 Graeca:
928 5474 1193 5516 restituat:
1220 5465 1379 5532 κὴῢοι
1440 5462 1716 5524 convenit,
1786 5464 1879 5513 sed

310 5550 505 5605 δυιοριε
533 5555 591 5589 se
618 5539 823 5588 indicio
862 5539 1067 5602 prod.t,
1100 5538 1407 5588 scribarum
1432 5546 1562 5586 \itio
1613 5542 1881 5598 deprava-

310 5622 418 5657 ωλι.
456 5616 525 5659 ob
550 5624 672 5660 eain
697 5621 858 5674 quam
895 5623 1019 5657 cum
1057 5620 1163 5657 cete
1218 5606 1382 5659 habet
1448 5606 1878 5674 similitudinem.

310 5688 411 5732 Αιυ
439 5694 619 5747 itaque
651 5672 755 5731 non
782 5691 976 5732 cwtera
1004 5680 1267 5746 scriptum
1332 5677 1501 5731 fuisse
1546 5682 1638 5728 ab:
1688 5672 1877 5727 ll.cro-

1978 3092 2195 3135 sensus,
2224 3092 2345 3129 nam
2406 3089 2461 3130 et
2504 3076 2765 3146 Virgilius
2814 3094 2845 3129 v
2879 3076 3101 3131 Aineid.
3161 3077 3419 3128 immania
3447 3086 3558 3129 cete

1976 3148 2131 3208 dixit,
2161 3148 2250 3199 ubi
2287 3148 2556 3201 videndus
2580 3161 2660 3200 est
2694 3147 2920 3202 Servius
2958 3146 3200 3199 Gracatu
3232 3147 3558 3199 declinatio-

1976 3232 2098 3270 nem
2134 3216 2438 3285 proferens,
2465 3228 2520 3270 et
2548 3219 2824 3286 scopulosa
2850 3228 2956 3270 cete
3004 3215 3211 3269 Statius
3243 3232 3257 3269 ι
3305 3215 3504 3270 Achill.
3540 3255 3555 3279 ,

1977 3296 2037 3339 ιιι
2081 3289 2214 3339 alios
2242 3302 2388 3341 nunc
2420 3296 2649 3341 taceam.
2678 3289 2996 3341 Econtrario
3014 3287 3108 3354 qui
3136 3298 3326 3339 cetera
3350 3286 3557 3353 posuit,

1976 3356 2203 3410 omnino
2234 3372 2338 3410 non
2372 3357 2567 3425 potuit.
2612 3358 2885 3425 interpres
2908 3372 3053 3420 esse,
3090 3357 3185 3409 sed
3228 3366 3385 3408 vetus
3403 3370 3558 3409 ama-

1979 3428 2229 3485 nueusis.
2264 3431 2355 3494 qui
2385 3428 2523 3480 duas
2554 3436 2762 3481 temere
2799 3427 3070 3481 litterulas
3098 3440 3197 3494 pro
3233 3440 3333 3479 suo
3393 3436 3558 3493 captu

1978 3507 2144 3564 atque
2179 3495 2448 3551 arbitratu
2481 3498 2777 3565 supplevit,
2809 3506 2862 3550 et
2897 3512 3020 3550 cum
3053 3497 3189 3550 bene
3229 3497 3407 3563 quoad
3439 3510 3563 3548 seu-

1981 3583 2101 3619 snut
2125 3574 2269 3619 esset
2299 3584 2361 3620 ex
2394 3583 2457 3620 ea
2487 3569 2653 3620 etiam
2681 3565 2890 3632 fraude,
2918 3566 3023 3632 vel,
3072 3576 3129 3619 ut
3162 3565 3264 3620 sibi
3326 3568 3560 3619 lortasse

1979 3637 2292 3700 videbatur,
2321 3639 2515 3691 critica
2573 3637 2988 3699 emendatione,
3048 3636 3205 3690 facile
3263 3636 3561 3688 lectoribus

1980 3707 2098 3760 suis
2127 3708 2388 3761 omnibus
2418 3709 2485 3761 ad
2524 3708 2673 3762 hunc
2711 3723 2884 3776 usque
2915 3708 3062 3761 diem
3096 3707 3383 3774 imposuit.
3447 3703 3555 3756 litt-

1983 3778 2165 3844 posuit
2191 3791 2321 3831 vero
2355 3778 2466 3846 jam
2492 3778 2621 3831 inde
2677 3778 2746 3830 ab
2799 3775 3157 3846 ’ipsius'awo
3218 3776 3557 3846 interpretis,

1984 3862 2109 3899 nam
2146 3847 2261 3913 ipse
2294 3844 2665 3913 Augustinus,
2691 3844 2853 3915 queui
2888 3849 3091 3900 scimus
3132 3847 3233 3897 hac
3266 3860 3426 3915 usuin
3462 3844 3559 3896 ll;-

1981 3912 2334 3985 eronyiniana
2366 3912 2817 3985 interpretatione
2849 3918 2901 3968 in
2936 3916 3367 3968 Adnotationuui
3395 3912 3555 3985 libro,

1976 3988 2087 4055 jam
2121 3983 2235 4039 tum
2263 3983 2559 4054 depravato
2594 3988 2903 4055 tiujusmodi
2931 3986 3117 4039 codice
3136 3995 3219 4037 est
3240 3998 3391 4046 usus,
3411 3983 3559 4050 quod

1982 4054 2106 4108 eum
2126 4072 2190 4108 ex
2212 4058 2332 4123 ejus
2348 4059 2606 4121 lectione,
2630 4054 2743 4109 tum
2764 4056 3061 4123 praesertim
3087 4072 3151 4108 ex
3174 4054 3458 4121 subjuncta
3483 4054 3554 4105 ibi

1983 4126 2349 4181 Adnotatione
2381 4138 2597 4181 constat
2638 4143 2651 4182 :
2680 4145 2697 4178 ι
2742 4128 2824 4180 Ab
2852 4127 2971 4195 ipso
2994 4128 3211 4179 subdita
3243 4134 3426 4195 sunt
3452 4140 3559 4173 Vat"

1986 4205 2101 4248 tera
2134 4196 2236 4249 sub
2265 4198 2404 4253 caelo
2441 4215 2455 4262 ;
2501 4208 2750 4266 excepto,
2785 4193 2982 4264 inquit,
3014 4197 3131 4264 ipso
3153 4193 3315 4256 ccclo,
3377 4193 3559 4266 idest,

1986 4267 2238 4319 rationali
2277 4284 2552 4332 creatura,
2594 4264 2721 4336 quia
2755 4268 2799 4320 si
2832 4267 2948 4334 ipsa
2978 4267 3083 4319 sibi
3122 4274 3336 4336 caetera
3368 4264 3558 4316 subd.-

1986 4337 2175 4407 i_l_isset,
2196 4354 2475 4406 nunquam
2502 4334 2683 4407 perﬁca
2710 4353 2832 4405 quae
2850 4338 3191 4407 subdiderat,
3211 4334 3520 4407 puniretur.
3540 4352 3555 4380 ι

1990 4404 2125 4459 Vide
2156 4404 2586 4475 quam—citofet
2640 4404 2803 4476 quam
2858 4407 2966 4459 late
3038 4406 3189 4459 fraus
3244 4405 3559 4476 invaluerit.

1983 4477 2209 4530 Nesmet
2249 4474 2573 4532 veneranda:
2615 4474 2928 4544 antiquitati
2965 4486 3173 4530 tantum
3236 4474 3564 4535 tribuimus,

1986 4556 2239 4616 utquam
2301 4548 2494 4602 falsam
2560 4555 2922 4612 ostendimus,
2999 4555 3209 4600 mutare
3270 4546 3562 4599 lectionem

1983 4632 2091 4669 non
2128 4618 2449 4673 audeamus.

2054 4689 2074 4718 ⁹
2110 4689 2397 4741 Contrario
2424 4704 2589 4743 sensu
2642 4687 2769 4756 legit
2824 4698 2988 4754 atque
3056 4686 3449 4753 interpretatur
3504 4688 3566 4739 ὃ.

1983 4760 2345 4827 Augustinus,
2370 4772 2420 4811 et
2446 4777 2548 4811 nou
2578 4760 2873 4812 exaudierit
2900 4772 2919 4809 .'
2968 4756 3159 4811 Graeco
3215 4768 3392 4809 tamen
3448 4758 3566 4823 ipso

1987 4841 2136 4881 textu
2166 4832 2601 4892 contradicente,
2630 4832 2722 4899 qui
2749 4845 2868 4882 eam
2938 4828 3175 4897 negandi
3230 4828 3562 4895 particulam

1984 4914 2092 4951 non
2122 4905 2387 4968 agnoscit.

2059 4970 2101 4999 ‘°
2132 4958 2263 5022 liiud
2293 4987 2484 5030 meum.
2512 4972 2780 5027 asterisco
2805 4972 3217 5037 prwnotandum
3239 4982 3343 5035 est,
3390 4958 3465 5023 Ἧι
3510 4970 3562 5023 in

1985 5038 2333 5111 Greecoal’ro
2362 5044 2509 5110 quod
2555 5044 2809 5111 sequitur
2864 5044 3130 5096 adverbio
3180 5050 3564 5101 verumtamen,

1986 5113 2181 5164 vitiose
2212 5110 2415 5164 lectum
2458 5129 2488 5165 a
2524 5110 2842 5165 Martianan
2887 5128 3064 5165 verum
3095 5123 3295 5166 autent.
3316 5113 3563 5178 Denique

1986 5180 2185 5234 iterum
2220 5186 2581 5249 prmtigeudus
2610 5186 2908 5237 asteriseus
2943 5186 3322 5250 sequentibus.
3390 5178 3562 5234 Unum

1984 5264 2082 5312 εει,
2128 5262 2234 5303 etc.
2274 5254 2439 5305 l'orro
2468 5255 2805 5323 Augustinus
2838 5254 3025 5316 ἁπλῶς
3057 5256 3206 5327 legit,
3238 5255 3375 5322 quod
3393 5251 3503 5302 dixi
3526 5264 3563 5327 οε

1987 5338 2094 5374 non
2129 5331 2342 5389 propter
2366 5331 2502 5393 quod
2530 5330 2659 5392 dixi,
2696 5331 2911 5380 tametsi
2946 5327 3091 5379 istud
3147 5326 3335 5381 Graeco
3396 5326 3570 5387 magis

1986 5406 2273 5447 υυιιδυιιίδι.

2063 5465 2101 5492 ¹¹
2141 5470 2287 5516 Satis
2330 5465 2714 5533 vitiose,nullo
2737 5483 2914 5520 autem
2948 5470 3119 5521 ferme
3142 5480 3326 5523 sensu,
3355 5461 3575 5515 Martia.

1990 5551 2135 5587 naeus
2161 5535 2367 5601 legerat
2396 5554 2558 5605 neque
2591 5539 2848 5602 homines,
2875 5555 2972 5606 pro
3029 5551 3252 5604 nequam
3310 5534 3579 5601 liuntinrs‘,

1988 5607 2133 5674 quod
2174 5622 2273 5658 nos
2308 5620 2688 5662 emendamus.

2062 5677 2103 5705 ¹²
2133 5676 2414 5747 .llendoso,
2439 5681 2640 5736 utalibi
2671 5677 3037 5744 ostendimus,
3060 5674 3148 5729 hic
3183 5691 3402 5746 quoque
3442 5680 3576 5731 usus
