3966 6184
302 197 373 261 τε)
1200 186 1264 247 s.
1308 181 1754 245 llIERONYMI
1795 181 2065 243 DIVINA
2107 179 2639 244 BIBLIOTHECA.
3470 176 3544 245 80

298 306 453 374 Quod
483 306 526 360 si
562 318 668 358 non
700 311 806 366 est,
853 301 979 371 quis
1007 314 1137 368 ergo
1195 299 1321 354 est?
1382 301 1448 365 >κ
1508 298 1627 352 Vita
1681 305 1863 350 autem
1893 301 1938 356 Α
1969 311 2076 351 me.
2101 295 2252 362 Quod
2284 297 2327 350 si
2350 307 2404 352 et
2433 298 2596 367 impie
2625 298 2821 359 iecero,
2844 311 2923 350 vae
2959 289 3132 350 mihi:
3165 304 3219 350 et
3261 293 3306 349 si
3364 293 3546 363 justus

298 417 413 452 mea
439 399 608 453 levior
633 406 718 452 est
748 410 994 449 cursore.
1031 395 1097 459 Χ
1129 391 1408 460 Fugerunt
1436 390 1470 450 ί.
1492 398 1546 443 et
1585 401 1689 442 nOn
1720 388 1871 442 vide-

297 500 424 544 runt
455 487 772 542 bonitatem.
804 485 826 553 ζ
871 484 1138 539 Abiernnt
1167 481 1320 547 quasi
1347 480 1637 548 vestigium
1693 479 1868 544 navis,

299 583 570 651 nntquasi
607 581 804 650 aquilae
856 578 1111 639 volantis,
1169 585 1227 628 et
1282 573 1574 642 quan-cutis
1614 575 1634 604 ³
1666 586 1868 625 escam.

299 674 450 736 Quod
487 675 531 724 si
567 681 619 724 et
653 670 869 722 locutus
902 667 1079 726 fuero,
1121 663 1418 717 obliviscor
1461 665 1589 716 dum
1651 661 1868 729 loquor.

306 761 674 815 Iteclinansiu
739 759 876 812 facie
943 754 1050 826 [AL
1082 751 1327 824 faciem],
1386 763 1440 807 et
1495 752 1868 821 ingemiscam.

298 853 654 906 Commoveor
681 849 936 901 omnibus
968 845 1248 898 membris.
1286 843 1412 897 Scio
1434 843 1582 896 enim
1617 843 1744 909 quia
1769 843 1874 894 im-

299 943 550 1010 punitum
583 954 666 992 me
700 953 808 991 non
849 936 1099 990 dimittis.
1159 935 1227 988 Et
1290 933 1417 1002 quia
1468 947 1588 987 sum
1650 933 1870 1001 impius.

298 1049 464 1101 quare
484 1048 588 1086 non
621 1047 740 1085 sum
771 1039 1044 1089 mortuus,
1078 1026 1170 1081 sed
1196 1025 1431 1079 laboro?
1460 1024 1622 1090 Quod
1642 1024 1686 1078 si
1717 1025 1873 1096 puri-

303 1127 496 1176 licatus
521 1123 676 1176 fuero
712 1122 764 1174 iu
810 1121 959 1180 nive,
993 1129 1044 1171 et
1096 1117 1391 1170 mundatus
1446 1116 1601 1169 luero
1654 1115 1876 1168 mundis

299 1214 574 1274 manibus,
592 1213 723 1265 satis
753 1211 806 1264 in
836 1209 997 1263 sorde
1026 1223 1111 1261 me
1146 1207 1354 1260 tinxisti
1382 1207 1424 1270 ³,
1449 1217 1503 1261 et
1527 1215 1870 1260 exsecratum

299 1324 383 1360 me
411 1317 494 1359 est
530 1305 918 1358 vestimentum
965 1315 1172 1356 meum.
1217 1299 1336 1352 Non
1393 1314 1453 1353 es
1505 1299 1652 1353 enim
1711 1299 1874 1352 homo

298 1401 591 1464 sicutego,
625 1395 713 1449 cui
737 1393 1152 1446 contradicam:
1219 1401 1280 1445 ut
1338 1392 1621 1446 veniamus
1672 1391 1876 1459 pariter

298 1490 365 1543 ad
393 1488 685 1558 judicium.
716 1483 934 1539 Utinam
984 1492 1130 1537 esset
1185 1482 1345 1537 nebis
1396 1481 1624 1543 arbiter,
1675 1490 1731 1534 et
1779 1479 1874 1550 qui

302 1586 585 1649 argueret,
619 1586 673 1630 et
704 1575 792 1644 qui
841 1575 1053 1628 audiret
1077 1575 1221 1626 inter
1246 1583 1544 1642 utrumque
1571 1571 1875 1642 [ALutros-

298 1638 428 1744 que]
465 1638 786 1722 lAvertata
840 1681 927 1719 me
984 1667 1187 1733 virgam
1210 1668 1276 1731 Ἀ(
1336 1638 1491 1717 suam
1527 1638 1653 1732 :Vet
1713 1663 1874 1717 timor
1905 1638 1946 1692 Β

299 1763 419 1830 ejus
449 1775 556 1813 non
600 1773 686 1811 me
724 1767 943 1809 terreat.
980 1755 1222 1824 Loquar,
1251 1763 1304 1807 et
1333 1769 1441 1806 non
1474 1754 1691 1807 timeam
1722 1769 1870 1806 eum.

299 1853 417 1909 Non
454 1852 602 1904 enim
632 1864 779 1904 nunc
818 1847 838 1878 ‘
873 1863 992 1901 sum
1045 1862 1282 1899 mecum.
1317 1844 1476 1915 [ϐαρ.
1505 1845 1577 1898 Χ.
1606 1843 1626 1915 ]
1670 1845 1877 1900 Deiecit

299 1944 478 1994 anima
507 1957 622 1992 mea
650 1941 702 1990 in
749 1940 854 1990 vita
882 1953 1018 1989 mea.
1050 1934 1327 1987 Proferam
1379 1943 1568 1986 contra
1634 1948 1722 1985 me
1760 1945 1879 1986 ser-

301 2049 493 2088 mones
527 2048 697 2095 meos,
731 2032 928 2098 loquar
961 2030 1013 2083 in
1038 2027 1401 2081 amaritudine
1451 2025 1644 2078 anima:
1665 2025 1685 2055 ⁵
1709 2039 1768 2078 -ξ-
1789 2039 1879 2078 co-

298 2136 560 2184 arctatus,
587 2123 607 2190 ζ
631 2133 684 2175 et
709 2121 884 2173 dicam
913 2118 979 2171 ad
1006 2118 1290 2169 Dominum
1334 2131 1348 2169 :
1402 2114 1518 2167 Noli
1556 2129 1642 2166 me
1681 2113 1877 2166 docere

301 2216 530 2280 impium
556 2227 697 2264 esse.
724 2211 901 2274 Quare
922 2224 1006 2261 me
1031 2205 1476 2275 taliterjudieasti
1500 2204 1522 2255 ?
1543 2204 1652 2256 Aut
1671 2209 1874 2256 bonum

301 2318 382 2359 est
403 2305 523 2365 tibi,
549 2303 589 2355 si
614 2304 801 2372 inique
824 2317 986 2370 egero
1008 2299 1030 2351 ?
1053 2301 1177 2369 quia
1203 2299 1436 2366 despicis
1451 2313 1586 2366 Opus
1600 2297 1744 2365 quod
1762 2312 1877 2349 ma-

303 2413 405 2451 nus
446 2409 550 2448 tum
585 2395 854 2456 iecerunt,
899 2407 950 2447 et
995 2394 1060 2445 ad
1094 2391 1383 2445 consilium
1413 2390 1701 2458 impiorum
1756 2390 1878 2442 anl-

303 2486 641 2539 madveriisli
671 2485 692 2538 ’ἓ
721 2494 815 2537 aut
845 2486 989 2537 sicut
1029 2485 1192 2536 homo
1241 2482 1526 2550 perspicit,
1585 2482 1876 2549 perspicis,

303 2581 372 2647 γι(
395 2589 485 2630 aut
509 2579 651 2632 sicut
677 2577 823 2630 videt
887 2577 1053 2628 homo
1109 2574 1320 2626 videbis
1349 2591 1361 2627 :
1401 2582 1493 2626 aut
1524 2572 1761 2626 humana
1791 2579 1883 2626 est

302 2673 412 2724 vita
452 2678 562 2731 tua,
599 2679 691 2720 aut
749 2669 873 2721 anni
913 2667 989 2720 tui
1041 2675 1169 2720 sunt
1223 2669 1290 2734 Ξ(
1324 2675 1582 2734 tanquam
1652 2666 1772 2718 dies
1803 2664 1874 2733 ⁶ζ

300 2758 742 2825 hominis?quia
793 2756 1110 2826 perquisisti
1171 2756 1515 2824 iniquitatem
1571 2770 1770 2819 meam,
1823 2767 1881 2810 et

300 2864 525 2922 peccata
554 2867 669 2904 mea
701 2849 1059 2918 investigasti.
1097 2849 1216 2902 Scis
1256 2848 1402 2900 enim
1436 2862 1519 2900 me
1553 2849 1688 2900 nihil
1724 2847 1875 2915 impii

1973 387 2152 449 fuero,
2187 404 2292 440 non
2335 403 2557 456 possum
2612 389 2904 458 respirare.
2978 389 3178 442 Plenus
3225 386 3370 440 enim
3424 399 3546 439 sum

1973 479 2274 547 opprobrio
2317 495 2331 532 :
2363 488 2421 532 et
2457 481 2640 548 capior
2675 480 2916 533 sicutleo
2942 480 3009 533 ad
3041 478 3394 532 occisionem.
3445 476 3549 529 lte-

1973 586 2094 622 rum
2129 581 2314 625 autem
2377 581 2742 627 commutatus
2787 571 3082 624 saevissime
3145 567 3360 621 crucias
3439 581 3545 619 me.

1973 660 2270 717 Restauras
2297 662 2403 735 [ΑΙ.
2435 661 2734 732 lnstauras]
2769 662 2823 714 in
2849 678 2935 715 me
2968 673 3235 714 tormenta
3264 674 3406 712 mea.
3464 656 3547 710 Ira

1976 770 2168 822 magna
2193 769 2322 808 usus
2339 768 2400 807 es
2424 753 2478 808 in
2499 769 2609 817 me,
2632 763 2686 805 et
2713 754 3016 821 importasti
3042 752 3170 805 milii
3201 751 3545 804 tentationes.

1976 845 2157 910 Quare
2179 860 2309 914 ergo
2327 845 2392 898 de
2415 855 2603 898 ventre
2639 844 2877 898 eduvisti
2904 857 3012 905 me,
3046 853 3102 896 et
3126 857 3234 896 non
3261 857 3383 896 sum
3409 855 3554 893 mor-

1977 947 2136 1001 tuus,
2184 943 2245 988 ut
2269 935 2472 988 nullius
2494 936 2638 997 oculi
2669 951 2755 987 me
2774 935 3022 988 viderent
3046 934 3068 986 ?
3089 944 3144 986 ct
3205 947 3384 986 essem
3433 941 3553 983 tan-

1976 1041 2138 1095 quam
2175 1041 2280 1079 non
2306 1026 2552 1079 fuissem.
2583 1026 2762 1090 Quare
2797 1039 2976 1078 autem
3015 1042 3044 1079 a
3081 1035 3271 1079 ventre
3294 1039 3403 1077 non
3429 1037 3550 1076 sum

1978 1119 2225 1187 sepultus
2253 1119 2554 1186 protinus?
2606 1127 2701 1170 aut
2751 1117 2998 1185 nunquid
3059 1131 3165 1169 non
3215 1125 3301 1170 est
3359 1131 3548 1185 parum

1979 1218 2195 1278 tempus
2228 1211 2350 1263 vita:
2380 1210 2553 1262 mea?
2580 1209 2774 1264 Patere
2802 1209 2824 1240 ⁸
2850 1225 2960 1274 me,
2993 1216 3050 1262 ut
3079 1207 3420 1276 requiescam
3449 1223 3552 1277 pu-

1976 1301 2156 1354 sillum
2190 1317 2204 1365 ;
2240 1313 2530 1369 antequam
2557 1316 2675 1354 eam
2709 1301 2853 1354 unde
2877 1315 2984 1353 non
3026 1309 3272 1353 revertar
3307 1316 3322 1365 ;
3353 1301 3406 1354 in
3435 1309 3548 1354 ter-

1979 1408 2091 1446 ram
2127 1393 2492 1452 tenebrosam,
2528 1401 2583 1446 et
2616 1393 2932 1459 caligosam,
2997 1390 3056 1444 in
3103 1401 3305 1444 terram
3358 1393 3547 1444 noctis

1977 1496 2195 1540 aeterna:
2232 1486 2366 1539 :ubi
2416 1499 2525 1538 non
2557 1491 2638 1537 est
2691 1485 2806 1545 lux,
2859 1499 2960 1537 nec
2989 1489 3075 1537 est
3130 1482 3320 1536 videre
3379 1483 3544 1535 vitam

1980 1576 2286 1631 hominum.

2255 1680 2590 1722 RESPONDENS
2627 1680 2790 1719 εοπιιιι
2819 1679 3046 1724 ιιιιιιιΕυς,
3081 1678 3227 1717 DIXIT
3265 1679 3278 1717 ζ

2049 1757 2206 1830 [Cap.
2251 1758 2372 1830 XL]
2408 1759 2513 1823 Qui
2540 1758 2709 1812 multa
2743 1757 2877 1810 dicit
2907 1767 2964 1810 et
2993 1757 3186 1809 audire
3213 1756 3399 1809 debet.
3431 1756 3540 1808 Ant

1978 1851 2226 1920 nunquid
2255 1852 2540 1919 eloquens.
2589 1850 2866 1903 videbitur
2914 1850 3097 1917 justus
3132 1849 3292 1902 esse?
3350 1849 3546 1902 Beatus

1981 1941 2142 1994 homo
2171 1951 2355 2005 natus,
2389 1940 2555 1993 homo
2588 1941 2607 1971 ’
2637 1940 2820 1992 brevis
2845 1939 2985 1992 vitae.
3024 1939 3145 1992 Noli
3187 1939 3390 1991 multus
3424 1953 3547 1992 esse

1978 2032 2032 2085 in
2065 2031 2263 2094 verbis,
2297 2046 2423 2083 cum
2453 2046 2613 2084 neruo
2635 2031 2814 2098 sitqui
2849 2031 3188 2084 contradicat
3217 2030 3334 2083 tibi.
3358 2029 3548 2097 Neque

1979 2125 2148 2188 dicas,
2176 2123 2355 2193 justus
2389 2138 2510 2174 sum
2538 2123 2818 2190 operibus,
2873 2135 2928 2175 et
2961 2121 3082 2176 sine
3112 2121 3344 2175 crimine
3377 2123 3441 2188 Χ
3469 2121 3545 2173 fui

1979 2225 2104 2268 ante
2133 2229 2279 2266 etim.
2309 2214 2330 2280 ζ
2362 2211 2466 2266 Sed
2499 2212 2775 2281 quomodo
2805 2213 3069 2265 Dominus
3110 2212 3365 2280 loquatur
3381 2213 3447 2264 ad
3471 2221 3544 2275 te,

1979 2308 2049 2373 Ἀ(
2073 2314 2128 2358 et
2161 2306 2369 2374 aperiat
2396 2305 2538 2358 labia
2564 2320 2659 2359 sua
2706 2313 2908 2365 tecum.
2980 2313 3034 2358 et
3069 2304 3256 2356 doceat
3282 2311 3334 2356 te
3373 2304 3550 2356 virtu-

1981 2406 2087 2450 tem
2116 2395 2412 2464 sapientie,
2443 2396 2567 2464 quia
2597 2396 2795 2462 duplex
2823 2395 2932 2448 erit
2965 2409 3130 2461 super
3183 2402 3232 2446 te
3263 2412 3276 2447 :
3315 2405 3370 2446 et
3412 2403 3544 2446 tunc

1982 2491 2144 2554 scies,
2168 2493 2292 2559 quia
2325 2490 2486 2558 digne
2526 2489 2738 2544 reddita
2795 2501 2924 2542 sunt
2956 2489 3057 2543 tibi
3114 2503 3140 2541 a
3183 2489 3295 2541 Deo
3345 2504 3439 2556 pro
3466 2491 3549 2540 eis

1983 2598 2103 2652 quae
2134 2582 2366 2650 peccasti
2401 2581 2468 2633 ⁸ο.
2493 2582 2561 2632 At
2598 2580 2886 2647 vestigium
2923 2579 3139 2633 Domini
3173 2580 3441 2642 invenies,
3465 2578 3546 2630 vel

1985 2675 2054 2726 ad
2082 2674 2270 2726 ultima
2298 2674 2498 2726 venisti
2557 2687 2749 2726 eorum
2810 2688 2930 2741 quae
2975 2672 3103 2727 fecit
3161 2672 3554 2740 omnipotens?

1988 2765 2288 2818 Sublimior
2335 2766 2375 2795 “
2425 2773 2509 2818 est
2558 2764 2719 2824 cmlo,
2742 2773 2797 2817 et
2832 2764 2960 2828 quid
2993 2762 3198 2817 facies?
3223 2763 3553 2817 Proinndior

1985 2873 2113 2910 vero
2143 2856 2353 2917 inferis,
2405 2855 2538 2923 quid
2576 2856 2722 2908 scis?
2773 2867 2866 2908 aut
2908 2856 3117 2924 longior
3151 2869 3181 2906 a
3233 2857 3411 2922 spatio
3465 2856 3549 2907 vel

304 2943 416 3016 [ΑΙ.
440 2941 625 3011 impie]
654 2942 867 2994 fecisse.
897 2941 1001 2993 Sed
1022 2940 1145 3007 quis
1173 2948 1254 2992 est
1277 2941 1367 3006 qui
1398 2939 1464 2992 de
1490 2942 1740 2991 manibus
1767 2940 1874 2993 tuis

1985 2946 2266 3004 altitudine
2293 2945 2482 2999 maris.
2509 2947 2530 3013 ζ
2573 2945 2726 3009 Quod
2753 2946 2807 2998 si
2851 2944 3109 2998 everterit
3144 2946 3326 2997 omnia
3365 2947 3431 3011 χ(
3459 2953 3555 2999 au:

302 3035 499 3104 eripiat
540 3033 648 3106 [Αι.
681 3031 1013 3102 eripiatur]?
1065 3030 1255 3083 Manus
1281 3041 1382 3081 tua:
1406 3029 1655 3084 fecerunt
1682 3047 1767 3084 me
1822 3042 1878 3084 et

305 3127 586 3182 finxerunt
611 3143 716 3188 me,
754 3135 940 3194 postea
966 3137 1093 3176 vero
1151 3132 1392 3174 mutatus
1420 3122 1733 3188 percussisti
1770 3136 1878 3175 me.

303 3221 510 3274 Memor
535 3230 656 3272 esto
692 3219 834 3285 quod
862 3221 925 3268 de
950 3215 1064 3266 luto
1092 3212 1295 3267 tinxisti
1329 3227 1436 3277 me,
1463 3221 1519 3265 et
1570 3213 1624 3265 in
1676 3222 1877 3266 terram

304 3313 506 3367 iterum
536 3310 668 3363 'tne
697 3319 1002 3362 convertes.
1063 3307 1253 3359 Nonne
1301 3313 1555 3373 tanquam
1609 3305 1690 3359 lac
1742 3307 1880 3361 mul-

303 3406 426 3460 sisti
465 3419 570 3464 me,
597 3412 653 3454 et
679 3400 972 3469 coagulasti
1005 3413 1090 3452 me
1119 3407 1178 3450 ut
1212 3397 1480 3451 caseum?
1536 3407 1590 3452 et
1643 3397 1782 3466 pelle
1822 3407 1878 3452 et

305 3513 466 3551 carne
502 3512 585 3548 me
617 3493 876 3546 induisti:
911 3491 1127 3545 ossibus
1151 3496 1206 3543 et
1230 3490 1414 3543 nervis
1450 3504 1535 3542 me
1568 3488 1874 3542 inseruisti.

305 3588 506 3652 Vitam,
539 3596 595 3639 et
622 3583 1052 3638 misericordiam
1090 3581 1226 3634 milii
1265 3581 1485 3642 dedisti,
1520 3589 1574 3634 et
1610 3581 1878 3648 inspectio

305 3691 401 3734 tua
434 3677 731 3732 enstodivit
764 3675 1012 3739 spiritum
1045 3688 1248 3727 meum.
1295 3672 1420 3725 Haec
1473 3687 1603 3739 ergo
1662 3686 1784 3724 cum
1823 3671 1876 3723 in

305 3780 362 3826 te
385 3771 517 3836 sint,
551 3769 666 3822 scio
697 3767 824 3834 quia
845 3765 1027 3817 omnia
1055 3774 1234 3834 potes,
1270 3780 1368 3817 nec
1390 3772 1474 3816 est
1525 3762 1623 3816 tibi
1679 3762 1880 3832 impos-

307 3865 464 3918 sibile
495 3861 816 3934 quidquam.
890 3859 1044 3923 Quod
1078 3861 1122 3912 si
1153 3868 1207 3912 et
1235 3871 1553 3926 peccavero,
1602 3856 1878 3912 custodias

306 3971 396 4011 me
429 3971 444 4008 :
479 3957 546 4008 ab
572 3954 856 4022 iniquitate
909 3962 1093 4005 autem
1152 3965 1262 4004 non
1316 3949 1645 4018 impunitum
1698 3947 1875 4003 fecisti

308 4206 394 4247 est
422 4195 603 4246 codice
630 4192 685 4244 S.
719 4191 1068 4259 Augustinus,
1097 4187 1354 4259 qttiulcgit
1413 4195 1576 4259 atque
1609 4187 1876 4254 interpre-

312 4277 474 4328 tatur,
503 4255 1024 4329 ti'ocicnsjudiciimt,
1055 4255 1151 4325 pro
1184 4255 1370 4309 Facies
1391 4257 1659 4324 judicnm.

1984 3038 2486 3110 congregat'erit,:
2533 3037 2657 3105 quis
2694 3036 2837 3089 dicet
2868 3035 2969 3100 illi,
3011 3035 3137 3104 quid
3163 3035 3379 3088 fecisti?
3432 3035 3552 3103 lpse

1985 3131 2131 3184 enim
2163 3130 2318 3184 novit
2347 3144 2514 3198 opera
2545 3129 2861 3196 iniquorum
2897 3128 2960 3192 ι’,
2998 3137 3052 3181 et
3107 3127 3302 3182 videns
3327 3127 3550 3197 iujusta,

1982 3210 2104 3276 non
2127 3221 2383 3291 negliget.
2421 3219 2595 3274 Homo
2620 3221 2776 3272 aliter
2810 3229 2965 3272 nutat
2995 3219 3361 3284 sermonibus,
3388 3229 3442 3271 et
3469 3220 3552 3270 vir

1981 3325 2144 3368 natus
2176 3312 2424 3366 mulieris
2459 3321 2712 3377 tanquam
2750 3326 2952 3379 onager
2976 3311 3082 3364 erit
3109 3311 3162 3362 in
3199 3313 3441 3364 deserto.
3494 3309 3550 3365 Si

1980 3404 2128 3458 enim
2161 3412 2217 3456 tu
2239 3402 2503 3458 mundum
2557 3401 2794 3470 posuisti
2847 3418 2942 3456 cor
2973 3411 3147 3466 tuum,
3207 3415 3261 3457 et
3287 3402 3553 3456 extendes

1983 3493 2090 3564 [ΑΙ.
2122 3491 2446 3563 extendens]
2482 3491 2548 3546 ad
2603 3507 2727 3546 eum
2771 3508 2962 3545 manus
3009 3502 3154 3546 tuas.
3203 3492 3258 3546 Si
3301 3493 3549 3562 iniquum

1978 3586 2110 3654 quid
2139 3593 2225 3638 est
2259 3585 2312 3637 in
2347 3594 2507 3637 manu
2541 3589 2654 3646 tua,
2714 3584 2874 3652 longe
2931 3584 3093 3636 facito
3122 3583 3251 3636 illud
3322 3597 3382 3638 οξ-
3423 3594 3493 3646 te,
3525 3584 3549 3654 ζ

1980 3689 2030 3727 et
2059 3677 2327 3744 iniquitas
2397 3677 2452 3728 in
2489 3677 2649 3728 demo
2688 3685 2778 3728 tua
2828 3691 2936 3727 non
2975 3685 3214 3729 maneat.
3260 3674 3351 3728 Sic
3402 3676 3552 3728 enim

1980 3766 2397 3837 lulgebitfacies
2423 3779 2534 3831 tua,
2585 3777 2842 3834 tanquam
2877 3781 3016 3835 aqua
3058 3783 3216 3836 pura,
3273 3776 3329 3820 et
3357 3783 3548 3835 exspo-

1980 3861 2135 3913 liabis
2166 3858 2342 3930 [Forte
2374 3857 2806 3928 exspoliaberis]
2843 3858 3025 3926 sorde,
3054 3869 3106 3912 et
3143 3873 3253 3912 non
3285 3858 3542 3911 timebis:

1978 3965 2033 4008 et
2063 3954 2263 4006 laboris
2296 3951 2661 4016 obliviscaris,
2709 3959 2983 4019 tanquam
3031 3949 3232 4005 ﬂuctus
3276 3951 3369 4018 qui
3404 3965 3548 4018 pra:-

2050 4195 2070 4224 ‘
2107 4193 2509 4260 Praeposuimus
2567 4193 2686 4246 voci
2723 4203 2978 4261 tanquam
3013 4192 3330 4258 astericum,
3386 4208 3554 4257 quem
3585 4206 3587 4208 '

1983 4265 2124 4318 male
2158 4265 2498 4316 Martianaeus
2533 4275 2912 4331 postposuerat
2942 4280 2954 4315 :
2982 4260 3295 4316 addidimus
3333 4272 3386 4315 et
3411 4265 3552 4317 lina-

387 4338 398 4360 '
425 4318 784 4393 Ᾰδιειιιεοιιιῦ,
824 4318 1302 4400 qucrnpostrenne
1343 4318 1551 4378 tantum
1577 4325 1693 4400 voci
1730 4327 1874 4400 ιςῳιί-
1911 4318 1953 4376 D
1982 4336 2053 4387 ha
2090 4342 2311 4400 puncta.

310 4416 494 4464 torem,
531 4395 910 4470 praflcrlllISSlS
936 4399 1096 4452 etiam
1122 4396 1374 4470 finalibus
1436 4395 1672 4470 punctis,
1738 4397 1877 4447 Mar-

312 4467 542 4526 tianaeus
564 4479 950 4539 praeposuerat,
983 4482 1078 4539 nos
1099 4467 1365 4539 adGraeci
1393 4467 1596 4539 codicis
1619 4481 1873 4539 normam

308 4545 416 4596 lini:
449 4536 723 4596 serisimns
754 4537 1118 4591 retocanduui
1176 4536 1330 4588 initio
1393 4537 1672 4588 versiculi.
1723 4538 1877 4600 Quod

308 4614 559 4679 sequitur
595 4619 821 4661 verbum
853 4608 1129 4668 Abierant,
1159 4606 1212 4658 in
1242 4605 1466 4659 Hebraeo
1495 4608 1738 4674 quidem,
1768 4621 1878 4659 non

309 4695 491 4736 autem
531 4698 585 4732 in
607 4679 794 4732 Graeco
829 4683 1064 4728 resonat.

383 4757 401 4783 ³
433 4753 774 4804 Martiaiiarus
807 4747 987 4798 minus
1019 4748 1157 4799 bene
1186 4745 1240 4798 in
1271 4745 1642 4812 rectolcgerat
1665 4747 1872 4815 Aquin

308 4822 544 4876 volantes
577 4832 624 4872 et
650 4829 961 4885 quaerentes,
987 4819 1130 4884 quod
1152 4821 1354 4871 veteris
1408 4820 1875 4886 pronuntiationis

309 4905 392 4946 εει
423 4893 634 4944 vitium.

383 4965 402 4992 ⁸
425 4962 626 5014 lterum
659 4959 851 5012 vitiose
877 4957 1016 5010 idem
1042 4956 1246 5024 legerat
1278 4957 1414 5009 tinxi
1443 4971 1539 5024 pro
1568 4956 1793 5017 tinxisti,
1824 4965 1881 5008 et

307 5035 471 5103 paulo
498 5041 637 5098 post,
667 5028 782 5082 Non
811 5039 884 5080 est
919 5029 1243 5103 citimhomo.
1284 5043 1382 5103 pro
1431 5025 1552 5103 Non
1608 5044 1660 5077 cs
1719 5029 1876 5082 enim,

309 5097 418 5156 i-tc.
451 5141 465 5164 ,
497 5097 618 5168 qua:
641 5104 776 5152 adeo
802 5108 922 5166 post
975 5097 1031 5149 S.
1062 5098 1372 5168 _Augu~stini
1426 5099 1769 5163 sntit-agrum,
1813 5113 1876 5146 ex

311 5163 697 5239 ιιιωροβάψας
719 5180 771 5222 et
795 5163 868 5222 (ιὺ
893 5173 1000 5235 γὰρ
1034 5163 1082 5217 εἷ
1131 5163 1440 5237 ἂῦθρωπος,
1491 5183 1591 5218 nos
1643 5176 1881 5217 restitui-

311 5259 454 5296 nins.
489 5242 718 5294 Levwra
744 5243 970 5292 interius
1002 5239 1380 5290 enientlanius.

387 5313 410 5342 ⁸
441 5313 695 5365 Voculam
745 5327 901 5370 nunc,
942 5309 1228 5371 Hebraeus,
1264 5307 1506 5369 Cra-cus,
1536 5304 1749 5372 ipsique
1771 5305 1880 5356 Au-

313 5382 610 5454 gustintani
636 5381 780 5454 libri
799 5390 996 5433 tacent.

381 5457 402 5486 ⁸
431 5455 619 5506 Deerat
662 5451 874 5510 obelus,
899 5463 1085 5518 qucn’i,
1111 5463 1240 5501 voce
1259 5454 1556 5498 coarclams
1581 5445 1630 5496 in
1653 5444 1879 5498 Hebraeo

315 5535 548 5584 tacente,
577 5517 941 5575 necessarium
963 5526 1025 5572 ad
1063 5520 1232 5577 Gitteci
1265 5533 1476 5585 quoque
1505 5517 1714 5569 codicis
1749 5531 1874 5567 nor.

311 5609 455 5648 ειη-ω
485 5593 821 5648 Bul'l'eciuius.

2065 4399 2212 4454 ’⁷⁷1³ιο
2240 4404 2454 4464 iterum,
2491 4401 2752 4454 mendose
2785 4399 2912 4469 legit
2947 4400 3294 4453 Martianaens
3314 4409 3545 4457 tantum.

1979 4473 2037 4528 ln
2067 4472 2254 4526 Graeco
2280 4483 2362 4524 est
2387 4474 2567 4524 παλιν.
2596 4473 2820 4524 Leviora
2855 4473 2994 4524 inira
3033 4473 3418 4523 emcndantur.

2109 4544 2318 4610 Sopino
2347 4557 2557 4603 errore,
2601 4544 2877 4610 contrario
2911 4550 3094 4610 autem
3126 4555 3313 4599 sensu,
3346 4541 3546 4594 lectum

1979 4608 2568 4674 ablat-tranatoAttere,
2641 4627 2739 4679 pro
2802 4609 3011 4662 Patere.
3067 4608 3288 4662 GI‘EBCIIS
3353 4610 3552 4663 Ἐασόν

1983 4699 2070 4751 με.
2110 4682 2215 4733 Sed
2257 4691 2313 4732 ct
2342 4684 2684 4748 Augustinus
2735 4681 2811 4733 sic
2845 4681 2992 4746 legit,
3033 4681 3388 4751 exponitque,
3437 4681 3552 4733 Pa-

1981 4750 2084 4804 tere
2115 4767 2233 4818 ergo
2261 4767 2360 4810 me,
2396 4762 2449 4801 ut
2483 4755 2804 4812 requiescam
2829 4752 2880 4802 in
2903 4764 2967 4801 ιε.
3005 4750 3103 4801 liic
3135 4766 3262 4801 vero
3284 4759 3552 4816 prieterea

1981 4822 2148 4874 liabet
2177 4822 2337 4870 donec
2389 4837 2486 4887 pro
2523 4832 2600 4879 ut.
2645 4835 2878 4885 moxque
2935 4834 3264 4886 exaggerari:
3298 4834 3398 4870 suo
3435 4824 3550 4888 ipse

1981 4905 2145 4943 sensu
2188 4892 2426 4949 videtur,
2456 4906 2563 4942 non
2595 4891 2714 4956 ipsa
2747 4902 2930 4941 textus
2963 4897 3121 4940 verba
3164 4890 3409 4946 laudare.
3457 4891 3548 4942 ubi

1980 4963 2153 5080 alidiiit,
2211 4963 2508 5027 Antequam
2565 4976 2678 5012 cum
2714 4961 2768 5011 in
2797 4974 2996 5027 partes,
3031 4957 3166 5010 unde
3196 4961 3388 5012 reverti
3443 4977 3547 5012 non

2004 5037 2118 5080 tcet.

2004 5037 2118 5080 tcet.

2054 5103 2072 5128 ⁸
2105 5098 2363 5152 Abundat
2416 5099 2587 5152 altera
2651 5099 2766 5152 haec
2799 5113 2897 5150 vox
2929 5099 3101 5160 homo,

1978 5169 2035 5223 S.
2078 5173 2431 5235 Augustinus,
2464 5184 2642 5237 neque
2675 5170 2895 5221 Graccus
2938 5171 3155 5235 repetit.

2052 5240 2097 5267 ω
2117 5241 2173 5291 S.
2197 5245 2556 5309 Augustinus,
2583 5237 2803 5290 Reddita
2842 5247 2947 5290 snit
2979 5251 2994 5289 ι
3022 5240 3067 5291 bi
3093 5257 3124 5290 α
3156 5239 3380 5292 Domino
3430 5254 3550 5308 qua

2019 5311 2223 5359 eccusti.

2019 5324 2223 5359 eccos“.

1980 5324 2012 5377 Ρ
2053 5377 2091 5406 ¹¹
2114 5378 2343 5444 Propius
2375 5379 2438 5432 ad
2461 5378 2707 5434 Cra-cum
2747 5375 3000 5445 Ύψηλὸέ,
3031 5377 3264 5446 positive
3296 5379 3435 5432 idem
3464 5378 3548 5432 le-

1988 5447 2066 5516 git
2095 5449 2341 5501 sublime.
2988 5455 2990 5457 ’

2055 5521 2097 5547 ¹¹¹
2127 5519 2270 5570 litem
2295 5521 2416 5587 plus
2440 5519 2625 5578 liabet,
2653 5533 2810 5587 opera
2835 5518 3105 5570 hominum
3134 5518 3469 5586 iniquorum:
3491 5525 3547 5570 ct

1985 5605 2104 5642 mox
2143 5594 2345 5641 I'cctios
2389 5607 2399 5639 :
2442 5589 2615 5642 [Iuno
2649 5606 2764 5642 vero
2795 5590 3145 5641 aliteruutut.

3173 5115 3335 5167 quam
3371 5113 3550 5168 neque

3516 5700 3544 5717 ρ
