3966 6184
308 405 372 470 81
1720 406 1964 465 LIBER
2019 407 2173 466 JOB.
3507 399 3578 459 82

309 524 500 582 tcrit‘.
565 522 1072 577 etnonterreberis
1115 526 1212 575 :et
1242 519 1421 574 oratio
1447 517 1569 574 'tua
1625 527 1882 590 tanquam
1917 535 1958 590 Α
1993 521 2183 574 duxit’
2240 520 2292 574 in
2337 520 2517 574 lucem
2563 517 2832 571 umbram
2880 515 3092 577 mortis,
3161 518 3226 583 χ(
3283 513 3577 583 decipiens

304 615 523 670 Lucifer
555 615 691 678 erit;
735 624 790 668 et
841 631 869 668 a
913 613 1220 667 meridiano
1244 611 1463 665 orietur
1502 611 1599 666 tibi
1643 613 1778 674 vita,
1826 623 1882 666 et

307 706 547 760 confides
589 706 718 772 quia
743 713 829 757 est
857 705 952 758 tibi
1001 719 1146 773 spes.
1177 704 1246 757 Et
1281 718 1380 771 pro
1416 702 1884 756 sollicitudinibus

306 808 360 866 et
384 799 530 850 curis
551 797 836 866 apparebit
857 796 951 850 tibi
991 811 1115 864 pax.
1153 795 1481 864 Requiesces
1499 796 1672 859 enim,
1696 805 1751 848 et
1777 810 1882 848 non

308 865 410 944 erit
450 892 540 957 qui
587 865 640 941 te
697 897 996 958 expugnet.
1053 896 1107 940 et
1169 887 1439 954 rogabunt
1491 886 1682 940 faciem
1734 897 1882 940 tuam

310 981 483 1034 multi.
515 981 583 1047 ἃ(
614 977 770 1032 Oculi
812 987 992 1031 autem
1023 977 1318 1045 impiorum
1356 976 1639 1029 tabescent
1679 975 1701 1043 1
1738 977 1884 1030 salus

311 1084 487 1124 autem
528 1072 804 1139 relinquet
829 1083 921 1122 eos
957 1087 972 1123 ς
1013 1083 1139 1138 apes
1194 1070 1340 1123 enim
1398 1081 1591 1121 eorum
1650 1067 1886 1136 perditio

310 1174 387 1217 est
409 1179 625 1215 annuae.

658 1309 994 1350 RESPONDENS
1013 1309 1202 1348 ΔυΤΕΙ
1229 1309 1324 1347 JUB
1345 1308 1488 1346 Dl‘l'l‘
1515 1309 1528 1344 2

291 1441 301 1472 ι
368 1429 527 1500 [Cap.
561 1429 702 1500 XII.)
731 1431 875 1499 Ergo
900 1445 994 1482 vos
1012 1431 1146 1482 estis
1175 1429 1275 1482 soli
1302 1429 1887 1483 liomines?vobiscum

315 1523 573 1574 morietur
603 1521 926 1589 sapientia?
954 1531 1010 1574 et
1045 1521 1179 1574 mihi
1222 1536 1439 1589 quoque
1471 1531 1551 1574 est
1579 1537 1694 1586 cor,
1747 1521 1892 1576 sicut

275 1627 365 1666 ret
401 1614 590 1677 vobis;
625 1615 720 1666 sed
748 1613 936 1682 justus
982 1613 1066 1665 vir
1093 1623 1152 1667 et
1199 1613 1318 1665 sine
1345 1613 1574 1666 Crimine
1638 1613 1789 1666 venit
1835 1616 1890 1665 in

313 1705 543 1757 derisum
563 1707 600 1752 ².
636 1706 695 1756 ιιι
729 1717 947 1772 tempus
973 1704 1118 1756 enim
1144 1713 1356 1757 certum
1385 1714 1722 1772 prasparatus
1749 1712 1887 1768 erat,

314 1807 364 1848 ut
392 1797 781 1848 succumberet
807 1797 979 1858 alius,
1004 1803 1058 1846 et
1082 1794 1277 1847 domus
1307 1794 1427 1864 ejus
1465 1804 1526 1847 ut
1576 1795 1891 1849 devastare-

312 1898 395 1940 tur
425 1889 492 1940 ab
524 1888 749 1956 iniquis.
779 1886 896 1940 lmo
929 1902 1064 1940 vero
1098 1885 1283 1939 nullus
1325 1885 1587 1954 conﬁdat,
1656 1902 1776 1939 cum
1817 1889 1888 1941 sit
1919 1864 1964 1922 Β

311 1996 566 2048 nequam,
636 1995 694 2034 se
759 1979 1088 2046 impunitum
1154 1979 1420 2042 futurum,
1496 1981 1730 2049 quodin
1786 1981 1892 2035 ira--

311 2074 562 2124 cundiam
622 2081 887 2141 provocat
933 2073 1124 2135 Deum,
1188 2083 1447 2140 tanquam
1509 2073 1796 2143 inquisitio
1835 2075 1890 2127 in

309 2179 398 2217 eos
424 2179 532 2215 non
562 2164 635 2216 sit
668 2163 875 2216 futura.
909 2163 1018 2218 Sed
1059 2174 1240 2219 tamen
1308 2166 1586 2234 interroga
1643 2167 1891 2234 quadru-

312 2255 485 2322 pedia,
519 2259 563 2307 si
594 2256 690 2308 tibi
745 2255 1135 2322 responderint
1165 2256 1272 2325 (Al.
1337 2255 1757 2329 respondeant),
1796 2267 1891 2310 aut

312 2347 546 2399 volatilia
572 2348 721 2409 cadi,
752 2348 797 2400 si
830 2349 1276 2401 renuntiaverint
1315 2349 1439 2407 tibi,
1466 2362 1514 2399 et
1561 2366 1720 2403 narra
1782 2363 1889 2402 lcr-

313 2454 401 2499 ra-,
429 2439 471 2490 si
503 2441 756 2505 loquetur
781 2439 844 2490 ad
872 2449 940 2492 te.
976 2441 1044 2507 >ε<
1079 2439 1143 2491 Et
1176 2441 1415 2493 rel'ereut
1446 2441 1540 2493 tibi
1563 2442 1742 2510 pisces
1773 2459 1887 2495 ma-

313 2531 421 2580 ris:
455 2530 683 2594 XQuis
721 2530 894 2582 nescit
946 2530 996 2582 in
1047 2532 1132 2584 his
1191 2533 1448 2587 omnibus
1506 2534 1633 2601 quia
1695 2551 1890 2589 manus

316 2617 524 2670 ltouiiui
599 2619 729 2673 fecit
773 2620 981 2688 ha:c?1
1014 2620 1200 2674 Sinon
1264 2623 1317 2675 in
1374 2639 1537 2676 manu
1591 2625 1610 2653 ³
1639 2625 1754 2693 ejus
1808 2637 1892 2678 est

313 2715 490 2763 anima
521 2714 766 2764 omnium
797 2713 1118 2777 viventium,
1147 2725 1200 2768 et
1220 2717 1447 2782 szritus
1470 2718 1649 2768 omnis
1671 2719 1735 2783 Ξ(
1769 2732 1890 2770 ear-

315 2803 398 2854 nis
430 2802 451 2870 1
491 2803 756 2856 hominis.
790 2805 952 2856 Auris
985 2806 1131 2856 enim
1159 2821 1442 2858 sermOnes
1463 2805 1746 2874 dijudicat,
1774 2807 1890 2860 fau-

314 2910 401 2946 ces
423 2904 605 2947 autem
635 2905 863 2963 gustaris
893 2912 1047 2950 escas
1078 2901 1142 2964 Β(
1168 2899 1270 2951 sibi
1308 2898 1328 2967 1
1362 2899 1416 2952 ln
1444 2900 1614 2951 multo
1644 2908 1891 2966 tempere

315 2988 576 3054 sapientia
605 2999 688 3039 est
717 3003 732 3042 ;
760 2999 815 3039 et
845 2989 894 3040 in
936 2990 1089 3057 longa
1121 2991 1227 3042 vita
1277 2999 1360 3041 cst
1418 2991 1671 3044 scientia.
1732 2991 1888 3058 Apud

315 3095 435 3131 cum
476 3089 563 3132 est
611 3079 877 3145 sapientia
933 3090 986 3132 et
1019 3081 1213 3143 virtus,
1257 3081 1432 3149 ipsius
1485 3091 1566 3135 est
1596 3084 1888 3136 consilium

314 3183 365 3220 et
411 3174 748 3225 intellectus.
773 3173 831 3223 Si
887 3173 1243 3236 destruxerit,
1270 3173 1395 3240 quis
1413 3173 1738 3225 a-diticabit‘
1769 3174 1790 3225 ?
1831 3174 1884 3226 Si

315 3266 625 3332 cluseritEai
684 3266 892 3318 circum
953 3266 1252 3327 hominem,
1313 3267 1437 3333 quis
1479 3267 1770 3333 aperit"?
1831 3264 1888 3318 Si

315 3358 661 3423 prohibuerit
715 3372 958 3423 aquam,
1030 3357 1258 3410 siccabit
1330 3367 1552 3410 terram.
1618 3356 1774 3421 Quod
1842 3355 1889 3408 si

315 3449 576 3512 emiserit,
614 3449 803 3514 perdet
843 3456 862 3486 ο
910 3458 1165 3502 evertens
1219 3461 1442 3503 terram.
1499 3449 1658 3517 Apud
1713 3450 1888 3516 ipsum

318 3541 632 3607 imperium,
666 3551 720 3594 et
754 3541 1039 3604 fortitudo,
1103 3548 1153 3594 et
1211 3541 1523 3608 disciplina,
1578 3552 1631 3594 et
1688 3542 1891 3595 intelli-

318 3637 523 3700 gentia.
560 3635 663 3698 Qui
693 3628 846 3688 ducit
902 3634 1244 3687 consiliarios
1309 3632 1415 3705 [Αι.
1464 3632 1888 3705 consultatorcs]

319 3725 583 3791 captivos,
641 3725 853 3794 judiees
899 3736 1081 3777 autem
1125 3733 1277 3778 terrm
1342 3725 1396 3776 in
1461 3737 1719 3792 pavorem
1784 3725 1889 3776 mi-

319 3818 389 3866 sit
455 3814 563 3884 [Αι.
634 3813 845 3886 mittit.]
898 3815 999 3880 Qui
1069 3815 1305 3870 collocat
1368 3832 1522 3884 reges
1599 3832 1766 3884 super
1806 3832 1892 3869 se-

320 3907 416 3959 des
446 3910 511 3974 χ
554 3916 611 3961 et
673 3906 1035 3960 circumdedit
1084 3907 1266 3962 balteo
1286 3923 1446 3962 renes
1506 3907 1616 3977 [AL
1650 3907 1889 3978 lumbos]

320 4015 506 4052 eorum
595 4001 618 4068 1
684 3999 786 4064 Qui
843 4000 1045 4052 emittit
1123 3999 1441 4054 sacerdotes
1499 4001 1784 4069 captivos,
1835 4009 1892 4053 et

319 4097 565 4155 potentes
615 4098 774 4141 terra:
835 4089 1055 4143 evertit.
1113 4089 1215 4155 Qui
1289 4101 1564 4158 permutat
1620 4091 1765 4144 labia
1828 4089 1891 4144 fi-

320 4179 538 4243 delium,
610 4191 667 4234 et
721 4181 1132 4249 intelligentiam
1208 4195 1398 4234 senum
1440 4183 1748 4250 cognovit:
1807 4182 1891 4236 ef-

322 4273 550 4325 fundens
581 4271 975 4342 ignobilitatem
1003 4287 1170 4341 super
1226 4272 1523 4342 principes,
1555 4285 1608 4328 et
1651 4274 1894 4328 humiles

319 4379 537 4417 sanans.
563 4361 668 4427 Qui
701 4363 909 4416 revelat
940 4363 1212 4433 profunda
1269 4363 1337 4419 de
1371 4365 1614 4419 tenebris
1645 4381 1658 4418 :
1684 4375 1740 4419 et
1769 4381 1893 4436 pro-

397 4542 413 4572 ⁸
441 4538 542 4592 llic
569 4547 749 4593 autem
782 4554 814 4593 e
844 4539 1131 4602 mendoso.
1165 4549 1223 4595 ut
1255 4541 1489 4601 videtur.
1538 4543 1728 4597 codice
1758 4543 1889 4610 legit
1923 4550 1966 4605 D

323 4627 449 4662 cum
502 4609 732 4682 negandi
767 4612 1057 4678 particula,
1093 4610 1342 4679 Fluctum
1369 4615 1460 4680 qui
1491 4629 1594 4667 non
1617 4609 1848 4682 praeterit
1870 4629 1890 4667 :

323 4691 438 4732 tum
477 4681 686 4731 terreris
715 4697 812 4747 pro
849 4682 1138 4734 terreberis.

399 4753 417 4781 '
447 4750 620 4802 Minus
661 4765 734 4801 rei
755 4759 806 4803 te
833 4751 1076 4804 lllartian.
1125 4750 1274 4804 Venit
1303 4754 1372 4805 ad
1401 4755 1583 4808 risum.

399 4820 419 4850 ³
448 4821 586 4938 Μειίιι
643 4818 845 4873 iterum
880 4825 1020 4875 male
1048 4821 1108 4875 In
1145 4839 1336 4875 manus
1384 4839 1482 4893 pro
1509 4841 1690 4878 manu.
1713 4825 1889 4880 Graec.

421 4907 537 4938 νειο
567 4926 582 4938 .

323 4907 383 4942 εν
421 4907 582 4942 γειοι.

421 4910 428 4918 ”
486 4907 501 4938 ι
545 4907 582 4940 ι.

401 4907 588 5012 ‘I'Ell‘bc
617 4975 852 5032 quoque
884 4961 1035 5031 juxta
1063 4961 1264 5032 rGrzec.
1317 4971 1369 5015 ct
1408 4963 1464 5014 S.
1525 4963 1888 5032 Augustinum

324 5032 556 5098 legimus
624 5031 906 5098 wdiﬁrubit
958 5048 978 5083 :
1030 5031 1282 5084 lllartian.
1344 5031 1890 5098 cediﬁcatﬁObelum

325 5111 610 5167 przeterea,
664 5115 828 5166 quem
875 5101 1081 5160 verbis,
1119 5102 1233 5170 quia
1266 5105 1487 5169 aperiet,
1521 5117 1586 5155 ex
1629 5115 1891 5170 corrupto

323 5185 426 5221 suo
481 5170 672 5222 codice
713 5170 945 5238 ipsemet
996 5171 1200 5225 invitus
1257 5181 1653 5240 praeposuerat,
1703 5187 1893 5227 sustu-

325 5240 511 5291 limus.

397 5309 420 5383 ξ
479 5307 705 5383 Frustra
739 5311 1047 5378 anteposito
1073 5325 1200 5365 veru
1230 5311 1531 5381 jugulatur,
1559 5316 1674 5383 quis
1693 5316 1891 5383 aperit?

319 5380 450 5445 quia
493 5380 604 5432 haec
668 5385 778 5430 duo
807 5384 968 5432 verba
1025 5380 1372 5448 reperiuntur
1416 5383 1468 5431 in
1531 5380 1781 5447 ll'cbrteo,
1837 5397 1892 5438 ct

319 5464 516 5568 glauca
546 5465 658 5502 uno
684 5453 935 5502 membro
961 5463 1271 5506 remaneret
1299 5452 1476 5504 oratio
1513 5456 1721 5524 absque
1758 5455 1888 5508 illis.

375 5533 497 5568 uir.

375 5533 497 5570 ΛΚΤ.

420 5589 445 5665 1⁸
476 5589 762 5665 liitcr_serit
791 5590 849 5642 S.
884 5591 1222 5660 Augustinus
1259 5603 1305 5644 et
1341 5592 1669 5658 particulam
1709 5593 1807 5650 :Si
1841 5604 1889 5647 et

320 5658 578 5731 emiserit.
610 5658 746 5711 Tum
774 5676 874 5712 nos
897 5658 1101 5730 perdet,
1151 5678 1217 5715 ex
1277 5664 1396 5731 ejus
1454 5666 1772 5718 testimonio
1834 5677 1889 5718 et

319 5728 517 5800 μνέεεο
545 5731 800 5800 ὰτῖᾳλὲσει
875 5728 1317 5795 emendavimus,
1352 5746 1449 5799 pro
1515 5747 1626 5800 quo
1692 5736 1888 5790 vitiose

319 5799 529 5851 lentum
559 5813 588 5851 a
609 5797 855 5855 Martiali.
884 5804 1111 5870 prodiet.

1983 623 2175 681 gentes
2199 621 2252 665 et
2277 618 2508 680 pcrdcns
2527 610 2934 678 eas1stcrnens
2952 617 3139 678 gentes
3159 617 3214 661 et
3231 611 3284 660 in
3305 606 3390 660 via
3409 605 3582 659 dedu-

1985 702 2233 775 cens[Al.
2257 703 2310 756 in
2327 703 2466 756 viam
2486 698 2718 774 ducens]
2736 716 2849 754 eas.
2865 699 3249 754 Reconcilians
3263 699 3422 753 corda
3438 698 3581 766 prin-

1985 794 2412 862 cipumpopuli1
2451 803 2609 848 terrae
2639 809 2654 850 :
2695 789 3323 846 seduxitautemillosin
3358 789 3443 841 via
3465 787 3574 860 [AL

1985 886 2156 959 viam]
2175 903 2340 956 quam
2362 903 2470 941 non
2511 884 3086 941 noverant.Traetabit
3117 883 3368 937 tenebras
3396 891 3575 936 etnon

1986 978 2185 1042 lucem,
2233 987 2286 1033 et
2336 980 2602 1032 errabunt
2633 977 2777 1031 sicut
2806 976 3010 1029 ebrius.
3043 973 3201 1042 (Cap.
3231 973 3400 1042 Xlll.)
3436 971 3574 1027 Ecce

1987 1070 2102 1122 haec
2137 1069 2324 1123 omnia
2355 1069 2496 1123 vidit
2521 1068 2718 1122 oculus
2737 1072 2912 1130 meus,
2937 1075 2994 1120 et
3026 1066 3237 1120 audivit
3257 1066 3406 1119 auris
3430 1079 3572 1129 mea,

1989 1167 2044 1214 et
2073 1162 2196 1213 novi
2236 1176 2359 1228 qua:
2382 1170 2437 1212 et
2466 1173 2565 1212 vos
2601 1157 2798 1212 nostis.
2829 1157 2897 1213 Et
2933 1161 2998 1225 κ(
3020 1157 3244 1226 quidem
3277 1156 3301 1225 1
3330 1171 3430 1225 ego
3455 1170 3571 1209 non

1990 1266 2110 1305 sum
2153 1251 2307 1304 vobis
2359 1249 2709 1320 insipientior
2744 1266 2758 1304 :
2821 1249 2930 1302 imo
2961 1263 3092 1302 vero
3150 1257 3205 1301 et
3231 1263 3332 1317 ego
3373 1250 3439 1301 ad
3468 1245 3574 1300 Do-

1993 1344 2203 1396 minum
2227 1343 2440 1409 loquar,
2472 1354 2525 1395 et
2583 1356 2807 1409 arguam
2852 1341 2905 1392 in
2957 1349 3256 1408 conspectu
3316 1340 3456 1410 ejus,
3522 1339 3570 1392 si

1991 1436 2252 1487 voluerit.
2288 1433 2396 1487 Vos
2428 1443 2609 1487 autem
2647 1436 2779 1487 estis
2808 1431 3004 1485 medici
3039 1431 3238 1498 iniqui,
3262 1441 3318 1485 ct
3348 1443 3570 1483 curato-

1992 1542 2081 1578 res
2119 1525 2388 1578 malorum
2425 1539 2615 1578 omnes
2643 1539 2760 1577 vos.
2795 1522 3016 1577 Utinam
3078 1522 3360 1591 contingat
3410 1521 3571 1576 vobis

1993 1617 2410 1671 obmutescere!
2441 1625 2496 1670 et
2528 1616 2880 1685 reputabitur
2917 1615 3071 1670 vobis
3102 1616 3156 1668 in
3204 1614 3563 1682 sapientiam.

1993 1709 2192 1764 Audite
2225 1723 2355 1777 ergo
2389 1708 2824 1777 objurgationem
2857 1707 2972 1761 oris
3015 1705 3121 1760 mei
3174 1707 3196 1775 1
3236 1705 3452 1759 Judicio
3479 1722 3575 1758 au-

1997 1809 2105 1853 tem
2143 1799 2414 1853 labiorum
2440 1815 2687 1852 meorum
2724 1799 3017 1854 intendite.
3053 1799 3247 1853 Nonne
3287 1809 3413 1852 ante
3443 1814 3577 1852 con~

1992 1901 2238 1958 spectum
2272 1887 2489 1941 Domini
2548 1889 2868 1956 loquimini,
2918 1900 2976 1944 et
3040 1899 3169 1942 ante
3218 1897 3574 1957 conspectum

1991 1984 2110 2051 ejus
2141 1980 2402 2049 profertis
2429 1980 2648 2034 dolum?
2673 1997 2740 2034 an
2792 1981 3123 2035 subtrahitis
3184 1997 3279 2035 vos
3309 1982 3458 2048 ipsos
3481 1982 3574 2050 ju-

1991 2074 2140 2127 dices
2171 2073 2327 2127 fieri?
2387 2071 2665 2140 Optimum
2722 2074 2851 2135 erit,
2893 2075 2936 2126 si
2991 2074 3313 2128 discusserit
3347 2089 3460 2127 vos.
3515 2074 3574 2126 Si

1991 2169 2134 2218 enim
2168 2167 2348 2219 omnia
2382 2166 2648 2221 facientes
2683 2163 3019 2235 adjiciemini
3045 2165 3117 2226 ei,
3154 2165 3243 2219 hic
3289 2165 3572 2219 nihilomi-

1991 2274 2096 2310 nus
2126 2266 2318 2325 arguet
2344 2274 2440 2312 vos
2468 2259 2514 2312 ⁸.
2549 2258 2704 2322 Quod
2735 2258 2780 2311 si
2831 2267 2885 2312 et
2918 2258 3135 2310 occulte
3168 2273 3435 2326 personas
3469 2257 3568 2309 mi-

1993 2351 2091 2401 rati
2123 2348 2358 2410 fueritis,
2393 2365 2576 2403 nonne
2604 2364 2839 2403 censura
2894 2349 3016 2418 ejus
3073 2349 3306 2402 terrebit
3348 2365 3464 2409 vos,
3519 2357 3574 2402 et

1994 2443 2158 2494 timor
2180 2441 2300 2508 ejus
2330 2441 2544 2495 decidet
2568 2441 2623 2494 in
2655 2441 2794 2494 vos?
2832 2441 2894 2494 Et
2917 2441 3022 2493 erit
3051 2441 3307 2509 gaudium
3329 2453 3572 2495 vestrum

1993 2532 2045 2585 in
2073 2535 2257 2586 cinere
2301 2551 2315 2586 :
2355 2547 2558 2602 corpus
2583 2545 2766 2587 autem
2817 2534 3047 2586 luteum.
3080 2533 3476 2594 Obmutescite.
3513 2540 3574 2587 ut

1991 2626 2399 2694 loquarXego
2435 2625 2457 2692 1
2498 2635 2553 2679 et
2585 2626 2933 2694 requiescam
2994 2625 3061 2677 ab
3104 2625 3202 2686 ira,
3263 2627 3572 2692 apprehen-

1990 2720 2126 2771 dens
2181 2733 2376 2771 carnes
2467 2732 2616 2772 meas
2680 2717 2944 2770 dentibus
3007 2716 3164 2778 meis,
3220 2725 3273 2768 et
3331 2718 3567 2767 animam

1993 2824 2168 2860 meam
2225 2824 2420 2877 ponam
2451 2808 2504 2861 in
2538 2823 2702 2861 manu
2735 2808 2782 2860 °.
2865 2807 3023 2859 Licet
3079 2806 3292 2860 occidat
3330 2821 3413 2860 me
3458 2805 3568 2867 ille.

1991 2904 2080 2970 qui
2115 2910 2307 2970 potens
2327 2910 2436 2965 est,
2469 2901 2599 2970 quia
2631 2899 2739 2971 [ΑΙ.
2772 2899 2892 2970 qui]
2925 2908 2980 2951 et
3011 2899 3199 2967 coepit,
3256 2912 3438 2952 tamen
3492 2899 3568 2950 lo-

1990 3007 2148 3056 quar,
2175 3003 2229 3044 et
2263 3007 2449 3045 coram
2483 3008 2548 3045 eo
2575 3007 2798 3057 arguam
2838 2991 2908 3052 ¹⁰,
2938 2998 2992 3042 et
3049 2990 3153 3043 hoc
3200 2991 3330 3042 nilii
3355 2991 3571 3043 eveniet

1992 3083 2044 3136 in
2081 3085 2337 3136 salutem.
2380 3083 2498 3137 Non
2527 3085 2674 3137 enim
2703 3091 2829 3136 ante
2853 3090 3210 3150 conspectum
3267 3083 3386 3148 ejus
3413 3083 3571 3134 dolus

1917 3205 1961 3262 C
1993 3172 2267 3227 introibit.
2299 3173 2522 3236 Audite,
2565 3173 2751 3227 audite
2784 3188 3067 3226 sermones
3111 3188 3290 3236 meos,
3319 3188 3455 3240 quos
3484 3187 3572 3226 re-

1989 3265 2163 3320 feram
2212 3267 2366 3320 vobis
2421 3265 2795 3320 audientibus.
2841 3267 2980 3319 Ecce
3033 3281 3133 3334 ego
3187 3266 3568 3334 appropinquo

1982 3359 2194 3429 judicio
2226 3376 2369 3412 meo.
2393 3360 2517 3412 Seio
2573 3373 2674 3426 ego
2726 3359 2854 3427 quia
2884 3358 3068 3426 justus
3105 3357 3377 3408 inveniar.
3436 3357 3571 3420 Quis

1989 3461 2076 3505 est
2106 3455 2196 3520 qui
2221 3452 2552 3518 dijudicetur
2578 3465 2790 3504 mecum
2822 3452 2890 3516 χ
2928 3459 2987 3502 ut
3018 3462 3163 3500 mmc
3190 3448 3568 3500 obmutescam

1992 3550 2048 3595 et
2107 3542 2349 3595 desinam
2404 3541 2427 3593 ?
2465 3541 2487 3606 1
2528 3542 2645 3594 Duo
2675 3540 2913 3594 concede
2942 3539 3074 3592 mihi
3105 3543 3172 3606 3K
3205 3549 3329 3592 tunc
3359 3557 3386 3593 a
3433 3541 3571 3594 facie

1994 3645 2082 3686 tua
2112 3649 2218 3687 non
2253 3633 2608 3701 abscondar1
2654 3649 2875 3686 manum
2913 3631 3122 3684 aufera
3158 3647 3264 3690 me.
3320 3641 3373 3684 et
3396 3632 3564 3685 timor

1994 3735 2121 3778 tuus
2153 3741 2259 3778 non
2295 3741 2379 3779 me
2420 3733 2645 3779 terreat.
2681 3724 2885 3777 Deinde
2933 3723 3178 3784 vocabis,
3242 3730 3296 3776 ct
3328 3740 3428 3791 ego
3460 3740 3563 3776 au-

1993 3817 2192 3870 diam:
2245 3816 2512 3885 loqueris,
2579 3826 2638 3870 et
2675 3830 2776 3884 ego
2840 3813 3186 3880 respondebo
3252 3815 3368 3866 tibi.
3427 3816 3571 3879 Quot

1993 3908 2460 3976 suutiniquilates
2507 3921 2659 3971 meae,
2689 3916 2744 3960 et
2781 3916 3004 3973 peccata
3071 3921 3187 3957 mea
3244 3920 3365 3973 qua:
3417 3917 3566 3969 sunt,

1992 3997 2128 4052 doce
2155 4013 2256 4052 me.
2277 3997 2455 4063 Quare
2475 4011 2506 4050 a
2542 4011 2627 4050 me
2650 3993 2980 4051 abscondis?
3012 3995 3120 4047 Aut
3145 4006 3309 4064 putas
3340 4009 3424 4048 me
3447 4010 3570 4048 esse

1993 4090 2328 4144 contrarium
2359 4089 2479 4156 tibi,
2511 4099 2567 4144 et
2601 4089 2756 4158 quasi
2788 4088 2982 4142 folium
3022 4089 3168 4156 quod
3195 4103 3222 4140 a
3258 4097 3421 4140 vento
3455 4104 3572 4139 mo-

1991 4191 2175 4246 vetur,
2218 4181 2464 4236 vereris?
2519 4197 2588 4234 an
2628 4190 2888 4250 tanquam
2931 4180 3060 4234 feno
3112 4179 3260 4248 quod
3329 4180 3566 4247 rapitur,

1993 4274 2306 4329 contrarius
2359 4274 2458 4328 es?
2504 4274 2635 4342 quia
2681 4271 3055 4341 conscripsisti
3128 4271 3418 4325 adversum
3479 4286 3567 4325 me

1997 4366 2158 4431 mala,
2191 4379 2248 4421 et
2295 4366 2606 4436 imposuisti
2657 4364 2794 4419 mibi
2852 4373 3071 4434 peccata
3124 4363 3453 4433 juventutis.
3509 4370 3569 4416 et

2066 4552 2086 4584 "
2117 4550 2366 4606 Martian.
2400 4551 2666 4618 perduxit,
2739 4548 2922 4604 minus
2972 4547 3160 4618 bene:
3191 4546 3282 4614 qui
3327 4554 3383 4599 et
3411 4545 3569 4614 paulo

1994 4631 2140 4691 post,
2170 4617 2631 4689 quemadmodum
2680 4622 2883 4684 saepius
2906 4619 3059 4681 alibi,
3097 4617 3284 4691 Atinatia
3336 4626 3566 4682 puncta,

1995 4689 2116 4760 qua:
2176 4691 2428 4746 asterisci
2467 4691 2857 4746 continentiam
2949 4689 3268 4750 terminant,
3346 4699 3571 4755 praetcr-

1996 4761 2164 4814 misit.

2067 4831 2088 4860 ⁸
2114 4828 2441 4898 Superiluns
2473 4829 2576 4882 hoc
2609 4829 2728 4882 loco
2757 4827 2983 4896 ponitur
3003 4828 3298 4884 asterisens
3323 4844 3443 4882 cum
3484 4848 3571 4884 se-

1994 4903 2185 4967 quenti
2218 4900 2480 4952 dictione.
2520 4900 2724 4952 Sensus
2746 4899 2915 4964 enim,
2968 4909 3180 4951 remoto
3215 4901 3363 4966 quin,
3391 4903 3567 4966 perfe-

1995 4978 2119 5022 ctus
2146 4984 2226 5022 t’St
2251 4984 2267 5035 ;
2294 4969 2570 5021 necr-illud
2599 4970 2861 5037 scriptum
2913 4968 3114 5036 legitur
3181 4969 3236 5022 iit
3291 4970 3568 5025 volumine

1997 5039 2286 5092 Hebraico.
2329 5040 2506 5091 Mau'r.

2069 5107 2390 5162 —-Pra:lixo
2461 5107 2724 5161 asterisco
2751 5106 2902 5160 addit
2925 5105 3180 5164 Martian.
3219 5111 3362 5177 quia,
3398 5124 3563 5176 quam

1997 5177 2232 5246 ipsemet
2266 5189 2477 5241 notam,
2525 5193 2588 5230 ac
2625 5191 2810 5228 vocem
2857 5176 3188 5240 adscititias,
3233 5176 3308 5231 ac
3361 5189 3564 5230 temere

1999 5248 2241 5301 intrusas
2273 5252 2326 5300 in
2371 5263 2469 5301 suo
2512 5263 2612 5300 ms.
2662 5249 2886 5298 fatetur.
2936 5247 3094 5301 Forte
3129 5249 3234 5309 via,
3276 5246 3560 5315 legendum

1996 5326 2117 5371 erat
2157 5334 2256 5386 pro
2283 5319 2433 5386 quia,
2468 5331 2643 5385 eaque
2710 5317 2930 5368 varians
2976 5317 3136 5368 lectio
3176 5327 3292 5369 erat
3333 5317 3560 5383 margini

1998 5393 2249 5454 app0sita
2279 5392 2359 5439 ciu
2389 5387 2501 5455 ejus
2533 5404 2627 5454 pro
2663 5387 2731 5449 ei,
2775 5397 2833 5437 ut
2877 5387 3311 5439 Alexandrinum
3368 5401 3559 5438 exun-

1996 5460 2116 5525 plar
2146 5458 2239 5510 Gr.
2286 5458 2390 5525 ὁδῷ
2410 5455 2575 5508 αὑτοῦ
2612 5472 2706 5524 pro
2750 5456 2920 5524 αὐτῷ,

2069 5528 2088 5596 ἒ
2125 5525 2500 5596 Supplvudum
2561 5527 2780 5578 Videtur
2817 5538 3117 5594 pronomen
3146 5538 3282 5585 mea,
3324 5527 3491 5594 quod,
3507 5526 3560 5580 in

1997 5595 2164 5649 Hebr.
2209 5595 2262 5649 et
2295 5597 2388 5651 Gr.
2423 5598 2540 5664 ipso
2573 5608 2722 5648 textu
2749 5604 2994 5664 resonat.

2076 5667 2116 5696 “
2156 5668 2210 5720 S.
2228 5662 2564 5734 Augustinus
2588 5667 2738 5719 addit
2773 5679 2890 5727 nos,
2926 5662 3022 5718 Gr.
3059 5664 3224 5731 ὑμᾶς,
3255 5682 3362 5731 vos,
3394 5666 3557 5722 lieb?.

1994 5747 2249 5790 neutrum
2325 5737 2507 5790 habet.

1993 5809 2203 5861 damus.

2581 5735 2807 5788 Leviora
2863 5736 3110 5800 (praedam
3169 5735 3309 5791 infra
3375 5754 3564 5795 cmen-
