3966 6184
427 443 494 502 Si
1323 443 1381 506 S.
1426 441 1868 505 IIIERONYMI
1911 443 2181 507 DIVINA
2223 449 2762 516 BlBLlOTHECA.
3089 401 3098 406 -
3607 462 3670 528 84

429 557 739 629 imposuisti
785 560 840 614 in
894 558 1158 628 compede
1212 557 1347 630 [ΑΙ.
1407 561 1744 636 compedes]
1805 566 1999 633 pedem
2035 573 2077 625 Α
2109 565 2314 620 Etcum
2342 570 2496 622 multi
2532 570 2735 626 fuerim
2763 566 2873 642 [AL
2905 571 3149 644 fuerunt]
3200 573 3452 644 tiliiejus,
3476 582 3676 632 nescit:

429 667 635 716 meum,
661 660 715 705 et
738 654 1039 706 observasti
1111 653 1292 705 omnia
1347 668 1508 721 opera
1566 670 1711 708 mea.
1770 657 2002 710 Radices

430 745 631 814 pedum
663 761 910 800 meorum
967 747 1370 813 contemplatus
1425 762 1505 812 es,
1562 747 1655 813 qui
1715 760 2001 802 veterasco

429 839 572 892 sicut
601 848 743 900 uter,
779 848 873 891 aut
915 839 1062 891 velut
1092 838 1498 902 vestimentum,
1563 839 1708 909 quod
1750 854 1780 892 a
1839 840 2002 892 tineis

429 939 728 985 comestum
769 939 869 983 est.
899 930 1050 999 (Cap.
1088 929 1254 996 XIV.)
1288 930 1458 984 Homo
1502 931 1650 984 enim
1719 941 1885 985 natus
1931 931 1999 983 de

429 1023 660 1075 muliere
689 1022 867 1074 brevis
905 1021 1047 1082 vitae,
1080 1031 1134 1076 et
1157 1024 1350 1092 plenus
1383 1022 1679 1079 iracundia:
1713 1042 1733 1078 :
1779 1034 1834 1078 et
1861 1026 2003 1078 sicut

429 1109 532 1164 ﬂos
557 1126 677 1164 cum
714 1111 980 1174 ﬂoruerit,
1019 1095 1254 1177 decidet,
1291 1113 1538 1180 fugitque
1582 1123 1640 1166 ut
1672 1113 1885 1176 umbra,
1947 1122 2004 1166 et

428 1223 538 1261 non
571 1216 874 1274 permanet.
903 1205 1094 1260 Nonne
1118 1207 1280 1260 etiam
1325 1208 1490 1278 hujus
1516 1224 1703 1262 curam
1739 1206 2000 1265 habuisti.

428 1309 484 1353 et
514 1300 658 1353 hunc
689 1298 873 1352 venire
904 1298 1080 1351 fecisti
1122 1300 1173 1351 in
1205 1299 1472 1367 judicium
1509 1316 1693 1352 coram
1724 1299 1820 1353 te?
1868 1299 2002 1364 Quis

425 1391 572 1445 enim
606 1392 711 1444 erit
737 1392 973 1444 mundus
999 1391 1206 1460 absque
1229 1393 1428 1445 sorde?
1465 1409 1561 1445 nec
1597 1407 1736 1444 unus
1754 1392 1997 1460 quidem,

430 1482 645 1535 etiamsi
681 1482 841 1534 unius
873 1482 977 1535 diei
1016 1481 1183 1536 fuerit
1220 1483 1324 1535 vita
1357 1483 1476 1548 ejus
1501 1483 1518 1513 ¹
1555 1485 1620 1550 >ε<
1655 1498 1821 1550 super
1877 1491 2002 1533 ter-

427 1591 564 1629 ram.
605 1573 989 1641 :Dinumerati
1017 1575 1162 1627 enim
1220 1585 1347 1628 sunt
1405 1590 1623 1628 menses
1679 1573 1800 1643 ejus
1859 1574 1999 1641 apud

425 1676 478 1720 te
503 1668 546 1720 '.
587 1665 828 1734 Tempus
851 1666 1111 1728 definisti,
1165 1675 1220 1718 ct
1253 1681 1359 1718 non
1391 1667 1607 1720 transit.
1660 1665 1892 1719 Discede
1935 1665 1994 1718 al‘

424 1773 492 1810 eo
533 1772 546 1809 :
578 1758 696 1810 sine
728 1758 1036 1826 requiescat
1058 1758 1102 1820 ³,
1128 1769 1182 1811 et
1213 1758 1422 1825 placeat
1466 1757 1514 1809 ei
1549 1767 1804 1824 tanquam
1863 1772 2004 1810 mer-

425 1847 650 1901 ccuario
691 1848 809 1902 dies
833 1863 951 1903 sua.
997 1848 1090 1901 Est
1137 1849 1281 1900 enim
1315 1848 1498 1901 arbori
1562 1848 1580 1918 (
1613 1848 1695 1902 Al.
1732 1848 1947 1900 arboris
1979 1847 1998 1917 )

424 1954 572 2010 spes.
614 1940 756 2005 Quia
795 1941 836 1992 si
873 1941 1179 2000 excidatur,
1221 1939 1416 1993 iterum
1449 1939 1630 2001 ﬂoret,
1691 1949 1744 1991 et
1773 1955 1996 2002 germen
2035 1917 2076 1969 Β

425 2033 544 2101 ejus
569 2047 679 2085 non
719 2030 960 2083 deficiet.
1009 2030 1142 2084 Nam
1195 2031 1238 2084 si
1270 2032 1516 2084 senuerit
1580 2033 1731 2086 radix
1781 2032 1904 2100 ejus
1948 2035 2000 2086 in

427 2135 594 2187 terra,
655 2125 908 2192 atquein
971 2133 1125 2192 petra
1161 2122 1182 2153 δ
1241 2123 1405 2177 fuerit
1464 2134 1717 2179 mortuus
1775 2134 2004 2180 truncus

424 2217 565 2284 ejus,
619 2215 687 2268 ab
721 2214 890 2268 odore
961 2229 1114 2283 aqum
1173 2213 1410 2279 ﬂorebit,
1447 2223 1501 2269 et
1551 2214 1716 2269 faciet
1765 2215 2002 2270 fructum

431 2313 574 2362 sicut
609 2307 844 2360 novella.
874 2304 971 2359 Vir
1005 2320 1137 2359 vero
1167 2321 1290 2358 cum
1329 2319 1578 2360 mortuus
1609 2306 1795 2370 fuerit.
1825 2309 1960 2362 abiit
1987 2326 2000 2372 ;

431 2411 486 2452 et
517 2412 640 2452 cum
673 2397 936 2451 ceciderit
979 2397 1163 2461 homo,
1211 2398 1322 2467 jam
1381 2411 1486 2451 non
1518 2397 1624 2451 erit
1683 2414 1698 2451 :
1761 2380 2005 2468 tempore

427 2490 576 2542 enim
611 2489 888 2542 minuetur
920 2502 1091 2552 mare,
1142 2497 1197 2541 et
1227 2488 1426 2542 ﬂumen
1470 2489 1740 2543 deseritur
1783 2501 1838 2543 et
1902 2489 2008 2544 sic-

429 2591 605 2634 catur.
633 2581 806 2634 llomo
837 2589 1019 2634 autem
1058 2595 1184 2633 cum
1213 2580 1522 2645 dormierit,
1551 2596 1656 2634 non
1719 2589 2002 2650 exsurget.

431 2674 725 2740 Usquequo
751 2672 1080 2735 cualumest,
1127 2688 1235 2725 non
1293 2683 1615 2733 consuetur,
1685 2673 1752 2740 >κ
1791 2683 1848 2724 et
1897 2687 2005 2724 non

428 2766 789 2820 suscitabitur
857 2766 926 2818 de
985 2781 1184 2820 somno
1278 2780 1400 2819 suo.
1470 2763 1493 2833 ζ
1557 2765 1736 2832 Atque
1799 2763 2004 2816 utinam

430 2860 574 2929 apud
611 2861 814 2914 inferos
842 2875 928 2913 mc
959 2861 1326 2922 custodisses,
1392 2867 1447 2913 et
1479 2859 1870 2913 abscondisscs
1899 2874 2005 2919 ιιιιι,

431 2954 610 3008 donec
667 2955 1038 3022 requiesceret
1091 2954 1168 3007 ira
1238 2964 1355 3018 tua,
1396 2961 1453 3006 et
1511 2951 1802 3006 statuisses
1873 2949 2006 3002 tuihi

383 3069 386 3078 ·
435 3056 648 3117 tempus
689 3048 742 3101 in
769 3064 878 3116 quo
923 3048 1242 3100 memoriam
1290 3046 1395 3098 mei
1434 3045 1677 3099 faceres!
1751 3045 1805 3098 Si
1859 3042 2004 3097 enim

431 3149 684 3193 mortuus
708 3139 874 3192 fuerit
931 3141 1092 3191 homo
1125 3154 1141 3191 :
1174 3139 1320 3191 viret
1381 3135 1777 3190 consummatis
1815 3134 2010 3187 diebus

2109 660 2151 712 si
2188 669 2368 712 autem
2401 671 2456 715 ct
2491 665 2669 730 pauci,
2725 664 2938 732 ignorat
2974 667 3039 732 χ(
3071 667 3139 719 de
3175 667 3253 720 eis
3287 669 3307 735 ζ
3352 673 3445 722 sed
3483 684 3678 724 carnes

2107 752 2224 818 ejus
2254 754 2273 783 ⁸
2310 756 2376 820 >εξ
2415 769 2584 822 super
2623 770 2748 808 eum
2791 756 3087 811 doluerunt
3113 759 3130 788 ⁷
3175 778 3187 813 :
3226 769 3280 813 et
3331 764 3512 815 anima
3560 765 3680 833 ejus

2107 859 2272 913 super
2298 860 2422 896 eum
2451 847 2608 900 luxit.

2208 952 2546 991 BESPONDENS
2580 954 2752 993 AUTEII
2781 955 3000 994 ELIPBAZ
3038 957 3398 1004 THEMANI'I'ES,
3429 959 3615 998 DIXI'I':

2181 1025 2341 1096 [Cap.
2374 1027 2518 1099 ΧΗ
2556 1028 2830 1098 Numquid
2868 1033 3089 1099 sapiens
3117 1035 3539 1100 respondebitia
3571 1039 3684 1103 spi-

2109 1119 2238 1174 ritu.
2278 1121 2543 1185 scientias,
2607 1132 2660 1175 et
2703 1122 2946 1191 implebit
2999 1121 3110 1194 [AL
3170 1123 3438 1195 implevit]
3487 1127 3679 1178 dolore

2109 1220 2379 1274 ventrem,
2415 1226 2650 1279 arguens
2682 1213 2735 1264 in
2773 1214 2955 1267 verbis
2987 1216 3189 1282 quibus
3218 1231 3324 1268 non
3353 1225 3590 1283 Oportet.
3622 1218 3677 1269 in

2107 1303 2458 1356 sermonibus
2493 1304 2696 1371 quibus
2728 1305 2861 1357 nihil
2895 1305 3138 1373 proderit
3160 1310 3225 1374 Β(
3254 1307 3307 1360 in
3341 1308 3680 1361 eis?Nonne

2109 1401 2161 1443 tu
2192 1393 2438 1460 repnlisti
2477 1395 2758 1457 timorem,
2794 1403 2848 1447 et
2874 1396 3091 1450 locutus
3124 1413 3183 1452 es
3217 1399 3351 1452 tales
3389 1413 3678 1452 sermones

2105 1491 2231 1535 ante
2261 1493 2612 1552 conspectum
2641 1485 2894 1539 Domini?
2924 1488 3058 1552 Quia
3096 1505 3218 1543 rcus
3251 1505 3309 1544 es
3328 1491 3678 1545 sermonibus

2105 1573 2219 1625 oris
2251 1573 2347 1634 tui,
2386 1583 2444 1627 et
2469 1575 2678 1643 elegisti
2709 1576 2949 1645 linguam
2985 1579 3274 1644 malorum,
3306 1593 3499 1650 arguat
3536 1592 3586 1635 te
3615 1597 3678 1637 os

2108 1671 2259 1716 tuum
2297 1671 2354 1716 et
2390 1680 2496 1718 non
2530 1680 2652 1734 ego,
2711 1677 2766 1720 et
2820 1667 2959 1722 labia
3021 1682 3111 1724 tua
3148 1675 3526 1728 contradicant
3556 1675 3676 1731 tibi.

2103 1754 2244 1819 Quid
2277 1756 2747 1825 enim?Nunqnid
2791 1760 3001 1828 primus
3037 1762 3200 1817 homo
3251 1776 3412 1820 natus
3451 1782 3533 1827 es,
3584 1777 3680 1820 aut

2105 1856 2229 1900 ante
2286 1849 2452 1901 colles
2511 1861 2803 1903 concretus
2859 1868 2974 1906 es:
3049 1865 3141 1907 aut
3203 1872 3398 1909 arcana
3462 1859 3677 1912 Domini

2106 1938 2305 1992 audisti
2336 1940 2382 2003 ⁸,
2415 1949 2510 1992 aut
2544 1941 2596 1993 in
2634 1953 2686 1994 te
2715 1943 2833 1997 solo
2885 1955 2967 1997 est
2995 1947 3311 2013 sapientia?
3357 1948 3494 2012 Quid
3528 1951 3679 2005 enim

2106 2029 2248 2084 nosti
2285 2032 2428 2098 quod
2461 2047 2568 2085 non
2605 2033 2882 2096 novimus,
2926 2045 3022 2089 aut
3057 2036 3190 2104 quid
3229 2038 3489 2109 intelligis
3528 2043 3676 2109 quod

2107 2138 2214 2176 non
2253 2123 2538 2177 uobiscum
2574 2124 2699 2178 est?
2727 2127 2793 2192 )a(
2849 2125 2953 2180 Sed
2982 2136 3039 2180 et
3072 2143 3240 2182 senex
3271 2140 3326 2182 et
3365 2133 3680 2200 decrepitus

2108 2217 2163 2271 in
2197 2219 2352 2271 nobis
2379 2228 2463 2273 est
2498 2237 2512 2273 :
2545 2220 2612 2286 Χ
2643 2221 2921 2287 antiquior
2951 2223 3118 2290 patris
3156 2224 3244 2277 tui
3280 2225 3497 2280 diebus.
3525 2227 3678 2281 Nun-

2105 2310 2237 2377 quid
2272 2325 2460 2376 parum
2498 2312 2761 2379 peccasti,
2793 2322 2848 2365 et
2889 2313 3207 2368 vulneratus
3235 2331 3296 2369 es
3325 2317 3605 2383 graviter?
3649 2318 3672 2385 ζ

2106 2399 2282 2454 Nimis
2309 2399 2451 2453 elate
2490 2399 2707 2454 loeutus
2739 2415 2816 2454 es.
2850 2401 2988 2464 Quid
3019 2417 3208 2455 ausum
3250 2403 3352 2456 fuit
3379 2419 3473 2458 cor
3496 2416 3674 2466 tuum.

2109 2489 2321 2558 etquid
2366 2492 2754 2544 sustinuerunt
2815 2492 2961 2545 oculi
3024 2493 3098 2545 tui
3141 2509 3155 2548 :
3190 2495 3313 2562 quia
3343 2535 3348 2539 .
3376 2496 3430 2549 in
3486 2497 3678 2551 furore

2106 2579 2340 2646 erupisti
2375 2590 2567 2634 contra
2600 2580 2893 2635 Dominum
2923 2601 2937 2637 :
2965 2593 3020 2637 et
3059 2585 3336 2651 protulisti
3365 2601 3431 2640 ex
3464 2603 3557 2641 ore
3582 2597 3679 2642 tuo

2109 2685 2394 2725 sermones
2432 2671 2605 2725 tales?
2635 2671 2776 2736 Quid
2801 2674 2946 2726 enim
2979 2681 3065 2728 est
3093 2675 3281 2739 homo,
3321 2685 3381 2729 ut
3435 2678 3506 2730 sit
3559 2678 3679 2732 sine

2109 2763 2381 2816 crimine?
2440 2773 2535 2817 aut
2588 2765 2848 2820 sitnatus
2901 2766 3080 2836 justus
3105 2781 3173 2820 ex
3203 2769 3469 2823 muliere?
3521 2770 3577 2824 Si
3622 2770 3678 2823 in

2073 2859 2076 2861 ’
2109 2859 2313 2910 sanctis
2350 2859 2416 2925 )s<
2445 2860 2562 2927 ejus
2599 2859 2622 2929 ζ
2666 2875 2773 2913 non
2806 2873 2888 2913 est
2923 2861 3074 2925 fides,
3129 2873 3182 2916 et
3211 2863 3410 2916 ωειυηί
3443 2877 3552 2916 non
3596 2877 3681 2918 est

2109 2950 2372 3003 mundum
2432 2963 2558 3002 ante
2611 2967 2734 3005 eum
2767 2973 2779 3002 :
2818 2963 3023 3021 quanto
3072 2953 3242 3022 magis
3291 2954 3681 3009 abominabilis

2108 3041 2211 3101 vir.
2269 3041 2461 3095 bibens
2515 3042 2832 3111 iniquitates
2891 3054 2944 3096 ut
2998 3045 3226 3113 potum!
3263 3044 3508 3100 Narrabo
3551 3049 3677 3108 tibi.

2111 3132 2238 3186 audi
2274 3149 2382 3192 me.
2409 3143 2460 3186 et
2490 3149 2609 3200 quae
2633 3135 2767 3196 vidi,
2796 3136 3136 3190 annuntiabo
3162 3137 3279 3201 tibi,
3314 3153 3435 3206 quae
3459 3138 3682 3204 sapiet:-

433 3236 565 3288 vita:
623 3232 774 3286 suae?
815 3231 1116 3285 Sustinebo
1182 3245 1471 3298 usquequo
1527 3229 1708 3282 denuo
1758 3225 1951 3279 faciam
1992 3241 2076 3310 :c
2112 3233 2195 3278 tes
2230 3225 2510 3287 dixerunt,
2576 3234 2633 3279 et
2697 3241 2806 3279 non
2861 3228 3180 3281 celaverunt.
3237 3240 3492 3295 parentes
3523 3245 3678 3286 suos.

436 3325 636 3381 deinde
659 3324 898 3386 vocabis,
917 3333 971 3378 et
987 3339 1088 3392 ego
1108 3322 1452 3390 respondebo
1485 3320 1606 3373 tibi.
1629 3316 1806 3387 Opera
1826 3326 2006 3370 autem

437 3435 698 3476 manuum
735 3429 949 3471 tuarum
984 3432 1050 3470 ne
1080 3418 1378 3483 improbes.
1433 3413 1808 3482 Cogitationes
1861 3425 2011 3463 meas

433 3513 820 3573 dinumerasti,
857 3521 911 3564 et
939 3511 1072 3563 nihil
1105 3519 1155 3562 te
1178 3510 1338 3563 latuit
1368 3519 1713 3576 peccatorum
1736 3518 2007 3557 meorutu.

437 3606 677 3675 Signasti
704 3605 756 3658 in
791 3603 1014 3658 sacculo
1063 3601 1382 3670 iniquitates
1413 3615 1563 3652 meas
1595 3615 1609 3650 :
1645 3595 1922 3650 aduotasti
1960 3594 2007 3647 si

433 3701 566 3769 quid
605 3698 809 3751 invitus
843 3695 1044 3750 erravi.
1094 3698 1160 3761 γ(
1187 3693 1248 3746 Et
1299 3690 1519 3762 quidem
1576 3683 2007 3763 [AL-equidem]

437 3808 592 3847 mons
621 3790 821 3845 cadens
855 3787 1044 3842 deﬂuit
1082 3790 1150 3854 )s(
1180 3795 1233 3840 et
1256 3796 1407 3855 petra
1447 3784 1744 3836 veterascit
1805 3783 1856 3832 in
1893 3779 2010 3832 loco

434 3900 556 3938 suo.
592 3883 823 3951 Lapides
858 3890 1260 3936 consumuntur
1299 3879 1458 3947 aquis
1487 3876 1532 3941 ⁵,
1561 3878 1702 3944 Xet
1733 3874 2011 3928 alluvione

438 3978 807 4048 frequentium
869 3974 1148 4044 gurgitum
1196 3972 1468 4025 minuitur
1517 3982 1686 4021 arena
1743 3976 1927 4030 terrae,
1983 3963 2007 4032 ζ

441 4088 594 4142 spem
638 4085 770 4126 vero
802 4068 1040 4123 hominis
1080 4064 1386 4136 perdidisti.
1445 4059 1718 4131 lmpulisti
1743 4057 1889 4110 enim
1954 4055 2008 4109 in

440 4168 627 4229 ﬁnem,
647 4162 896 4219 etabiit:
925 4157 1150 4215 mutasti
1175 4157 1370 4213 faciem
1401 4155 1544 4227 ejus,
1581 4152 1838 4208 dimisisti
1862 4168 2011 4208 cum.

518 4323 536 4354 ¹
567 4323 924 4375 ‘Asteriscum
957 4315 1044 4370 Lic
1095 4313 1224 4374 loci,
1268 4325 1378 4386 pro
1407 4307 1699 4386 +__obelo,'
1738 4303 2009 4386 imperitia

445 4392 731 4461 scriptoris
752 4390 1063 4461 invenimus
1095 4377 1423 4461 appositum.
1457 4377 1768 4461 Quis‘en'im
1804 4377 2013 4461 neseiat

449 4444 646 4525 obelris,
674 4474 778 4512 non
814 4456 1098 4511 asteriscis
1128 4444 1311 4525 fuisse
1334 4459 1518 4525 notata
1550 4445 1618 4502 ab
1678 4444 2012 4525 Hieronyn'to

448 4514 646 4603 eum;
675 4526 815 4582 LXX
847 4525 1190 4603 legebantur,
1218 4532 1281 4601 et_
1301 4514 2012 4603 in_l{ehraeorum!

453 4586 611 4656 uibus
639 4615 744 4652 non
771 4586 966 4652 erant?
1017 4595 1204 4658 Itaque
1240 4591 1446 4643 similes
1483 4586 1899 4658 emendationes
1949 4597 2011 4636 ac
2045 4606 2088 4656 ι)

453 4653 784 4726 mutationes
804 4667 959 4720 facile
991 4653 1152 4718 nobis
1188 4661 1597 4725 permittimus;
1635 4657 1724 4731 ubi
1758 4653 2014 4731 explora:

452 4724 569 4796 tum
603 4739 885 4802 habemus,
915 4735 1043 4803 quid
1081 4734 1150 4787 ab
1185 4724 1536 4804 Hieronymo,
1575 4729 1702 4794 quid
1725 4741 1753 4778 a
1782 4724 2023 4804 librariis

455 4793 884 4866 doriuitautilms
929 4793 1231 4858 derivatum
1254 4793 1417 4854 fuerit
1446 4800 1500 4851 in
1557 4793 1690 4854 mss.
1741 4793 2024 4849 codicibus

453 4880 680 4938 Latinis.
710 4879 883 4930 MART.
1164 4941 1171 4943 _
1354 4939 1364 4943 _
1656 4935 1670 4943 ,
1746 4934 1758 4943 .
1835 4932 1860 4943 -

517 4954 536 4981 ³
573 4948 733 5010 LXX,
766 4947 905 5016 apud
941 4959 1078 5005 eum,
1131 4941 1249 4996 sive
1311 4939 1374 4993 ab
1404 4955 1483 5001 eo,
1539 4935 1670 5006 παρ’
1701 4934 1907 4988 αὐτοῦς
1967 4939 2024 4983 at

463 5045 652 5098 melius
685 5042 738 5095 in
769 5054 871 5092 nis.
915 5036 1053 5104 apud
1098 5045 1168 5108 te,
1213 5035 1365 5108 juxta
1401 5023 2020 5108 llebrmutujmittaclt,

457 5117 509 5170 id
535 5127 638 5173 est,
663 5123 852 5170 terum,
892 5103 973 5160 vel
1006 5106 1146 5176 apud
1182 5103 1251 5157 té.
1297 5103 1471 5176 MART.
1549 5169 1560 5176 _
1726 5103 1738 5108 '
1895 5165 1906 5176 _
1981 5163 1991 5175 .

526 5165 740 5236 a“Natat
784 5165 1204 5249 Olympiodorus
1231 5176 1283 5227 in
1327 5169 1654 5240 quibusdam
1689 5165 2022 5249 exemplari:

458 5258 563 5312 bus
593 5260 673 5309 sic
697 5251 801 5320 legi
840 5239 867 5304 τ’
895 5266 913 5296 ι
945 5239 1167 5320 Ἰςεοριιθ
1213 5261 1242 5297 a
1281 5239 1389 5306 me,
1418 5252 1494 5320 _ut
1549 5239 1912 5320 requiescam,
1967 5243 2023 5286 et

463 5311 608 5379 victu
637 5338 731 5377 seu
751 5311 1023 5373 "mercede
1053 5322 1347 5369 coutentus
1388 5311 1514 5375 sim,
1549 5311 1694 5363 sicut
1736 5319 2020 5360 mercena-

460 5401 593 5452 rius.
641 5412 659 5443 ι
699 5391 870 5445 Mam.
1087 5454 1099 5458 _
1224 5453 1234 5458 _
1299 5451 1330 5458 β
1377 5450 1389 5458 _
1463 5449 1476 5458 .
1610 5447 1622 5458 ,

526 5441 599 5515 ri
637 5441 930 5517 Sciendum
962 5453 1264 5523 est,iuquit
1299 5447 1714 5523 Polychronius,
1742 5441 2021 5523 quodHe-

465 5538 646 5590 brzeus
680 5548 777 5600 pro
830 5532 942 5594 illo,
979 5529 1036 5600 in»
1063 5518 1238 5595 petra.
1272 5593 1282 5600 _
1309 5518 1493 5600 habet,
1523 5518 1792 5600 iurinere,
1823 5518 2024 5600 prioris

465 5621 658 5657 versus
682 5592 1098 5665 ronsequentia,
1127 5604 1180 5646 et
1208 5593 1286 5665 rei
1312 5592 1480 5665 ipsius
1507 5592 1803 5665 natura)”
1828 5593 2024 5665 ,νιξβιυ-

467 5655 649 5727 laute.
698 5655 890 5738 Aquila
939 5655 1148 5738 autem,
1204 5664 1262 5738 iit
1288 5655 1517 5732 pulvere,
1549 5667 1604 5710 et
1649 5655 2019 5738 βξιωυᾱυιῑυψ

471 5722 737 5802 bibims,
761 5722 896 5793 'eum
936 5735 1204 5790 chraieo
1239 5722 1389 5785 fo'nte
1439 5726 1864 5802 consentientes,
1898 5722 2023 5775 red-

473 5798 766 5871 dtdernnt;
816 5809 909 5875 qui
944 5808 1107 5860 etiam
1145 5819 1241 5875 pro
1290 5816 1444 5860 voce,
1502 5798 1794 5868 ρἀαμνος,
1857 5798 2022 5875 inter-

475 5861 852 5959 iiii-istan}
892 5875 1114 5947 κορμὸν,
1145 5861 1204 5929 id
1230 5882 1332 5940 est,
1364 5861 1611 5926 truncum
1648 5861 1744 5940 pro
1773 5861 2016 5920 surculo.

2112 3318 2248 3386 Ipsis
2273 3318 2408 3372 solis
2434 3319 2556 3371 data
2583 3328 2666 3372 est
2695 3327 2862 3383 terra,
2905 3334 3006 3372 nec
3040 3321 3362 3389 supervenit
3397 3323 3504 3377 illis
3528 3324 3682 3392 quis-

2112 3426 2273 3478 quam
2305 3418 2622 3463 extraneus.
2681 3408 2875 3464 Omnis
2909 3412 3020 3466 vita
3080 3412 3231 3481 impii
3291 3413 3344 3467 in
3377 3414 3682 3469 solitudine

2111 3511 2240 3556 est:
2305 3509 2361 3555 et
2427 3501 2700 3556 numerati
2759 3501 2886 3555 anni
2953 3501 3065 3556 dati
3141 3516 3267 3557 sunt
3334 3506 3564 3573 potenti,
3627 3517 3684 3559 et

2112 3594 2276 3648 timor
2337 3592 2390 3646 in
2442 3593 2668 3646 auribus
2728 3594 2868 3662 ejus.
2916 3593 3054 3649 Cum
3101 3597 3379 3663 putaverit
3452 3613 3511 3652 se
3555 3613 3680 3652 esse

2105 3685 2216 3752 jam
2246 3685 2299 3738 in
2322 3700 2473 3754 pace,
2510 3695 2640 3739 tunc
2695 3687 2910 3740 eversio
2952 3687 3150 3742 veniet
3209 3688 3281 3742 ei.
3332 3688 3450 3742 Non
3507 3691 3685 3744 credit

2115 3775 2230 3848 [ΑΙ.
2289 3774 2499 3846 credet]
2559 3777 2805 3830 converti
2894 3793 2925 3832 a
2988 3777 3254 3833 tenebris.
3353 3778 3471 3834 Jam
3532 3783 3681 3835 enim

2117 3867 2348 3923 traditus
2401 3870 2569 3922 estin
2615 3868 2867 3923 manibus
2923 3869 3075 3935 ferri,
3140 3878 3195 3923 et
3228 3870 3486 3926 decretus
3509 3882 3596 3926 est
3626 3873 3682 3926 in

2111 3976 2291 4016 escam
2321 3960 2434 4032 ιΑι.
2465 3959 2615 4030 esca]
2657 3961 2958 4022 vulturum,
3021 3970 3078 4017 et
3109 3964 3263 4017 novit
3294 3964 3348 4018 in
3383 3965 3684 4034 semetipso

2112 4051 2259 4121 quod
2298 4064 2551 4105 servatur
2580 4051 2649 4104 ad
2683 4053 2918 4107 ruinam.
2955 4052 3078 4107 Dies
3121 4054 3272 4107 enim
3324 4055 3680 4110 tenebrarum

2114 4144 2347 4198 terrebit
2384 4159 2532 4198 eum.
2560 4143 2867 4198 Necessitas
2897 4155 2952 4198 et
2982 4146 3264 4198 tribulatio
3296 4148 3503 4200 tenebit
3524 4162 3676 4201 eum.

2118 4305 2330 4358 Rursus
2359 4302 2604 4363 Grtecus,
2655 4305 2806 4375 faciet
2841 4321 3081 4367 vitassem,
3114 4321 3141 4359 a
3197 4307 3300 4358 fine
3346 4305 3482 4360 dixit
3520 4324 3535 4359 τ
3578 4306 3685 4361 "e-

2114 4375 2293 4446 l_i_r:eus
2319 4384 2499 4428 autem
2535 4373 2662 4446 rem
2685 4373 2856 4441 ipsam
2888 4376 3208 4444 respiciens,
3244 4378 3469 4444 fructum
3505 4377 3681 4446 faciet.

2114 4443 2420 4508 Utrobique
2448 4459 2579 4495 Vero
2603 4443 2744 4495 idem
2781 4443 3273 4499 sensusservatur.
3305 4465 3322 4498 ι
3370 4446 3468 4499 Ms.
3505 4443 3681 4499 codex

2113 4515 2412 4585 concordat
2442 4529 2566 4566 cum
2611 4511 2881 4567 Hebraico
2932 4517 2987 4568 in
3051 4515 3238 4568 ultima
3275 4531 3408 4569 voce
3453 4517 3684 4585 fructum

2120 4583 2289 4651 faciet.
2323 4583 2496 4637 MART.

2199 4657 2220 4687 ⁵
2254 4655 2651 4722 Asteriseotum
2689 4666 2742 4708 et
2775 4661 3102 4722 punctorum
3139 4653 3378 4708 ﬁnaliqu
3420 4664 3601 4720 notas,
3627 4666 3686 4710 ut

2123 4739 2266 4792 stupe
2307 4721 2459 4787 alibi,
2490 4724 2578 4777 hic
2609 4721 2825 4792 quoq-ie
2859 4738 2967 4776 non
2992 4725 3160 4776 semel
3192 4726 3554 4777 restituimns.

2196 4793 2216 4824 ⁶
2246 4794 2345 4846 llic
2364 4807 2459 4858 pro
2482 4797 2742 4847 asterisco
2765 4796 2830 4859 >ς<
2852 4805 3110 4861 posuerat
3135 4795 3434 4861 exscriptor
3467 4807 3530 4848 +
3557 4794 3688 4848 obe-

2121 4864 2260 4928 lum,
2294 4864 2388 4915 sed
2433 4863 2719 4916 manifesto
2744 4876 2952 4921 errore,
2987 4877 3148 4929 quem
3182 4864 3596 4916 emcndavimus
3619 4863 3685 4917 ad

2125 4935 2285 4987 fidem
2322 4931 2534 4986 llebrmi
2565 4932 2791 4985 codicis.
2830 4931 3146 4984 Notandum
3173 4947 3301 4984 vero
3332 4935 3685 4997 insequenti,

2122 5020 2279 5071 super
2313 5018 2452 5060 eum.
2495 5002 2708 5055 nullum
2731 5015 2850 5054 esse
2902 5003 3210 5070 appositum
3245 5004 3458 5070 signum
3489 5005 3542 5054 in
3581 5018 3683 5056 tus.

2123 5073 2494 5127 Alexandrino
2530 5072 2594 5124 ad
2633 5073 2792 5139 ﬁnem
2811 5071 2982 5139 hujus
3011 5072 3236 5136 capituli
3279 5088 3292 5124 :
3324 5073 3424 5124 etsi
3461 5075 3688 5124 minime

2124 5144 2474 5211 reperiantur
2506 5143 2620 5194 haee
2647 5141 2702 5194 in
2737 5138 2876 5211 LXX
2897 5138 3165 5194 Romana
3194 5142 3470 5195 editionis.
3509 5140 3686 5196 Man.

2195 5215 2213 5244 ⁷
2245 5213 2418 5266 Aliter
2452 5211 2706 5264 Martiau.
2740 5210 2851 5263 haec
2872 5211 3127 5278 juuxerat
3151 5212 3434 5280 interjecto
3458 5223 3686 5278 puncto,

2121 5299 2277 5352 super
2303 5297 2443 5334 eum.
2478 5281 2780 5343 Dilueruut,
2810 5292 2916 5352 etc.
2957 5280 3304 5352 haudAbene.

2195 5356 2216 5383 ⁸
2241 5351 2452 5422 Olytup.
2481 5361 2533 5402 et
2559 5352 2779 5420 l’olych.
2810 5351 2859 5402 in
2880 5354 3080 5402 Catena
3097 5349 3406 5403 Graecorum
3424 5352 3684 5422 Patrum:

2130 5421 2347 5489 «Neque
2376 5429 2500 5473 ante
2527 5422 2693 5473 colles
2718 5429 3010 5471 concretus
3041 5435 3121 5483 es,
3175 5423 3254 5472 vel
3313 5424 3394 5488 (ut
3422 5421 3688 5474 Hebrzeus

2124 5493 2307 5561 habet.)
2334 5503 2632 5561 conceptus
2669 5503 2797 5542 es...
2847 5489 3032 5561 Neque
3085 5489 3689 5561 eonstitutiunenrDo-

2125 5563 2254 5615 mini
2284 5559 2505 5623 audisu,
2563 5574 2663 5629 pro
2690 5574 2798 5627 quo
2836 5559 3050 5624 Aquda.
3090 5573 3315 5621 arcana,
3373 5559 3686 5614 'l‘heodotio

2125 5633 2452 5700 mysterium,
2475 5630 3008 5700 Symtnachusvero,
3024 5629 3368 5698 colloquium,
3389 5629 3649 5683 reddidit.
3664 5647 3682 5678 ι

2123 5698 2670 5768 ΙΙῖθιὉιιγηιυεὉυιιι
2709 5698 2901 5767 Aquila
2965 5708 3255 5761 consentit,
3314 5700 3443 5755 dum
3496 5700 3687 5754 Latine

2126 5771 2533 5842 interpretatur,
2560 5778 2648 5823 aut
2673 5785 2870 5823 arcana
2903 5769 3104 5820 Domini
3127 5771 3347 5836 (mdisti,
3375 5782 3458 5824 etc
3508 5772 3684 5824 Mter.
