4050 6184
382 448 447 506 85
1784 453 2019 514 LIBER
2063 456 2218 521 JOB.
3548 474 3617 534 86

379 562 523 616 Sicut
547 560 658 617 dux
694 563 746 618 in
777 567 952 635 prima
982 570 1097 624 acie
1141 571 1377 635 decidet,
1408 571 1500 642 qni
1524 572 1539 603 ί
1573 569 1802 624 elevavit
1831 581 1944 620 ma-
1970 570 2024 626 Α
2058 571 2213 627 dolor
2235 576 2254 607 '
2284 593 2298 641 ;
2355 586 2410 632 et
2442 578 2569 633 fecit
2602 583 2854 646 stultum,
2892 594 2945 639 ct
2984 593 3199 654 putrem
3232 589 3297 655 χ(
3326 589 3631 656 ιιιιιιτριιριιρ
3662 610 3663 613 η

381 666 481 704 nus
501 665 694 708 contra
721 656 1011 713 Dominum
1041 660 1153 732 [ΑΙ.
1191 662 1407 733 Deum],
1443 671 1498 715 et
1526 669 1717 716 contra
1759 660 1945 713 Domi-

379 757 504 795 num
563 746 997 815 omnipotentem
1055 760 1352 806 contumax
1407 753 1529 817 fuit,
1596 761 1652 805 et
1703 750 1949 804 cucurrit

378 847 563 891 contra
625 854 751 891 eum
809 843 1217 897 contumeliose
1280 847 1347 911 χ(
1384 844 1436 898 ἰιι
1494 858 1679 896 crassa
1734 841 1950 896 cervice

378 929 512 981 scuti
546 930 653 992 sui,
686 931 753 997 >ε<
783 933 913 1000 quia
946 935 1163 1002 operuit
1194 934 1384 987 faciem
1420 937 1439 966 θ
1492 936 1609 1002 ejus
1669 932 1723 985 in
1792 931 1949 997 adipe

380 1033 474 1072 suo
509 1023 577 1086 χ(
614 1032 667 1073 et
698 1021 826 1077 fecit
855 1026 1157 1095 capistrum
1220 1042 1385 1094 super
1441 1025 1670 1079 femora.
1731 1023 1949 1076 llabitet

380 1111 626 1165 civitates
656 1113 929 1179 desertas,
965 1117 1135 1170 intret
1169 1117 1223 1169 in
1255 1118 1448 1171 domos
1480 1132 1603 1186 quae
1639 1130 1747 1168 non
1788 1112 1951 1167 habi-

378 1215 587 1257 tantur.
616 1205 746 1271 Qiia:
778 1208 924 1261 enim
962 1209 1052 1263 ille
1091 1213 1302 1278 paravit
1341 1210 1382 1275 ³,
1448 1209 1540 1263 alii
1584 1209 1861 1272 auferent,
1894 1214 1951 1261 et

378 1310 483 1347 non
545 1295 834 1357 ditabitur.
905 1315 1008 1353 nec
1050 1300 1401 1369 permanebit
1454 1300 1760 1355 substantia
1807 1299 1948 1368 ejus.

378 1384 493 1437 Non
531 1388 713 1441 mittet
743 1387 853 1457 [ΑΙ.
888 1390 1169 1461 immittet]
1212 1407 1377 1461 super
1437 1401 1640 1445 terram
1674 1390 1947 1452 umbram,

378 1490 476 1527 nec
501 1475 729 1546 effugiet
761 1480 1049 1545 tenebras;
1111 1482 1206 1534 sed
1244 1483 1471 1551 stirpem
1502 1481 1622 1551 ejus
1689 1479 1951 1533 arefaciet

379 1581 592 1626 ventus.
633 1579 690 1621 et
717 1566 936 1623 decidet
967 1571 1088 1638 ejus
1121 1570 1241 1624 llos.
1276 1571 1393 1625 Non
1430 1582 1616 1640 speret
1646 1587 1703 1624 se
1732 1585 1951 1639 perma-

380 1673 509 1710 nere
540 1675 555 1711 :
591 1674 729 1712 vana
757 1660 903 1714 enim
937 1660 1195 1713 evenient
1220 1663 1295 1715 ei.
1370 1661 1623 1715 Praecisio
1674 1662 1792 1730 ejus
1824 1669 1952 1714 ante

382 1749 565 1801 lioram
584 1760 995 1820 corrumpetur,
1020 1760 1075 1805 et
1106 1766 1331 1820 germen
1360 1754 1487 1823 ejus
1515 1768 1624 1807 non
1648 1752 1949 1805 videbitur.

380 1840 758 1896 Vindemietur
799 1854 1059 1913 tanquam
1115 1846 1471 1899 uvaacerba
1525 1852 1652 1899 ante
1713 1854 1948 1912 tempus.

382 1931 607 1986 Decidat
640 1942 902 2003 tanquam
934 1933 1037 1989 flos
1097 1936 1279 1990 olivae.
1350 1936 1749 1991 Testimonium
1801 1936 1946 1989 enim

380 2023 531 2090 impii
566 2039 736 2087 mors,
782 2034 836 2077 et
870 2024 1015 2092 ignis
1052 2025 1341 2080 comburct
1372 2026 1565 2079 domos
1626 2040 1815 2079 eorum
1853 2026 1947 2093 qui

379 2131 601 2169 uiuuera
656 2114 960 2184 accipiunt.
1040 2116 1328 2186 Concipiet
1395 2117 1447 2170 in
1518 2125 1706 2170 ventre
1776 2117 1950 2186 gemi-

375 2217 483 2271 tus,
514 2217 572 2260 et
596 2208 854 2262 evenient
906 2208 956 2262 ei
990 2223 1150 2270 vana,
1221 2216 1276 2262 et
1337 2219 1532 2264 venter
1566 2208 1682 2278 ejus
1712 2209 1949 2277 portabit

376 2297 578 2352 dolum.

692 2405 1032 2446 assponnsns
1059 2406 1239 2445 Αυτειι
1268 2404 1359 2443 ron
1387 2389 1429 2453 ⁸,
1475 2406 1561 2446 Διτ
1593 2406 1607 2443 :

450 2480 804 2554 [Cap.X‘Jl.]
864 2482 1061 2535 Audivi
1125 2482 1253 2535 talia
1313 2483 1504 2535 multa.
1562 2480 1950 2535 Consolatores

374 2575 641 2629 malorum
668 2589 861 2628 omnes
889 2575 930 2627 ⁵.
962 2572 1103 2639 Quid
1138 2574 1283 2627 enim
1307 2573 1330 2626 ?
1365 2573 1387 2640 ζ
1425 2572 1683 2643 Nunquid
1703 2573 1841 2627 ordo
1864 2582 1948 2628 est

375 2669 427 2721 in
461 2668 810 2720 sermonibus
838 2666 1102 2735 spiritus?
1134 2669 1202 2735 χ(
1237 2674 1332 2721 aut
1365 2666 1421 2719 in
1479 2681 1589 2734 quo
1649 2666 1945 2720 molestum

374 2759 472 2813 tibi
490 2758 616 2819 erit,
647 2759 775 2825 quia
801 2756 1162 2826 respondebis
1189 2758 1213 2824 ζ
1280 2755 1345 2810 Et
1383 2772 1486 2825 ego
1513 2757 1818 2810 secundum
1849 2772 1949 2811 vos

375 2852 564 2919 loquar
589 2848 705 2920 [Αἰ.
730 2847 968 2919 loquor].
1003 2849 1060 2902 Si
1090 2850 1338 2919 subjecta
1374 2858 1524 2903 esset
1549 2849 1730 2902 anima
1770 2856 1949 2903 vestra

378 2958 477 3011 pro
510 2957 648 3001 inea.
678 2942 935 3009 loquerer
957 2941 1116 2996 vobis
1162 2941 1533 3006 sermonibus,
1588 2951 1643 2995 et
1670 2956 1947 2994 moverem

375 3049 540 3103 super
568 3048 665 3086 vos
700 3041 862 3102 caput
897 3047 1103 3086 meum.
1166 3032 1320 3086 Esset
1359 3032 1538 3085 virtus
1568 3031 1623 3084 in
1675 3046 1772 3085 ore
1804 3046 1946 3095 meo,

374 3137 430 3180 et
459 3127 601 3179 labia
633 3138 929 3185 moverem,
966 3132 1021 3177 et
1076 3138 1181 3177 non
1215 3138 1523 3193 parcerem.
1577 3124 1632 3176 Si
1668 3123 1813 3176 enim
1868 3123 1950 3176 lo-

375 3229 532 3282 quar,
565 3228 671 3265 non
708 3211 908 3265 dolebo
947 3212 1176 3264 vulnere
1208 3212 1253 3273 ⁸,
1310 3212 1457 3279 quod
1502 3212 1545 3265 si
1603 3222 1833 3273 taceam,
1865 3213 1948 3265 nio

377 3308 673 3360 hilominus
733 3304 1073 3360 tercbrabor.
1130 3305 1285 3359 Nunc
1338 3314 1520 3359 autem
1598 3307 1814 3358 lassavit
1864 3321 1950 3360 me

454 3483 471 3565 ξ
502 3482 845 3566 ⁸ξιιειιςδιίιιιιει
877 3496 984 3551 qua
1014 3496 1032 3534 :
1065 3491 1324 3536 neutrum
1355 3480 1578 3535 Graecus
1612 3480 1835 3551 probat,
1855 3484 1947 3537 sed

417 3570 505 3606 uia
528 3570 634 3607 οτι.

417 3572 505 3606 uia
528 3572 634 3607 οτι.

380 3572 410 3621 q
455 3628 473 3654 ²
501 3623 764 3676 Hebraeus
797 3620 961 3676 habet
987 3636 1116 3681 cor;
1146 3636 1208 3675 ac
1229 3622 1273 3673 si
1297 3621 1530 3682 diceret,
1562 3620 1792 3690 facultas
1828 3625 1950 3675 ani-

384 3711 481 3745 τηαν
518 3691 707 3745 visibili
750 3692 880 3744 luxu
915 3702 963 3743 et
1015 3692 1218 3743 deliciis
1277 3691 1536 3743 obcwcata
1562 3703 1673 3753 est;
1728 3708 1828 3758 pro
1861 3694 1953 3745 illo

384 3778 512 3815 vero
538 3763 901 3829 peristomium
933 3765 1059 3823 (nis.
1125 3762 1436 3828 capistrata)
1504 3761 1690 3821 liabet.
1732 3763 1951 3829 pingue-

382 3835 556 3885 uinem
596 3842 646 3885 et
674 3832 985 3898 diploidem,
1019 3840 1128 3883 etc.
1163 3830 1288 3885 Iliec
1325 3830 1747 3899 Olympiodorus
1778 3848 1828 3884 in
1855 3834 1952 3885 Ca-

386 3914 505 3955 tena
540 3902 640 3955 Gr.
668 3902 770 3954 PP.
806 3900 989 3953 Mam.

436 3974 472 4029 3
502 3972 646 4025 Idem
680 3972 917 4037 plurium
960 3984 1214 4032 numero,
1249 3968 1381 4033 Quae
1418 3970 1556 4022 enim
1613 3970 1697 4021 illi
1728 3987 1953 4038 parave-

386 4053 527 4103 runt,
562 4040 658 4093 alii
687 4048 957 4109 aujerunt.

454 4114 475 4141 ⁸
514 4112 730 4166 Omissa
761 4120 894 4162 sunt
917 4110 1103 4165 istlitcc
1137 4111 1191 4163 in
1219 4127 1327 4163 ms.
1374 4109 1585 4174 codice,
1628 4109 1715 4162 ubi
1749 4111 1955 4163 exscri-

386 4192 506 4251 ptor
533 4182 769 4249 spatium
804 4182 1083 4234 sufﬁeiens
1115 4195 1350 4234 vacuum
1383 4180 1611 4247 reliquit
1639 4179 1706 4251 ad
1732 4195 1809 4232 lea
1853 4182 1953 4233 deo

385 4251 674 4304 scribenda
705 4253 968 4303 miniaceo
1001 4252 1207 4313 colore,

381 4322 533 4387 Quod
569 4324 623 4373 in
653 4320 776 4372 aliis
817 4335 950 4372 mss.
1014 4320 1219 4372 factum
1271 4319 1645 4386 conspicimus
1686 4334 1699 4371 :
1735 4334 1856 4369 nam
1898 4324 1951 4371 in

386 4393 573 4444 inultis
617 4388 816 4442 desunt
866 4389 1066 4458 saepius
1118 4390 1259 4443 tituli
1309 4397 1367 4443 et
1427 4389 1626 4442 littera:
1689 4391 1949 4443 initiates.

382 4462 555 4514 Mam.

457 4533 478 4560 '
506 4528 865 4584 llcstituimus
883 4528 949 4581 ad
973 4529 1219 4583 Graecum
1250 4526 1550 4597 exemplar,
1579 4536 1637 4581 et
1664 4529 1950 4595 Augustini

1274 4266 1337 4302 ac
1366 4250 1568 4301 litteris
1603 4249 1944 4315 niajtiscnlis.
1974 4275 1982 4285 -

2056 664 2184 719 disti
2221 682 2329 731 me,
2359 677 2414 722 et
2442 670 2494 723 in
2532 674 2909 730 testimonium
2943 676 3117 732 factus
3143 694 3289 743 sum,
3330 681 3394 747 Ἀ(
3423 690 3476 733 et
3504 696 3627 735 sur-

2056 759 2196 811 rexit
2224 776 2389 829 super
2422 777 2505 816 mc
2526 768 2875 822 mendacium
2900 785 3104 834 meum,
3132 774 3196 838 λ
3220 782 3410 826 contra
3432 773 3623 827 faciem

2055 865 2230 903 meam
2277 856 2635 923 respondebit
2667 859 2687 887 ⁸
2729 860 2751 927 ζ
2785 860 3068 915 Iracundia
3100 870 3246 917 enim
3276 880 3405 917 usus
3428 864 3629 934 dejecit

2055 954 2164 999 me.
2202 944 2426 999 fremuit
2454 961 2617 1014 super
2647 964 2733 1003 me
2757 952 3033 1006 dentibus.
3065 952 3284 1022 Sagittae
3324 958 3625 1024 piratarum

2052 1031 2174 1098 eius
2211 1049 2379 1103 super
2413 1052 2497 1091 me
2545 1041 2893 1103 deciderunt,
2950 1044 3069 1097 acie
3101 1046 3384 1099 oculorum
3440 1050 3622 1104 irruit.

2054 1124 2271 1179 Acriter
2294 1130 2563 1195 percussit
2594 1148 2677 1185 me
2701 1137 2755 1187 in
2813 1136 3042 1203 genibus
3080 1140 3124 1201 ’,
3180 1148 3233 1193 et
3293 1141 3457 1195 simul
3495 1159 3627 1196 eon-

2053 1228 2352 1273 curreruiit
2386 1223 2440 1273 in
2469 1237 2574 1276 mc.
2624 1223 2879 1281 Tradidit
2923 1229 3067 1281 enim
3117 1245 3204 1284 me
3254 1232 3513 1286 Dominus
3567 1235 3623 1288 in

2058 1323 2255 1363 manus
2288 1310 2485 1379 iniqui,
2518 1326 2571 1366 ct
2602 1312 2747 1367 inter
2775 1315 2970 1383 impios
3002 1319 3233 1388 projecit
3257 1336 3358 1373 ire.
3399 1321 3455 1374 In
3491 1337 3623 1389 pace

2052 1414 2177 1454 cum
2203 1415 2405 1463 essem,
2436 1402 2722 1473 discerpsit
2763 1421 2869 1462 me.
2903 1416 2957 1460 et
2990 1417 3180 1463 tenens
3207 1426 3415 1465 comam
3446 1429 3621 1466 meam

2052 1487 2280 1543 divulsit
2322 1490 2439 1563 [ΑΙ.
2474 1492 2744 1566 devellit].
2804 1498 3007 1551 Statuit
3062 1515 3148 1553 me
3204 1501 3348 1554 sicut
3379 1504 3620 1571 signum.

2049 1579 2549 1638 Circumdederunt
2590 1584 2632 1615 ¹⁰
2664 1600 2749 1639 me
2784 1587 2988 1642 lanceis
3013 1590 3325 1645 emittentcs
3372 1594 3425 1645 in
3464 1607 3627 1647 renes

2052 1685 2226 1732 meos,
2294 1680 2352 1725 et
2384 1670 2496 1744 [ΑΙ.
2543 1682 2679 1729 tacet
2706 1676 2786 1747 et]
2825 1693 2933 1732 non
2966 1692 3355 1749 pepercerunt.
3393 1683 3614 1736 Eﬂ‘ude-

2051 1774 2180 1816 runt
2205 1763 2258 1816 in
2301 1773 2446 1818 terra
2478 1766 2547 1821 fel
2570 1783 2773 1830 meum.
2799 1770 3124 1841 dejecerunt
3144 1788 3231 1828 me
3254 1775 3624 1843 prostratione.

2056 1869 2269 1923 magna.
2305 1856 2676 1912 Cucurrerunt
2699 1860 2766 1913 ad
2807 1877 2893 1916 me
2933 1871 3206 1931 potentes.
3264 1865 3505 1918 cilicium
3537 1879 3625 1918 as-

2057 1956 2287 1999 suerunt
2311 1947 2464 2001 corio
2496 1963 2619 2003 meo
2649 1968 2665 2014 ;
2697 1952 2873 2007 virtus
2919 1954 3064 2008 enim
3097 1970 3213 2009 mea
3262 1956 3315 2009 in
3354 1966 3495 2011 terra
3524 1973 3619 2010 ex-

2056 2037 2253 2090 stincta
2287 2048 2373 2092 est
2406 2039 2470 2101 “,
2502 2051 2693 2095 venter
2725 2057 2879 2097 meus
2915 2046 3238 2100 combustus
3264 2056 3349 2101 est
3406 2063 3435 2100 a
3468 2047 3621 2113 ﬂetu.

2054 2137 2110 2180 et
2136 2142 2302 2195 super
2329 2129 2619 2197 palpebras
2654 2147 2800 2187 meas
2836 2135 3024 2188 umbra
3055 2137 3244 2191 mortis
3266 2138 3326 2191 η.
3363 2138 3626 2206 Iniqiiitas

2056 2217 2204 2271 nulla
2235 2228 2353 2272 erat
2384 2219 2437 2271 in
2463 2221 2711 2275 manibus
2733 2226 2892 2289 meis,
2919 2226 3012 2279 sed
3042 2227 3217 2280 oratio
3249 2242 3367 2281 mea
3395 2228 3623 2281 munda.

2056 2308 2225 2363 Terra
2254 2325 2323 2363 ne
2354 2311 2569 2380 operiat
2627 2330 2798 2383 super
2865 2319 3185 2385 sanguinem
3224 2319 3409 2373 carnis
3470 2336 3622 2383 mete.

2057 2414 2159 2453 nec
2192 2399 2265 2454 sit
2300 2401 2455 2456 locus
2484 2403 2708 2462 clamori
2741 2422 2883 2459 meo.
2946 2408 3011 2460 Et
3047 2424 3193 2462 nunc
3225 2425 3353 2464 ecce
3388 2410 3439 2462 in
3472 2411 3626 2463 crelis

2055 2498 2140 2545 est
2200 2492 2357 2547 testis
2414 2508 2589 2560 meus,
2632 2504 2688 2549 ct
2746 2498 3003 2553 conscius
3055 2515 3210 2553 mens
3261 2502 3314 2555 in
3371 2503 3622 2557 excelsis.

2056 2582 2328 2636 Ascendat
2391 2583 2705 2653 deprecatio
2758 2603 2878 2642 mea
2916 2590 2981 2642 ad
3042 2590 3353 2654 Dominum,
3418 2604 3471 2647 et
3500 2606 3625 2647 ante

2056 2681 2405 2740 conspectum
2433 2675 2554 2743 ejus
2579 2676 2811 2731 distillet
2836 2682 3026 2733 ocu!us
3059 2697 3237 2735 meus.
3273 2683 3618 2752 Dijndiceinr

2057 2764 2142 2816 vir
2182 2780 2306 2817 cum
2342 2766 2572 2820 Domino
2599 2770 2665 2834 >ε<
2702 2770 2849 2823 sicut
2877 2770 3024 2825 filius
3055 2774 3301 2827 hominis
3328 2776 3392 2826 ad
3437 2774 3622 2842 proxi-

2058 2869 2207 2906 rnum
2237 2870 2396 2908 suum
2428 2855 2449 2922 ζ
2481 2857 2611 2910 anni
2644 2858 2789 2911 enim
2813 2858 3144 2914 dinumerati
3175 2871 3443 2914 venerunt
3468 2862 3623 2921 niilii,

2057 2955 2113 2998 et
2161 2945 2303 2997 viam
2361 2961 2468 3015 qua
2504 2946 2614 3018 [ΑΙ.
2646 2964 2743 3017 per
2780 2949 2971 3021 quain]
3008 2966 3113 3004 non
3146 2964 3411 3011 revertar,
3442 2953 3625 3020 ingre-

2058 3037 2195 3090 diar.
2232 3036 2391 3107 (Cap.
2431 3036 2617 3110 XVII.)
2651 3040 2852 3106 Defeci,
2883 3045 3123 3111 agitatus
3162 3044 3384 3112 spiritu.
3431 3043 3540 3097 Oro
3569 3054 3627 3095 ut

2059 3132 2314 3199 sepeliar,
2367 3141 2558 3186 etnon
2614 3134 2883 3203 contingit
2919 3136 3076 3189 milii.
3138 3136 3337 3191 Preces
3388 3136 3626 3188 adliibco

2057 3238 2180 3275 cum
2214 3223 2417 3275 labore.
2452 3222 2518 3276 Et
2550 3224 2680 3292 quid
2708 3224 2853 3279 feci?
2890 3226 3073 3279 Furati
3095 3237 3219 3280 sunt
3247 3227 3456 3281 externi
3486 3226 3627 3280 bona

2056 3329 2196 3367 mea.
2234 3318 2296 3380 ξε(
2331 3314 2463 3379 Quis
2491 3325 2573 3369 est
2598 3315 2750 3369 iste?
2813 3318 2892 3370 Ad
2925 3333 3144 3370 manum
3183 3333 3356 3371 meam
3405 3318 3622 3385 ligetur.

2053 3484 2440 3554 przefertt'm.
2488 3500 2549 3539 ac
2588 3486 2747 3540 facile
2805 3488 3167 3541 existimarint
3217 3487 3617 3556 Origeniauuin

2052 3570 2268 3622 quoque
2318 3556 2595 3624 exemplar
2656 3559 2736 3619 ei;
2793 3559 3042 3618 σιαγόνιτι
3104 3558 3233 3610 οΙιιη
3292 3562 3619 3625 ριίειιιιιεδθ.

2056 3626 2258 3696 Verum
2293 3640 2422 3696 cum
2455 3629 2615 3696 etiam
2644 3626 2983 3696 Augustinus
3004 3630 3055 3679 in
3083 3626 3272 3679 Latino
3305 3645 3404 3680 suo
3431 3632 3621 3683 codice

2056 3694 2353 3757 invenerit,
2396 3695 2448 3745 iii
2472 3695 2706 3762 genibus,
2738 3694 2793 3749 et
2825 3695 3046 3749 Graecus
3081 3698 3275 3749 habent
3304 3700 3383 3759 si;
3413 3704 3480 3749 τὰ
3534 3703 3627 3763 γό-

2056 3781 2214 3825 νατα,
2256 3765 2476 3831 propius
2514 3765 2580 3817 ad
2625 3768 2785 3817 tidem
2826 3776 2911 3819 est
2967 3768 3203 3832 Opiuari,
3257 3767 3365 3832 jam
3398 3769 3523 3822 inde
3557 3771 3628 3821 ab

2057 3834 2371 3901 Hieronymi
2432 3848 2549 3885 aevo
2611 3835 2779 3887 fuisse
2827 3834 3045 3889 Graecas
3110 3850 3295 3894 voces,
3354 3839 3434 3895 εἰς
3504 3855 3627 3888 σια-

2056 3905 2235 3968 γόνισι.
2270 3903 2338 3954 ob
2372 3902 2677 3955 litterarum
2714 3904 3129 3956 similitudinem
3167 3920 3195 3956 a
3233 3905 3477 3959 librariis
3526 3912 3623 3959 de-

2060 3980 2310 4042 pravatas
2344 3970 2414 4042 Ain_
2439 3972 2534 4022 has
2578 3972 2657 4030 si;
2711 3975 2779 4023 τὰ
2814 3973 3016 4035 vri/ara.
3052 3991 3063 4024 :
3112 3982 3277 4039 atque
3348 3977 3622 4042 ejusmodi

2057 4040 2354 4107 exemplari
2385 4039 2442 4096 S.
2478 4056 2695 4109 quoque
2722 4057 2879 4093 nsum
2916 4058 3033 4094 esse
3080 4039 3463 4109 interpretem,
3495 4062 3621 4099 cum

2059 4111 2269 4162 nullum
2299 4112 2466 4161 ferme
2498 4124 2646 4163 esset
2676 4112 2803 4162 boui
2842 4127 3034 4163 sensus
3070 4112 3440 4178 dispendium.
3489 4116 3627 4168 Ilinc

2060 4191 2229 4240 certe,
2266 4196 2387 4231 cuni
2415 4180 2622 4248 pridem
2654 4182 2704 4231 in
2727 4197 2884 4248 genas
2906 4183 3206 4233 rescribere
3224 4184 3624 4242 statuissemus.

2064 4249 2411 4316 probavimus
2443 4250 2659 4300 domum
2688 4252 3131 4316 Anguslinianain
3161 4252 3451 4303 lectionem
3482 4257 3622 4307 lianc

2063 4334 2237 4385 magis
2268 4337 2280 4371 :
2320 4335 2480 4386 quam
2511 4324 2655 4371 eiiiin
2688 4336 2717 4370 e
2772 4336 2874 4371 suo
2926 4336 3025 4371 nis.
3055 4321 3350 4372 excuderat
3407 4323 3625 4375 Martia-

2064 4404 2213 4441 lizens
2240 4405 2346 4439 uno
2385 4392 2552 4441 verlio
2590 4389 2791 4455 ingens,
2823 4390 2935 4439 sive
2963 4406 3059 4455 pro
3093 4392 3143 4440 iii
3174 4406 3357 4457 genas,
3389 4392 3504 4443 sive
3532 4408 3631 4459 pro

2062 4460 2115 4509 in
2150 4459 2417 4525 gentibus.
2478 4461 2824 4522 depravatum
2862 4459 2993 4510 velis
3028 4461 3331 4511 scribarum
3382 4462 3628 4514 Oscitati-

2067 4531 2160 4589 tia,
2200 4529 2489 4580 manifesto
2518 4527 2832 4580 mendosam
2868 4542 2934 4582 ac
2956 4528 3142 4581 falsam
3174 4529 3281 4597 pati
3341 4530 3486 4582 haud
3533 4548 3627 4600 po—

384 4604 695 4663 lectionem,
729 4600 1102 4654 Consolatores
1125 4600 1392 4652 malorum
1416 4612 1618 4663 omnes,
1642 4613 1738 4666 pro
1753 4599 1954 4667 quibus
1984 4610 2032 4666 ι)
2066 4599 2296 4667 luimus.

387 4684 526 4732 erat,
556 4669 917 4724 Consolatores
942 4671 1071 4722 mali
1105 4686 1193 4723 vos
1232 4686 1433 4722 omnes.

457 4772 519 4781 ——
554 4742 659 4797 Pro
691 4757 801 4806 quo
830 4741 1047 4807 Aquila,
1107 4741 1285 4807 inquit
1314 4736 1765 4807 Olympiodorus,
1813 4736 1951 4791 Con-

385 4797 945 4870 solatoreslu'boruni;
1004 4797 1332 4873 Tlieodotio,
1376 4797 1760 4862 Consolatores
1786 4810 1953 4861 mole-

387 4886 640 4944 stiarum;
699 4879 1064 4949 Symmachus
1116 4889 1295 4931 autem
1353 4877 1651 4949 dilucidius
1682 4879 1950 4943 reddidit,

388 4948 751 5007 Consolatores
788 4963 964 5001 omnes
1001 4949 1165 5001 odiosi
1190 4949 1334 5001 estis.
1368 4948 1546 5000 Mam.

458 5024 480 5053 ⁸
511 5021 666 5074 Falso
708 5022 912 5084 legerat
963 5018 1329 5078 Martianaeus,
1359 5033 1465 5069 non
1492 5013 1669 5069 delebo
1699 5018 1948 5082 vulnera,

392 5109 488 5161 pro
523 5109 620 5144 non
644 5080 826 5143 dolebo
855 5088 1092 5151 vulnere,
1124 5090 1271 5161 juxta
1290 5086 1560 5161 Grieeum,
1589 5086 1687 5136 οὐκ
1727 5080 1953 5157 cnﬁdo)

391 5155 449 5213 ἓν,
478 5162 699 5231 τραῦμά
735 5177 861 5228 μου,
909 5158 1373 5228 quemadmodum
1429 5155 1489 5209 Β.
1522 5169 1741 5223 quoque
1772 5155 1952 5226 Augu-

390 5246 564 5287 stinus
592 5232 740 5299 legit.

464 5302 481 5330 ⁷
512 5295 717 5355 Nomen
778 5297 948 5357 dolor.
978 5299 1123 5367 quod
1157 5295 1375 5365 proprie
1409 5296 1462 5349 in
1488 5298 1676 5353 Graeco
1716 5310 1948 5361 nonest,

395 5391 464 5427 in:
500 5390 608 5439 ipse
633 5371 853 5440 quidem
886 5372 1221 5438 Angustintis
1256 5368 1424 5420 novit.

466 5444 484 5473 ⁵
510 5437 666 5509 Apud
710 5440 768 5494 S.
803 5437 1168 5505 Augustinum
1211 5437 1476 5509 respondi,
1501 5438 1593 5506 qui
1631 5455 1755 5492 mox
1808 5442 1949 5491 enim

393 5508 711 5568 adverbium
747 5514 949 5563 rectius
983 5508 1396 5577 prmiermitiit:
1464 5524 1576 5560 ttllll
1636 5526 1765 5562 vero
1826 5526 1949 5561 orn-

394 5588 543 5637 ιιιιιιιι
578 5586 780 5646 optime
817 5580 1002 5649 dejecit
1036 5594 1135 5639 me,
1173 5579 1302 5646 legit
1330 5578 1481 5643 juxta
1513 5578 1756 5631 Graecum
1790 5582 1950 5643 μετέ-

394 5656 555 5706 6ιλ).έ
595 5669 683 5721 με,
716 5650 1176 5721 (ιυειιιειύιιιοάυιιι
1202 5659 1258 5699 et
1289 5662 1389 5699 nos
1416 5649 1780 5721 restituimns.
1804 5650 1950 5703 Satis

394 5735 576 5778 autem
598 5719 801 5775 'vitinsc
825 5736 887 5773 ac
918 5719 1071 5772 nullo
1101 5722 1274 5770 ferme
1307 5732 1468 5770 sensu
1500 5719 1848 5773 Martianaius
1881 5736 1948 5773 ex

393 5802 650 5862 corrupto
678 5806 779 5845 suo
807 5805 905 5842 ius.
939 5790 1258 5849 excuderat,
1281 5788 1483 5862 defecit
1506 5802 1605 5862 uie.

467 5870 486 5896 ⁹
513 5858 689 5919 atatim
722 5863 971 5930 equidem
1008 5863 1060 5913 in
1087 5874 1245 5927 genus
1278 5859 1404 5927 legi,
1430 5860 1574 5925 quod
1605 5869 1660 5914 ct
1690 5858 1948 5916 llebrzcus

2147 4666 2191 4695 ¹⁰
2228 4667 2431 4718 Iterum
2470 4666 2757 4719 manifesto
2790 4682 2976 4721 errore
3012 4668 3298 4721 laborabat
3322 4668 3624 4722 Illartianaei

2062 4738 2253 4798 lectio,
2278 4734 2733 4806 circumdederant
2774 4738 3009 4799 lanceas,
3044 4754 3204 4806 quam
3232 4754 3297 4791 ex
3334 4742 3394 4791 5.
3444 4741 3631 4805 Αιιίςιι-

2062 4808 2190 4859 stini
2229 4808 2569 4875 testimonio,
2612 4805 2801 4858 Graeco
2844 4805 3071 4875 jugiter’
3103 4818 3273 4872 textu,
3312 4808 3630 4861 ἐκύκλωλαν

2067 4894 2133 4945 με
2163 4876 2419 4945 λόγχαιςε
2441 4874 2802 4942 suffragante,
2838 4874 3273 4934 ciiieiidavituus.

2138 4948 2176 4975 ¹¹
2206 4947 2361 4998 Falso
2377 4944 2723 4996 Martiatneus
2748 4948 3075 4998 versiculum
3095 4948 3277 5009 istum,
3301 4948 3462 5000 virtus
3492 4949 3630 4999 enim

2066 5033 2179 5069 mea
2216 5019 2266 5068 in
2298 5023 2440 5065 terra
2473 5015 2729 5065 exstincta
2756 5028 2853 5086 est,
2898 5020 3114 5082 prazlixo
3156 5019 3311 5069 obolo
3348 5019 3631 5086 jngulavu-

2064 5098 2168 5145 rat,
2203 5086 2427 5149 perinde
2455 5100 2515 5135 ac
2552 5088 2595 5135 si
2618 5094 2764 5136 esset
2785 5085 3031 5137 Griecuin
3062 5085 3458 5149 assumentum,
3484 5090 3629 5155 quod

2064 5158 2117 5209 in
2153 5156 2378 5207 Hebraeo
2435 5155 2729 5221 archetypo
2779 5171 2888 5206 non
2935 5159 3251 5209 haberetur.
3302 5157 3500 5208 Verum
3548 5171 3629 5208 est

2063 5229 2152 5279 illa
2184 5225 2428 5277 omnium
2460 5224 2571 5274 fcie.
2610 5226 3037 5293 luculentissima
3073 5243 3125 5277 in
3169 5228 3393 5279 Ilebi‘wo
3413 5236 3632 5279 senten-

2063 5302 2133 5348 lia
2157 5339 2170 5360 ,
2199 5304 2338 5379 ΤἾΡ
2361 5302 2517 5355 ’ἺΞὩ
2548 5282 2736 5355 tnb‘v'n
2789 5304 2955 5362 quod,
3011 5306 3094 5349 est
3130 5297 3198 5348 ad
3248 5302 3498 5352 Vet'liuin.
3565 5296 3627 5345 lit

2058 5390 2347 5456 inﬁrmavit
2376 5393 2428 5443 iii
2461 5392 2670 5458 pulvere
2697 5407 2859 5443 cornu
2890 5408 3084 5454 meum,
3110 5392 3253 5458 quod
3288 5389 3629 5443 commodius

2057 5462 2227 5514 (ἓνωυί
2264 5464 2717 5528 interpretantur.
2784 5464 2856 5512 Τὸ
2885 5466 2939 5513 δὲ
3010 5466 3193 5521 cUévo;
3249 5478 3349 5523 μου
3404 5462 3483 5519 εἰς
3526 5474 3629 5524 γτμ

2057 5532 2314 5600 ὲσὸἐ.οη,
2348 5531 2523 5582 liobur
2560 5542 2739 5583 autent
2775 5548 2942 5583 meum
3005 5533 3058 5582 in
3114 5541 3257 5580 terra
3293 5530 3631 5600 exstinctum

2055 5610 2153 5654 est.
2184 5603 2263 5654 Ad
2284 5599 2451 5653 tidem
2489 5605 2674 5670 itaque
2717 5600 2930 5655 Hebraei
2970 5611 3151 5653 textus
3182 5599 3403 5653 obelutii
3442 5609 3627 5652 sustu-

2054 5673 2242 5725 limus.

2130 5743 2175 5776 ¹²
2200 5741 2416 5796 videtur
2446 5758 2545 5794 vox
2568 5743 2770 5805 mortis,
2793 5745 2857 5793 ad
2885 5739 3236 5794 Alexandrini
3271 5741 3478 5795 codicis
3499 5755 3628 5794 non

2054 5829 2195 5870 mam
2221 5820 2480 5868 asterisco
2514 5814 2880 5883 insignienda.
