3966 6184
385 228 447 288 εἰ
1299 233 1359 294 s.
1400 232 1840 294 HIERONYMI
1880 236 2152 298 DIVINA
2193 238 2716 302 BIBLlOTllECA.
3549 230 3620 296 88

371 343 440 408 >κ
479 339 617 406 Quia
671 355 768 395 cor
813 355 1002 394 eorum
1066 339 1408 395 abscondisti
1463 358 1490 395 a
1546 344 1841 413 prudentia
1877 347 1945 414 )t(
1975 347 2023 408 Α
2051 347 2101 402 ei
2134 362 2439 418 praeparata
2469 360 2556 406 est
2588 365 2803 421 magna.
2846 347 3218 404 Comedantur
3253 345 3386 401 rami
3419 345 3618 415 pedum

370 443 594 502 propter
661 434 768 488 hoc
802 449 910 487 non
962 435 1229 488 exaltabis
1267 448 1364 487 eos
1399 437 1486 502 Χ.
1525 434 1672 489 Parti
1725 451 1943 490 annun-

370 526 576 579 tientur
610 527 624 557 ι
671 527 832 588 mala,
896 535 952 580 et
978 528 1120 578 oculi
1155 541 1322 594 super
1355 526 1494 580 ﬁlios
1522 542 1716 580 eorum
1753 528 1943 582 tabue-

371 631 497 671 runt
535 619 556 686 ζ
594 619 831 672 Posuisti
859 631 1041 672 autem
1081 633 1165 672 me
1199 619 1254 671 in
1291 619 1564 687 loquelam
1600 621 1939 683 nationibus,

369 712 505 764 etin
550 711 722 763 risuin
748 712 854 764 illis
909 711 1126 764 deveni.
1188 710 1481 765 Obscurati
1534 719 1664 766 sunt
1730 711 1799 765 ab
1861 711 1942 766 ira

372 803 486 874 [ΑΙ.
519 803 590 856 ob
625 800 786 873 iram]
821 803 964 856 oculi
1005 806 1132 867 mei,
1164 814 1218 856 et
1245 814 1592 874 espugiiatus
1624 818 1744 858 sum
1777 804 1942 858 valde

371 895 440 951 ab
464 895 740 959 omnibus,
807 903 863 949 et
894 896 1074 948 mirati
1127 908 1267 950 sunt.
1315 911 1484 965 super
1519 897 1636 950 haec
1666 895 1780 968 [ΑΙ.
1811 894 1938 967 hoc]

366 998 615 1037 veraces.
646 984 835 1038 Justus
864 995 1050 1039 autem
1081 1002 1245 1054 super
1276 988 1562 1041 inimicum
1621 1001 1940 1056 consurgat,

368 1074 700 1128 etobtineat
733 1073 910 1129 ﬁdelis
943 1077 1080 1128 viain
1128 1091 1308 1141 suam,
1367 1086 1421 1130 et
1470 1093 1640 1145 purus
1688 1077 1942 1130 manibus

367 1177 548 1220 sumat
569 1166 883 1221 audaciam.
916 1167 1262 1237 Quapropter
1287 1184 1480 1222 omnes
1518 1169 1935 1230 convertimini.

365 1267 422 1311 et
449 1257 646 1312 venite.
686 1258 806 1312 Non
834 1258 982 1312 enim
1039 1259 1261 1312 invenio
1290 1260 1342 1312 in
1393 1261 1548 1314 vobis
1583 1261 1870 1313 veritatem
1898 1262 1940 1313 ³.

368 1349 493 1401 Dies
521 1351 628 1402 mei
658 1351 994 1407 transierunt
1027 1351 1080 1403 iii
1118 1352 1525 1406 calamitatibus
1550 1371 1560 1402 :
1581 1362 1634 1404 et
1655 1366 1941 1404 concussae

351 1450 496 1496 sunt
531 1427 821 1511 compages
851 1444 1036 1497 cordis
1063 1446 1190 1498 mei.
1224 1445 1452 1498 Noctem
1492 1446 1544 1497 in
1569 1443 1713 1496 diem
1744 1458 1940 1512 posue-

367 1543 514 1584 runt.
541 1532 658 1588 Lux
689 1549 856 1601 prepe
879 1533 1071 1588 faciem
1105 1535 1482 1588 tenebrarum.
1511 1531 1569 1586 Si
1597 1531 1935 1595 sustinuero,

370 1625 531 1679 inferi
565 1636 725 1680 erunt
755 1629 950 1682 domus
1011 1643 1154 1682 mea.
1211 1627 1267 1681 In
1304 1626 1547 1680 tenebris
1604 1632 1810 1679 stratus
1857 1632 1940 1676 est

366 1718 540 1773 lectus
568 1733 745 1772 meus.
787 1718 1076 1772 Interitum
1135 1718 1405 1787 appellavi
1463 1729 1678 1785 patrem
1727 1730 1930 1778 meum,
1969 1695 2010 1749 Β

340 1819 597 1874 ,ιιιξιιτεηι
627 1825 826 1869 meam.
866 1819 924 1865 et
956 1826 1200 1864 sororem
1238 1811 1440 1863 tabem.
1498 1811 1629 1874 Quae
1675 1815 1760 1862 est
1787 1805 1934 1861 enim

369 1901 502 1955 inibi
533 1903 645 1970 jam
677 1904 838 1972 spes?
866 1913 961 1958 aut
994 1904 1134 1958 bona
1164 1919 1284 1958 mea
1319 1903 1550 1957 videbo:
1588 1912 1686 1956 aut
1720 1915 1935 1955 mecum

367 1992 431 2043 ad
462 1994 669 2046 inferos
701 1993 1081 2048 descendent?
1119 2001 1215 2046 aut
1247 1995 1452 2061 pariter
1488 1993 1540 2046 iii
1569 1992 1813 2046 cinerem
1846 1991 1941 2045 de-

366 2085 722 2139 scendemus.

475 2234 810 2273 RESPONDENS
842 2235 1022 2274 Αυτειι
1052 2236 1257 2274 BALDAD
1294 2234 1600 2281 SAUCHITES,
1635 2231 1782 2272 DIXIT
1817 2233 1831 2271 2

443 2353 601 2423 [ϐαρ.
636 2351 851 2423 XVlll.]
880 2354 1178 2421 Quousque
1209 2368 1317 2405 non
1367 2367 1426 2406 es
1464 2351 1776 2405 taciturus?
1828 2347 1940 2405 Co-

370 2449 496 2500 hibe
534 2458 606 2509 te,
631 2457 690 2499 ut
718 2457 771 2498 et
800 2461 898 2500 nos
921 2447 1235 2514 loquamur.
1298 2445 1410 2499 Cur
1444 2453 1505 2498 ut
1564 2443 1941 2512 quadrupedia

373 2539 641 2594 tat-nimus
674 2553 856 2590 coram
917 2537 1007 2590 te?
1061 2538 1310 2592 abutitur
1355 2546 1408 2590 te
1442 2536 1746 2590 iracundia.
1801 2535 1941 2613 Quid

369 2629 556 2682 enim?
597 2628 654 2681 Si
691 2637 745 2680 tu
787 2637 1040 2682 mortuus
1063 2629 1260 2690 fueris,
1323 2629 1427 2682 sub
1461 2629 1601 2680 coilo
1637 2643 1745 2680 non
1781 2627 1943 2680 habi-

370 2723 578 2775 tabitur
602 2737 620 2774 :
647 2733 739 2774 aut
770 2721 1167 2774 subvertetttur
1225 2729 1440 2774 montes
1481 2735 1510 2772 a
1545 2719 1940 2780 fundamentis,

367 2822 423 2868 et
456 2815 640 2865 lumen
691 2813 983 2880 impiorum
1041 2811 1444 2878 exstinguetur,
1505 2825 1605 2863 nec
1635 2809 1944 2878 splendebit

367 2907 584 2960 llam-ma
614 2918 803 2956 eorum
825 2903 846 2955 ‘3
869 2903 982 2956 Lux
1011 2902 1131 2970 ejus
1158 2904 1263 2954 erit
1286 2899 1400 2970 [ΑΙ.
1427 2900 1670 2968 fuerunt]
1703 2899 1944 2951 teneliia:

343 2997 423 3049 in
460 2995 654 3058 domo,
685 3004 738 3047 et
766 2994 988 3045 lucerna
1025 2994 1362 3058 saper'cum
1393 2992 1791 3053 exstinguetur.
1841 2990 1942 3042 Ca-

368 3087 522 3156 piant
552 3085 571 3114 ⁸
607 3085 779 3138 inlluii
815 3084 1175 3136 substantiam
1202 3082 1343 3150 ejus,
1381 3092 1436 3134 et
1472 3092 1619 3134 erret.
1646 3080 1940 3133 cuneilium

371 3179 513 3246 ejus.
550 3176 836 3230 immissus
873 3174 1123 3227 estenim
1193 3189 1288 3241 pes
1319 3175 1439 3237 ejus
1466 3173 1517 3224 in
1546 3174 1799 3239 laqueum
1829 3170 1941 3244 [ΑΙ.

368 3266 616 3338 laqueo].
643 3267 775 3320 etin
804 3274 918 3319 rete
943 3265 1339 3332 implicabitur.
1368 3263 1596 3316 Veniant
1623 3278 1787 3330 super
1817 3280 1940 3316 eum

368 3362 546 3430 laquei
577 3363 644 3429 Ἀ(
675 3357 1014 3412 confurtabit
1047 3357 1157 3427 [ΑΙ.
1197 3355 1557 3426 confortavitj
1615 3371 1780 3423 super
1816 3371 1942 3409 eum

367 3453 615 3508 sitientes
651 3450 673 3519 ζ
701 3450 1059 3503 absconditus
1111 3459 1197 3501 est
1231 3463 1399 3515 super
1430 3458 1630 3500 terram
1666 3448 1943 3500 funiculus

368 3543 484 3611 t-jns
527 3543 668 3605 »ζει
695 3539 875 3606 captio
903 3539 1020 3608 ejus
1047 3538 1102 3590 in
1152 3540 1348 3590 semita
1385 3535 1494 3607 (ill.
1530 3536 1785 3606 semitis).
1839 3535 1944 3591 Per

367 3632 660 3687 circuitum
696 3629 719 3699 ζ
753 3628 990 3700 perdant
1021 3643 1147 3682 eum
1189 3627 1431 3690 dolores,
1491 3639 1545 3680 et
1601 3627 1758 3680 inulti
1789 3630 1940 3682 circa

367 3725 534 3794 pedes
560 3723 680 3794 ejus
707 3721 936 3778 veniant
969 3721 1024 3774 in
1054 3721 1304 3786 angustia
1343 3721 1530 3775 famis.
1583 3719 1762 3773 Ruina
1793 3722 1941 3776 enim

350 3928 361 3941 .
441 3892 458 3922 ¹
510 3887 867 3943 Martianmus
914 3888 1334 3951 annuntiantur,
1359 3888 1542 3940 minus
1587 3885 1746 3949 bene,
1800 3894 1945 3939 utet

368 3961 527 4022 illud,
564 3959 708 4025 quod
737 3968 1081 4027 postremum
1106 3958 1436 4012 asteriscum
1468 3957 1752 4022 omiserat,
1775 3971 1940 4024 quem

372 4047 469 4084 nos
505 4046 566 4082 su
579 4031 847 4082 tl‘ecimus.

444 4102 464 4130 ³
495 4099 676 4152 Minus
709 4098 799 4151 hic
831 4098 973 4151 bene
1002 4095 1299 4166 Augustini
1337 4097 1533 4162 codex,
1563 4096 1764 4166 invenit
1783 4097 1835 4149 in
1857 4113 1943 4152 vos

368 4171 672 4224 veritatem.
719 4168 888 4224 Paulo
927 4165 1114 4222 autem
1172 4177 1338 4237 post,
1379 4165 1644 4221 convulsa:
1679 4181 1780 4237 pro
1821 4183 1945 4220 cou-

369 4256 554 4295 ('USSIP.

450 4311 470 4340 ⁸
509 4306 874 4377 Augustinus,
913 4306 1218 4376 Accipiunt,
1255 4307 1400 4377 quod
1428 4306 1567 4359 idem
1599 4317 1703 4359 est.
1740 4303 1942 4360 Verum

2044 441 2185 507 ejus,
2245 454 2298 495 et
2353 442 2577 504 devoret
2634 445 2832 496 decora
2861 442 2980 511 ejus
3008 441 3076 508 Χ
3135 450 3346 492 matura
3387 438 3613 505 :mors.

2047 532 2352 600 Rumpatur
2382 533 2448 587 de
2483 533 2799 588 liabitaculo
2852 533 2972 600 ejus
3033 531 3262 588 sanitas.
3317 541 3372 584 et
3431 540 3619 584 teneat

2044 640 2170 678 eum
2197 625 2492 680 necessitas
2521 641 2701 680 causa:
2740 626 2956 694 regalis.
2990 627 3055 691 Ξ(
3086 624 3302 678 Habitet
3354 623 3405 674 in
3436 623 3619 675 taber-

2043 715 2240 769 naculo
2270 716 2407 786 ejus,
2435 717 2490 769 in
2529 726 2687 771 nocte
2715 717 2836 784 ejus
2867 720 2908 767 ⁸.
2953 718 3019 782 X
3059 715 3435 782 Aspergentur
3488 729 3618 779 spe-

2047 808 2193 862 ciosa
2225 808 2344 878 ejus
2379 808 2662 876 sulphure.
2692 811 2766 876 Β(
2794 808 2994 862 Subter
3023 807 3233 861 radices
3282 806 3399 874 ejus
3439 807 3620 859 sicca-

2046 900 2275 964 buntur,
2307 902 2372 967 >ε<
2403 911 2457 954 et
2489 899 2557 953 de
2581 915 2802 954 sursum
2843 900 3020 954 irritet
3050 898 3252 952 messio
3286 899 3403 966 ejus
3440 898 3464 965 ζ
3505 896 3615 950 Με-

2044 994 2214 1046 moria
2251 993 2372 1060 ejus
2409 993 2684 1062 pereatde
2709 1002 2854 1046 terra
2895 993 2914 1023 ³
2955 995 3019 1060 >ε<
3058 1000 3113 1044 et
3158 1006 3263 1043 non
3302 990 3373 1041 sit
3413 1004 3613 1041 nomen

2044 1087 2160 1156 ejus
2193 1086 2246 1140 in
2281 1085 2417 1139 facie
2458 1085 2756 1155 platearum
2795 1103 2806 1138 :
2841 1095 2895 1137 ct
2928 1067 3160 1151 [dictlatur
3207 1084 3275 1135 de
3321 1081 3524 1134 lumine
3555 1082 3611 1134 iu

2043 1179 2302 1231 tenebras
2339 1195 2353 1236 :
2395 1187 2584 1232 etnon
2612 1177 2684 1231 sit
2723 1176 3117 1245 cogiioscibilis
3159 1175 3211 1228 iit
3253 1173 3452 1242 populo
3487 1187 3612 1230 suo.

2043 1285 2142 1324 nec
2167 1269 2474 1323 resalvetur
2510 1269 2612 1323 sub
2643 1269 2782 1323 caelo
2807 1269 3000 1322 donius
3023 1267 3171 1334 ejus;
3209 1265 3302 1318 sed
3337 1268 3388 1316 in
3414 1263 3616 1331 populo

2042 1358 2163 1426 ejus
2200 1359 2387 1414 vivant
2418 1359 2597 1412 alteri.
2632 1358 2816 1426 Super
2846 1373 2972 1412 eum
3002 1365 3310 1423 genuerunt
3339 1354 3529 1411 intimi,
3556 1363 3617 1406 et

2044 1465 2301 1520 proceres
2331 1452 2507 1505 tenuit
2549 1450 2898 1504 miraculum.
2958 1449 3082 1502 llrec
3122 1456 3250 1502 sunt
3285 1447 3480 1501 domus
3510 1445 3618 1498 itii-

2043 1542 2282 1611 piorum,
2317 1549 2371 1595 et
2398 1541 2488 1594 hic
2523 1550 2608 1595 est
2634 1541 2789 1595 locus
2824 1539 3194 1610 ignorantium
3223 1538 3416 1592 Deum.

2355 1691 2690 1732 BESPONDENS
2743 1689 2923 1730 ΑυἸἙΜ
2955 1687 3066 1736 10B,
3089 1688 3240 1727 DIXIT
3279 1688 3293 1724 ἶ

2072 1804 2266 1879 L[Cap.
2293 1806 2462 1879 XIX]
2488 1806 2786 1877 Quousque
2813 1807 3049 1877 fatigatis
3077 1806 3312 1860 animam
3333 1819 3529 1866 meam,
3562 1814 3622 1859 et

2038 1902 2322 1955 destruitis
2351 1916 2435 1953 tne
2460 1901 2684 1954 verbis?
2711 1900 2917 1953 Scitote
2951 1910 3181 1959 tantum,
3203 1899 3328 1968 quia
3357 1899 3622 1951 Dominus

2041 1992 2147 2065 [ΑΙ.
2193 1990 2357 2065 Deus]
2393 1994 2521 2047 fecit
2572 1993 2706 2046 mihi
2731 1993 2834 2047 sic.
2864 1992 3161 2047 Detrahitis
3220 2008 3306 2045 me
3344 1991 3386 2055 ⁵,
3412 2001 3467 2045 et
3495 2007 3615 2045 non

2038 2087 2361 2140 erubescitis
2397 2086 2716 2140 incumbere
2786 2085 2942 2137 mibi.
3007 2082 3115 2138 Sed
3170 2093 3308 2144 esto,
3360 2097 3486 2136 vere
3515 2097 3624 2150 ego

2039 2176 2239 2236 erravi,
2268 2188 2322 2229 et
2350 2177 2491 2244 apud
2528 2192 2612 2228 mc
2643 2175 3023 2228 liabitaterror
3055 2188 3118 2228 σε·
3153 2183 3211 2226 ut.
3244 2173 3466 2240 loquere
3489 2188 3620 2227 ver-

2041 2267 2188 2330 bum,
2219 2265 2362 2338 quod
2395 2282 2500 2317 non
2537 2267 2832 2333 oportebat
2863 2277 2920 2316 -:—
2957 2263 3425 2317 etsermonesmei
3450 2272 3611 2316 erant

2040 2367 2096 2410 et
2128 2372 2232 2409 non
2275 2365 2406 2408 sunt
2447 2356 2500 2407 iii
2535 2356 2822 2424 tempore:
2879 2354 2991 2407 Cur
3047 2363 3225 2407 autem
3281 2369 3375 2407 vos
3415 2355 3466 2407 in
3533 2369 3619 2408 me
3691 2346 3698 2348 _

2041 2447 2377 2512 exaltamini,
2393 2456 2446 2500 et
2467 2447 2808 2514 exprobratis
2835 2445 2964 2498 mihi
2987 2446 3339 2513 approbrium
3359 2445 3380 2497 τ
3402 2444 3614 2498 Scitote

2039 2555 2170 2609 ergo
2203 2539 2327 2608 quia
2345 2538 2607 2591 Domitius
2639 2547 2721 2590 est
2750 2537 2842 2605 qui
2878 2553 2961 2590 me
2995 2538 3240 2591 turbavit
3271 2555 3286 2592 :
3313 2547 3368 2591 et
3409 2537 3612 2590 vallum

2041 2644 2201 2682 suum
2239 2629 2383 2682 circa
2422 2644 2505 2680 me
2537 2627 2922 2684 circumdedit.
2957 2628 3091 2680 Ecce
3123 2626 3273 2680 rideo
3297 2627 3609 2696 approbria,

2041 2730 2096 2773 ct
2133 2737 2238 2771 non
2266 2718 2492 2788 loquar'
2532 2735 2546 2771 :
2580 2719 2845 2776 clamabo,
2898 2725 2952 2771 et
3001 2733 3270 2786 nusquam
3331 2727 3413 2770 est
3459 2718 3610 2783 judi-

2043 2812 2186 2864 cium
2211 2813 2232 2840 "
2263 2846 2277 2861 .
2306 2815 2373 2877 3K
2400 2810 2814 2878 Circuiiiseptus
2848 2823 2990 2870 sum,
3041 2824 3142 2862 nec
3175 2809 3333 2861 vado.
3367 2807 3423 2862 in
3457 2810 3612 2863 vultu

2046 2920 2166 2956 meo
2193 2905 2443 2956 tenebras
2467 2902 2668 2971 posuit,
2699 2912 2753 2953 et
2777 2901 2947 2970 gloria
2979 2916 3064 2954 me
3099 2901 3272 2962 exuit,
3309 2913 3362 2953 et
3391 2900 3617 2957 abstulit

2046 3013 2304 3049 coronam
2335 2996 2400 3046 de
2435 2996 2611 3059 capite
2639 3008 2778 3056 meo,
2809 3004 2863 3046 et
2901 2993 3138 3060 disrtipit
3203 3007 3290 3046 me
3353 2994 3614 3062 undique,

2044 3097 2095 3139 et
2131 3088 2304 3139 abii“.
2343 3085 2555 3139 Excidit
2584 3096 2836 3151 tanquam
2886 3087 3143 3144 arborem
3201 3101 3354 3154 spem
3407 3102 3612 3142 meam.

2045 3178 2353 3232 S:evissime
2385 3177 2590 3231 abusus
2647 3187 2730 3230 cst
2781 3193 2866 3230 me
2927 3177 2978 3229 in
3024 3175 3347 3229 iracundia:
3421 3185 3476 3230 et
3523 3192 3618 3230 ar-

2043 3269 2278 3324 bitratus
2301 3277 2386 3320 est
2419 3283 2502 3319 me
2532 3278 2788 3335 tanquam
2821 3267 3129 3320 inimicum.
3150 3266 3325 3319 Simul
3346 3275 3617 3320 venerunt

2047 3362 2373 3414 tentationes
2404 3362 2543 3428 ejus,
2577 3363 2642 3428 )a(
2663 3369 2716 3414 et
2739 3360 2983 3413 fecerunt
3014 3375 3110 3427 per
3143 3376 3226 3414 me
3250 3362 3388 3411 viam
3427 3373 3607 3422 suam,

2047 3455 2114 3520 )K
2152 3453 2714 3507 etcircumdedcrunt
2739 3452 3157 3504 tabernaculum
3191 3466 3366 3506 meum
3400 3451 3422 3519 ζ
3487 3451 3622 3504 Fra-

2049 3554 2159 3597 tres
2187 3545 2290 3596 uici
2327 3555 2691 3598 recesserunt.
2739 3543 3124 3610 Coguoverunt
3187 3543 3394 3595 alienos
3447 3542 3621 3609 magis

1995 3651 1998 3655 ·
2046 3651 2210 3704 quam
2249 3651 2355 3700 me,
2386 3644 2441 3688 et
2469 3635 2627 3688 amici
2664 3635 2766 3687 mei
2804 3635 3272 3686 iillllliSQriCUl'.|CS
3304 3634 3432 3686 facti
3461 3642 3614 3685 sunt.

2046 3727 2164 3780 Non
2187 3738 2519 3781 curaverunt
2544 3743 2628 3781 me
2655 3728 2893 3795 proximi
2956 3728 3085 3788 iuei,
3118 3737 3174 3779 et
3230 3730 3468 3779 scientes
3519 3741 3619 3778 tio-

2050 3887 2349 3956 platearum
2367 3888 2600 3954 August.
2625 3883 2798 3956 addit,
2831 3884 2918 3936 ubi
2940 3894 3074 3945 erat,
3098 3898 3218 3950 qua:
3237 3890 3420 3936 tamen
3447 3881 3619 3935 verba

2049 3955 2104 4012 iii
2150 3958 2301 4011 nullo
2327 3960 2577 4025 originali
2611 3965 2758 4008 textu
2786 3955 3169 4006 inveniuntur.

2124 4029 2145 4060 °
2180 4029 2286 4081 l’ro
2327 4024 2627 4084 lietrahitis.
2664 4026 2871 4076 invenit
2902 4025 2953 4074 iii
3003 4039 3103 4075 suo
3131 4037 3232 4075 ms.
3274 4024 3622 4084 Martianteus

2052 4096 2232 4150 Decies
2258 4097 2490 4152 trahitis.
2521 4095 2664 4162 quod
2700 4098 2928 4162 ipsemet
2953 4093 3309 4158 improbavit.

2125 4168 2143 4196 ⁷
2196 4168 2435 4221 Primum
2469 4161 2584 4217 haec
2610 4164 2800 4224 verba,
2862 4161 3026 4214 liidro
3083 4163 3386 4230 opprobria,
3411 4173 3459 4215 et
3517 4181 3622 4220 non

2053 4235 2261 4305 loquar,
2299 4237 2460 4290 obelo
2495 4234 2871 4305 liberavimus,
2897 4249 3006 4300 quo
3062 4237 3247 4305 plane_
3274 4233 3549 4305 immerito
3592 4252 3620 4287 a

2055 4303 2366 4359 Martiaiiteo
2391 4303 2848 4358 confodiebantur
2869 4342 2883 4364 ,
2919 4319 3041 4353 cum
3076 4303 3366 4354 ιιιαιιίΐεδιο
3397 4304 3504 4354 sitit
3569 4306 3624 4358 iit

375 4388 521 4446 quod
551 4373 722 4444 iii/imi
756 4378 1006 4448 legimus,
1043 4373 1154 4444 pro
1194 4373 1300 4446 quo
1349 4376 1570 4448 vitiose;
1599 4376 1946 4448 Martianqu
1979 4383 2022 4441 ι)
2054 4377 2300 4434 Ηθὶπιυο,
2365 4390 2525 4443 quem
2596 4373 2886 4426 consulere
2927 4373 3242 4436 debuisset,
3300 4383 3429 4432 D7271
3467 4384 3625 4438 erat:

288 4478 298 4490 -
373 4451 594 4516 inﬁrmi,
622 4449 769 4501 illius
800 4445 1116 4501 testimonio
1145 4445 1428 4511 debemus,
1451 4457 1504 4500 et
1535 4445 1726 4500 Graaco
1749 4447 1942 4509 textui,

374 4523 674 4586 ἐλάχιστοι,
704 4517 772 4571 ad
801 4519 960 4588 cujus
991 4519 1154 4571 lldetu
1175 4517 1382 4570 leviora
1411 4517 1663 4586 quaedam
1688 4517 1831 4570 intra
1856 4533 1948 4570 ca-

373 4594 665 4654 stigaiiltn”.

445 4658 466 4690 ⁸
497 4657 646 4710 ldem
681 4655 1104 4726 Olympiodorus
1131 4670 1238 4710 non
1261 4655 1438 4710 otiose
1489 4655 1544 4708 in
1584 4656 1728 4710 hunc
1758 4656 1940 4711 locum

375 4729 479 4784 ista
519 4733 844 4780 adnotavit:
879 4745 896 4778 (
942 4727 1058 4778 Alia
1083 4738 1265 4780 autem
1287 4727 1620 4794 exemplaria
1652 4743 1749 4793 pro
1772 4744 1861 4789 eo.
1892 4733 1947 4780 in

376 4809 525 4854 nocte
553 4799 692 4864 ejus,
725 4799 946 4861 habent,
984 4799 1038 4848 in
1070 4813 1284 4865 corpore
1316 4798 1551 4864 ejus.....
1591 4794 1940 4850 Tlieodotio:

380 4867 657 4921 liabitabit
685 4869 738 4918 in
765 4865 1104 4920 tabernaculo
1140 4869 1251 4934 eius
1276 4883 1448 4918 rerum
1471 4867 1702 4922 omnium
1729 4878 1949 4932 egestas.

377 4937 640 4990 itlebracus
681 4949 860 4988 autem
925 4937 1160 5003 amplius
1215 4936 1472 5004 quiddam
1499 4937 1703 4998 dicens,
1765 4939 1948 5002 habet,

379 5007 641 5065 habitabit
669 5010 719 5058 in
755 5006 1113 5058 tabernaculis
1147 5022 1250 5060 non
1277 5010 1406 5068 suis,
1444 5006 1493 5057 id
1527 5015 1630 5067 est,
1664 5007 1945 5075 vagaban-

380 5080 484 5131 dus
527 5079 576 5129 in
610 5077 839 5129 aliorum
879 5076 1090 5130 :edibus
1123 5075 1578 5129 commorabitur.
1611 5093 1629 5126 i
1679 5076 1948 5130 Caeterum

377 5163 471 5214 qui
510 5147 965 5215 interpretantur,
991 5145 1047 5196 in
1066 5155 1210 5198 unde
1236 5145 1372 5213 ejus,
1399 5146 1614 5213 abjecto
1648 5156 1700 5205 ω
1722 5147 1860 5198 Mem
1883 5162 1949 5198 ex

379 5241 647 5294 hodierno
672 5238 897 5292 Hebraeo
920 5223 976 5297 ᾖ
1005 5222 1155 5296 7537::
1189 5236 1491 5302 mibelli-lo,
1518 5235 1772 5304 legebant
1801 5222 1956 5297 157‘);

378 5309 672 5379 bullajelo;
707 5314 808 5362 hoc
840 5310 985 5361 ciiim
1015 5307 1304 5377 significat,
1342 5308 1396 5359 in
1429 5315 1575 5358 nocte
1595 5306 1728 5379 ejus.
1759 5307 1949 5379 MART.

451 5383 472 5412 ⁸
517 5376 842 5447 Superiores
873 5376 1116 5446 proxime
1155 5387 1264 5430 tres
1321 5387 1637 5447 asteriscus,
1664 5376 1851 5429 addita
1892 5379 1949 5430 in

380 5450 491 5504 fine
511 5446 844 5503 crassiorum
875 5459 1198 5516 punctorum
1220 5457 1372 5510 nota,
1398 5450 1461 5498 ad
1481 5446 1690 5499 codicis
1714 5447 1951 5500 Alexan-

381 5521 526 5574 drini
561 5520 798 5586 regulam
831 5521 1192 5580 restitttittius,
1234 5519 1321 5567 tibi
1381 5519 1480 5568 iste
1512 5520 1813 5569 asteriscus
1845 5518 1946 5571 se”

383 5590 680 5661 prtuligitur
700 5588 930 5656 negandi
957 5588 1236 5656 particula
1262 5603 1389 5661 non,
1419 5587 1689 5661 idque,__ut
1715 5588 1949 5651 videtur,

382 5655 586 5722 Verius,
622 5655 1008 5728 quodtantuiii
1038 5673 1260 5712 monere
1286 5657 1576 5715 voluimus.
1605 5655 1737 5713 Post
1756 5673 1944 5712 vocem

2057 4477 2202 4530 mm:
2223 4470 2345 4526 N‘n:
2383 4465 2446 4517 ad
2476 4464 3070 4532 vcrbum,vociferabor
3100 4465 3396 4532 approbria,
3435 4478 3482 4519 et
3521 4485 3627 4520 non

2061 4540 2254 4589 audiar
2285 4554 2302 4592 :
2345 4552 2468 4604 quae
2500 4535 2669 4588 Graeci
2707 4537 2866 4601 paulo
2898 4533 3136 4587 liberiori
3170 4551 3332 4588 sensu
3388 4553 3626 4589 conver-

2061 4615 2270 4668 terunt,
2306 4606 2446 4672 γελῶ
2489 4605 2593 4667 (vel
2633 4606 2800 4669 intrii)
2865 4604 3064 4668 ὀνείδη,
3097 4604 3189 4655 καὶ
3245 4608 3304 4656 οὐ
3358 4605 3627 4672 λαλήσωτ

2059 4676 2257 4730 Ridebo
2309 4678 2415 4740 (vel
2439 4677 2632 4743 dicam)
2667 4675 2972 4742 opprobria,
2997 4684 3042 4724 et
3067 4674 3390 4743 iionloquar.
3426 4677 3630 4729 Deinde

2059 4747 2230 4813 ipsam
2294 4747 2595 4799 Martiaiitei
2647 4745 2938 4797 lectionem
2999 4745 3455 4813 emendavinius,
3502 4762 3625 4798 nam

2059 4818 2236 4870 ridear
2269 4818 2474 4885 legerat
2510 4831 2607 4883 pro
2642 4816 2818 4875 rideo,
2863 4812 3007 4885 quod
3069 4815 3241 4866 ferme
3290 4817 3630 4869 contrarium

2059 4902 2286 4939 sensum
2329 4883 2507 4938 reddit
2546 4900 2560 4939 :
2593 4895 2703 4937 ttiiii
2752 4883 3029 4953 approbrio
3056 4897 3153 4947 pro
3210 4885 3510 4952 opprobria,
3553 4898 3633 4938 ta-

2058 4958 2290 5009 menetsi
2346 4957 2397 5007 in
2432 4955 2571 5006 idem
2602 4965 2893 5021 utrumque
2943 4953 3162 5014 recidit,
3191 4962 3247 5023 et
3267 4956 3449 5006 Graeci
3481 4971 3635 5023 qua:-

2057 5027 2180 5078 dam
2217 5025 2551 5093 exemplaiia
2595 5026 2709 5091 ipsa
2769 5025 2970 5090 ὀνείδη,
3026 5037 3124 5088 pro
3185 5022 3377 5074 ὀνείδει
3424 5022 3630 5093 legant.

2059 5094 2164 5149 Sed
2195 5098 2307 5148 haec
2343 5095 2514 5159 magis
2551 5095 2817 5162 probatur
2855 5096 3088 5161 August.
3117 5094 3210 5161 qui
3243 5093 3408 5146 etiam
3444 5095 3635 5163 loquor

2059 5166 2112 5216 in
2139 5168 2365 5218 instanti
2399 5164 2564 5217 habet
2593 5179 2692 5232 pro
2723 5163 2928 5231 loquar.
3180 5180 3183 5181 '

2128 5237 2148 5264 ⁸
2186 5236 2296 5286 lloc
2324 5237 2444 5287 loco
2464 5236 2674 5299 positus
2700 5245 2817 5286 erat
2843 5233 3056 5294 obelus,
3091 5247 3178 5298 ψ,
3239 5249 3338 5302 pro
3369 5235 3636 5287 asterisco

2061 5306 2127 5371 )s(
2161 5305 2314 5358 lluuc
2349 5321 2448 5372 pro
2482 5305 2616 5356 l'also
2647 5305 2861 5356 codicis
2892 5305 3046 5356 obelo
3080 5307 3401 5357 aSteriscuui
3427 5304 3496 5368 de
3529 5319 3635 5357 suo

2057 5375 2414 5427 Martianqu
2472 5373 2783 5426 substituit.
2819 5373 2986 5426 Nobis
3020 5375 3086 5426 ad
3129 5373 3483 5429 Alexandrini
3515 5391 3625 5428 uis.

2057 5447 2218 5498 [idem
2285 5455 2571 5511 utrauique
2648 5455 2833 5496 notam
2894 5445 3146 5497 exsulare
3229 5446 3405 5496 satius
3469 5444 3630 5498 vide-

2059 5525 2166 5570 ιιιτ.

2126 5590 2146 5615 ν
2179 5584 2333 5638 Falso
2360 5583 2565 5651 legerat
2592 5582 2842 5639 Martian.
2870 5585 3021 5638 abiit.
3053 5583 3201 5636 Libri
3219 5597 3412 5636 omnes
3437 5583 3492 5639 in
3522 5583 3636 5655 pri-

2058 5670 2140 5710 ma
2176 5671 2432 5732 persona,
2470 5666 2528 5707 ut
2561 5672 2658 5706 nos
2686 5669 3056 5720 I'L‘Sllltl'ullls,
3086 5658 3407 5723 praeierunt.
