3966 6184
527 394 596 459 91
1427 402 1486 462 S.
1527 403 1967 468 HIERONYMI
2007 410 2273 471 DIVINA
2322 411 2857 476 BlBLlOTHECA.
3703 434 3774 494 92

521 505 602 570 ni,
625 513 682 561 et
712 503 900 574 ponite
937 520 1156 560 manum
1182 506 1283 562 sub
1314 520 1519 566 mento.
1540 511 1596 566 Si
1627 515 1774 568 enim
1810 519 2087 582 recorder,
2123 531 2168 584 Α
2200 525 2266 588 >ε<
2293 531 2348 576 et
2383 524 2535 592 signa
2564 540 2754 578 eorum
2786 540 2890 578 non
2931 525 3275 596 ignorabitis.
3333 534 3400 602 Χ
3431 533 3565 600 Quia
3598 538 3652 592 in
3684 541 3772 596 die
3844 547 3848 552 ’

521 596 871 663 perturbor;
921 604 976 650 et
1041 604 1298 651 tenentur
1351 616 1546 657 carnes
1602 620 1737 660 mea:
1786 608 2091 666 doloribus.

523 687 704 752 Quare
733 688 1119 756 impiivivunt,
1179 701 1235 746 et
1285 707 1590 750 senuerunt
1621 698 1674 751 in
1735 699 1946 754 divitiis
1968 701 2093 754 ?Se-

523 792 647 829 men
676 765 864 830 eorum
898 780 1204 832 secundum
1238 797 1297 837 +
1328 784 1664 840 desiderium
1720 790 1917 843 anima:
1943 793 1957 822 ⁸
1993 793 2096 858 1et

521 874 747 932 nepotes
773 881 958 919 eorum
989 880 1116 922 ante
1166 873 1375 926 oculos.
1410 875 1614 930 Domus
1673 894 1860 932 eorum
1918 883 2094 936 abun-

519 957 731 1016 dantes,
764 967 815 1009 et
841 963 1007 1011 timor
1038 977 1306 1032 nusquam
1330 1003 1345 1029 ,
1379 982 1480 1020 nec
1535 967 1810 1037 flagellum
1879 974 2092 1029 Domini

516 1056 600 1099 est
621 1063 784 1114 super
805 1063 918 1103 eos.
956 1051 1140 1105 Vaccae
1161 1069 1351 1107 eorum
1388 1058 1764 1126 concipientes
1791 1079 1894 1116 non
1927 1066 2094 1118 abor-

519 1147 656 1195 tant.
681 1148 735 1191 et
786 1139 911 1193 faeta
961 1156 1152 1195 eorum
1225 1145 1476 1213 salvavit,
1527 1159 1584 1202 et
1636 1153 1864 1219 peperit.
1903 1157 1968 1220 Ξ(
2027 1155 2094 1209 Ει

517 1229 742 1282 mittunt
767 1230 909 1284 sicut
1042 1234 1280 1290 infantes
1321 1239 1339 1267 ²
1429 1254 1558 1294 suos
1603 1241 1624 1308 1
1658 1251 1713 1294 et
1753 1256 2094 1316 permanent

516 1320 662 1372 sicut
701 1332 928 1376 vetusta:
964 1340 1096 1377 oves
1120 1341 1339 1381 eorum.
1377 1327 1439 1381 Et
1493 1332 1703 1398 parvuli
1740 1348 1930 1386 eorum
1965 1336 2093 1389 ludo

515 1426 575 1464 se
607 1425 926 1479 provocant.
957 1415 1172 1470 Tenent
1231 1420 1547 1486 psalterium
1615 1431 1670 1476 et
1720 1425 2006 1484 citharam.
2038 1438 2094 1480 ct

515 1502 770 1556 laetantur
801 1507 867 1558 ad
901 1522 1088 1560 vocem
1109 1511 1174 1576 >ξ<
1200 1513 1413 1580 organi.
1447 1511 1541 1579 1Et
1573 1512 1829 1568 finierunt
1867 1520 1918 1570 in
1939 1519 2094 1573 bonis

515 1593 683 1647 vitam
722 1593 903 1661 suam',
935 1608 1098 1668 atque
1167 1602 1221 1655 in
1285 1603 1474 1672 requie
1525 1607 1686 1659 inferi
1718 1607 2090 1665 dormierunt.

514 1685 921 1743 Dicuutautem
959 1692 1226 1744 Domino:
1300 1695 1527 1750 latiscede
1587 1714 1617 1750 a
1670 1699 1852 1754 nobis.
1918 1701 2090 1756 Nosse

514 1779 629 1830 vias
655 1785 774 1832 tuas
804 1780 1084 1835 nolumus.
1121 1785 1188 1847 »ζ
1219 1782 1360 1847 Quid
1393 1795 1480 1839 est
1514 1785 1780 1844 Dominus
1816 1793 1942 1858 quia
1973 1807 2092 1845 ser-

2197 613 2524 682 perditionis
2556 617 2797 670 salvatur
2831 618 3027 682 malus,
3067 621 3133 688 >ε<
3199 621 3252 675 in
3297 622 3442 678 diem
3473 626 3565 680 irae
3593 631 3768 684 dedu-

2195 714 2409 760 centur.
2439 709 2507 774 ᾖ(
2541 707 2673 773 Quis
2702 710 3056 764 aununtiabit
3101 729 3285 767 coram
3320 731 3384 768 eo
3418 719 3560 772 viam
3620 723 3770 790 ejus,

2197 798 2266 864 Χ
2291 805 2345 850 et
2373 813 2493 865 quae
2547 799 2666 868 ipse
2694 799 2846 861 fecit,
2871 801 2962 868 qui
2994 803 3183 860 reddet
3206 806 3301 860 ei?
3327 808 3393 875 Χ
3453 810 3521 864 Et
3561 812 3675 880 ipse
3711 815 3770 871 in

2195 889 2446 955 sepulcra
2479 888 2589 959 [ΑΙ.
2629 889 2968 963 sepulcrum]
2989 894 3260 952 deductus
3288 911 3394 965 est,
3422 903 3490 970 >ε<
3520 912 3575 958 et
3598 920 3770 974 super

2195 993 2454 1032 acervum
2483 981 2750 1048 vigilavit.
2787 984 2852 1048 3K
2885 983 3080 1039 Dulces
3105 987 3154 1040 ei
3200 987 3423 1044 fuerunt
3451 993 3618 1061 lapilli
3647 993 3765 1064 [ΑΙ.

2195 1068 2424 1139 lapides]
2456 1072 2734 1134 torrentis,
2794 1076 2862 1141 κ(
2922 1084 3126 1143 etpost
3187 1091 3310 1130 eum
3373 1082 3554 1135 omnis
3602 1083 3770 1138 homo

2196 1159 2467 1226 sequitur,
2505 1164 2572 1228 Χ
2597 1172 2650 1216 et
2683 1172 2808 1217 ante
2839 1179 2964 1218 eum
2996 1165 3441 1225 innumerabiles.
3480 1171 3772 1236 Quomodo

2195 1263 2325 1317 ergo
2387 1253 2746 1306 consolaniini
2802 1271 2886 1307 me
2939 1255 3232 1312 inaniter?
3319 1261 3557 1318 Reouies
3614 1266 3767 1319 enim

2195 1340 2329 1392 tiiibi
2363 1356 2392 1392 a
2432 1343 2586 1396 vobis
2618 1345 2764 1397 nulla
2790 1356 2897 1399 est.

2197 1490 2487 1529 RESPONDIT
2548 1493 2727 1530 AUTEM
2762 1495 2986 1534 ELIPHAZ
3055 1498 3409 1552 TIIEMANITES,
3460 1505 3527 1544 ΕΤ
3565 1507 3764 1549 DIXIT:

2269 1607 2423 1679 [Cup.
2451 1609 2644 1682 XX!l.]
2681 1612 2874 1668 Nonne
2925 1614 3189 1673 Dominus
3226 1629 3308 1673 est
3332 1623 3423 1690 qui
3455 1623 3615 1680 docet
3641 1642 3772 1680 sen-

2196 1716 2316 1753 sum
2345 1711 2399 1754 et
2422 1704 2705 1758 scientiam
2749 1707 2793 1768 ⁶,
2831 1708 2897 1774 >ξ<
2919 1716 2973 1760 et
3008 1707 3259 1765 habitare
3289 1713 3420 1767 facit
3453 1731 3615 1784 super
3666 1734 3773 1770 nos

2197 1789 2660 1860 intelligentiam?
2695 1797 2715 1864 1
2746 1795 2886 1859 Quid
2910 1797 3053 1850 enim
3083 1800 3324 1867 pertinet
3348 1803 3412 1855 ad
3450 1803 3770 1868 Dominum,

517 1868 731 1922 vicinus
758 1871 806 1923 ei
841 1870 958 1939 ἳ>ί<
1013 1884 1108 1926 aut
1144 1889 1264 1941 qua:
1295 1877 1530 1942 utilitas,
1587 1881 1716 1947 quia
1769 1881 2092 1936 obedietnns
2122 1870 2168 1930 Β
2200 1881 2244 1934 si
2275 1892 2328 1934 tu
2353 1883 2429 1936 sis
2454 1884 2506 1936 in
2531 1885 2792 1952 operibus
2817 1891 2882 1953 Ἀ(
2915 1886 3120 1954 absque
3153 1892 3425 1948 crimine?
3462 1894 3483 1962 1
3514 1905 3609 1948 aut
3631 1899 3768 1966 quid

511 1960 562 2011 ei
607 1958 626 1987 ³
671 1959 741 2030 ?1
803 1962 972 2017 Erant
1029 1978 1212 2020 autem
1273 1968 1326 2020 in
1387 1969 1639 2024 manibus
1697 1986 1889 2026 eorum
1925 1973 2088 2027 bona.

516 2048 625 2102 Sed
681 2053 819 2105 tacta
897 2054 1192 2123 impiorum
1266 2073 1371 2112 non
1450 2060 1721 2128 respicit.
1770 2060 1887 2117 lmo
1960 2079 2090 2118 vero

509 2142 732 2195 lucerna
798 2146 1087 2212 intpiorum
1138 2154 1541 2220 esstinguetur,
1613 2163 1670 2208 et
1726 2157 2091 2224 superveniet

507 2233 592 2284 eis
623 2237 859 2289 eversio.
900 2236 1126 2293 Dolores
1155 2250 1338 2295 autem
1361 2244 1626 2298 tenebunt
1667 2260 1764 2300 eos
1787 2247 1854 2299 ab
1890 2251 1991 2310 ira,
2035 2261 2088 2302 et

508 2334 673 2376 erunt
701 2328 844 2378 sicut
877 2330 1032 2395 palea
1075 2330 1129 2384 in
1167 2341 1352 2396 vento,
1405 2345 1461 2389 et
1513 2336 1657 2390 sicut
1707 2339 1886 2398 pulvis
1923 2355 2086 2407 quem

511 2417 738 2471 abstulit
766 2421 952 2474 turbo.
986 2422 1132 2478 Deus
1161 2423 1206 2489 ‘,
1237 2424 1494 2479 deliciant
1515 2427 1608 2481 filii
1651 2433 1717 2496 )s(
1751 2429 1918 2500 ejus1
1952 2432 2088 2483 bona

509 2509 649 2574 ejus.
682 2510 959 2576 )bfltedde
1011 2514 1085 2580 ei,
1153 2525 1207 2568 et
1273 2518 1434 2570 sciet.
1494 2515 1726 2572 Videant
1771 2524 1915 2573 oculi
1971 2523 2090 2589 ejus

510 2618 698 2656 necem
747 2614 1054 2668 suam,eta
1096 2608 1326 2661 Domino
1385 2625 1494 2665 non
1548 2613 1819 2665 salvetur.
1857 2617 1919 2680 )s(
1954 2616 2087 2679 Quia

509 2694 658 2746 nulla
685 2697 935 2750 voluntas
958 2699 1076 2768 ejus
1139 2701 1190 2753 in
1226 2702 1391 2755 domo
1435 2720 1531 2756 sua
1559 2715 1681 2772 post
1710 2723 1834 2758 enm
1870 2709 1934 2774 ἓν(
1968 2710 2089 2759 licet

509 2800 773 2839 numerus
806 2790 1076 2842 mensium
1141 2793 1262 2860 ejus
1291 2794 1609 2847 dimidiatus
1669 2798 1760 2849 sit.
1809 2797 2084 2863 Numquid

511 2891 620 2929 non
656 2879 920 2934 Dominus
949 2883 1042 2948 qui
1081 2883 1240 2938 docet
1275 2901 1499 2939 sensum
1533 2897 1597 2957 et.
1613 2889 1922 2954 scientiam,
1968 2892 2084 2958 ipse

507 2979 674 3020 etiam
707 2969 1240 3044 liomicidasjndiCat
1279 2976 1347 3028 3?
1396 2979 1463 3043 Χ
1526 2979 1613 3031 ltic
1650 2980 1670 3002 ⁹
1736 2986 2002 3034 morietur
2031 2984 2083 3036 in

509 3062 709 3115 robore
738 3063 1109 3130 simplicitatis
1138 3081 1274 3128 suae,
1318 3078 1466 3122 totus
1530 3070 1585 3122 in
1640 3071 1978 3126 abundantia
2033 3085 2087 3127 et

512 3152 798 3207 felicitate.
831 3154 1094 3218 Intestina
1121 3158 1238 3227 ejus
1267 3159 1424 3228 plena
1487 3171 1617 3214 sunt
1669 3163 1852 3230 adipe,
1884 3172 1940 3215 et
1975 3179 2088 3218 me—

509 3249 652 3299 dulla
683 3263 874 3301 eorum
919 3249 1269 3304 diffunditur.
1323 3252 1480 3306 Alius
1545 3268 1670 3308 vero
1733 3257 1970 3310 moritur
2019 3262 2087 3314 ab

508 3339 742 3390 amaritu
771 3343 875 3392 line
904 3341 1101 3393 animm
1139 3357 1272 3405 suae,
1315 3359 1419 3397 non
1458 3346 1756 3400 comedens
1787 3349 2087 3417 quidquam

513 3428 661 3481 lieni.
690 3429 755 3483 Et
778 3430 944 3483 simul
971 3431 1027 3484 in
1067 3441 1209 3485 terra
1246 3434 1549 3498 dormieut,
1599 3446 1655 3489 et
1684 3439 1922 3505 putredo
1953 3457 2084 3508 ope-

513 3519 618 3570 rict
652 3534 764 3571 eos.
797 3519 984 3588 Itaque
1016 3523 1152 3584 scio,
1181 3539 1277 3575 vos
1333 3525 1598 3578 audacter
1629 3524 1740 3596 [AL
1779 3529 2084 3600 audaciter]

511 3610 643 3662 milii
680 3610 932 3665 insistere
961 3617 1023 3680 ξι(
1052 3618 1176 3681 quia
1203 3614 1427 3667 dicitis:
1470 3614 1568 3670 Ubi
1597 3627 1680 3670 est
1702 3619 1900 3671 domus
1931 3621 2086 3686 prin-

511 3702 667 3768 cipis.
693 3706 835 3768 }(et
867 3703 957 3756 ubi
993 3714 1078 3757 est
1113 3706 1356 3759 velamen
1392 3707 1443 3759 in
1487 3708 1862 3762 tabernaculis
1895 3712 2089 3778 impio-

513 3792 668 3844 rum?
707 3797 770 3859 βξ
800 3794 1133 3864 Interrogatc
1165 3813 1262 3849 eos
1288 3799 1380 3866 qni
1416 3807 1708 3852 transeunt
1764 3817 1859 3868 per
1921 3803 2082 3866 viain,

593 3929 880 3983 ’Placcret
903 3933 1072 4000 magis
1107 3950 1267 3985 unam
1325 3935 1484 3987 obclo
1517 3937 1732 3990 confodi
1764 3954 1974 4000 vocent,
2000 3942 2089 3991 dc-

512 4000 785 4063 sidenum,
825 4017 932 4053 non
958 4013 1012 4054 ct
1045 4019 1166 4070 qlia:
1197 4004 1556 4072 subsequitur
1587 4009 1789 4061 anima.
1835 4008 2084 4077 Uonjicio

511 4100 692 4163 autem
720 4091 856 4142 LXX
911 4093 1072 4146 aliter
1101 4093 1387 4146 “cuneum
1422 4097 1640 4163 leg.sse,
1671 4108 1726 4152 et
1761 4114 1859 4162 pro
1888 4083 2091 4160 ΠηνειΞὸ

511 4161 660 4229 quod
724 4174 831 4223 cst,
885 4179 1064 4214 coram
1115 4166 1212 4224 eis,
1277 4161 1551 4233 scriptura
1619 4184 1883 4235 perquam
1920 4177 2086 4223 suum

513 4254 742 4322 legisse,
805 4237 1058 4313 07032515
1107 4255 1251 4322 quod
1301 4256 1643 4322 interpretati
1711 4271 1840 4312 sunt
1946 4266 2086 4314 κατὰ

511 4326 714 4391 ψυχὴν,
740 4325 899 4390 juxta
921 4327 1154 4376 animam
1180 4341 1388 4393 ;neque
1402 4327 1548 4378 enim
1577 4327 1831 4380 videntur
1849 4339 2089 4397 potuisse

512 4398 674 4446 aliter
703 4410 898 4446 anima:
931 4398 1254 4447 voeabuluin
1295 4405 1384 4447 tiic
1427 4399 1792 4452 comminisci.

585 4466 604 4493 ’
639 4463 870 4526 Excidit,
925 4467 1200 4540 ni-fallor,_
1248 4467 1580 4540 ’cxscriptori
1648 4470 1871 4521 verbum
1902 4488 2082 4540 pecus,

511 4542 606 4586 aut
637 4549 837 4601 greges,
869 4535 1099 4610 quodin
1163 4535 1429 4610 llcbraico
1486 4540 1750 4605 scriptum
1822 4535 2018 4610 legitur
2060 4562 2072 4595 :

511 4620 706 4656 sensus
732 4618 946 4678 quoque
976 4605 1179 4678 nullus,
1215 4610 1293 4657 vel
1352 4607 1706 4678 imperfectus
1756 4619 1839 4662 est
1868 4605 2076 4678 absque.

513 4674 616 4726 bac
649 4689 800 4725 voce.
843 4674 1042 4725 Deinde
1073 4678 1350 4728 secundus
1376 4677 1748 4732 asteriScusin
1780 4681 1883 4733 hoc
1911 4674 2078 4742 versi-

511 4747 639 4796 culo
675 4743 984 4809 supetllnns
1017 4745 1188 4796 videri
1223 4755 1433 4811 potest;
1467 4751 1724 4813 quoniam
1751 4760 1860 4802 tota
1889 4754 2076 4803 istbzec

512 4822 884 4887 sententiaich
913 4814 1073 4887 llebr.
1113 4816 1486 4869 voluminibus
1542 4817 1725 4871 addita
1752 4822 2079 4887 interpreta-

513 4885 645 4934 tioni
687 4880 830 4933 LXX
856 4881 1191 4936 sutlicicnter
1247 4898 1468 4937 notetur
1515 4894 1619 4939 sub
1652 4904 1760 4941 uno
1787 4880 2072 4944 asterisco.

509 4952 682 5004 MART.

583 5022 791 5099 -_Non
823 5025 1120 5099 superatio
1172 5025 1360 5099 Graeco
1406 5029 1746 5097 apograplio,
1796 5046 1916 5099 qua:
1991 5033 2080 5085 hic

510 5093 728 5145 duobus
754 5095 1033 5147 asteriscis
1067 5096 1408 5161 designatur,
1441 5093 1736 5165 'pe'rtcopc.
1775 5093 1920 5154 bans
1982 5117 2079 5154 an-

515 5174 618 5215 tcin
652 5171 862 5216 crudttc
890 5177 1135 5216 notatum
1190 5167 1530 5230 Martiantco,
1595 5170 1767 5222 videri
1801 5171 2078 5225 escidisse

508 5247 732 5283 vcr..nm
761 5248 934 5299 pecus.
957 5245 1050 5285 aut
1075 5251 1272 5304 greges,
1299 5239 1444 5302 quod
1488 5240 1539 5290 in
1569 5237 1834 5292 llebraico
1864 5252 2082 5293 resonat

505 5310 658 5386 ξω),
697 5313 751 5354 et
804 5307 921 5356 sine
985 5308 1132 5372 quod
1193 5307 1377 5358 nullus
1440 5319 1530 5358 aut
1585 5310 1942 5375 imperfectus
1999 5323 2082 5364 cst

509 5411 704 5448 sensus
745 5411 758 5447 :
799 5401 933 5463 quin
963 5398 1127 5448 etiam
1164 5403 1403 5465 potuisse
1443 5404 1603 5454 unico
1637 5403 1900 5456 asterisco
1955 5420 2082 5456 sen-

513 5477 733 5517 teuttam
769 5468 909 5518 hanc
975 5481 1039 5519 cx
1076 5467 1321 5531 i‘lebriro,
1377 5474 1489 5524 sive
1541 5472 1921 5526 'l‘lieodotione
1979 5479 2079 5526 5e-

511 5537 950 5602 ptuagintavirali
1011 5537 1236 5590 ωηο...
1284 5542 1522 5594 additam
1599 5544 1878 5594 illustrari.
1939 5545 2077 5595 'l'uni

511 5619 608 5669 pro
642 5621 708 5657 eo
729 5609 872 5673 quod
907 5619 1009 5670 cst,
1034 5619 1242 5660 vetustte
1295 5627 1430 5677 oves,
1461 5614 1799 5680 Augustinus
1844 5629 1907 5664 cx
1962 5615 2080 5666 inc-

511 5677 788 5751 mendam,
825 5687 883 5729 ut
920 5687 1152 5751 videtur,
1183 5684 1372 5751 COtiltC
1397 5677 1830 5751 tegitfvetustate
1855 5699 1967 5735 oves
1991 5721 2004 5735 .

583 5747 601 5772 ‘
626 5744 874 5822 tintijicio
903 5763 970 5799 ex
1000 5750 1186 5802 Graeco
1221 5750 1380 5803 verbo
1429 5744 1860 5822 αἰεάνῑήσωμεν,
1929 5754 2074 5808 istud

510 5811 564 5864 of
581 5813 827 5881 adtentus,
858 5817 1174 5874 Latinorum
1205 5837 1324 5876 esse
1358 5811 1771 5879 aniaziucn'stnt'n
1823 5811 2071 5878 errorem

2197 1972 2247 2025 ei
2301 1981 2538 2041 prodest,
2571 1975 2700 2045 quia
2729 1977 2959 2046 simplex
2988 1989 3073 2034 est
3100 1983 3184 2035 via
3211 1985 3337 2037 tua?
3367 1998 3461 2039 aut
3493 1989 3690 2044 timens
3719 2003 3774 2043 te

2200 2073 2390 2132 arguet
2425 2077 2497 2128 te,
2520 2075 2575 2119 et
2595 2066 2777 2122 veniet
2805 2075 2982 2122 tecum
3014 2069 3067 2122 in
3095 2070 3404 2137 judicium?
3436 2077 3623 2132 Nonne
3653 2097 3772 2132 ma-

2196 2155 2313 2208 litia
2358 2166 2447 2208 tua
2484 2157 2502 2185 ⁷
2540 2171 2601 2211 οξ-
2630 2165 2716 2211 est
2751 2159 2771 2227 1
2816 2161 3004 2223 multa,
3072 2173 3127 2215 et
3181 2164 3600 2220 innumerabilia
3641 2187 3775 2237 pec-

2198 2258 2313 2301 cata
2343 2248 2470 2301 tua?
2520 2253 2586 2316 Βε(
2615 2249 2748 2315 Quia
2787 2251 2809 2319 1
2849 2253 3044 2319 pignus
3084 2253 3253 2308 tulisti
3293 2259 3521 2309 fratrum
3551 2269 3777 2323 tuorum

2197 2342 2317 2392 sine
2341 2356 2504 2396 causa
2534 2380 2549 2403 ,
2603 2351 2658 2395 et
2683 2345 3065 2397 vestimentum
3116 2361 3417 2415 pauperum
3456 2351 3730 2406 abstulisti
3761 2370 3776 2402 :

2197 2443 2392 2495 aquam
2471 2432 2791 2485 sitientibus
2829 2448 2936 2487 non
2973 2435 3196 2491 dedisti.
3227 2447 3281 2490 et
3312 2444 3622 2495 esurientes
3659 2452 3779 2512 pri-

2196 2520 2333 2573 vasti
2358 2536 2515 2588 pane.
2545 2523 2794 2575 Habitare
2810 2523 2983 2576 fecisti
3008 2540 3338 2594 quemquam
3355 2544 3518 2596 super
3543 2541 3774 2599 terram,
3839 2531 3846 2537 ’

2197 2625 2290 2665 aut
2317 2617 2545 2668 miratus
2571 2629 2630 2667 es
2661 2631 2947 2683 personam
2992 2617 3302 2683 aliquorum
3333 2618 3354 2648 ⁸
3377 2623 3398 2675 ?
3424 2621 3627 2678 Viduas
3678 2625 3771 2679 di-

2199 2705 2392 2756 misisti
2436 2720 2653 2765 vacuas.
2682 2717 2738 2759 et
2764 2711 2999 2776 pupillos
3030 2711 3288 2764 amisisti.
3323 2713 3488 2778 Igitur
3531 2716 3775 2768 circum-

2198 2805 2465 2849 venerunt
2501 2808 2552 2850 te
2587 2799 2789 2867 laquei,
2821 2812 2873 2854 et
2897 2805 3155 2856 contrivit
3178 2815 3228 2857 te
3263 2806 3460 2858 bellum
3489 2823 3772 2875 maguum.

2199 2886 2406 2941 Lumen
2433 2899 2583 2942 tuum
2623 2892 2674 2943 in
2709 2893 2960 2946 tenebras
2993 2895 3009 2924 ³
3048 2911 3374 2949 conversum
3408 2908 3525 2962 est;
3559 2910 3613 2952 et
3641 2900 3777 2952 dor-

2199 2980 2452 3033 mientem
2505 2991 2557 3035 te
2603 3000 2740 3052 aqua
2784 2987 3023 3051 operuit.
3085 2987 3277 3040 Nonne
3311 2990 3405 3056 qui
3465 2991 3519 3042 in
3551 2994 3777 3045 excelso

2197 3081 2375 3124 manet
2422 3074 2663 3139 respicit,
2701 3084 2757 3128 et
2787 3075 3040 3143 injuriam
3094 3079 3360 3132 facientes
3388 3082 3681 3134 liumiliat?
3711 3082 3779 3135 Et

2199 3162 2377 3217 dixisti
2414 3181 2426 3216 :
2465 3163 2603 3228 Quid
2640 3166 2790 3218 novit
2846 3167 3025 3220 Deus?
3055 3183 3122 3220 an
3158 3185 3254 3236 per
3291 3171 3778 3240 nebulamjudieat

2119 3220 2160 3274 C
2198 3256 2306 3328 [Αι.
2338 3220 2661 3327 dijudicat]?
2697 3260 2764 3325 >ε<
2799 3259 2975 3313 nubes
3031 3220 3500 3332 latibru‘lnmvejus,
3549 3220 3604 3317 et
3659 3283 3775 3320 non

2193 3347 2485 3401 videbitur.
2522 3349 2589 3415 >κ
2628 3348 2691 3402 Et
2719 3349 2984 3402 ambitum
3015 3352 3136 3405 οωΙί
3172 3356 3460 3420 percurrit.
3508 3361 3571 3422 ἒξ(
3603 3357 3778 3425 Ergo-

2192 3452 2259 3489 ne
2289 3437 2534 3490 semitam
2589 3439 2770 3491 saaculi
2819 3440 3064 3494 custodis
3098 3444 3164 3508 >ε<
3197 3457 3358 3510 quam
3415 3443 3776 3501 calcaverunt

2193 3528 2292 3581 viri
2341 3529 2511 3595 iniqui
2537 3530 2604 3594 Χ
2634 3529 2727 3597 qui
2758 3530 2917 3598 capiti
2951 3541 3076 3584 sunt
3136 3534 3451 3586 immaturi?
3501 3537 3776 3594 Fluminis

2191 3617 2538 3672 decurrentis
2574 3619 2926 3672 fundamenta
2957 3636 3171 3675 eorum.
3214 3621 3234 3688 1
3272 3621 3373 3687 Qui
3401 3625 3590 3678 dicunt
3620 3644 3632 3678 :
3665 3627 3775 3679 Dn—

2194 3708 2374 3759 minus
2406 3708 2536 3773 quid
2569 3707 2732 3761 faciet
2763 3712 2946 3771 nobis,
2982 3711 3062 3762 vel
3091 3713 3223 3778 quid
3258 3713 3418 3766 nobis
3443 3715 3771 3783 importabit

2191 3800 2576 3868 omnipotens?
2612 3801 2680 3852 Et
2726 3801 2838 3868 Ipse
2867 3803 3112 3870 implevit
3146 3802 3340 3858 domos
3368 3822 3557 3860 eorum
3587 3809 3773 3865 bonis.

2191 3949 2288 4002 pro
2317 3936 2598 4009 obvientus,
2622 3937 2779 4003 cujus
2801 3947 2883 3991 est
2920 3939 3034 3990 fere
3069 3938 3264 3991 similis
3313 3941 3609 4009 scriptura.
3648 3945 3769 3998 Au-

2191 4008 2442 4072 gustinus
2475 4007 2620 4058 hunc
2651 4009 2827 4059 locum
2863 4013 3124 4074 pneterit.

2262 4075 2532 4127 ‘Vidctnr
2589 4077 2852 4150 asterisco
2911 4077 3295 4150 illustrandum
3352 4095 3546 4150 nomen
3603 4083 3769 4150 Deus,

2191 4148 2332 4212 quod
2363 4147 2657 4220 etiamnum
2695 4147 2746 4196 in
2776 4145 2969 4197 Graeco
3024 4146 3386 4201 desideratur.
3422 4149 3584 4204 Levia
3613 4145 3769 4220 qua;

2189 4230 2315 4265 nam
2355 4215 2454 4264 alia
2491 4215 2629 4265 infra
2655 4221 3028 4266 ctnendamus.
3160 4284 3175 4287 _
3316 4283 3320 4287 ἱ

2264 4285 2283 4313 ⁵
2316 4283 2493 4335 Minus
2527 4285 2661 4334 bene
2689 4299 2856 4358 penes
2888 4288 3110 4358 August.
3149 4284 3269 4354 Ipse
3316 4283 3455 4340 enim
3482 4292 3768 4345 homicidia

2182 4353 2416 4420 judicut.
2454 4354 2555 4416 Qui
2589 4355 2949 4421 subsequitur
3012 4353 3330 4417 asteriscus,
3383 4374 3510 4419 non,
3540 4372 3598 4411 ut.
3624 4363 3767 4414 Μαι·-

2194 4427 2422 4473 ιίειιιςιδυς
2457 4432 2734 4488 posuerat,
2773 4433 2944 4475 totum
3003 4428 3357 4488 versiculum,
3383 4430 3475 4480 sed
3533 4434 3765 4485 uuicmn

2196 4507 2492 4556 pronomen
2527 4493 2608 4544 hic
2645 4494 2964 4546 illucescere
3024 4495 3198 4558 facit,
3228 4499 3372 4560 quod
3403 4507 3540 4552 adeo
3581 4502 3768 4554 tinati-

2111 4565 2153 4619 D
2189 4562 2287 4614 bus
2319 4567 2536 4628 punctis
2559 4563 2949 4616 conclusimus.

2250 4680 2270 4708 ⁸
2308 4675 2540 4740 Longius
2569 4677 2654 4728 liic
2690 4677 2842 4730 locus
2869 4678 2938 4730 ab
2981 4678 3210 4729 Hebrieo
3237 4677 3449 4732 abludit
3481 4697 3494 4734 :
3529 4680 3754 4737 Gr.rcns

2181 4758 2390 4807 autem,
2421 4763 2540 4810 quae
2568 4749 2978 4814 subsequuntur
3006 4751 3107 4798 sub
3137 4762 3424 4813 asterisco,
3460 4763 3623 4803 verba
3649 4773 3758 4806 non

2183 4819 2402 4870 retinet.
2453 4816 2658 4869 Confer
2729 4828 3023 4884 utrumque
3079 4828 3289 4870 textum
3335 4837 3346 4869 :
3409 4837 3514 4872 nos
3574 4824 3764 4878 tiualia

2183 4897 2384 4956 puncta
2425 4898 2608 4938 statim
2649 4887 2989 4939 suffecimus.

2251 4981 2270 5009 ⁷
2303 4984 2430 5043 Qum
2477 4982 2579 5030 sub
2630 4982 2894 5031 asterisco
2931 4987 3209 5051 notantur,
3265 4983 3517 5051 leguntur
3561 4985 3615 5036 ili
3656 4985 3768 5038 iic-

2185 5052 2368 5104 braico
2407 5066 2420 5104 ;
2455 5053 2590 5101 male
2644 5052 2808 5116 igitur
2861 5050 3272 5114 ι)().-ὶιιμ[ιιιιιιι
3315 5050 3413 5105 ius.
3457 5055 3648 5109 codice
3697 5069 3763 5110 -ι-

2181 5124 2374 5174 obolos
2409 5135 2504 5185 pro
2535 5130 2799 5171 asterisco
2839 5120 2925 5186 ὶή.
2962 5120 3132 5170 Man'r.

2266 5221 2319 5228 -—
2359 5191 2586 5242 chiuni
2622 5205 2781 5255 quem
2841 5197 2928 5242 inc
2981 5192 3341 5254 restituimus,
3380 5192 3651 5246 retinebat
3707 5209 3767 5250 et

2184 5260 2474 5312 Martianaei
2506 5276 2629 5320 ms.,
2671 5273 2731 5309 ac
2755 5259 2900 5326 jure,
2938 5275 3104 5332 unum
3132 5269 3358 5315 verbum
3389 5273 3486 5322 est.
3514 5263 3762 5332 jugulat.

2183 5333 2336 5394 Quod
2370 5333 2455 5380 illc.
2487 5331 2708 5379 minimc
2739 5329 3203 5394 animadvertetis,
3259 5336 3418 5385 obelo
3454 5329 3763 5399 expuncto,

2183 5413 2370 5451 contra
2431 5399 2483 5451 S.
2539 5399 2860 5464 interpretis
2898 5411 3133 5451 mentem
3181 5404 3246 5455 de
3281 5420 3379 5454 suo
3431 5415 3764 5458 asteriscuni

2186 5470 2489 5521 substituit.
2540 5471 2704 5519 l'aulo
2733 5481 2855 5536 post
2896 5472 3182 5535 asterisco,
3222 5477 3313 5539 qui
3371 5475 3529 5524 unice
3559 5477 3766 5526 adver-

2183 5542 2337 5609 bium
2389 5541 2512 5606 qnt’u
2570 5539 2816 5605 respicit,
2873 5540 3052 5590 linalia
3094 5555 3295 5606 puncta
3339 5543 3762 5609 subjuuximus.

2251 5610 2272 5637 ⁸
2307 5608 2801 5680 llornmiversunm
2852 5614 2987 5662 ordo
3020 5613 3274 5666 inversus
3339 5623 3422 5664 est
3446 5608 3601 5680 apud
3662 5615 3767 5667 Se-

2185 5683 2490 5749 ptuaginta.
2521 5679 2694 5731 MART.

2255 5752 2273 5779 θ
2311 5750 2508 5802 Vitiosc
2542 5763 2704 5816 penes
2736 5747 3130 5814 Martianaium,
3157 5751 3210 5803 in
3237 5752 3479 5805 tenebris.
3512 5751 3657 5808 Infra
3684 5753 3768 5809 les

2188 5826 2336 5876 viora
2368 5819 2468 5871 aiia
2505 5834 2569 5873 cx
2595 5819 2894 5887 Augustino
2933 5823 3319 5876 emcndantur.
