  <div class='ocr_page' id='page_1' title='image "/cluster/home/n/w/nwhite01/storage/ocr_20150623/29/hvd.32044096580519/062.png"; bbox 0 0 3966 6184; ppageno 0'>
   <div class='ocr_carea' id='block_1_1' title="bbox 227 434 3480 499">
    <p class='ocr_par' dir='ltr' id='par_1_1' title="bbox 227 434 3480 499">
     <span class='ocr_line' id='line_1_1' title="bbox 227 434 3480 499; baseline -0.002 2"><span class='ocrx_word' id='word_1_1' title='bbox 227 434 288 492; x_wconf 67' lang='lat'><strong>93</strong></span> <span class='ocrx_word' id='word_1_2' title='bbox 1635 438 1880 499; x_wconf 78' lang='lat' dir='ltr'><strong>LlBER</strong></span> <span class='ocrx_word' id='word_1_3' title='bbox 1921 437 2080 499; x_wconf 89' lang='lat' dir='ltr'><strong>JOB.</strong></span> <span class='ocrx_word' id='word_1_4' title='bbox 3407 434 3480 494; x_wconf 67' lang='grc'><strong>94</strong></span> 
     </span>
    </p>
   </div>
   <div class='ocr_carea' id='block_1_2' title="bbox 223 513 3478 625">
    <p class='ocr_par' dir='ltr' id='par_1_2' title="bbox 223 548 3478 625">
     <span class='ocr_line' id='line_1_2' title="bbox 223 548 3478 625; baseline 0 -22"><span class='ocrx_word' id='word_1_5' title='bbox 223 549 284 604; x_wconf 79' lang='lat' dir='ltr'><strong>Et</strong></span> <span class='ocrx_word' id='word_1_6' title='bbox 325 548 592 619; x_wconf 71' lang='lat' dir='ltr'><strong>cogitatio</strong></span> <span class='ocrx_word' id='word_1_7' title='bbox 633 549 787 620; x_wconf 82' lang='lat' dir='ltr'><strong>impii</strong></span> <span class='ocrx_word' id='word_1_8' title='bbox 819 550 978 618; x_wconf 81' lang='lat' dir='ltr'><strong>longe</strong></span> <span class='ocrx_word' id='word_1_9' title='bbox 1006 561 1090 606; x_wconf 87' lang='lat' dir='ltr'><strong>est</strong></span> <span class='ocrx_word' id='word_1_10' title='bbox 1124 552 1193 607; x_wconf 78' lang='lat' dir='ltr'><strong>ab</strong></span> <span class='ocrx_word' id='word_1_11' title='bbox 1243 568 1331 608; x_wconf 92' lang='lat' dir='ltr'><strong>eo.</strong></span> <span class='ocrx_word' id='word_1_12' title='bbox 1375 552 1632 608; x_wconf 86' lang='lat' dir='ltr'><strong>Videntes</strong></span> <span class='ocrx_word' id='word_1_13' title='bbox 1659 553 1793 624; x_wconf 89' lang='lat' dir='ltr'><strong>justi</strong></span> <span class='ocrx_word' id='word_1_14' title='bbox 1825 557 1871 614; x_wconf 80' lang='grc' dir='ltr'><strong>Α</strong></span> <span class='ocrx_word' id='word_1_15' title='bbox 1901 554 2266 625; x_wconf 82' lang='lat' dir='ltr'><strong>prehendam.</strong></span> <span class='ocrx_word' id='word_1_16' title='bbox 2295 557 2363 623; x_wconf 63' lang='grc' dir='ltr'>Χ</span> <span class='ocrx_word' id='word_1_17' title='bbox 2394 554 2758 609; x_wconf 72' lang='lat' dir='ltr'><strong>Convertetur</strong></span> <span class='ocrx_word' id='word_1_18' title='bbox 2789 551 2856 606; x_wconf 88' lang='lat' dir='ltr'><strong>ad</strong></span> <span class='ocrx_word' id='word_1_19' title='bbox 2893 552 3198 614; x_wconf 76' lang='lat' dir='ltr'><strong>dexteram,</strong></span> <span class='ocrx_word' id='word_1_20' title='bbox 3256 557 3312 604; x_wconf 91' lang='lat' dir='ltr'><strong>et</strong></span> <span class='ocrx_word' id='word_1_21' title='bbox 3367 566 3478 604; x_wconf 89' lang='lat' dir='ltr'><strong>non</strong></span> 
     </span>
    </p>
   </div>
   <div class='ocr_carea' id='block_1_3' title="bbox 223 639 1792 710">
    <p class='ocr_par' dir='ltr' id='par_1_3' title="bbox 223 639 1792 710">
     <span class='ocr_line' id='line_1_3' title="bbox 223 639 1792 710; baseline 0.001 -18"><span class='ocrx_word' id='word_1_22' title='bbox 223 640 454 694; x_wconf 82' lang='lat' dir='ltr'><strong>riserunt</strong></span> <span class='ocrx_word' id='word_1_23' title='bbox 479 640 521 702; x_wconf 72' lang='grc' dir='ltr'><strong>’ς</strong></span> <span class='ocrx_word' id='word_1_24' title='bbox 551 649 607 694; x_wconf 91' lang='lat' dir='ltr'><strong>et</strong></span> <span class='ocrx_word' id='word_1_25' title='bbox 629 639 981 710; x_wconf 89' lang='lat' dir='ltr'><strong>inculpabilis</strong></span> <span class='ocrx_word' id='word_1_26' title='bbox 1010 643 1371 696; x_wconf 88' lang='lat' dir='ltr'><strong>subsannabit</strong></span> <span class='ocrx_word' id='word_1_27' title='bbox 1395 658 1510 698; x_wconf 89' lang='lat' dir='ltr'><strong>cos.</strong></span> <span class='ocrx_word' id='word_1_28' title='bbox 1535 641 1792 708; x_wconf 51' lang='lat' dir='ltr'><strong>){iNum-</strong></span> 
     </span>
    </p>
   </div>
   <div class='ocr_carea' id='block_1_4' title="bbox 224 731 1795 800">
    <p class='ocr_par' dir='ltr' id='par_1_4' title="bbox 224 731 1795 800">
     <span class='ocr_line' id='line_1_4' title="bbox 224 731 1795 800; baseline 0.001 -16"><span class='ocrx_word' id='word_1_29' title='bbox 224 731 342 799; x_wconf 89' lang='lat' dir='ltr'><strong>quid</strong></span> <span class='ocrx_word' id='word_1_30' title='bbox 381 746 493 784; x_wconf 82' lang='lat' dir='ltr'><strong>non</strong></span> <span class='ocrx_word' id='word_1_31' title='bbox 526 731 786 785; x_wconf 90' lang='lat' dir='ltr'><strong>demolita</strong></span> <span class='ocrx_word' id='word_1_32' title='bbox 837 742 922 786; x_wconf 91' lang='lat' dir='ltr'><strong>est</strong></span> <span class='ocrx_word' id='word_1_33' title='bbox 946 733 1250 787; x_wconf 80' lang='lat' dir='ltr'><strong>substantia</strong></span> <span class='ocrx_word' id='word_1_34' title='bbox 1282 748 1498 797; x_wconf 90' lang='lat' dir='ltr'><strong>eorum,</strong></span> <span class='ocrx_word' id='word_1_35' title='bbox 1537 735 1603 800; x_wconf 55' lang='grc' dir='ltr'><strong>χ(</strong></span> <span class='ocrx_word' id='word_1_36' title='bbox 1635 741 1688 786; x_wconf 88' lang='lat' dir='ltr'><strong>et</strong></span> <span class='ocrx_word' id='word_1_37' title='bbox 1711 749 1795 785; x_wconf 88' lang='lat' dir='ltr'><strong>re-</strong></span> 
     </span>
    </p>
   </div>
   <div class='ocr_carea' id='block_1_5' title="bbox 223 823 1792 893">
    <p class='ocr_par' dir='ltr' id='par_1_5' title="bbox 223 823 1792 893">
     <span class='ocr_line' id='line_1_5' title="bbox 223 823 1792 893; baseline -0.001 -14"><span class='ocrx_word' id='word_1_38' title='bbox 223 825 412 893; x_wconf 86' lang='lat' dir='ltr'><strong>liquias</strong></span> <span class='ocrx_word' id='word_1_39' title='bbox 442 838 641 876; x_wconf 87' lang='lat' dir='ltr'><strong>eorum</strong></span> <span class='ocrx_word' id='word_1_40' title='bbox 695 823 936 878; x_wconf 84' lang='lat' dir='ltr'><strong>comedit</strong></span> <span class='ocrx_word' id='word_1_41' title='bbox 981 824 1166 893; x_wconf 84' lang='lat' dir='ltr'><strong>ignis?</strong></span> <span class='ocrx_word' id='word_1_42' title='bbox 1222 826 1242 893; x_wconf 99' lang='lat'><strong>1</strong></span> <span class='ocrx_word' id='word_1_43' title='bbox 1276 823 1405 879; x_wconf 87' lang='lat' dir='ltr'><strong>Esto</strong></span> <span class='ocrx_word' id='word_1_44' title='bbox 1467 825 1636 878; x_wconf 89' lang='lat' dir='ltr'><strong>durus</strong></span> <span class='ocrx_word' id='word_1_45' title='bbox 1661 827 1719 876; x_wconf 75' lang='grc' dir='ltr'><strong>ἐ</strong></span> <span class='ocrx_word' id='word_1_46' title='bbox 1748 825 1792 878; x_wconf 88' lang='lat' dir='ltr'><strong>si</strong></span> 
     </span>
    </p>
   </div>
   <div class='ocr_carea' id='block_1_6' title="bbox 227 913 1794 980">
    <p class='ocr_par' dir='ltr' id='par_1_6' title="bbox 227 913 1794 980">
     <span class='ocr_line' id='line_1_6' title="bbox 227 913 1794 980; baseline 0.001 -14"><span class='ocrx_word' id='word_1_47' title='bbox 227 917 549 969; x_wconf 72' lang='lat' dir='ltr'><strong>sustinueris</strong></span> <span class='ocrx_word' id='word_1_48' title='bbox 585 916 628 980; x_wconf 86' lang='grc'><strong>³,</strong></span> <span class='ocrx_word' id='word_1_49' title='bbox 657 913 860 968; x_wconf 90' lang='lat' dir='ltr'><strong>deinde</strong></span> <span class='ocrx_word' id='word_1_50' title='bbox 885 915 1101 971; x_wconf 80' lang='lat' dir='ltr'><strong>fructus</strong></span> <span class='ocrx_word' id='word_1_51' title='bbox 1125 921 1249 970; x_wconf 89' lang='lat' dir='ltr'><strong>tuus</strong></span> <span class='ocrx_word' id='word_1_52' title='bbox 1270 918 1376 969; x_wconf 91' lang='lat' dir='ltr'><strong>erit</strong></span> <span class='ocrx_word' id='word_1_53' title='bbox 1402 915 1456 969; x_wconf 89' lang='lat' dir='ltr'><strong>in</strong></span> <span class='ocrx_word' id='word_1_54' title='bbox 1489 915 1665 969; x_wconf 86' lang='lat' dir='ltr'><strong>bonis.</strong></span> <span class='ocrx_word' id='word_1_55' title='bbox 1689 916 1794 968; x_wconf 80' lang='lat' dir='ltr'><strong>Ac-</strong></span> 
     </span>
    </p>
   </div>
   <div class='ocr_carea' id='block_1_7' title="bbox 225 1006 1796 1076">
    <p class='ocr_par' dir='ltr' id='par_1_7' title="bbox 225 1006 1796 1076">
     <span class='ocr_line' id='line_1_7' title="bbox 225 1006 1796 1076; baseline -0.001 -15"><span class='ocrx_word' id='word_1_56' title='bbox 225 1011 339 1074; x_wconf 80' lang='lat' dir='ltr'><strong>ctpc</strong></span> <span class='ocrx_word' id='word_1_57' title='bbox 391 1006 570 1076; x_wconf 82' lang='lat' dir='ltr'><strong>magis</strong></span> <span class='ocrx_word' id='word_1_58' title='bbox 600 1023 666 1060; x_wconf 76' lang='lat' dir='ltr'><strong>ex</strong></span> <span class='ocrx_word' id='word_1_59' title='bbox 698 1023 794 1061; x_wconf 90' lang='lat' dir='ltr'><strong>ore</strong></span> <span class='ocrx_word' id='word_1_60' title='bbox 823 1006 946 1074; x_wconf 84' lang='lat' dir='ltr'><strong>ejus</strong></span> <span class='ocrx_word' id='word_1_61' title='bbox 1003 1007 1264 1069; x_wconf 91' lang='lat' dir='ltr'><strong>edictum,</strong></span> <span class='ocrx_word' id='word_1_62' title='bbox 1301 1018 1356 1061; x_wconf 92' lang='lat' dir='ltr'><strong>et</strong></span> <span class='ocrx_word' id='word_1_63' title='bbox 1377 1008 1595 1076; x_wconf 87' lang='lat' dir='ltr'><strong>suscipe</strong></span> <span class='ocrx_word' id='word_1_64' title='bbox 1627 1007 1796 1060; x_wconf 85' lang='lat' dir='ltr'><strong>verba</strong></span> 
     </span>
    </p>
   </div>
   <div class='ocr_carea' id='block_1_8' title="bbox 227 1096 1797 1164">
    <p class='ocr_par' dir='ltr' id='par_1_8' title="bbox 227 1096 1797 1164">
     <span class='ocr_line' id='line_1_8' title="bbox 227 1096 1797 1164; baseline -0.001 -13"><span class='ocrx_word' id='word_1_65' title='bbox 227 1102 332 1164; x_wconf 86' lang='lat' dir='ltr'><strong>ejus</strong></span> <span class='ocrx_word' id='word_1_66' title='bbox 372 1099 428 1151; x_wconf 91' lang='lat' dir='ltr'><strong>in</strong></span> <span class='ocrx_word' id='word_1_67' title='bbox 485 1097 654 1150; x_wconf 88' lang='lat' dir='ltr'><strong>corde</strong></span> <span class='ocrx_word' id='word_1_68' title='bbox 688 1107 800 1150; x_wconf 89' lang='lat' dir='ltr'><strong>tuo.</strong></span> <span class='ocrx_word' id='word_1_69' title='bbox 831 1096 985 1162; x_wconf 88' lang='lat' dir='ltr'><strong>Quod</strong></span> <span class='ocrx_word' id='word_1_70' title='bbox 1026 1099 1070 1151; x_wconf 91' lang='lat' dir='ltr'><strong>si</strong></span> <span class='ocrx_word' id='word_1_71' title='bbox 1103 1114 1355 1152; x_wconf 80' lang='lat' dir='ltr'><strong>reversus</strong></span> <span class='ocrx_word' id='word_1_72' title='bbox 1390 1098 1579 1163; x_wconf 83' lang='lat' dir='ltr'><strong>fueris,</strong></span> <span class='ocrx_word' id='word_1_73' title='bbox 1609 1109 1662 1151; x_wconf 88' lang='lat' dir='ltr'><strong>et</strong></span> <span class='ocrx_word' id='word_1_74' title='bbox 1697 1100 1797 1150; x_wconf 82' lang='lat' dir='ltr'><strong>litt-</strong></span> 
     </span>
    </p>
   </div>
   <div class='ocr_carea' id='block_1_9' title="bbox 227 1189 1798 1259">
    <p class='ocr_par' dir='ltr' id='par_1_9' title="bbox 227 1189 1798 1259">
     <span class='ocr_line' id='line_1_9' title="bbox 227 1189 1798 1259; baseline -0.001 -17"><span class='ocrx_word' id='word_1_75' title='bbox 227 1191 519 1243; x_wconf 85' lang='lat' dir='ltr'><strong>miliaveris</strong></span> <span class='ocrx_word' id='word_1_76' title='bbox 563 1199 614 1244; x_wconf 92' lang='lat' dir='ltr'><strong>te</strong></span> <span class='ocrx_word' id='word_1_77' title='bbox 649 1204 834 1243; x_wconf 90' lang='lat' dir='ltr'><strong>coram</strong></span> <span class='ocrx_word' id='word_1_78' title='bbox 876 1191 1126 1252; x_wconf 90' lang='lat' dir='ltr'><strong>Domino,</strong></span> <span class='ocrx_word' id='word_1_79' title='bbox 1181 1191 1366 1259; x_wconf 86' lang='lat' dir='ltr'><strong>procul</strong></span> <span class='ocrx_word' id='word_1_80' title='bbox 1404 1189 1798 1258; x_wconf 82' lang='lat' dir='ltr'><strong>faciesiniqui-</strong></span> 
     </span>
    </p>
   </div>
   <div class='ocr_carea' id='block_1_10' title="bbox 224 1281 1796 1351">
    <p class='ocr_par' dir='ltr' id='par_1_10' title="bbox 224 1281 1796 1351">
     <span class='ocr_line' id='line_1_10' title="bbox 224 1281 1796 1351; baseline -0.001 -17"><span class='ocrx_word' id='word_1_81' title='bbox 224 1291 378 1335; x_wconf 80' lang='lat' dir='ltr'><strong>tatem</strong></span> <span class='ocrx_word' id='word_1_82' title='bbox 412 1297 442 1334; x_wconf 83' lang='lat' dir='ltr'><strong>a</strong></span> <span class='ocrx_word' id='word_1_83' title='bbox 479 1281 841 1336; x_wconf 88' lang='lat' dir='ltr'><strong>tabernaculo</strong></span> <span class='ocrx_word' id='word_1_84' title='bbox 900 1294 1016 1337; x_wconf 93' lang='lat' dir='ltr'><strong>tuo.</strong></span> <span class='ocrx_word' id='word_1_85' title='bbox 1047 1286 1110 1351; x_wconf 51' lang='grc' dir='ltr'><strong>ῖς(</strong></span> <span class='ocrx_word' id='word_1_86' title='bbox 1144 1282 1210 1336; x_wconf 83' lang='grc' dir='ltr'><strong>Ει</strong></span> <span class='ocrx_word' id='word_1_87' title='bbox 1242 1297 1413 1351; x_wconf 87' lang='lat' dir='ltr'><strong>pones</strong></span> <span class='ocrx_word' id='word_1_88' title='bbox 1444 1282 1572 1334; x_wconf 87' lang='lat' dir='ltr'><strong>illttd</strong></span> <span class='ocrx_word' id='word_1_89' title='bbox 1633 1298 1796 1348; x_wconf 89' lang='lat' dir='ltr'><strong>super</strong></span> 
     </span>
    </p>
   </div>
   <div class='ocr_carea' id='block_1_11' title="bbox 225 1373 1787 1442">
    <p class='ocr_par' dir='ltr' id='par_1_11' title="bbox 225 1373 1787 1442">
     <span class='ocr_line' id='line_1_11' title="bbox 225 1373 1787 1442; baseline 0 -18"><span class='ocrx_word' id='word_1_90' title='bbox 225 1388 466 1442; x_wconf 72' lang='lat' dir='ltr'><strong>aggerem</strong></span> <span class='ocrx_word' id='word_1_91' title='bbox 507 1374 564 1426; x_wconf 91' lang='lat' dir='ltr'><strong>in</strong></span> <span class='ocrx_word' id='word_1_92' title='bbox 598 1382 827 1440; x_wconf 87' lang='lat' dir='ltr'><strong>petram,</strong></span> <span class='ocrx_word' id='word_1_93' title='bbox 857 1375 924 1439; x_wconf 71' lang='grc' dir='ltr'><strong>&gt;ί&lt;</strong></span> <span class='ocrx_word' id='word_1_94' title='bbox 950 1373 968 1403; x_wconf 74' lang='grc'>⁸</span> <span class='ocrx_word' id='word_1_95' title='bbox 991 1384 1045 1425; x_wconf 87' lang='lat' dir='ltr'><strong>et</strong></span> <span class='ocrx_word' id='word_1_96' title='bbox 1072 1373 1127 1424; x_wconf 89' lang='lat' dir='ltr'><strong>in</strong></span> <span class='ocrx_word' id='word_1_97' title='bbox 1146 1388 1271 1424; x_wconf 71' lang='lat' dir='ltr'><strong>saxa</strong></span> <span class='ocrx_word' id='word_1_98' title='bbox 1310 1374 1574 1425; x_wconf 83' lang='lat' dir='ltr'><strong>torrentis</strong></span> <span class='ocrx_word' id='word_1_99' title='bbox 1600 1373 1787 1439; x_wconf 81' lang='lat' dir='ltr'><strong>Opliir.</strong></span> 
     </span>
    </p>
   </div>
   <div class='ocr_carea' id='block_1_12' title="bbox 226 1463 1798 1532">
    <p class='ocr_par' dir='ltr' id='par_1_12' title="bbox 226 1463 1798 1532">
     <span class='ocr_line' id='line_1_12' title="bbox 226 1463 1798 1532; baseline 0 -16"><span class='ocrx_word' id='word_1_100' title='bbox 226 1463 332 1518; x_wconf 72' lang='lat' dir='ltr'><strong>Brit</strong></span> <span class='ocrx_word' id='word_1_101' title='bbox 355 1464 714 1532; x_wconf 89' lang='lat' dir='ltr'><strong>omnipotens</strong></span> <span class='ocrx_word' id='word_1_102' title='bbox 745 1464 970 1532; x_wconf 88' lang='lat' dir='ltr'><strong>adjutor</strong></span> <span class='ocrx_word' id='word_1_103' title='bbox 1003 1472 1127 1517; x_wconf 84' lang='lat' dir='ltr'><strong>tuus</strong></span> <span class='ocrx_word' id='word_1_104' title='bbox 1191 1474 1382 1516; x_wconf 90' lang='lat' dir='ltr'><strong>contra</strong></span> <span class='ocrx_word' id='word_1_105' title='bbox 1439 1463 1711 1525; x_wconf 83' lang='lat' dir='ltr'><strong>inimicos,</strong></span> <span class='ocrx_word' id='word_1_106' title='bbox 1743 1472 1798 1516; x_wconf 91' lang='lat' dir='ltr'><strong>et</strong></span> 
     </span>
    </p>
   </div>
   <div class='ocr_carea' id='block_1_13' title="bbox 226 1556 1794 1626">
    <p class='ocr_par' dir='ltr' id='par_1_13' title="bbox 226 1556 1794 1626">
     <span class='ocr_line' id='line_1_13' title="bbox 226 1556 1794 1626; baseline 0 -18"><span class='ocrx_word' id='word_1_107' title='bbox 226 1559 369 1624; x_wconf 70' lang='lat' dir='ltr'><strong>quasi</strong></span> <span class='ocrx_word' id='word_1_108' title='bbox 396 1568 688 1624; x_wconf 80' lang='lat' dir='ltr'><strong>argentum</strong></span> <span class='ocrx_word' id='word_1_109' title='bbox 743 1557 1010 1610; x_wconf 91' lang='lat' dir='ltr'><strong>mundum</strong></span> <span class='ocrx_word' id='word_1_110' title='bbox 1041 1558 1151 1626; x_wconf 76' lang='lat' dir='ltr'><strong>igni</strong></span> <span class='ocrx_word' id='word_1_111' title='bbox 1184 1556 1498 1622; x_wconf 87' lang='lat' dir='ltr'><strong>probatum,</strong></span> <span class='ocrx_word' id='word_1_112' title='bbox 1533 1557 1693 1607; x_wconf 81' lang='lat' dir='ltr'><strong>fat-iet</strong></span> <span class='ocrx_word' id='word_1_113' title='bbox 1723 1565 1794 1608; x_wconf 85' lang='lat' dir='ltr'><strong>te.</strong></span> 
     </span>
    </p>
   </div>
   <div class='ocr_carea' id='block_1_14' title="bbox 231 1645 1799 1712">
    <p class='ocr_par' dir='ltr' id='par_1_14' title="bbox 231 1645 1799 1712">
     <span class='ocr_line' id='line_1_14' title="bbox 231 1645 1799 1712; baseline -0.002 -11"><span class='ocrx_word' id='word_1_114' title='bbox 231 1647 377 1701; x_wconf 82' lang='lat' dir='ltr'><strong>Tunc</strong></span> <span class='ocrx_word' id='word_1_115' title='bbox 405 1663 595 1702; x_wconf 87' lang='lat' dir='ltr'><strong>coram</strong></span> <span class='ocrx_word' id='word_1_116' title='bbox 646 1649 879 1701; x_wconf 90' lang='lat' dir='ltr'><strong>Domino</strong></span> <span class='ocrx_word' id='word_1_117' title='bbox 928 1648 1152 1702; x_wconf 79' lang='lat' dir='ltr'><strong>habebis</strong></span> <span class='ocrx_word' id='word_1_118' title='bbox 1192 1648 1470 1705; x_wconf 88' lang='lat' dir='ltr'><strong>liduciam,</strong></span> <span class='ocrx_word' id='word_1_119' title='bbox 1496 1645 1799 1712; x_wconf 87' lang='lat' dir='ltr'><strong>suscipiens</strong></span> 
     </span>
    </p>
   </div>
   <div class='ocr_carea' id='block_1_15' title="bbox 230 1738 1798 1794">
    <p class='ocr_par' dir='ltr' id='par_1_15' title="bbox 230 1738 1798 1794">
     <span class='ocr_line' id='line_1_15' title="bbox 230 1738 1798 1794; baseline -0.003 -2"><span class='ocrx_word' id='word_1_120' title='bbox 230 1739 420 1792; x_wconf 70' lang='lat' dir='ltr'><strong>caelum</strong></span> <span class='ocrx_word' id='word_1_121' title='bbox 461 1754 590 1791; x_wconf 91' lang='lat' dir='ltr'><strong>cum</strong></span> <span class='ocrx_word' id='word_1_122' title='bbox 645 1739 946 1794; x_wconf 75' lang='lat' dir='ltr'><strong>hilaritate.</strong></span> <span class='ocrx_word' id='word_1_123' title='bbox 1015 1740 1076 1793; x_wconf 74' lang='lat' dir='ltr'><strong>Et</strong></span> <span class='ocrx_word' id='word_1_124' title='bbox 1116 1755 1239 1793; x_wconf 89' lang='lat' dir='ltr'><strong>cum</strong></span> <span class='ocrx_word' id='word_1_125' title='bbox 1271 1738 1512 1790; x_wconf 86' lang='lat' dir='ltr'><strong>oraveris</strong></span> <span class='ocrx_word' id='word_1_126' title='bbox 1543 1738 1606 1789; x_wconf 88' lang='lat' dir='ltr'><strong>ad</strong></span> <span class='ocrx_word' id='word_1_127' title='bbox 1649 1750 1798 1794; x_wconf 82' lang='lat' dir='ltr'><strong>cum.</strong></span> 
     </span>
    </p>
   </div>
   <div class='ocr_carea' id='block_1_16' title="bbox 232 1827 1798 1900">
    <p class='ocr_par' dir='ltr' id='par_1_16' title="bbox 232 1827 1798 1900">
     <span class='ocr_line' id='line_1_16' title="bbox 232 1827 1798 1900; baseline -0.003 -16"><span class='ocrx_word' id='word_1_128' title='bbox 232 1832 475 1885; x_wconf 74' lang='lat' dir='ltr'><strong>exaudiet</strong></span> <span class='ocrx_word' id='word_1_129' title='bbox 507 1841 584 1896; x_wconf 88' lang='lat' dir='ltr'><strong>te,</strong></span> <span class='ocrx_word' id='word_1_130' title='bbox 620 1842 854 1900; x_wconf 86' lang='lat' dir='ltr'><strong>votaque</strong></span> <span class='ocrx_word' id='word_1_131' title='bbox 917 1841 1006 1884; x_wconf 88' lang='lat' dir='ltr'><strong>tua</strong></span> <span class='ocrx_word' id='word_1_132' title='bbox 1060 1830 1276 1883; x_wconf 82' lang='lat' dir='ltr'><strong>reddes.</strong></span> <span class='ocrx_word' id='word_1_133' title='bbox 1314 1830 1375 1881; x_wconf 89' lang='lat' dir='ltr'><strong>Et</strong></span> <span class='ocrx_word' id='word_1_134' title='bbox 1424 1829 1676 1881; x_wconf 78' lang='lat' dir='ltr'><strong>restituet</strong></span> <span class='ocrx_word' id='word_1_135' title='bbox 1703 1827 1798 1880; x_wconf 75' lang='lat' dir='ltr'><strong>tibi</strong></span> 
     </span>
    </p>
   </div>
   <div class='ocr_carea' id='block_1_17' title="bbox 231 1905 1876 1994">
    <p class='ocr_par' dir='ltr' id='par_1_17' title="bbox 231 1905 1876 1994">
     <span class='ocr_line' id='line_1_17' title="bbox 231 1905 1876 1994; baseline -0.006 -15"><span class='ocrx_word' id='word_1_136' title='bbox 231 1927 702 1979; x_wconf 79' lang='lat' dir='ltr'><strong>conversationem</strong></span> <span class='ocrx_word' id='word_1_137' title='bbox 748 1923 979 1994; x_wconf 58' lang='lat' dir='ltr'><strong>justitiat:</strong></span> <span class='ocrx_word' id='word_1_138' title='bbox 1019 1925 1086 1990; x_wconf 45' lang='grc' dir='ltr'>Ξ(</span> <span class='ocrx_word' id='word_1_139' title='bbox 1125 1933 1181 1976; x_wconf 91' lang='lat' dir='ltr'><strong>et</strong></span> <span class='ocrx_word' id='word_1_140' title='bbox 1211 1922 1264 1974; x_wconf 90' lang='lat' dir='ltr'><strong>in</strong></span> <span class='ocrx_word' id='word_1_141' title='bbox 1294 1921 1395 1973; x_wconf 91' lang='lat' dir='ltr'><strong>viis</strong></span> <span class='ocrx_word' id='word_1_142' title='bbox 1443 1919 1552 1972; x_wconf 89' lang='lat' dir='ltr'><strong>tuis</strong></span> <span class='ocrx_word' id='word_1_143' title='bbox 1582 1919 1688 1972; x_wconf 88' lang='lat' dir='ltr'><strong>erit</strong></span> <span class='ocrx_word' id='word_1_144' title='bbox 1716 1917 1802 1970; x_wconf 82' lang='lat' dir='ltr'><strong>lu-</strong></span> <span class='ocrx_word' id='word_1_145' title='bbox 1834 1905 1876 1960; x_wconf 83' lang='grc' dir='ltr'><strong>Β</strong></span> 
     </span>
    </p>
   </div>
   <div class='ocr_carea' id='block_1_18' title="bbox 228 2010 1802 2086">
    <p class='ocr_par' dir='ltr' id='par_1_18' title="bbox 228 2010 1802 2086">
     <span class='ocr_line' id='line_1_18' title="bbox 228 2010 1802 2086; baseline -0.008 -14"><span class='ocrx_word' id='word_1_146' title='bbox 228 2033 341 2072; x_wconf 85' lang='lat' dir='ltr'><strong>men</strong></span> <span class='ocrx_word' id='word_1_147' title='bbox 369 2020 391 2049; x_wconf 81' lang='grc'><strong><em>⁵</em></strong></span> <span class='ocrx_word' id='word_1_148' title='bbox 429 2019 452 2086; x_wconf 92' lang='lat'><strong>1</strong></span> <span class='ocrx_word' id='word_1_149' title='bbox 483 2017 622 2082; x_wconf 85' lang='lat' dir='ltr'><strong>Quia</strong></span> <span class='ocrx_word' id='word_1_150' title='bbox 659 2015 971 2069; x_wconf 87' lang='lat' dir='ltr'><strong>bumiliavit</strong></span> <span class='ocrx_word' id='word_1_151' title='bbox 993 2015 1372 2080; x_wconf 86' lang='lat' dir='ltr'><strong>semetipsum,</strong></span> <span class='ocrx_word' id='word_1_152' title='bbox 1400 2022 1453 2064; x_wconf 90' lang='lat' dir='ltr'><strong>et</strong></span> <span class='ocrx_word' id='word_1_153' title='bbox 1487 2010 1660 2074; x_wconf 88' lang='lat' dir='ltr'><strong>dices,</strong></span> <span class='ocrx_word' id='word_1_154' title='bbox 1693 2011 1802 2062; x_wconf 90' lang='lat' dir='ltr'><strong>ela-</strong></span> 
     </span>
    </p>
   </div>
   <div class='ocr_carea' id='block_1_19' title="bbox 231 2101 1804 2176">
    <p class='ocr_par' dir='ltr' id='par_1_19' title="bbox 231 2101 1804 2176">
     <span class='ocr_line' id='line_1_19' title="bbox 231 2101 1804 2176; baseline -0.005 -13"><span class='ocrx_word' id='word_1_155' title='bbox 231 2120 308 2163; x_wconf 84' lang='lat' dir='ltr'><strong>tus</strong></span> <span class='ocrx_word' id='word_1_156' title='bbox 335 2120 422 2163; x_wconf 85' lang='lat' dir='ltr'><strong>est</strong></span> <span class='ocrx_word' id='word_1_157' title='bbox 452 2111 507 2162; x_wconf 88' lang='lat' dir='ltr'><strong>in</strong></span> <span class='ocrx_word' id='word_1_158' title='bbox 548 2109 884 2176; x_wconf 82' lang='lat' dir='ltr'><strong>superbiam.</strong></span> <span class='ocrx_word' id='word_1_159' title='bbox 920 2103 984 2160; x_wconf 87' lang='lat' dir='ltr'><strong>Et</strong></span> <span class='ocrx_word' id='word_1_160' title='bbox 1010 2105 1329 2158; x_wconf 88' lang='lat' dir='ltr'><strong>inclinatum</strong></span> <span class='ocrx_word' id='word_1_161' title='bbox 1356 2102 1531 2155; x_wconf 89' lang='lat' dir='ltr'><strong>oculis</strong></span> <span class='ocrx_word' id='word_1_162' title='bbox 1553 2101 1804 2155; x_wconf 86' lang='lat' dir='ltr'><strong>salvabit.</strong></span> 
     </span>
    </p>
   </div>
   <div class='ocr_carea' id='block_1_20' title="bbox 229 2193 1802 2264">
    <p class='ocr_par' dir='ltr' id='par_1_20' title="bbox 229 2193 1802 2264">
     <span class='ocr_line' id='line_1_20' title="bbox 229 2193 1802 2264; baseline -0.008 -8"><span class='ocrx_word' id='word_1_163' title='bbox 229 2203 362 2256; x_wconf 80' lang='lat' dir='ltr'><strong>Erue</strong></span> <span class='ocrx_word' id='word_1_164' title='bbox 382 2203 760 2264; x_wconf 89' lang='lat' dir='ltr'><strong>innocentem,</strong></span> <span class='ocrx_word' id='word_1_165' title='bbox 780 2209 836 2253; x_wconf 89' lang='lat' dir='ltr'><strong>et</strong></span> <span class='ocrx_word' id='word_1_166' title='bbox 857 2197 1156 2252; x_wconf 83' lang='lat' dir='ltr'><strong>salvaberis</strong></span> <span class='ocrx_word' id='word_1_167' title='bbox 1174 2196 1226 2249; x_wconf 89' lang='lat' dir='ltr'><strong>in</strong></span> <span class='ocrx_word' id='word_1_168' title='bbox 1250 2193 1518 2247; x_wconf 86' lang='lat' dir='ltr'><strong>munditia</strong></span> <span class='ocrx_word' id='word_1_169' title='bbox 1542 2206 1802 2245; x_wconf 89' lang='lat' dir='ltr'><strong>manuum</strong></span> 
     </span>
    </p>
   </div>
   <div class='ocr_carea' id='block_1_21' title="bbox 232 2304 468 2347">
    <p class='ocr_par' dir='ltr' id='par_1_21' title="bbox 232 2304 468 2347">
     <span class='ocr_line' id='line_1_21' title="bbox 232 2304 468 2347; baseline -0.008 0"><span class='ocrx_word' id='word_1_170' title='bbox 232 2304 468 2347; x_wconf 84' lang='lat' dir='ltr'><strong>tuarum.</strong></span> 
     </span>
    </p>
   </div>
   <div class='ocr_carea' id='block_1_22' title="bbox 538 2370 1480 2424">
    <p class='ocr_par' dir='ltr' id='par_1_22' title="bbox 538 2370 1480 2424">
     <span class='ocr_line' id='line_1_22' title="bbox 538 2370 1480 2424; baseline -0.003 -11"><span class='ocrx_word' id='word_1_171' title='bbox 538 2375 879 2415; x_wconf 74' lang='lat' dir='ltr'><strong>BESPONDENS</strong></span> <span class='ocrx_word' id='word_1_172' title='bbox 917 2373 1097 2414; x_wconf 70' lang='grc' dir='ltr'><strong>ΑῸΤΕΙ</strong></span> <span class='ocrx_word' id='word_1_173' title='bbox 1131 2372 1245 2424; x_wconf 77' lang='lat' dir='ltr'><strong>JOB,</strong></span> <span class='ocrx_word' id='word_1_174' title='bbox 1277 2370 1426 2411; x_wconf 69' lang='lat' dir='ltr'><strong>DIXIT</strong></span> <span class='ocrx_word' id='word_1_175' title='bbox 1465 2373 1480 2409; x_wconf 71' lang='grc' dir='ltr'><strong>Σ</strong></span> 
     </span>
    </p>
   </div>
   <div class='ocr_carea' id='block_1_23' title="bbox 287 2469 1804 2548">
    <p class='ocr_par' dir='ltr' id='par_1_23' title="bbox 287 2469 1804 2548">
     <span class='ocr_line' id='line_1_23' title="bbox 287 2469 1804 2548; baseline -0.005 -19"><span class='ocrx_word' id='word_1_176' title='bbox 287 2474 454 2548; x_wconf 75' lang='grc' dir='ltr'><strong>[ϐαρ.</strong></span> <span class='ocrx_word' id='word_1_177' title='bbox 489 2473 710 2548; x_wconf 74' lang='lat' dir='ltr'><strong>XXIll.]</strong></span> <span class='ocrx_word' id='word_1_178' title='bbox 739 2477 808 2530; x_wconf 85' lang='lat' dir='ltr'><strong>Et</strong></span> <span class='ocrx_word' id='word_1_179' title='bbox 835 2474 1058 2540; x_wconf 86' lang='lat' dir='ltr'><strong>quidem</strong></span> <span class='ocrx_word' id='word_1_180' title='bbox 1090 2473 1204 2527; x_wconf 84' lang='lat' dir='ltr'><strong>scio</strong></span> <span class='ocrx_word' id='word_1_181' title='bbox 1234 2471 1365 2540; x_wconf 85' lang='lat' dir='ltr'><strong>quia</strong></span> <span class='ocrx_word' id='word_1_182' title='bbox 1400 2469 1468 2524; x_wconf 90' lang='lat' dir='ltr'><strong>de</strong></span> <span class='ocrx_word' id='word_1_183' title='bbox 1496 2483 1660 2523; x_wconf 81' lang='lat' dir='ltr'><strong>manu</strong></span> <span class='ocrx_word' id='word_1_184' title='bbox 1685 2484 1804 2523; x_wconf 89' lang='lat' dir='ltr'><strong>mea</strong></span> 
     </span>
    </p>
   </div>
   <div class='ocr_carea' id='block_1_24' title="bbox 227 2561 1803 2635">
    <p class='ocr_par' dir='ltr' id='par_1_24' title="bbox 227 2561 1803 2635">
     <span class='ocr_line' id='line_1_24' title="bbox 227 2561 1803 2635; baseline -0.006 -12"><span class='ocrx_word' id='word_1_185' title='bbox 227 2579 303 2623; x_wconf 78' lang='lat' dir='ltr'><strong>est</strong></span> <span class='ocrx_word' id='word_1_186' title='bbox 333 2569 670 2635; x_wconf 74' lang='lat' dir='ltr'><strong>increpatio,</strong></span> <span class='ocrx_word' id='word_1_187' title='bbox 702 2579 756 2620; x_wconf 92' lang='lat' dir='ltr'><strong>et</strong></span> <span class='ocrx_word' id='word_1_188' title='bbox 784 2579 979 2619; x_wconf 90' lang='lat' dir='ltr'><strong>manus</strong></span> <span class='ocrx_word' id='word_1_189' title='bbox 1002 2565 1122 2634; x_wconf 90' lang='lat' dir='ltr'><strong>ejus</strong></span> <span class='ocrx_word' id='word_1_190' title='bbox 1154 2565 1174 2596; x_wconf 76' lang='grc'>⁸</span> <span class='ocrx_word' id='word_1_191' title='bbox 1219 2562 1402 2632; x_wconf 80' lang='lat' dir='ltr'><strong>gravis</strong></span> <span class='ocrx_word' id='word_1_192' title='bbox 1435 2561 1578 2615; x_wconf 84' lang='lat' dir='ltr'><strong>facta</strong></span> <span class='ocrx_word' id='word_1_193' title='bbox 1599 2570 1683 2615; x_wconf 91' lang='lat' dir='ltr'><strong>est</strong></span> <span class='ocrx_word' id='word_1_194' title='bbox 1710 2576 1803 2614; x_wconf 85' lang='lat' dir='ltr'><strong>su-</strong></span> 
     </span>
    </p>
   </div>
   <div class='ocr_carea' id='block_1_25' title="bbox 230 2652 1808 2728">
    <p class='ocr_par' dir='ltr' id='par_1_25' title="bbox 230 2652 1808 2728">
     <span class='ocr_line' id='line_1_25' title="bbox 230 2652 1808 2728; baseline -0.004 -18"><span class='ocrx_word' id='word_1_195' title='bbox 230 2673 316 2724; x_wconf 86' lang='lat' dir='ltr'><strong>per</strong></span> <span class='ocrx_word' id='word_1_196' title='bbox 340 2657 613 2727; x_wconf 79' lang='lat' dir='ltr'><strong>gemitum</strong></span> <span class='ocrx_word' id='word_1_197' title='bbox 647 2671 851 2708; x_wconf 91' lang='lat' dir='ltr'><strong>meum.</strong></span> <span class='ocrx_word' id='word_1_198' title='bbox 884 2655 1017 2719; x_wconf 82' lang='lat' dir='ltr'><strong>Quis</strong></span> <span class='ocrx_word' id='word_1_199' title='bbox 1041 2654 1191 2706; x_wconf 81' lang='lat' dir='ltr'><strong>dabit</strong></span> <span class='ocrx_word' id='word_1_200' title='bbox 1219 2655 1359 2706; x_wconf 89' lang='lat' dir='ltr'><strong>scire</strong></span> <span class='ocrx_word' id='word_1_201' title='bbox 1387 2662 1560 2728; x_wconf 79' lang='lat' dir='ltr'><strong>meet</strong></span> <span class='ocrx_word' id='word_1_202' title='bbox 1594 2652 1808 2704; x_wconf 81' lang='lat' dir='ltr'><strong>inveni-</strong></span> 
     </span>
    </p>
   </div>
   <div class='ocr_carea' id='block_1_26' title="bbox 231 2743 1800 2816">
    <p class='ocr_par' dir='ltr' id='par_1_26' title="bbox 231 2743 1800 2816">
     <span class='ocr_line' id='line_1_26' title="bbox 231 2743 1800 2816; baseline -0.004 -14"><span class='ocrx_word' id='word_1_203' title='bbox 231 2765 283 2802; x_wconf 79' lang='lat' dir='ltr'><strong>re</strong></span> <span class='ocrx_word' id='word_1_204' title='bbox 301 2764 456 2810; x_wconf 86' lang='lat' dir='ltr'><strong>eum,</strong></span> <span class='ocrx_word' id='word_1_205' title='bbox 498 2758 553 2802; x_wconf 89' lang='lat' dir='ltr'><strong>et</strong></span> <span class='ocrx_word' id='word_1_206' title='bbox 585 2749 773 2802; x_wconf 84' lang='lat' dir='ltr'><strong>venire</strong></span> <span class='ocrx_word' id='word_1_207' title='bbox 809 2761 983 2816; x_wconf 81' lang='lat' dir='ltr'><strong>usque</strong></span> <span class='ocrx_word' id='word_1_208' title='bbox 1023 2747 1088 2799; x_wconf 87' lang='lat' dir='ltr'><strong>ad</strong></span> <span class='ocrx_word' id='word_1_209' title='bbox 1121 2745 1319 2798; x_wconf 88' lang='lat' dir='ltr'><strong>solium</strong></span> <span class='ocrx_word' id='word_1_210' title='bbox 1355 2744 1497 2812; x_wconf 82' lang='lat' dir='ltr'><strong>ejus,</strong></span> <span class='ocrx_word' id='word_1_211' title='bbox 1535 2757 1593 2796; x_wconf 86' lang='lat' dir='ltr'><strong>ut</strong></span> <span class='ocrx_word' id='word_1_212' title='bbox 1627 2743 1800 2796; x_wconf 77' lang='lat' dir='ltr'><strong>dicam</strong></span> 
     </span>
    </p>
   </div>
   <div class='ocr_carea' id='block_1_27' title="bbox 234 2836 1807 2903">
    <p class='ocr_par' dir='ltr' id='par_1_27' title="bbox 234 2836 1807 2903">
     <span class='ocr_line' id='line_1_27' title="bbox 234 2836 1807 2903; baseline -0.005 -9"><span class='ocrx_word' id='word_1_213' title='bbox 234 2857 420 2894; x_wconf 85' lang='lat' dir='ltr'><strong>coram</strong></span> <span class='ocrx_word' id='word_1_214' title='bbox 444 2855 514 2895; x_wconf 91' lang='lat' dir='ltr'><strong>eo</strong></span> <span class='ocrx_word' id='word_1_215' title='bbox 538 2855 760 2894; x_wconf 80' lang='lat' dir='ltr'><strong>causam</strong></span> <span class='ocrx_word' id='word_1_216' title='bbox 817 2855 1014 2903; x_wconf 86' lang='lat' dir='ltr'><strong>meam,</strong></span> <span class='ocrx_word' id='word_1_217' title='bbox 1052 2847 1103 2890; x_wconf 88' lang='lat' dir='ltr'><strong>et</strong></span> <span class='ocrx_word' id='word_1_218' title='bbox 1127 2852 1188 2889; x_wconf 91' lang='lat' dir='ltr'><strong>os</strong></span> <span class='ocrx_word' id='word_1_219' title='bbox 1221 2851 1399 2889; x_wconf 89' lang='lat' dir='ltr'><strong>meum</strong></span> <span class='ocrx_word' id='word_1_220' title='bbox 1433 2836 1690 2902; x_wconf 72' lang='lat' dir='ltr'><strong>impleam</strong></span> <span class='ocrx_word' id='word_1_221' title='bbox 1727 2836 1807 2887; x_wconf 91' lang='lat' dir='ltr'><strong>in-</strong></span> 
     </span>
    </p>
   </div>
   <div class='ocr_carea' id='block_1_28' title="bbox 227 2915 1806 3003">
    <p class='ocr_par' dir='ltr' id='par_1_28' title="bbox 227 2915 1806 3003">
     <span class='ocr_line' id='line_1_28' title="bbox 227 2915 1806 3003; baseline -0.005 -17"><span class='ocrx_word' id='word_1_222' title='bbox 227 2934 664 3003; x_wconf 77' lang='lat' dir='ltr'><strong>crepationibus,</strong></span> <span class='ocrx_word' id='word_1_223' title='bbox 687 2941 742 2986; x_wconf 91' lang='lat' dir='ltr'><strong>et</strong></span> <span class='ocrx_word' id='word_1_224' title='bbox 759 2915 1082 3001; x_wconf 76' lang='lat' dir='ltr'><strong>cognoscam</strong></span> <span class='ocrx_word' id='word_1_225' title='bbox 1106 2927 1448 2981; x_wconf 84' lang='lat' dir='ltr'><strong>causatiOues</strong></span> <span class='ocrx_word' id='word_1_226' title='bbox 1467 2940 1601 2994; x_wconf 89' lang='lat' dir='ltr'><strong>quas</strong></span> <span class='ocrx_word' id='word_1_227' title='bbox 1619 2926 1806 2993; x_wconf 78' lang='lat' dir='ltr'><strong>laque-</strong></span> 
     </span>
    </p>
   </div>
   <div class='ocr_carea' id='block_1_29' title="bbox 230 3015 1843 3089">
    <p class='ocr_par' dir='ltr' id='par_1_29' title="bbox 230 3015 1843 3089">
     <span class='ocr_line' id='line_1_29' title="bbox 230 3015 1843 3089; baseline -0.006 -10"><span class='ocrx_word' id='word_1_228' title='bbox 230 3040 310 3079; x_wconf 93' lang='lat' dir='ltr'><strong>tur</strong></span> <span class='ocrx_word' id='word_1_229' title='bbox 343 3026 509 3089; x_wconf 86' lang='lat' dir='ltr'><strong>mibi,</strong></span> <span class='ocrx_word' id='word_1_230' title='bbox 539 3034 595 3078; x_wconf 90' lang='lat' dir='ltr'><strong>et</strong></span> <span class='ocrx_word' id='word_1_231' title='bbox 651 3028 880 3077; x_wconf 85' lang='lat' dir='ltr'><strong>sentiam</strong></span> <span class='ocrx_word' id='word_1_232' title='bbox 933 3037 1052 3088; x_wconf 67' lang='lat' dir='ltr'><strong>qua:</strong></span> <span class='ocrx_word' id='word_1_233' title='bbox 1088 3017 1380 3072; x_wconf 86' lang='lat' dir='ltr'><strong>annuntiat</strong></span> <span class='ocrx_word' id='word_1_234' title='bbox 1437 3016 1612 3069; x_wconf 78' lang='lat' dir='ltr'><strong>mihi?</strong></span> <span class='ocrx_word' id='word_1_235' title='bbox 1639 3015 1720 3070; x_wconf 79' lang='lat' dir='ltr'><strong>An</strong></span> <span class='ocrx_word' id='word_1_236' title='bbox 1753 3018 1803 3069; x_wconf 94' lang='lat' dir='ltr'><strong>in</strong></span> <span class='ocrx_word' id='word_1_237' title='bbox 1841 3077 1843 3079; x_wconf 11' lang='lat'><strong>1</strong></span> 
     </span>
    </p>
   </div>
   <div class='ocr_carea' id='block_1_30' title="bbox 233 3106 1802 3179">
    <p class='ocr_par' dir='ltr' id='par_1_30' title="bbox 233 3106 1802 3179">
     <span class='ocr_line' id='line_1_30' title="bbox 233 3106 1802 3179; baseline -0.005 -11"><span class='ocrx_word' id='word_1_238' title='bbox 233 3119 396 3171; x_wconf 72' lang='lat' dir='ltr'><strong>nulla</strong></span> <span class='ocrx_word' id='word_1_239' title='bbox 432 3117 638 3169; x_wconf 84' lang='lat' dir='ltr'><strong>virtute</strong></span> <span class='ocrx_word' id='word_1_240' title='bbox 689 3111 1088 3179; x_wconf 73' lang='lat' dir='ltr'><strong>dijudicabitur</strong></span> <span class='ocrx_word' id='word_1_241' title='bbox 1139 3107 1393 3162; x_wconf 86' lang='lat' dir='ltr'><strong>mecum?</strong></span> <span class='ocrx_word' id='word_1_242' title='bbox 1429 3106 1802 3174; x_wconf 80' lang='lat' dir='ltr'><strong>Nequaquam.</strong></span> 
     </span>
    </p>
   </div>
   <div class='ocr_carea' id='block_1_31' title="bbox 229 3200 1803 3277">
    <p class='ocr_par' dir='ltr' id='par_1_31' title="bbox 229 3200 1803 3277">
     <span class='ocr_line' id='line_1_31' title="bbox 229 3200 1803 3277; baseline -0.006 -17"><span class='ocrx_word' id='word_1_243' title='bbox 229 3209 460 3260; x_wconf 85' lang='lat' dir='ltr'><strong>Tantum</strong></span> <span class='ocrx_word' id='word_1_244' title='bbox 493 3204 607 3277; x_wconf 68' lang='grc' dir='ltr'><strong>[Αἰ.</strong></span> <span class='ocrx_word' id='word_1_245' title='bbox 654 3202 884 3274; x_wconf 80' lang='lat' dir='ltr'><strong>Tamen]</strong></span> <span class='ocrx_word' id='word_1_246' title='bbox 936 3205 986 3256; x_wconf 93' lang='lat' dir='ltr'><strong>in</strong></span> <span class='ocrx_word' id='word_1_247' title='bbox 1019 3214 1230 3266; x_wconf 85' lang='lat' dir='ltr'><strong>terrore</strong></span> <span class='ocrx_word' id='word_1_248' title='bbox 1261 3217 1367 3253; x_wconf 90' lang='lat' dir='ltr'><strong>non</strong></span> <span class='ocrx_word' id='word_1_249' title='bbox 1392 3200 1651 3253; x_wconf 85' lang='lat' dir='ltr'><strong>abutatur</strong></span> <span class='ocrx_word' id='word_1_250' title='bbox 1696 3214 1803 3250; x_wconf 83' lang='lat' dir='ltr'><strong>me.</strong></span> 
     </span>
    </p>
   </div>
   <div class='ocr_carea' id='block_1_32' title="bbox 233 3289 1799 3362">
    <p class='ocr_par' dir='ltr' id='par_1_32' title="bbox 233 3289 1799 3362">
     <span class='ocr_line' id='line_1_32' title="bbox 233 3289 1799 3362; baseline -0.007 -9"><span class='ocrx_word' id='word_1_251' title='bbox 233 3300 438 3353; x_wconf 82' lang='lat' dir='ltr'><strong>Veritas</strong></span> <span class='ocrx_word' id='word_1_252' title='bbox 471 3300 618 3350; x_wconf 91' lang='lat' dir='ltr'><strong>enim</strong></span> <span class='ocrx_word' id='word_1_253' title='bbox 663 3304 721 3350; x_wconf 93' lang='lat' dir='ltr'><strong>et</strong></span> <span class='ocrx_word' id='word_1_254' title='bbox 779 3294 1086 3362; x_wconf 86' lang='lat' dir='ltr'><strong>increpatio</strong></span> <span class='ocrx_word' id='word_1_255' title='bbox 1137 3293 1207 3346; x_wconf 88' lang='lat' dir='ltr'><strong>ab</strong></span> <span class='ocrx_word' id='word_1_256' title='bbox 1270 3307 1336 3344; x_wconf 90' lang='lat' dir='ltr'><strong>eo</strong></span> <span class='ocrx_word' id='word_1_257' title='bbox 1361 3301 1464 3344; x_wconf 91' lang='lat' dir='ltr'><strong>est.</strong></span> <span class='ocrx_word' id='word_1_258' title='bbox 1514 3289 1712 3343; x_wconf 76' lang='lat' dir='ltr'><strong>EdUt&#39;il</strong></span> <span class='ocrx_word' id='word_1_259' title='bbox 1746 3289 1799 3342; x_wconf 92' lang='lat' dir='ltr'><strong>in</strong></span> 
     </span>
    </p>
   </div>
   <div class='ocr_carea' id='block_1_33' title="bbox 232 3380 1802 3456">
    <p class='ocr_par' dir='ltr' id='par_1_33' title="bbox 232 3380 1802 3456">
     <span class='ocr_line' id='line_1_33' title="bbox 232 3380 1802 3456; baseline -0.006 -13"><span class='ocrx_word' id='word_1_260' title='bbox 232 3387 432 3444; x_wconf 82' lang='lat' dir='ltr'><strong>liuem’</strong></span> <span class='ocrx_word' id='word_1_261' title='bbox 481 3387 750 3456; x_wconf 86' lang='lat' dir='ltr'><strong>judicium</strong></span> <span class='ocrx_word' id='word_1_262' title='bbox 810 3399 1010 3438; x_wconf 92' lang='lat' dir='ltr'><strong>meum.</strong></span> <span class='ocrx_word' id='word_1_263' title='bbox 1065 3380 1198 3435; x_wconf 87' lang='lat' dir='ltr'><strong>Nam</strong></span> <span class='ocrx_word' id='word_1_264' title='bbox 1227 3389 1281 3436; x_wconf 91' lang='lat' dir='ltr'><strong>et</strong></span> <span class='ocrx_word' id='word_1_265' title='bbox 1307 3380 1349 3434; x_wconf 88' lang='lat' dir='ltr'><strong>si</strong></span> <span class='ocrx_word' id='word_1_266' title='bbox 1376 3381 1585 3449; x_wconf 88' lang='lat' dir='ltr'><strong>primus</strong></span> <span class='ocrx_word' id='word_1_267' title='bbox 1607 3381 1802 3433; x_wconf 91' lang='lat' dir='ltr'><strong>ambu-</strong></span> 
     </span>
    </p>
   </div>
   <div class='ocr_carea' id='block_1_34' title="bbox 232 3474 1804 3546">
    <p class='ocr_par' dir='ltr' id='par_1_34' title="bbox 232 3474 1804 3546">
     <span class='ocr_line' id='line_1_34' title="bbox 232 3474 1804 3546; baseline -0.008 -10"><span class='ocrx_word' id='word_1_268' title='bbox 232 3486 431 3546; x_wconf 77' lang='lat' dir='ltr'><strong>lavero,</strong></span> <span class='ocrx_word' id='word_1_269' title='bbox 473 3484 619 3533; x_wconf 86' lang='lat' dir='ltr'><strong>ultra</strong></span> <span class='ocrx_word' id='word_1_270' title='bbox 663 3492 773 3531; x_wconf 90' lang='lat' dir='ltr'><strong>non</strong></span> <span class='ocrx_word' id='word_1_271' title='bbox 820 3491 937 3529; x_wconf 88' lang='lat' dir='ltr'><strong>ero.</strong></span> <span class='ocrx_word' id='word_1_272' title='bbox 968 3474 1034 3528; x_wconf 87' lang='lat' dir='ltr'><strong>Et</strong></span> <span class='ocrx_word' id='word_1_273' title='bbox 1081 3474 1135 3527; x_wconf 92' lang='lat' dir='ltr'><strong>in</strong></span> <span class='ocrx_word' id='word_1_274' title='bbox 1165 3474 1480 3528; x_wconf 77' lang='lat' dir='ltr'><strong>novissimis</strong></span> <span class='ocrx_word' id='word_1_275' title='bbox 1530 3474 1804 3541; x_wconf 86' lang='lat' dir='ltr'><strong>quomodo</strong></span> 
     </span>
    </p>
   </div>
   <div class='ocr_carea' id='block_1_35' title="bbox 230 3560 1805 3637">
    <p class='ocr_par' dir='ltr' id='par_1_35' title="bbox 230 3560 1805 3637">
     <span class='ocr_line' id='line_1_35' title="bbox 230 3560 1805 3637; baseline -0.011 -10"><span class='ocrx_word' id='word_1_276' title='bbox 230 3575 392 3627; x_wconf 79' lang='lat' dir='ltr'><strong>sciam</strong></span> <span class='ocrx_word' id='word_1_277' title='bbox 441 3574 508 3637; x_wconf 45' lang='grc' dir='ltr'><strong>ἃ(</strong></span> <span class='ocrx_word' id='word_1_278' title='bbox 549 3585 676 3622; x_wconf 83' lang='lat' dir='ltr'><strong>eum</strong></span> <span class='ocrx_word' id='word_1_279' title='bbox 710 3566 732 3618; x_wconf 88' lang='lat'><strong>?</strong></span> <span class='ocrx_word' id='word_1_280' title='bbox 770 3568 836 3632; x_wconf 46' lang='grc' dir='ltr'><strong>Ἃ(</strong></span> <span class='ocrx_word' id='word_1_281' title='bbox 861 3568 908 3616; x_wconf 66' lang='grc' dir='ltr'><strong>Α</strong></span> <span class='ocrx_word' id='word_1_282' title='bbox 938 3565 1067 3618; x_wconf 69' lang='grc' dir='ltr'><strong>Ιωνει</strong></span> <span class='ocrx_word' id='word_1_283' title='bbox 1103 3561 1236 3631; x_wconf 82' lang='lat' dir='ltr'><strong>quid</strong></span> <span class='ocrx_word' id='word_1_284' title='bbox 1288 3570 1410 3630; x_wconf 80' lang='lat' dir='ltr'><strong>aget</strong></span> <span class='ocrx_word' id='word_1_285' title='bbox 1445 3561 1465 3590; x_wconf 80' lang='grc'>⁸</span> <span class='ocrx_word' id='word_1_286' title='bbox 1496 3560 1518 3612; x_wconf 88' lang='lat'><strong>?</strong></span> <span class='ocrx_word' id='word_1_287' title='bbox 1549 3576 1658 3612; x_wconf 79' lang='lat' dir='ltr'><strong>non</strong></span> <span class='ocrx_word' id='word_1_288' title='bbox 1707 3576 1805 3627; x_wconf 85' lang='lat' dir='ltr'><strong>ap-</strong></span> 
     </span>
    </p>
   </div>
   <div class='ocr_carea' id='block_1_36' title="bbox 299 3694 1806 3770">
    <p class='ocr_par' dir='ltr' id='par_1_36' title="bbox 299 3694 1806 3770">
     <span class='ocr_line' id='line_1_36' title="bbox 299 3694 1806 3770; baseline -0.011 -8"><span class='ocrx_word' id='word_1_289' title='bbox 299 3713 317 3742; x_wconf 81' lang='grc'>¹</span> <span class='ocrx_word' id='word_1_290' title='bbox 355 3708 507 3762; x_wconf 82' lang='lat' dir='ltr'><strong>Satis</strong></span> <span class='ocrx_word' id='word_1_291' title='bbox 546 3703 809 3758; x_wconf 88' lang='lat' dir='ltr'><strong>mendose</strong></span> <span class='ocrx_word' id='word_1_292' title='bbox 840 3699 983 3770; x_wconf 90' lang='lat' dir='ltr'><strong>apud</strong></span> <span class='ocrx_word' id='word_1_293' title='bbox 1014 3697 1297 3770; x_wconf 75' lang='lat' dir='ltr'><strong>Attgust._._</strong></span> <span class='ocrx_word' id='word_1_294' title='bbox 1321 3694 1565 3770; x_wconf 65' lang='lat' dir='ltr'><strong>Videtttes</strong></span> <span class='ocrx_word' id='word_1_295' title='bbox 1614 3694 1806 3770; x_wconf 75' lang='lat' dir='ltr'><strong>justic-</strong></span> 
     </span>
    </p>
   </div>
   <div class='ocr_carea' id='block_1_37' title="bbox 235 3765 1806 3836">
    <p class='ocr_par' dir='ltr' id='par_1_37' title="bbox 235 3765 1806 3836">
     <span class='ocr_line' id='line_1_37' title="bbox 235 3765 1806 3836; baseline -0.012 -2"><span class='ocrx_word' id='word_1_296' title='bbox 235 3797 311 3834; x_wconf 71' lang='lat' dir='ltr'><strong>res</strong></span> <span class='ocrx_word' id='word_1_297' title='bbox 343 3787 522 3836; x_wconf 83' lang='lat' dir='ltr'><strong>erunt,</strong></span> <span class='ocrx_word' id='word_1_298' title='bbox 563 3783 756 3828; x_wconf 81' lang='lat' dir='ltr'><strong>contra</strong></span> <span class='ocrx_word' id='word_1_299' title='bbox 786 3765 957 3826; x_wconf 65' lang='lat' dir='ltr'><strong>Graeci</strong></span> <span class='ocrx_word' id='word_1_300' title='bbox 988 3765 1164 3823; x_wconf 78' lang='lat' dir='ltr'><strong>textus</strong></span> <span class='ocrx_word' id='word_1_301' title='bbox 1229 3765 1389 3820; x_wconf 86' lang='lat' dir='ltr'><strong>ﬁdem</strong></span> <span class='ocrx_word' id='word_1_302' title='bbox 1452 3765 1667 3828; x_wconf 74' lang='grc' dir='ltr'><strong>Ἰδόντες</strong></span> <span class='ocrx_word' id='word_1_303' title='bbox 1725 3765 1806 3816; x_wconf 73' lang='grc' dir='ltr'><strong>δίο</strong></span> 
     </span>
    </p>
   </div>
   <div class='ocr_carea' id='block_1_38' title="bbox 235 3848 703 3912">
    <p class='ocr_par' dir='ltr' id='par_1_38' title="bbox 235 3848 703 3912">
     <span class='ocr_line' id='line_1_38' title="bbox 235 3848 703 3912; baseline -0.013 -10"><span class='ocrx_word' id='word_1_304' title='bbox 235 3868 384 3902; x_wconf 59' lang='grc' dir='ltr'><strong>καίοι</strong></span> <span class='ocrx_word' id='word_1_305' title='bbox 411 3848 703 3912; x_wconf 70' lang='grc' dir='ltr'><strong>ἐγέλασαν.</strong></span> 
     </span>
    </p>
   </div>
   <div class='ocr_carea' id='block_1_39' title="bbox 300 3905 1805 3974">
    <p class='ocr_par' dir='ltr' id='par_1_39' title="bbox 300 3905 1805 3974">
     <span class='ocr_line' id='line_1_39' title="bbox 300 3905 1805 3974; baseline -0.008 -4"><span class='ocrx_word' id='word_1_306' title='bbox 300 3923 323 3951; x_wconf 77' lang='grc'>³</span> <span class='ocrx_word' id='word_1_307' title='bbox 361 3905 536 3971; x_wconf 73' lang='lat' dir='ltr'><strong>Durus</strong></span> <span class='ocrx_word' id='word_1_308' title='bbox 571 3916 676 3967; x_wconf 90' lang='lat' dir='ltr'><strong>boc</strong></span> <span class='ocrx_word' id='word_1_309' title='bbox 731 3913 786 3964; x_wconf 90' lang='lat' dir='ltr'><strong>in</strong></span> <span class='ocrx_word' id='word_1_310' title='bbox 819 3911 964 3970; x_wconf 90' lang='lat' dir='ltr'><strong>loco,</strong></span> <span class='ocrx_word' id='word_1_311' title='bbox 999 3907 1051 3962; x_wconf 91' lang='lat' dir='ltr'><strong>id</strong></span> <span class='ocrx_word' id='word_1_312' title='bbox 1082 3918 1188 3974; x_wconf 90' lang='lat' dir='ltr'><strong>est,</strong></span> <span class='ocrx_word' id='word_1_313' title='bbox 1246 3907 1436 3960; x_wconf 87' lang='lat' dir='ltr'><strong>ﬁrmus</strong></span> <span class='ocrx_word' id='word_1_314' title='bbox 1480 3915 1536 3959; x_wconf 93' lang='lat' dir='ltr'><strong>et</strong></span> <span class='ocrx_word' id='word_1_315' title='bbox 1572 3905 1805 3973; x_wconf 87' lang='lat' dir='ltr'><strong>patiens,</strong></span> 
     </span>
    </p>
   </div>
   <div class='ocr_carea' id='block_1_40' title="bbox 237 3982 1069 4044">
    <p class='ocr_par' dir='ltr' id='par_1_40' title="bbox 237 3982 1069 4044">
     <span class='ocr_line' id='line_1_40' title="bbox 237 3982 1069 4044; baseline -0.017 0"><span class='ocrx_word' id='word_1_316' title='bbox 237 4005 344 4044; x_wconf 91' lang='lat' dir='ltr'><strong>non</strong></span> <span class='ocrx_word' id='word_1_317' title='bbox 377 3989 560 4039; x_wconf 86' lang='lat' dir='ltr'><strong>mollis</strong></span> <span class='ocrx_word' id='word_1_318' title='bbox 593 3995 649 4036; x_wconf 74' lang='lat' dir='ltr'><strong>et</strong></span> <span class='ocrx_word' id='word_1_319' title='bbox 697 3982 1069 4036; x_wconf 78' lang='lat' dir='ltr'><strong>elIeminatus.</strong></span> 
     </span>
    </p>
   </div>
   <div class='ocr_carea' id='block_1_41' title="bbox 304 4043 1810 4120">
    <p class='ocr_par' dir='ltr' id='par_1_41' title="bbox 304 4043 1810 4120">
     <span class='ocr_line' id='line_1_41' title="bbox 304 4043 1810 4120; baseline -0.011 -9"><span class='ocrx_word' id='word_1_320' title='bbox 304 4061 325 4092; x_wconf 84' lang='grc'><strong><em>³</em></strong></span> <span class='ocrx_word' id='word_1_321' title='bbox 360 4054 604 4111; x_wconf 79' lang='lat' dir='ltr'><strong>AddttS.</strong></span> <span class='ocrx_word' id='word_1_322' title='bbox 637 4053 976 4120; x_wconf 81' lang='lat' dir='ltr'><strong>Augustinus</strong></span> <span class='ocrx_word' id='word_1_323' title='bbox 1003 4048 1233 4120; x_wconf 72' lang='lat' dir='ltr'><strong>patiens,</strong></span> <span class='ocrx_word' id='word_1_324' title='bbox 1266 4045 1412 4115; x_wconf 89' lang='lat' dir='ltr'><strong>quod</strong></span> <span class='ocrx_word' id='word_1_325' title='bbox 1447 4060 1546 4097; x_wconf 90' lang='lat' dir='ltr'><strong>nec</strong></span> <span class='ocrx_word' id='word_1_326' title='bbox 1578 4043 1810 4097; x_wconf 86' lang='lat' dir='ltr'><strong>habetur</strong></span> 
     </span>
    </p>
   </div>
   <div class='ocr_carea' id='block_1_42' title="bbox 238 4117 1808 4185">
    <p class='ocr_par' dir='ltr' id='par_1_42' title="bbox 238 4117 1808 4185">
     <span class='ocr_line' id='line_1_42' title="bbox 238 4117 1808 4185; baseline -0.013 0"><span class='ocrx_word' id='word_1_327' title='bbox 238 4133 292 4185; x_wconf 91' lang='lat' dir='ltr'><strong>iu</strong></span> <span class='ocrx_word' id='word_1_328' title='bbox 317 4127 528 4184; x_wconf 66' lang='lat' dir='ltr'><strong>Graeco,</strong></span> <span class='ocrx_word' id='word_1_329' title='bbox 560 4123 657 4176; x_wconf 85' lang='lat' dir='ltr'><strong>sed</strong></span> <span class='ocrx_word' id='word_1_330' title='bbox 678 4117 820 4175; x_wconf 80' lang='lat' dir='ltr'><strong>unde</strong></span> <span class='ocrx_word' id='word_1_331' title='bbox 844 4119 1058 4171; x_wconf 78' lang='lat' dir='ltr'><strong>ﬁnxerit</strong></span> <span class='ocrx_word' id='word_1_332' title='bbox 1087 4117 1387 4184; x_wconf 84' lang='lat' dir='ltr'><strong>intelligere</strong></span> <span class='ocrx_word' id='word_1_333' title='bbox 1409 4124 1494 4169; x_wconf 90' lang='lat' dir='ltr'><strong>est</strong></span> <span class='ocrx_word' id='word_1_334' title='bbox 1526 4130 1589 4167; x_wconf 80' lang='lat' dir='ltr'><strong>ex</strong></span> <span class='ocrx_word' id='word_1_335' title='bbox 1626 4126 1808 4167; x_wconf 77' lang='lat' dir='ltr'><strong>vetere</strong></span> 
     </span>
    </p>
   </div>
   <div class='ocr_carea' id='block_1_43' title="bbox 241 4187 1316 4256">
    <p class='ocr_par' dir='ltr' id='par_1_43' title="bbox 241 4187 1316 4256">
     <span class='ocr_line' id='line_1_43' title="bbox 241 4187 1316 4256; baseline -0.016 -3"><span class='ocrx_word' id='word_1_336' title='bbox 241 4200 329 4254; x_wconf 73' lang='lat' dir='ltr'><strong>hac</strong></span> <span class='ocrx_word' id='word_1_337' title='bbox 359 4199 425 4250; x_wconf 84' lang='lat' dir='ltr'><strong>ad</strong></span> <span class='ocrx_word' id='word_1_338' title='bbox 461 4197 586 4248; x_wconf 88' lang='lat' dir='ltr'><strong>libri</strong></span> <span class='ocrx_word' id='word_1_339' title='bbox 609 4207 758 4246; x_wconf 86' lang='lat' dir='ltr'><strong>oram</strong></span> <span class='ocrx_word' id='word_1_340' title='bbox 791 4189 1039 4256; x_wconf 89' lang='lat' dir='ltr'><strong>apposito</strong></span> <span class='ocrx_word' id='word_1_341' title='bbox 1076 4187 1316 4240; x_wconf 82' lang='lat' dir='ltr'><strong>Scliolio.</strong></span> 
     </span>
    </p>
   </div>
   <div class='ocr_carea' id='block_1_44' title="bbox 306 4253 1812 4319">
    <p class='ocr_par' dir='ltr' id='par_1_44' title="bbox 306 4253 1812 4319">
     <span class='ocr_line' id='line_1_44' title="bbox 306 4253 1812 4319; baseline -0.009 1"><span class='ocrx_word' id='word_1_342' title='bbox 306 4272 329 4298; x_wconf 74' lang='grc'>⁸</span> <span class='ocrx_word' id='word_1_343' title='bbox 361 4268 552 4319; x_wconf 70' lang='lat' dir='ltr'><strong>Nullos</strong></span> <span class='ocrx_word' id='word_1_344' title='bbox 585 4263 675 4314; x_wconf 87' lang='lat' dir='ltr'><strong>hic</strong></span> <span class='ocrx_word' id='word_1_345' title='bbox 699 4253 987 4312; x_wconf 79' lang='lat' dir='ltr'><strong>asteriscos</strong></span> <span class='ocrx_word' id='word_1_346' title='bbox 1015 4258 1196 4310; x_wconf 64' lang='lat' dir='ltr'><strong>luxata</strong></span> <span class='ocrx_word' id='word_1_347' title='bbox 1224 4253 1576 4308; x_wconf 75' lang='lat' dir='ltr'><strong>Alexandrini</strong></span> <span class='ocrx_word' id='word_1_348' title='bbox 1604 4253 1812 4306; x_wconf 85' lang='lat' dir='ltr'><strong>codicis</strong></span> 
     </span>
    </p>
   </div>
   <div class='ocr_carea' id='block_1_45' title="bbox 239 4329 1812 4402">
    <p class='ocr_par' dir='ltr' id='par_1_45' title="bbox 239 4329 1812 4402">
     <span class='ocr_line' id='line_1_45' title="bbox 239 4329 1812 4402; baseline -0.011 -10"><span class='ocrx_word' id='word_1_349' title='bbox 239 4338 411 4392; x_wconf 86' lang='lat' dir='ltr'><strong>editio</strong></span> <span class='ocrx_word' id='word_1_350' title='bbox 432 4335 682 4402; x_wconf 66' lang='lat' dir='ltr'><strong>praeﬁgit.</strong></span> <span class='ocrx_word' id='word_1_351' title='bbox 717 4331 892 4402; x_wconf 77' lang='lat' dir='ltr'><strong>lilinus</strong></span> <span class='ocrx_word' id='word_1_352' title='bbox 915 4343 1076 4402; x_wconf 82' lang='lat' dir='ltr'><strong>porro</strong></span> <span class='ocrx_word' id='word_1_353' title='bbox 1100 4329 1234 4379; x_wconf 86' lang='lat' dir='ltr'><strong>bene</strong></span> <span class='ocrx_word' id='word_1_354' title='bbox 1269 4340 1486 4392; x_wconf 78' lang='lat' dir='ltr'><strong>ponens,</strong></span> <span class='ocrx_word' id='word_1_355' title='bbox 1515 4339 1630 4402; x_wconf 77' lang='lat' dir='ltr'><strong>pro_</strong></span> <span class='ocrx_word' id='word_1_356' title='bbox 1657 4340 1812 4390; x_wconf 79' lang='lat' dir='ltr'><strong>pones</strong></span> 
     </span>
    </p>
   </div>
   <div class='ocr_carea' id='block_1_46' title="bbox 242 4393 1813 4476">
    <p class='ocr_par' dir='ltr' id='par_1_46' title="bbox 242 4393 1813 4476">
     <span class='ocr_line' id='line_1_46' title="bbox 242 4393 1813 4476; baseline -0.01 -15"><span class='ocrx_word' id='word_1_357' title='bbox 242 4411 374 4476; x_wconf 79' lang='lat' dir='ltr'><strong>legit</strong></span> <span class='ocrx_word' id='word_1_358' title='bbox 407 4393 749 4471; x_wconf 51' lang='lat' dir='ltr'><strong>A&#39;ugus&#39;tinus</strong></span> <span class='ocrx_word' id='word_1_359' title='bbox 783 4417 796 4452; x_wconf 91' lang='lat'>:</span> <span class='ocrx_word' id='word_1_360' title='bbox 833 4393 1071 4464; x_wconf 77' lang='lat' dir='ltr'><strong>denique</strong></span> <span class='ocrx_word' id='word_1_361' title='bbox 1103 4411 1198 4463; x_wconf 89' lang='lat' dir='ltr'><strong>pro</strong></span> <span class='ocrx_word' id='word_1_362' title='bbox 1223 4407 1269 4476; x_wconf 66' lang='lat' dir='ltr'><strong>et</strong></span> <span class='ocrx_word' id='word_1_363' title='bbox 1307 4411 1369 4476; x_wconf 43' lang='grc' dir='ltr'><strong>ὀη</strong></span> <span class='ocrx_word' id='word_1_364' title='bbox 1402 4410 1554 4476; x_wconf 33' lang='grc' dir='ltr'><strong>δαῖτα,</strong></span> <span class='ocrx_word' id='word_1_365' title='bbox 1593 4393 1813 4446; x_wconf 69' lang='grc' dir='ltr'><strong>(Ξτωουδ</strong></span> 
     </span>
    </p>
   </div>
   <div class='ocr_carea' id='block_1_47' title="bbox 241 4463 1597 4536">
    <p class='ocr_par' dir='ltr' id='par_1_47' title="bbox 241 4463 1597 4536">
     <span class='ocr_line' id='line_1_47' title="bbox 241 4463 1597 4536; baseline -0.013 -4"><span class='ocrx_word' id='word_1_366' title='bbox 241 4463 426 4536; x_wconf 62' lang='lat' dir='ltr'><strong>habet,</strong></span> <span class='ocrx_word' id='word_1_367' title='bbox 461 4463 522 4524; x_wconf 78' lang='grc' dir='ltr'><strong>εἴ</strong></span> <span class='ocrx_word' id='word_1_368' title='bbox 550 4483 605 4522; x_wconf 80' lang='lat' dir='ltr'><strong>ut</strong></span> <span class='ocrx_word' id='word_1_369' title='bbox 627 4485 785 4528; x_wconf 70' lang='lat' dir='ltr'><strong>saxa,</strong></span> <span class='ocrx_word' id='word_1_370' title='bbox 819 4483 934 4520; x_wconf 83' lang='lat' dir='ltr'><strong>sive</strong></span> <span class='ocrx_word' id='word_1_371' title='bbox 969 4463 1138 4535; x_wconf 81' lang='lat' dir='ltr'><strong>petra,</strong></span> <span class='ocrx_word' id='word_1_372' title='bbox 1171 4465 1266 4515; x_wconf 59' lang='grc' dir='ltr'><strong>καὶ</strong></span> <span class='ocrx_word' id='word_1_373' title='bbox 1292 4463 1364 4523; x_wconf 75' lang='grc' dir='ltr'><strong>ὡς</strong></span> <span class='ocrx_word' id='word_1_374' title='bbox 1404 4466 1597 4536; x_wconf 70' lang='grc' dir='ltr'><strong>πέτρα.</strong></span> 
     </span>
    </p>
   </div>
   <div class='ocr_carea' id='block_1_48' title="bbox 310 4531 1813 4609">
    <p class='ocr_par' dir='ltr' id='par_1_48' title="bbox 310 4531 1813 4609">
     <span class='ocr_line' id='line_1_48' title="bbox 310 4531 1813 4609; baseline -0.009 -13"><span class='ocrx_word' id='word_1_375' title='bbox 310 4550 332 4578; x_wconf 84' lang='grc'><strong><em>⁸</em></strong></span> <span class='ocrx_word' id='word_1_376' title='bbox 372 4531 498 4609; x_wconf 66' lang='grc' dir='ltr'><strong>ρἰιςυ</strong></span> <span class='ocrx_word' id='word_1_377' title='bbox 529 4544 703 4594; x_wconf 87' lang='lat' dir='ltr'><strong>obelts</strong></span> <span class='ocrx_word' id='word_1_378' title='bbox 740 4541 830 4592; x_wconf 90' lang='lat' dir='ltr'><strong>hic</strong></span> <span class='ocrx_word' id='word_1_379' title='bbox 863 4531 1046 4589; x_wconf 82' lang='lat' dir='ltr'><strong>notata</strong></span> <span class='ocrx_word' id='word_1_380' title='bbox 1072 4545 1220 4609; x_wconf 71' lang='lat' dir='ltr'><strong>sunt,</strong></span> <span class='ocrx_word' id='word_1_381' title='bbox 1247 4535 1595 4609; x_wconf 82' lang='lat' dir='ltr'><strong>reperiuntur</strong></span> <span class='ocrx_word' id='word_1_382' title='bbox 1622 4531 1672 4609; x_wconf 79' lang='lat' dir='ltr'><strong>in</strong></span> <span class='ocrx_word' id='word_1_383' title='bbox 1701 4531 1813 4609; x_wconf 74' lang='lat' dir='ltr'><strong>ile-</strong></span> 
     </span>
    </p>
   </div>
   <div class='ocr_carea' id='block_1_49' title="bbox 1898 640 3479 714">
    <p class='ocr_par' dir='ltr' id='par_1_49' title="bbox 1898 640 3479 714">
     <span class='ocr_line' id='line_1_49' title="bbox 1898 640 3479 714; baseline -0.002 -16"><span class='ocrx_word' id='word_1_384' title='bbox 1898 646 2149 714; x_wconf 88' lang='lat' dir='ltr'><strong>videbo1</strong></span> <span class='ocrx_word' id='word_1_385' title='bbox 2188 646 2281 700; x_wconf 91' lang='lat' dir='ltr'><strong>sed</strong></span> <span class='ocrx_word' id='word_1_386' title='bbox 2334 646 2438 700; x_wconf 91' lang='lat' dir='ltr'><strong>scit</strong></span> <span class='ocrx_word' id='word_1_387' title='bbox 2499 646 2612 714; x_wconf 87' lang='lat' dir='ltr'><strong>ipse</strong></span> <span class='ocrx_word' id='word_1_388' title='bbox 2648 643 2791 698; x_wconf 84' lang='lat' dir='ltr'><strong>viam</strong></span> <span class='ocrx_word' id='word_1_389' title='bbox 2825 658 3024 704; x_wconf 87' lang='lat' dir='ltr'><strong>meam,</strong></span> <span class='ocrx_word' id='word_1_390' title='bbox 3056 651 3112 696; x_wconf 87' lang='lat' dir='ltr'><strong>et</strong></span> <span class='ocrx_word' id='word_1_391' title='bbox 3151 640 3402 710; x_wconf 88' lang='lat' dir='ltr'><strong>probavit</strong></span> <span class='ocrx_word' id='word_1_392' title='bbox 3455 641 3479 675; x_wconf 82' lang='lat'><strong>’</strong></span> 
     </span>
    </p>
   </div>
   <div class='ocr_carea' id='block_1_50' title="bbox 1899 735 3480 806">
    <p class='ocr_par' dir='ltr' id='par_1_50' title="bbox 1899 735 3480 806">
     <span class='ocr_line' id='line_1_50' title="bbox 1899 735 3480 806; baseline -0.002 -16"><span class='ocrx_word' id='word_1_393' title='bbox 1899 753 1986 790; x_wconf 91' lang='lat' dir='ltr'><strong>me</strong></span> <span class='ocrx_word' id='word_1_394' title='bbox 2055 739 2200 792; x_wconf 90' lang='lat' dir='ltr'><strong>sicut</strong></span> <span class='ocrx_word' id='word_1_395' title='bbox 2249 752 2466 792; x_wconf 85' lang='lat' dir='ltr'><strong>aurum.</strong></span> <span class='ocrx_word' id='word_1_396' title='bbox 2509 735 2771 804; x_wconf 84' lang='lat' dir='ltr'><strong>Egrediar</strong></span> <span class='ocrx_word' id='word_1_397' title='bbox 2803 735 2858 789; x_wconf 91' lang='lat' dir='ltr'><strong>in</strong></span> <span class='ocrx_word' id='word_1_398' title='bbox 2891 735 3370 806; x_wconf 57' lang='lat' dir='ltr'><strong>praieeptiscjus.</strong></span> <span class='ocrx_word' id='word_1_399' title='bbox 3414 736 3480 803; x_wconf 53' lang='grc' dir='ltr'><em>Χ</em></span> 
     </span>
    </p>
   </div>
   <div class='ocr_carea' id='block_1_51' title="bbox 1900 824 3482 899">
    <p class='ocr_par' dir='ltr' id='par_1_51' title="bbox 1900 824 3482 899">
     <span class='ocr_line' id='line_1_51' title="bbox 1900 824 3482 899; baseline -0.003 -17"><span class='ocrx_word' id='word_1_400' title='bbox 1900 829 2098 882; x_wconf 83' lang='lat' dir='ltr'><strong>Tenuit</strong></span> <span class='ocrx_word' id='word_1_401' title='bbox 2131 844 2227 897; x_wconf 91' lang='lat' dir='ltr'><strong>pes</strong></span> <span class='ocrx_word' id='word_1_402' title='bbox 2261 844 2414 883; x_wconf 89' lang='lat' dir='ltr'><strong>meus</strong></span> <span class='ocrx_word' id='word_1_403' title='bbox 2435 829 2548 882; x_wconf 88' lang='lat' dir='ltr'><strong>vias</strong></span> <span class='ocrx_word' id='word_1_404' title='bbox 2583 830 2701 899; x_wconf 82' lang='lat' dir='ltr'><strong>ejus</strong></span> <span class='ocrx_word' id='word_1_405' title='bbox 2747 829 2818 882; x_wconf 88' lang='grc'><strong>¹⁰.</strong></span> <span class='ocrx_word' id='word_1_406' title='bbox 2845 825 3148 886; x_wconf 82' lang='lat' dir='ltr'><strong>Custodivi,</strong></span> <span class='ocrx_word' id='word_1_407' title='bbox 3181 840 3290 879; x_wconf 91' lang='lat' dir='ltr'><strong>non</strong></span> <span class='ocrx_word' id='word_1_408' title='bbox 3313 824 3482 879; x_wconf 91' lang='lat' dir='ltr'><strong>decli-</strong></span> 
     </span>
    </p>
   </div>
   <div class='ocr_carea' id='block_1_52' title="bbox 1900 917 3483 990">
    <p class='ocr_par' dir='ltr' id='par_1_52' title="bbox 1900 917 3483 990">
     <span class='ocr_line' id='line_1_52' title="bbox 1900 917 3483 990; baseline -0.001 -17"><span class='ocrx_word' id='word_1_409' title='bbox 1900 920 2065 973; x_wconf 88' lang='lat' dir='ltr'><strong>nabo.</strong></span> <span class='ocrx_word' id='word_1_410' title='bbox 2102 920 2146 974; x_wconf 84' lang='lat' dir='ltr'><strong>A</strong></span> <span class='ocrx_word' id='word_1_411' title='bbox 2175 921 2464 990; x_wconf 71' lang='lat' dir='ltr'><strong>praeceptis</strong></span> <span class='ocrx_word' id='word_1_412' title='bbox 2498 920 2618 988; x_wconf 89' lang='lat' dir='ltr'><strong>ejus</strong></span> <span class='ocrx_word' id='word_1_413' title='bbox 2649 935 2757 973; x_wconf 94' lang='lat' dir='ltr'><strong>non</strong></span> <span class='ocrx_word' id='word_1_414' title='bbox 2791 918 3094 972; x_wconf 84' lang='lat' dir='ltr'><strong>discedam.</strong></span> <span class='ocrx_word' id='word_1_415' title='bbox 3133 917 3190 970; x_wconf 89' lang='lat' dir='ltr'><strong>ln</strong></span> <span class='ocrx_word' id='word_1_416' title='bbox 3226 917 3350 971; x_wconf 92' lang='lat' dir='ltr'><strong>sinu</strong></span> <span class='ocrx_word' id='word_1_417' title='bbox 3383 934 3483 972; x_wconf 84' lang='lat' dir='ltr'><strong>au-</strong></span> 
     </span>
    </p>
   </div>
   <div class='ocr_carea' id='block_1_53' title="bbox 1901 1008 3479 1078">
    <p class='ocr_par' dir='ltr' id='par_1_53' title="bbox 1901 1008 3479 1078">
     <span class='ocr_line' id='line_1_53' title="bbox 1901 1008 3479 1078; baseline -0.004 -11"><span class='ocrx_word' id='word_1_418' title='bbox 1901 1023 2008 1067; x_wconf 90' lang='lat' dir='ltr'><strong>tem</strong></span> <span class='ocrx_word' id='word_1_419' title='bbox 2049 1027 2172 1066; x_wconf 90' lang='lat' dir='ltr'><strong>meo</strong></span> <span class='ocrx_word' id='word_1_420' title='bbox 2197 1012 2463 1066; x_wconf 82' lang='lat' dir='ltr'><strong>abscondi</strong></span> <span class='ocrx_word' id='word_1_421' title='bbox 2496 1013 2660 1066; x_wconf 88' lang='lat' dir='ltr'><strong>verba</strong></span> <span class='ocrx_word' id='word_1_422' title='bbox 2692 1013 2833 1078; x_wconf 90' lang='lat' dir='ltr'><strong>ejus.</strong></span> <span class='ocrx_word' id='word_1_423' title='bbox 2866 1009 2920 1062; x_wconf 89' lang='lat' dir='ltr'><strong>Si</strong></span> <span class='ocrx_word' id='word_1_424' title='bbox 2971 1018 3154 1062; x_wconf 89' lang='lat' dir='ltr'><strong>autem</strong></span> <span class='ocrx_word' id='word_1_425' title='bbox 3190 1009 3305 1076; x_wconf 91' lang='lat' dir='ltr'><strong>ipse</strong></span> <span class='ocrx_word' id='word_1_426' title='bbox 3330 1008 3479 1076; x_wconf 85' lang='lat' dir='ltr'><strong>judi-</strong></span> 
     </span>
    </p>
   </div>
   <div class='ocr_carea' id='block_1_54' title="bbox 1899 1102 3478 1173">
    <p class='ocr_par' dir='ltr' id='par_1_54' title="bbox 1899 1102 3478 1173">
     <span class='ocr_line' id='line_1_54' title="bbox 1899 1102 3478 1173; baseline -0.002 -15"><span class='ocrx_word' id='word_1_427' title='bbox 1899 1105 2044 1158; x_wconf 87' lang='lat' dir='ltr'><strong>cavit</strong></span> <span class='ocrx_word' id='word_1_428' title='bbox 2083 1105 2184 1168; x_wconf 88' lang='lat' dir='ltr'><strong>sic,</strong></span> <span class='ocrx_word' id='word_1_429' title='bbox 2215 1105 2338 1169; x_wconf 83' lang='lat' dir='ltr'><strong>quis</strong></span> <span class='ocrx_word' id='word_1_430' title='bbox 2376 1113 2458 1158; x_wconf 90' lang='lat' dir='ltr'><strong>est</strong></span> <span class='ocrx_word' id='word_1_431' title='bbox 2504 1106 2597 1173; x_wconf 90' lang='lat' dir='ltr'><strong>qui</strong></span> <span class='ocrx_word' id='word_1_432' title='bbox 2633 1104 2977 1159; x_wconf 82' lang='lat' dir='ltr'><strong>contradicat</strong></span> <span class='ocrx_word' id='word_1_433' title='bbox 3025 1103 3116 1156; x_wconf 84' lang='lat' dir='ltr'><strong>ei?</strong></span> <span class='ocrx_word' id='word_1_434' title='bbox 3142 1102 3296 1165; x_wconf 84' lang='lat' dir='ltr'><strong>Quod</strong></span> <span class='ocrx_word' id='word_1_435' title='bbox 3325 1103 3478 1156; x_wconf 88' lang='lat' dir='ltr'><strong>enim</strong></span> 
     </span>
    </p>
   </div>
   <div class='ocr_carea' id='block_1_55' title="bbox 1899 1192 3480 1266">
    <p class='ocr_par' dir='ltr' id='par_1_55' title="bbox 1899 1192 3480 1266">
     <span class='ocr_line' id='line_1_55' title="bbox 1899 1192 3480 1266; baseline -0.004 -16"><span class='ocrx_word' id='word_1_436' title='bbox 1899 1196 2016 1266; x_wconf 87' lang='lat' dir='ltr'><strong>ipse</strong></span> <span class='ocrx_word' id='word_1_437' title='bbox 2051 1196 2244 1259; x_wconf 88' lang='lat' dir='ltr'><strong>voluit,</strong></span> <span class='ocrx_word' id='word_1_438' title='bbox 2273 1205 2327 1249; x_wconf 89' lang='lat' dir='ltr'><strong>et</strong></span> <span class='ocrx_word' id='word_1_439' title='bbox 2360 1196 2491 1248; x_wconf 79' lang='lat' dir='ltr'><strong>fecit</strong></span> <span class='ocrx_word' id='word_1_440' title='bbox 2519 1198 2579 1248; x_wconf 86' lang='lat'><strong>&quot;.</strong></span> <span class='ocrx_word' id='word_1_441' title='bbox 2609 1196 2898 1263; x_wconf 81' lang='lat' dir='ltr'><strong>Propterea</strong></span> <span class='ocrx_word' id='word_1_442' title='bbox 2935 1193 3001 1247; x_wconf 91' lang='lat' dir='ltr'><strong>ad</strong></span> <span class='ocrx_word' id='word_1_443' title='bbox 3032 1208 3157 1246; x_wconf 89' lang='lat' dir='ltr'><strong>eum</strong></span> <span class='ocrx_word' id='word_1_444' title='bbox 3205 1192 3480 1252; x_wconf 72' lang='lat' dir='ltr'><strong>li-stitiavi,</strong></span> 
     </span>
    </p>
   </div>
   <div class='ocr_carea' id='block_1_56' title="bbox 1899 1285 3483 1353">
    <p class='ocr_par' dir='ltr' id='par_1_56' title="bbox 1899 1285 3483 1353">
     <span class='ocr_line' id='line_1_56' title="bbox 1899 1285 3483 1353; baseline -0.003 -12"><span class='ocrx_word' id='word_1_445' title='bbox 1899 1296 1952 1341; x_wconf 90' lang='lat' dir='ltr'><strong>et</strong></span> <span class='ocrx_word' id='word_1_446' title='bbox 1987 1288 2352 1342; x_wconf 81' lang='lat' dir='ltr'><strong>emnmonitus</strong></span> <span class='ocrx_word' id='word_1_447' title='bbox 2379 1288 2646 1342; x_wconf 89' lang='lat' dir='ltr'><strong>sollicitus</strong></span> <span class='ocrx_word' id='word_1_448' title='bbox 2677 1286 2753 1340; x_wconf 86' lang='lat' dir='ltr'><strong>fui</strong></span> <span class='ocrx_word' id='word_1_449' title='bbox 2784 1288 2850 1341; x_wconf 91' lang='lat' dir='ltr'><strong>de</strong></span> <span class='ocrx_word' id='word_1_450' title='bbox 2899 1301 2966 1340; x_wconf 91' lang='lat' dir='ltr'><strong>eo</strong></span> <span class='ocrx_word' id='word_1_451' title='bbox 3002 1287 3045 1316; x_wconf 82' lang='lat'>&quot;</span> <span class='ocrx_word' id='word_1_452' title='bbox 3089 1287 3181 1353; x_wconf 67' lang='grc'><strong>&gt;›&lt;.</strong></span> <span class='ocrx_word' id='word_1_453' title='bbox 3211 1285 3420 1338; x_wconf 88' lang='lat' dir='ltr'><strong>ldcirco</strong></span> <span class='ocrx_word' id='word_1_454' title='bbox 3451 1298 3483 1337; x_wconf 90' lang='lat' dir='ltr'><strong>a</strong></span> 
     </span>
    </p>
   </div>
   <div class='ocr_carea' id='block_1_57' title="bbox 1901 1375 3478 1446">
    <p class='ocr_par' dir='ltr' id='par_1_57' title="bbox 1901 1375 3478 1446">
     <span class='ocr_line' id='line_1_57' title="bbox 1901 1375 3478 1446; baseline -0.002 -14"><span class='ocrx_word' id='word_1_455' title='bbox 1901 1379 2039 1432; x_wconf 79' lang='lat' dir='ltr'><strong>facie</strong></span> <span class='ocrx_word' id='word_1_456' title='bbox 2063 1380 2184 1446; x_wconf 83' lang='lat' dir='ltr'><strong>ejus</strong></span> <span class='ocrx_word' id='word_1_457' title='bbox 2215 1379 2502 1432; x_wconf 83' lang='lat' dir='ltr'><strong>turbalior.</strong></span> <span class='ocrx_word' id='word_1_458' title='bbox 2531 1378 2928 1441; x_wconf 87' lang='lat' dir='ltr'><strong>Considerabo,</strong></span> <span class='ocrx_word' id='word_1_459' title='bbox 2951 1384 3006 1430; x_wconf 92' lang='lat' dir='ltr'><strong>et</strong></span> <span class='ocrx_word' id='word_1_460' title='bbox 3032 1377 3237 1430; x_wconf 75' lang='lat' dir='ltr'><strong>timebo</strong></span> <span class='ocrx_word' id='word_1_461' title='bbox 3266 1377 3333 1430; x_wconf 88' lang='lat' dir='ltr'><strong>ab</strong></span> <span class='ocrx_word' id='word_1_462' title='bbox 3363 1391 3428 1429; x_wconf 89' lang='lat' dir='ltr'><strong>eo</strong></span> <span class='ocrx_word' id='word_1_463' title='bbox 3455 1375 3478 1443; x_wconf 87' lang='lat'><strong>1</strong></span> 
     </span>
    </p>
   </div>
   <div class='ocr_carea' id='block_1_58' title="bbox 1908 1467 3484 1533">
    <p class='ocr_par' dir='ltr' id='par_1_58' title="bbox 1908 1467 3484 1533">
     <span class='ocr_line' id='line_1_58' title="bbox 1908 1467 3484 1533; baseline -0.003 -11"><span class='ocrx_word' id='word_1_464' title='bbox 1908 1471 1971 1522; x_wconf 80' lang='lat' dir='ltr'><strong>Et</strong></span> <span class='ocrx_word' id='word_1_465' title='bbox 2009 1469 2276 1524; x_wconf 86' lang='lat' dir='ltr'><strong>Dominus</strong></span> <span class='ocrx_word' id='word_1_466' title='bbox 2337 1469 2569 1522; x_wconf 88' lang='lat' dir='ltr'><strong>mollivit</strong></span> <span class='ocrx_word' id='word_1_467' title='bbox 2626 1484 2723 1521; x_wconf 90' lang='lat' dir='ltr'><strong>cor</strong></span> <span class='ocrx_word' id='word_1_468' title='bbox 2755 1484 2957 1533; x_wconf 90' lang='lat' dir='ltr'><strong>meum,</strong></span> <span class='ocrx_word' id='word_1_469' title='bbox 3019 1477 3074 1521; x_wconf 90' lang='lat' dir='ltr'><strong>ct</strong></span> <span class='ocrx_word' id='word_1_470' title='bbox 3135 1467 3484 1533; x_wconf 85' lang='lat' dir='ltr'><strong>omnipotens</strong></span> 
     </span>
    </p>
   </div>
   <div class='ocr_carea' id='block_1_59' title="bbox 1901 1559 3484 1627">
    <p class='ocr_par' dir='ltr' id='par_1_59' title="bbox 1901 1559 3484 1627">
     <span class='ocr_line' id='line_1_59' title="bbox 1901 1559 3484 1627; baseline -0.002 -13"><span class='ocrx_word' id='word_1_471' title='bbox 1901 1561 2250 1614; x_wconf 84' lang='lat' dir='ltr'><strong>conturbavit</strong></span> <span class='ocrx_word' id='word_1_472' title='bbox 2310 1578 2415 1613; x_wconf 88' lang='lat' dir='ltr'><strong>tne.</strong></span> <span class='ocrx_word' id='word_1_473' title='bbox 2452 1561 2562 1614; x_wconf 88' lang='lat' dir='ltr'><strong>Nec</strong></span> <span class='ocrx_word' id='word_1_474' title='bbox 2593 1564 2738 1614; x_wconf 80' lang='lat' dir='ltr'><strong>enim</strong></span> <span class='ocrx_word' id='word_1_475' title='bbox 2766 1560 3004 1614; x_wconf 89' lang='lat' dir='ltr'><strong>sciebam</strong></span> <span class='ocrx_word' id='word_1_476' title='bbox 3037 1559 3182 1627; x_wconf 88' lang='lat' dir='ltr'><strong>quod</strong></span> <span class='ocrx_word' id='word_1_477' title='bbox 3220 1571 3484 1625; x_wconf 84' lang='lat' dir='ltr'><strong>superve-</strong></span> 
     </span>
    </p>
   </div>
   <div class='ocr_carea' id='block_1_60' title="bbox 1905 1650 3487 1717">
    <p class='ocr_par' dir='ltr' id='par_1_60' title="bbox 1905 1650 3487 1717">
     <span class='ocr_line' id='line_1_60' title="bbox 1905 1650 3487 1717; baseline -0.003 -13"><span class='ocrx_word' id='word_1_478' title='bbox 1905 1652 2089 1704; x_wconf 87' lang='lat' dir='ltr'><strong>nirent</strong></span> <span class='ocrx_word' id='word_1_479' title='bbox 2115 1651 2246 1704; x_wconf 88' lang='lat' dir='ltr'><strong>mihi</strong></span> <span class='ocrx_word' id='word_1_480' title='bbox 2309 1653 2569 1713; x_wconf 77' lang='lat' dir='ltr'><strong>tencbrze,</strong></span> <span class='ocrx_word' id='word_1_481' title='bbox 2601 1660 2658 1706; x_wconf 89' lang='lat' dir='ltr'><strong>et</strong></span> <span class='ocrx_word' id='word_1_482' title='bbox 2685 1660 2812 1706; x_wconf 89' lang='lat' dir='ltr'><strong>ante</strong></span> <span class='ocrx_word' id='word_1_483' title='bbox 2841 1650 3038 1704; x_wconf 79' lang='lat' dir='ltr'><strong>faciem</strong></span> <span class='ocrx_word' id='word_1_484' title='bbox 3075 1665 3246 1702; x_wconf 84' lang='lat' dir='ltr'><strong>meam</strong></span> <span class='ocrx_word' id='word_1_485' title='bbox 3280 1658 3487 1717; x_wconf 73' lang='lat' dir='ltr'><strong>tegeret</strong></span> 
     </span>
    </p>
   </div>
   <div class='ocr_carea' id='block_1_61' title="bbox 1902 1741 3486 1813">
    <p class='ocr_par' dir='ltr' id='par_1_61' title="bbox 1902 1741 3486 1813">
     <span class='ocr_line' id='line_1_61' title="bbox 1902 1741 3486 1813; baseline -0.002 -18"><span class='ocrx_word' id='word_1_486' title='bbox 1902 1745 2097 1812; x_wconf 85' lang='lat' dir='ltr'><strong>caligo.</strong></span> <span class='ocrx_word' id='word_1_487' title='bbox 2138 1741 2294 1813; x_wconf 76' lang='grc' dir='ltr'><strong>[ϐαρ.</strong></span> <span class='ocrx_word' id='word_1_488' title='bbox 2335 1742 2545 1811; x_wconf 81' lang='lat' dir='ltr'><strong>XXIV.]</strong></span> <span class='ocrx_word' id='word_1_489' title='bbox 2598 1742 2780 1808; x_wconf 87' lang='lat' dir='ltr'><strong>Quare</strong></span> <span class='ocrx_word' id='word_1_490' title='bbox 2819 1741 3117 1796; x_wconf 87' lang='lat' dir='ltr'><strong>Dominum</strong></span> <span class='ocrx_word' id='word_1_491' title='bbox 3151 1756 3257 1794; x_wconf 92' lang='lat' dir='ltr'><strong>non</strong></span> <span class='ocrx_word' id='word_1_492' title='bbox 3315 1741 3486 1793; x_wconf 91' lang='lat' dir='ltr'><strong>latue-</strong></span> 
     </span>
    </p>
   </div>
   <div class='ocr_carea' id='block_1_62' title="bbox 1906 1831 3484 1903">
    <p class='ocr_par' dir='ltr' id='par_1_62' title="bbox 1906 1831 3484 1903">
     <span class='ocr_line' id='line_1_62' title="bbox 1906 1831 3484 1903; baseline -0.003 -16"><span class='ocrx_word' id='word_1_493' title='bbox 1906 1847 2035 1887; x_wconf 91' lang='lat' dir='ltr'><strong>runt</strong></span> <span class='ocrx_word' id='word_1_494' title='bbox 2062 1834 2232 1899; x_wconf 77' lang='lat' dir='ltr'><strong>ltorte,</strong></span> <span class='ocrx_word' id='word_1_495' title='bbox 2254 1834 2404 1903; x_wconf 85' lang='lat' dir='ltr'><strong>impii</strong></span> <span class='ocrx_word' id='word_1_496' title='bbox 2422 1837 2678 1903; x_wconf 55' lang='lat' dir='ltr'><strong>autem):</strong></span> <span class='ocrx_word' id='word_1_497' title='bbox 2698 1835 3012 1889; x_wconf 87' lang='lat' dir='ltr'><strong>nescierunt</strong></span> <span class='ocrx_word' id='word_1_498' title='bbox 3029 1833 3146 1887; x_wconf 90' lang='lat' dir='ltr'><strong>dies</strong></span> <span class='ocrx_word' id='word_1_499' title='bbox 3165 1831 3311 1901; x_wconf 85' lang='lat' dir='ltr'><strong>ejus?</strong></span> <span class='ocrx_word' id='word_1_500' title='bbox 3326 1833 3484 1884; x_wconf 90' lang='lat' dir='ltr'><strong>ﬁnem</strong></span> 
     </span>
    </p>
   </div>
   <div class='ocr_carea' id='block_1_63' title="bbox 1909 1923 3487 1995">
    <p class='ocr_par' dir='ltr' id='par_1_63' title="bbox 1909 1923 3487 1995">
     <span class='ocr_line' id='line_1_63' title="bbox 1909 1923 3487 1995; baseline 0 -19"><span class='ocrx_word' id='word_1_501' title='bbox 1909 1924 2231 1993; x_wconf 86' lang='lat' dir='ltr'><strong>transgressi</strong></span> <span class='ocrx_word' id='word_1_502' title='bbox 2257 1933 2408 1978; x_wconf 91' lang='lat' dir='ltr'><strong>sunt.</strong></span> <span class='ocrx_word' id='word_1_503' title='bbox 2431 1924 2670 1995; x_wconf 83' lang='lat' dir='ltr'><strong>Gregem</strong></span> <span class='ocrx_word' id='word_1_504' title='bbox 2700 1941 2825 1980; x_wconf 89' lang='lat' dir='ltr'><strong>cum</strong></span> <span class='ocrx_word' id='word_1_505' title='bbox 2863 1935 3078 1993; x_wconf 89' lang='lat' dir='ltr'><strong>pastore</strong></span> <span class='ocrx_word' id='word_1_506' title='bbox 3119 1923 3391 1992; x_wconf 71' lang='lat' dir='ltr'><strong>rapientes</strong></span> <span class='ocrx_word' id='word_1_507' title='bbox 3419 1924 3487 1991; x_wconf 54' lang='grc' dir='ltr'><strong>χε</strong></span> 
     </span>
    </p>
   </div>
   <div class='ocr_carea' id='block_1_64' title="bbox 1907 2016 3486 2086">
    <p class='ocr_par' dir='ltr' id='par_1_64' title="bbox 1907 2016 3486 2086">
     <span class='ocr_line' id='line_1_64' title="bbox 1907 2016 3486 2086; baseline -0.002 -18"><span class='ocrx_word' id='word_1_508' title='bbox 1907 2026 2246 2084; x_wconf 89' lang='lat' dir='ltr'><strong>paraverunt</strong></span> <span class='ocrx_word' id='word_1_509' title='bbox 2287 2017 2308 2084; x_wconf 92' lang='lat'><strong>1</strong></span> <span class='ocrx_word' id='word_1_510' title='bbox 2352 2016 2670 2071; x_wconf 84' lang='lat' dir='ltr'><strong>Jumentum</strong></span> <span class='ocrx_word' id='word_1_511' title='bbox 2705 2017 3038 2086; x_wconf 89' lang='lat' dir='ltr'><strong>pupillorum</strong></span> <span class='ocrx_word' id='word_1_512' title='bbox 3066 2016 3390 2083; x_wconf 84' lang='lat' dir='ltr'><strong>abegertint,</strong></span> <span class='ocrx_word' id='word_1_513' title='bbox 3428 2024 3486 2066; x_wconf 91' lang='lat' dir='ltr'><strong>et</strong></span> 
     </span>
    </p>
   </div>
   <div class='ocr_carea' id='block_1_65' title="bbox 1907 2105 3488 2176">
    <p class='ocr_par' dir='ltr' id='par_1_65' title="bbox 1907 2105 3488 2176">
     <span class='ocr_line' id='line_1_65' title="bbox 1907 2105 3488 2176; baseline -0.002 -15"><span class='ocrx_word' id='word_1_514' title='bbox 1907 2107 2101 2161; x_wconf 86' lang='lat' dir='ltr'><strong>bovem</strong></span> <span class='ocrx_word' id='word_1_515' title='bbox 2140 2106 2318 2160; x_wconf 75' lang='lat' dir='ltr'><strong>vidua:</strong></span> <span class='ocrx_word' id='word_1_516' title='bbox 2346 2106 2796 2176; x_wconf 81' lang='lat' dir='ltr'><strong>pignoraverunt.</strong></span> <span class='ocrx_word' id='word_1_517' title='bbox 2825 2107 2892 2160; x_wconf 88' lang='lat' dir='ltr'><strong>Et</strong></span> <span class='ocrx_word' id='word_1_518' title='bbox 2923 2105 3329 2160; x_wconf 86' lang='lat' dir='ltr'><strong>inclinaverunt</strong></span> <span class='ocrx_word' id='word_1_519' title='bbox 3361 2120 3488 2174; x_wconf 88' lang='lat' dir='ltr'><strong>pau-</strong></span> 
     </span>
    </p>
   </div>
   <div class='ocr_carea' id='block_1_66' title="bbox 1908 2198 3489 2269">
    <p class='ocr_par' dir='ltr' id='par_1_66' title="bbox 1908 2198 3489 2269">
     <span class='ocr_line' id='line_1_66' title="bbox 1908 2198 3489 2269; baseline -0.003 -15"><span class='ocrx_word' id='word_1_520' title='bbox 1908 2215 2064 2269; x_wconf 89' lang='lat' dir='ltr'><strong>peres</strong></span> <span class='ocrx_word' id='word_1_521' title='bbox 2091 2216 2119 2254; x_wconf 91' lang='lat' dir='ltr'><strong>a</strong></span> <span class='ocrx_word' id='word_1_522' title='bbox 2151 2201 2238 2254; x_wconf 90' lang='lat' dir='ltr'><strong>via</strong></span> <span class='ocrx_word' id='word_1_523' title='bbox 2269 2214 2330 2254; x_wconf 75' lang='lat'><strong>-:-</strong></span> <span class='ocrx_word' id='word_1_524' title='bbox 2364 2201 2512 2268; x_wconf 86' lang='lat' dir='ltr'><strong>justa</strong></span> <span class='ocrx_word' id='word_1_525' title='bbox 2556 2199 2578 2268; x_wconf 94' lang='lat'><strong>1</strong></span> <span class='ocrx_word' id='word_1_526' title='bbox 2610 2198 2773 2252; x_wconf 90' lang='lat' dir='ltr'><strong>simul</strong></span> <span class='ocrx_word' id='word_1_527' title='bbox 2805 2198 3113 2252; x_wconf 87' lang='lat' dir='ltr'><strong>absconditi</strong></span> <span class='ocrx_word' id='word_1_528' title='bbox 3147 2206 3279 2251; x_wconf 91' lang='lat' dir='ltr'><strong>sunt</strong></span> <span class='ocrx_word' id='word_1_529' title='bbox 3331 2198 3489 2250; x_wconf 80' lang='lat' dir='ltr'><strong>mites</strong></span> 
     </span>
    </p>
   </div>
   <div class='ocr_carea' id='block_1_67' title="bbox 1910 2289 3488 2356">
    <p class='ocr_par' dir='ltr' id='par_1_67' title="bbox 1910 2289 3488 2356">
     <span class='ocr_line' id='line_1_67' title="bbox 1910 2289 3488 2356; baseline -0.004 -11"><span class='ocrx_word' id='word_1_530' title='bbox 1910 2302 2088 2349; x_wconf 74' lang='lat' dir='ltr'><strong>terrae.</strong></span> <span class='ocrx_word' id='word_1_531' title='bbox 2127 2292 2192 2346; x_wconf 88' lang='lat' dir='ltr'><strong>Et</strong></span> <span class='ocrx_word' id='word_1_532' title='bbox 2229 2293 2512 2346; x_wconf 88' lang='lat' dir='ltr'><strong>irruerunt</strong></span> <span class='ocrx_word' id='word_1_533' title='bbox 2546 2290 2690 2344; x_wconf 91' lang='lat' dir='ltr'><strong>sicut</strong></span> <span class='ocrx_word' id='word_1_534' title='bbox 2715 2289 2760 2320; x_wconf 76' lang='grc'>⁸³</span> <span class='ocrx_word' id='word_1_535' title='bbox 2801 2289 2940 2344; x_wconf 90' lang='lat' dir='ltr'><strong>asini</strong></span> <span class='ocrx_word' id='word_1_536' title='bbox 2981 2293 3047 2356; x_wconf 76' lang='lat' dir='ltr'><strong>)a(</strong></span> <span class='ocrx_word' id='word_1_537' title='bbox 3078 2289 3177 2343; x_wconf 82' lang='lat' dir='ltr'><strong>feri</strong></span> <span class='ocrx_word' id='word_1_538' title='bbox 3219 2291 3240 2356; x_wconf 91' lang='lat'><strong>1</strong></span> <span class='ocrx_word' id='word_1_539' title='bbox 3272 2289 3324 2342; x_wconf 92' lang='lat' dir='ltr'><strong>in</strong></span> <span class='ocrx_word' id='word_1_540' title='bbox 3359 2303 3488 2355; x_wconf 77' lang='lat' dir='ltr'><strong>agro</strong></span> 
     </span>
    </p>
   </div>
   <div class='ocr_carea' id='block_1_68' title="bbox 1908 2380 3514 2450">
    <p class='ocr_par' dir='ltr' id='par_1_68' title="bbox 1908 2380 3514 2450">
     <span class='ocr_line' id='line_1_68' title="bbox 1908 2380 3514 2450; baseline -0.005 -12"><span class='ocrx_word' id='word_1_541' title='bbox 1908 2397 2074 2450; x_wconf 89' lang='lat' dir='ltr'><strong>super</strong></span> <span class='ocrx_word' id='word_1_542' title='bbox 2103 2398 2211 2446; x_wconf 91' lang='lat' dir='ltr'><strong>me,</strong></span> <span class='ocrx_word' id='word_1_543' title='bbox 2237 2390 2506 2437; x_wconf 79' lang='lat' dir='ltr'><strong>exeuntes</strong></span> <span class='ocrx_word' id='word_1_544' title='bbox 2535 2380 2600 2434; x_wconf 89' lang='lat' dir='ltr'><strong>ad</strong></span> <span class='ocrx_word' id='word_1_545' title='bbox 2634 2395 2772 2449; x_wconf 89' lang='lat' dir='ltr'><strong>opus</strong></span> <span class='ocrx_word' id='word_1_546' title='bbox 2801 2397 2981 2434; x_wconf 91' lang='lat' dir='ltr'><strong>suum.</strong></span> <span class='ocrx_word' id='word_1_547' title='bbox 3007 2385 3073 2448; x_wconf 67' lang='grc' dir='ltr'><strong>&gt;ε&lt;</strong></span> <span class='ocrx_word' id='word_1_548' title='bbox 3095 2381 3290 2434; x_wconf 63' lang='lat' dir='ltr'><strong>Suavis</strong></span> <span class='ocrx_word' id='word_1_549' title='bbox 3313 2380 3514 2445; x_wconf 53' lang='lat' dir='ltr'><strong>factus</strong></span> 
     </span>
    </p>
   </div>
   <div class='ocr_carea' id='block_1_69' title="bbox 1907 2471 3489 2541">
    <p class='ocr_par' dir='ltr' id='par_1_69' title="bbox 1907 2471 3489 2541">
     <span class='ocr_line' id='line_1_69' title="bbox 1907 2471 3489 2541; baseline -0.001 -18"><span class='ocrx_word' id='word_1_550' title='bbox 1907 2483 1990 2526; x_wconf 90' lang='lat' dir='ltr'><strong>est</strong></span> <span class='ocrx_word' id='word_1_551' title='bbox 2020 2471 2101 2527; x_wconf 87' lang='lat' dir='ltr'><strong>eis</strong></span> <span class='ocrx_word' id='word_1_552' title='bbox 2134 2471 2290 2541; x_wconf 91' lang='lat' dir='ltr'><strong>panis</strong></span> <span class='ocrx_word' id='word_1_553' title='bbox 2326 2471 2378 2524; x_wconf 93' lang='lat' dir='ltr'><strong>in</strong></span> <span class='ocrx_word' id='word_1_554' title='bbox 2401 2471 2779 2524; x_wconf 89' lang='lat' dir='ltr'><strong>adolescentes</strong></span> <span class='ocrx_word' id='word_1_555' title='bbox 2817 2471 2840 2540; x_wconf 93' lang='lat'><strong>1</strong></span> <span class='ocrx_word' id='word_1_556' title='bbox 2876 2471 3080 2539; x_wconf 77' lang='lat' dir='ltr'><strong>Agrum</strong></span> <span class='ocrx_word' id='word_1_557' title='bbox 3114 2471 3158 2502; x_wconf 77' lang='lat'>”</span> <span class='ocrx_word' id='word_1_558' title='bbox 3191 2481 3318 2524; x_wconf 86' lang='lat' dir='ltr'><strong>ante</strong></span> <span class='ocrx_word' id='word_1_559' title='bbox 3351 2481 3489 2523; x_wconf 90' lang='lat' dir='ltr'><strong>tem-</strong></span> 
     </span>
    </p>
   </div>
   <div class='ocr_carea' id='block_1_70' title="bbox 1909 2562 3490 2630">
    <p class='ocr_par' dir='ltr' id='par_1_70' title="bbox 1909 2562 3490 2630">
     <span class='ocr_line' id='line_1_70' title="bbox 1909 2562 3490 2630; baseline 0 -14"><span class='ocrx_word' id='word_1_560' title='bbox 1909 2577 2013 2630; x_wconf 91' lang='lat' dir='ltr'><strong>pus</strong></span> <span class='ocrx_word' id='word_1_561' title='bbox 2047 2579 2151 2616; x_wconf 90' lang='lat' dir='ltr'><strong>non</strong></span> <span class='ocrx_word' id='word_1_562' title='bbox 2184 2578 2345 2617; x_wconf 91' lang='lat' dir='ltr'><strong>suum</strong></span> <span class='ocrx_word' id='word_1_563' title='bbox 2374 2563 2822 2618; x_wconf 89' lang='lat' dir='ltr'><strong>demessuerunt.</strong></span> <span class='ocrx_word' id='word_1_564' title='bbox 2857 2562 3270 2616; x_wconf 89' lang='lat' dir='ltr'><strong>lulirmivineas</strong></span> <span class='ocrx_word' id='word_1_565' title='bbox 3295 2564 3490 2630; x_wconf 88' lang='lat' dir='ltr'><strong>impio-</strong></span> 
     </span>
    </p>
   </div>
   <div class='ocr_carea' id='block_1_71' title="bbox 1911 2652 3490 2724">
    <p class='ocr_par' dir='ltr' id='par_1_71' title="bbox 1911 2652 3490 2724">
     <span class='ocr_line' id='line_1_71' title="bbox 1911 2652 3490 2724; baseline -0.001 -16"><span class='ocrx_word' id='word_1_566' title='bbox 1911 2672 2030 2708; x_wconf 93' lang='lat' dir='ltr'><strong>rum</strong></span> <span class='ocrx_word' id='word_1_567' title='bbox 2087 2657 2294 2724; x_wconf 87' lang='lat' dir='ltr'><strong>absque</strong></span> <span class='ocrx_word' id='word_1_568' title='bbox 2354 2655 2612 2710; x_wconf 80' lang='lat' dir='ltr'><strong>mercede</strong></span> <span class='ocrx_word' id='word_1_569' title='bbox 2664 2663 2719 2708; x_wconf 91' lang='lat' dir='ltr'><strong>et</strong></span> <span class='ocrx_word' id='word_1_570' title='bbox 2772 2655 2896 2710; x_wconf 88' lang='lat' dir='ltr'><strong>cibo</strong></span> <span class='ocrx_word' id='word_1_571' title='bbox 2941 2654 3252 2707; x_wconf 91' lang='lat' dir='ltr'><strong>coluerunt.</strong></span> <span class='ocrx_word' id='word_1_572' title='bbox 3303 2652 3490 2707; x_wconf 84' lang='lat' dir='ltr'><strong>Nudos</strong></span> 
     </span>
    </p>
   </div>
   <div class='ocr_carea' id='block_1_72' title="bbox 1909 2745 3486 2813">
    <p class='ocr_par' dir='ltr' id='par_1_72' title="bbox 1909 2745 3486 2813">
     <span class='ocr_line' id='line_1_72' title="bbox 1909 2745 3486 2813; baseline -0.002 -13"><span class='ocrx_word' id='word_1_573' title='bbox 1909 2749 2114 2801; x_wconf 89' lang='lat' dir='ltr'><strong>tnu&#39;tos</strong></span> <span class='ocrx_word' id='word_1_574' title='bbox 2155 2748 2404 2801; x_wconf 80' lang='lat' dir='ltr'><strong>iecerunt</strong></span> <span class='ocrx_word' id='word_1_575' title='bbox 2438 2747 2677 2800; x_wconf 84' lang='lat' dir='ltr'><strong>dormire</strong></span> <span class='ocrx_word' id='word_1_576' title='bbox 2699 2747 2818 2799; x_wconf 91' lang='lat' dir='ltr'><strong>sine</strong></span> <span class='ocrx_word' id='word_1_577' title='bbox 2855 2745 3215 2807; x_wconf 84' lang='lat' dir='ltr'><strong>vestimentis,</strong></span> <span class='ocrx_word' id='word_1_578' title='bbox 3254 2754 3308 2798; x_wconf 90' lang='lat' dir='ltr'><strong>et</strong></span> <span class='ocrx_word' id='word_1_579' title='bbox 3333 2754 3486 2813; x_wconf 84' lang='lat' dir='ltr'><strong>tegu-</strong></span> 
     </span>
    </p>
   </div>
   <div class='ocr_carea' id='block_1_73' title="bbox 1909 2837 3488 2907">
    <p class='ocr_par' dir='ltr' id='par_1_73' title="bbox 1909 2837 3488 2907">
     <span class='ocr_line' id='line_1_73' title="bbox 1909 2837 3488 2907; baseline -0.003 -15"><span class='ocrx_word' id='word_1_580' title='bbox 1909 2856 2032 2893; x_wconf 89' lang='lat' dir='ltr'><strong>men</strong></span> <span class='ocrx_word' id='word_1_581' title='bbox 2067 2841 2119 2893; x_wconf 92' lang='lat' dir='ltr'><strong>in</strong></span> <span class='ocrx_word' id='word_1_582' title='bbox 2159 2839 2363 2907; x_wconf 80' lang='lat' dir='ltr'><strong>frigore</strong></span> <span class='ocrx_word' id='word_1_583' title='bbox 2399 2839 2765 2890; x_wconf 86' lang='lat' dir='ltr'><strong>abstulerunt.</strong></span> <span class='ocrx_word' id='word_1_584' title='bbox 2803 2840 2870 2904; x_wconf 78' lang='grc' dir='ltr'>&gt;κ</span> <span class='ocrx_word' id='word_1_585' title='bbox 2900 2837 2972 2890; x_wconf 88' lang='lat' dir='ltr'><strong>De</strong></span> <span class='ocrx_word' id='word_1_586' title='bbox 3003 2837 3299 2890; x_wconf 87' lang='lat' dir='ltr'><strong>stillicidiis</strong></span> <span class='ocrx_word' id='word_1_587' title='bbox 3333 2852 3488 2890; x_wconf 80' lang='lat' dir='ltr'><strong>nion-</strong></span> 
     </span>
    </p>
   </div>
   <div class='ocr_carea' id='block_1_74' title="bbox 1910 2929 3485 3000">
    <p class='ocr_par' dir='ltr' id='par_1_74' title="bbox 1910 2929 3485 3000">
     <span class='ocr_line' id='line_1_74' title="bbox 1910 2929 3485 3000; baseline -0.001 -17"><span class='ocrx_word' id='word_1_588' title='bbox 1910 2935 2046 2985; x_wconf 90' lang='lat' dir='ltr'><strong>tium</strong></span> <span class='ocrx_word' id='word_1_589' title='bbox 2086 2933 2405 2985; x_wconf 87' lang='lat' dir='ltr'><strong>inadescent</strong></span> <span class='ocrx_word' id='word_1_590' title='bbox 2441 2932 2582 3000; x_wconf 87' lang='lat' dir='ltr'><strong>1qni</strong></span> <span class='ocrx_word' id='word_1_591' title='bbox 2620 2946 2743 2982; x_wconf 90' lang='lat' dir='ltr'><strong>cum</strong></span> <span class='ocrx_word' id='word_1_592' title='bbox 2778 2940 3032 2996; x_wconf 78' lang='lat' dir='ltr'><strong>tegumen</strong></span> <span class='ocrx_word' id='word_1_593' title='bbox 3069 2945 3174 2982; x_wconf 90' lang='lat' dir='ltr'><strong>non</strong></span> <span class='ocrx_word' id='word_1_594' title='bbox 3195 2929 3485 2990; x_wconf 81' lang='lat' dir='ltr'><strong>baberent,</strong></span> 
     </span>
    </p>
   </div>
   <div class='ocr_carea' id='block_1_75' title="bbox 1912 3021 3487 3093">
    <p class='ocr_par' dir='ltr' id='par_1_75' title="bbox 1912 3021 3487 3093">
     <span class='ocr_line' id='line_1_75' title="bbox 1912 3021 3487 3093; baseline -0.004 -15"><span class='ocrx_word' id='word_1_595' title='bbox 1912 3036 2064 3093; x_wconf 80' lang='lat' dir='ltr'><strong>petra</strong></span> <span class='ocrx_word' id='word_1_596' title='bbox 2101 3025 2277 3093; x_wconf 85' lang='lat' dir='ltr'><strong>operti</strong></span> <span class='ocrx_word' id='word_1_597' title='bbox 2317 3034 2466 3078; x_wconf 91' lang='lat' dir='ltr'><strong>sunt.</strong></span> <span class='ocrx_word' id='word_1_598' title='bbox 2513 3023 2837 3090; x_wconf 74' lang='lat' dir='ltr'><strong>ltaptterunt</strong></span> <span class='ocrx_word' id='word_1_599' title='bbox 2869 3022 2936 3075; x_wconf 87' lang='lat' dir='ltr'><strong>ab</strong></span> <span class='ocrx_word' id='word_1_600' title='bbox 2979 3023 3146 3074; x_wconf 88' lang='lat' dir='ltr'><strong>ubere</strong></span> <span class='ocrx_word' id='word_1_601' title='bbox 3184 3021 3487 3090; x_wconf 70' lang='lat' dir='ltr'><strong>pupillum;</strong></span> 
     </span>
    </p>
   </div>
   <div class='ocr_carea' id='block_1_76' title="bbox 1908 3110 3490 3180">
    <p class='ocr_par' dir='ltr' id='par_1_76' title="bbox 1908 3110 3490 3180">
     <span class='ocr_line' id='line_1_76' title="bbox 1908 3110 3490 3180; baseline -0.003 -12"><span class='ocrx_word' id='word_1_602' title='bbox 1908 3124 1964 3168; x_wconf 86' lang='lat' dir='ltr'><strong>ct</strong></span> <span class='ocrx_word' id='word_1_603' title='bbox 1987 3131 2112 3167; x_wconf 90' lang='lat' dir='ltr'><strong>eum</strong></span> <span class='ocrx_word' id='word_1_604' title='bbox 2140 3115 2229 3180; x_wconf 86' lang='lat' dir='ltr'><strong>qui</strong></span> <span class='ocrx_word' id='word_1_605' title='bbox 2277 3113 2573 3177; x_wconf 87' lang='lat' dir='ltr'><strong>ceciderat,</strong></span> <span class='ocrx_word' id='word_1_606' title='bbox 2609 3113 3063 3165; x_wconf 86' lang='lat' dir='ltr'><strong>butniliaverttnt.</strong></span> <span class='ocrx_word' id='word_1_607' title='bbox 3121 3111 3308 3165; x_wconf 85' lang='lat' dir='ltr'><strong>Nudos</strong></span> <span class='ocrx_word' id='word_1_608' title='bbox 3339 3110 3490 3164; x_wconf 81' lang='lat' dir='ltr'><strong>fece-</strong></span> 
     </span>
    </p>
   </div>
   <div class='ocr_carea' id='block_1_77' title="bbox 1911 3202 3493 3272">
    <p class='ocr_par' dir='ltr' id='par_1_77' title="bbox 1911 3202 3493 3272">
     <span class='ocr_line' id='line_1_77' title="bbox 1911 3202 3493 3272; baseline -0.001 -15"><span class='ocrx_word' id='word_1_609' title='bbox 1911 3217 2038 3259; x_wconf 75' lang='lat' dir='ltr'><strong>runt</strong></span> <span class='ocrx_word' id='word_1_610' title='bbox 2074 3207 2313 3259; x_wconf 71' lang='lat' dir='ltr'><strong>dormire</strong></span> <span class='ocrx_word' id='word_1_611' title='bbox 2377 3207 2585 3272; x_wconf 88' lang='lat' dir='ltr'><strong>inique,</strong></span> <span class='ocrx_word' id='word_1_612' title='bbox 2623 3215 2679 3258; x_wconf 88' lang='lat' dir='ltr'><strong>et</strong></span> <span class='ocrx_word' id='word_1_613' title='bbox 2728 3205 3091 3258; x_wconf 85' lang='lat' dir='ltr'><strong>esurientium</strong></span> <span class='ocrx_word' id='word_1_614' title='bbox 3146 3202 3493 3256; x_wconf 86' lang='lat' dir='ltr'><strong>abstulerunt</strong></span> 
     </span>
    </p>
   </div>
   <div class='ocr_carea' id='block_1_78' title="bbox 1913 3294 3486 3368">
    <p class='ocr_par' dir='ltr' id='par_1_78' title="bbox 1913 3294 3486 3368">
     <span class='ocr_line' id='line_1_78' title="bbox 1913 3294 3486 3368; baseline -0.003 -18"><span class='ocrx_word' id='word_1_615' title='bbox 1913 3314 2130 3368; x_wconf 87' lang='lat' dir='ltr'><strong>panem.</strong></span> <span class='ocrx_word' id='word_1_616' title='bbox 2165 3298 2223 3351; x_wconf 88' lang='lat' dir='ltr'><strong>In</strong></span> <span class='ocrx_word' id='word_1_617' title='bbox 2260 3298 2531 3366; x_wconf 88' lang='lat' dir='ltr'><strong>angustiis</strong></span> <span class='ocrx_word' id='word_1_618' title='bbox 2593 3296 2783 3365; x_wconf 86' lang='lat' dir='ltr'><strong>inique</strong></span> <span class='ocrx_word' id='word_1_619' title='bbox 2848 3295 3091 3349; x_wconf 87' lang='lat' dir='ltr'><strong>insidiati</strong></span> <span class='ocrx_word' id='word_1_620' title='bbox 3154 3303 3312 3356; x_wconf 89' lang='lat' dir='ltr'><strong>sunt,</strong></span> <span class='ocrx_word' id='word_1_621' title='bbox 3345 3294 3486 3347; x_wconf 87' lang='lat' dir='ltr'><strong>viam</strong></span> 
     </span>
    </p>
   </div>
   <div class='ocr_carea' id='block_1_79' title="bbox 1911 3382 3489 3455">
    <p class='ocr_par' dir='ltr' id='par_1_79' title="bbox 1911 3382 3489 3455">
     <span class='ocr_line' id='line_1_79' title="bbox 1911 3382 3489 3455; baseline -0.004 -17"><span class='ocrx_word' id='word_1_622' title='bbox 1911 3399 2090 3440; x_wconf 91' lang='lat' dir='ltr'><strong>autem</strong></span> <span class='ocrx_word' id='word_1_623' title='bbox 2119 3387 2338 3453; x_wconf 73' lang='lat' dir='ltr'><strong>iustitia:</strong></span> <span class='ocrx_word' id='word_1_624' title='bbox 2369 3387 2773 3455; x_wconf 82' lang='lat' dir='ltr'><strong>ignoraverunt.</strong></span> <span class='ocrx_word' id='word_1_625' title='bbox 2803 3386 2875 3440; x_wconf 87' lang='lat' dir='ltr'><strong>De</strong></span> <span class='ocrx_word' id='word_1_626' title='bbox 2898 3385 3112 3439; x_wconf 86' lang='lat' dir='ltr'><strong>civitate</strong></span> <span class='ocrx_word' id='word_1_627' title='bbox 3135 3394 3190 3437; x_wconf 91' lang='lat' dir='ltr'><strong>et</strong></span> <span class='ocrx_word' id='word_1_628' title='bbox 3215 3386 3279 3435; x_wconf 86' lang='lat' dir='ltr'><strong>de</strong></span> <span class='ocrx_word' id='word_1_629' title='bbox 3307 3382 3489 3436; x_wconf 81' lang='lat' dir='ltr'><strong>demi-</strong></span> 
     </span>
    </p>
   </div>
   <div class='ocr_carea' id='block_1_80' title="bbox 1912 3475 3488 3546">
    <p class='ocr_par' dir='ltr' id='par_1_80' title="bbox 1912 3475 3488 3546">
     <span class='ocr_line' id='line_1_80' title="bbox 1912 3475 3488 3546; baseline -0.003 -15"><span class='ocrx_word' id='word_1_630' title='bbox 1912 3479 2015 3531; x_wconf 90' lang='lat' dir='ltr'><strong>bus</strong></span> <span class='ocrx_word' id='word_1_631' title='bbox 2040 3478 2088 3530; x_wconf 82' lang='lat' dir='ltr'><strong>vi</strong></span> <span class='ocrx_word' id='word_1_632' title='bbox 2121 3479 2165 3510; x_wconf 79' lang='grc'><strong>¹⁵</strong></span> <span class='ocrx_word' id='word_1_633' title='bbox 2203 3477 2587 3546; x_wconf 78' lang='lat' dir='ltr'><strong>ejiciebantur.</strong></span> <span class='ocrx_word' id='word_1_634' title='bbox 2631 3477 2827 3530; x_wconf 84' lang='lat' dir='ltr'><strong>Anima</strong></span> <span class='ocrx_word' id='word_1_635' title='bbox 2863 3492 2996 3529; x_wconf 87' lang='lat' dir='ltr'><strong>vero</strong></span> <span class='ocrx_word' id='word_1_636' title='bbox 3029 3479 3379 3545; x_wconf 85' lang='lat' dir='ltr'><strong>parvulorum</strong></span> <span class='ocrx_word' id='word_1_637' title='bbox 3435 3475 3488 3526; x_wconf 90' lang='lat' dir='ltr'><strong>in</strong></span> 
     </span>
    </p>
   </div>
   <div class='ocr_carea' id='block_1_81' title="bbox 1913 3567 3489 3636">
    <p class='ocr_par' dir='ltr' id='par_1_81' title="bbox 1913 3567 3489 3636">
     <span class='ocr_line' id='line_1_81' title="bbox 1913 3567 3489 3636; baseline -0.001 -17"><span class='ocrx_word' id='word_1_638' title='bbox 1913 3569 2121 3636; x_wconf 76' lang='lat' dir='ltr'><strong>gemitu</strong></span> <span class='ocrx_word' id='word_1_639' title='bbox 2179 3567 2357 3620; x_wconf 85' lang='lat' dir='ltr'><strong>valde.</strong></span> <span class='ocrx_word' id='word_1_640' title='bbox 2391 3567 2512 3636; x_wconf 79' lang='lat' dir='ltr'><strong>ipse</strong></span> <span class='ocrx_word' id='word_1_641' title='bbox 2555 3577 2738 3620; x_wconf 89' lang='lat' dir='ltr'><strong>autem</strong></span> <span class='ocrx_word' id='word_1_642' title='bbox 2785 3568 2926 3621; x_wconf 88' lang='lat' dir='ltr'><strong>Deus</strong></span> <span class='ocrx_word' id='word_1_643' title='bbox 2951 3582 3139 3620; x_wconf 87' lang='lat' dir='ltr'><strong>eorum</strong></span> <span class='ocrx_word' id='word_1_644' title='bbox 3163 3581 3348 3620; x_wconf 92' lang='lat' dir='ltr'><strong>curam</strong></span> <span class='ocrx_word' id='word_1_645' title='bbox 3381 3580 3489 3618; x_wconf 90' lang='lat' dir='ltr'><strong>non</strong></span> 
     </span>
    </p>
   </div>
   <div class='ocr_carea' id='block_1_82' title="bbox 1915 3698 3488 3770">
    <p class='ocr_par' dir='ltr' id='par_1_82' title="bbox 1915 3698 3488 3770">
     <span class='ocr_line' id='line_1_82' title="bbox 1915 3698 3488 3770; baseline -0.003 -16"><span class='ocrx_word' id='word_1_646' title='bbox 1915 3702 2247 3767; x_wconf 82' lang='lat' dir='ltr'><strong>suﬁragante</strong></span> <span class='ocrx_word' id='word_1_647' title='bbox 2267 3711 2438 3760; x_wconf 85' lang='lat' dir='ltr'><strong>textu,</strong></span> <span class='ocrx_word' id='word_1_648' title='bbox 2473 3701 2760 3770; x_wconf 72' lang='grc' dir='ltr'><strong>Ἀριστερὰ</strong></span> <span class='ocrx_word' id='word_1_649' title='bbox 2785 3700 3116 3770; x_wconf 82' lang='grc' dir='ltr'><strong>ποιήσαντος</strong></span> <span class='ocrx_word' id='word_1_650' title='bbox 3137 3698 3324 3750; x_wconf 75' lang='grc' dir='ltr'>αὐτοῦ.</span> <span class='ocrx_word' id='word_1_651' title='bbox 3346 3698 3488 3750; x_wconf 83' lang='lat' dir='ltr'><strong>Mar-</strong></span> 
     </span>
    </p>
   </div>
   <div class='ocr_carea' id='block_1_83' title="bbox 1919 3769 3485 3838">
    <p class='ocr_par' dir='ltr' id='par_1_83' title="bbox 1919 3769 3485 3838">
     <span class='ocr_line' id='line_1_83' title="bbox 1919 3769 3485 3838; baseline -0.003 -14"><span class='ocrx_word' id='word_1_652' title='bbox 1919 3783 2142 3824; x_wconf 74' lang='lat' dir='ltr'><strong>tiano-us</strong></span> <span class='ocrx_word' id='word_1_653' title='bbox 2178 3773 2228 3821; x_wconf 86' lang='lat' dir='ltr'><strong>iii</strong></span> <span class='ocrx_word' id='word_1_654' title='bbox 2291 3771 2462 3836; x_wconf 85' lang='lat' dir='ltr'><strong>prima</strong></span> <span class='ocrx_word' id='word_1_655' title='bbox 2495 3769 2749 3838; x_wconf 83' lang='lat' dir='ltr'><strong>persona,</strong></span> <span class='ocrx_word' id='word_1_656' title='bbox 2781 3769 3286 3836; x_wconf 79' lang='lat' dir='ltr'><strong>subi’nterrogandi</strong></span> <span class='ocrx_word' id='word_1_657' title='bbox 3322 3778 3485 3820; x_wconf 80' lang='lat' dir='ltr'><strong>etiam</strong></span> 
     </span>
    </p>
   </div>
   <div class='ocr_carea' id='block_1_84' title="bbox 1919 3839 3040 3907">
    <p class='ocr_par' dir='ltr' id='par_1_84' title="bbox 1919 3839 3040 3907">
     <span class='ocr_line' id='line_1_84' title="bbox 1919 3839 3040 3907; baseline -0.004 -14"><span class='ocrx_word' id='word_1_658' title='bbox 1919 3851 2067 3902; x_wconf 80' lang='lat' dir='ltr'><strong>nota,</strong></span> <span class='ocrx_word' id='word_1_659' title='bbox 2100 3839 2326 3906; x_wconf 78' lang='lat' dir='ltr'><strong>legerat,</strong></span> <span class='ocrx_word' id='word_1_660' title='bbox 2364 3839 2439 3890; x_wconf 81' lang='lat' dir='ltr'><strong>Ad</strong></span> <span class='ocrx_word' id='word_1_661' title='bbox 2470 3840 2655 3891; x_wconf 70' lang='lat' dir='ltr'><strong>lii-vam</strong></span> <span class='ocrx_word' id='word_1_662' title='bbox 2680 3841 2805 3905; x_wconf 82' lang='lat' dir='ltr'><strong>quid</strong></span> <span class='ocrx_word' id='word_1_663' title='bbox 2837 3839 3040 3907; x_wconf 82' lang='lat' dir='ltr'><strong>agant?</strong></span> 
     </span>
    </p>
   </div>
   <div class='ocr_carea' id='block_1_85' title="bbox 1987 3907 3482 3974">
    <p class='ocr_par' dir='ltr' id='par_1_85' title="bbox 1987 3907 3482 3974">
     <span class='ocr_line' id='line_1_85' title="bbox 1987 3907 3482 3974; baseline -0.002 -14"><span class='ocrx_word' id='word_1_664' title='bbox 1987 3911 2008 3940; x_wconf 73' lang='grc' dir='ltr'><strong>θ</strong></span> <span class='ocrx_word' id='word_1_665' title='bbox 2032 3912 2298 3974; x_wconf 72' lang='lat' dir='ltr'><strong>(Lorrupte</strong></span> <span class='ocrx_word' id='word_1_666' title='bbox 2343 3909 2687 3961; x_wconf 71' lang='lat' dir='ltr'><strong>Martianazus</strong></span> <span class='ocrx_word' id='word_1_667' title='bbox 2718 3909 2772 3960; x_wconf 90' lang='lat' dir='ltr'><strong>in</strong></span> <span class='ocrx_word' id='word_1_668' title='bbox 2799 3908 3003 3970; x_wconf 79' lang='lat' dir='ltr'><strong>futuro,</strong></span> <span class='ocrx_word' id='word_1_669' title='bbox 3033 3907 3482 3974; x_wconf 80' lang='lat' dir='ltr'><strong>probabit,quod,</strong></span> 
     </span>
    </p>
   </div>
   <div class='ocr_carea' id='block_1_86' title="bbox 1916 3977 3488 4045">
    <p class='ocr_par' dir='ltr' id='par_1_86' title="bbox 1916 3977 3488 4045">
     <span class='ocr_line' id='line_1_86' title="bbox 1916 3977 3488 4045; baseline -0.001 -15"><span class='ocrx_word' id='word_1_670' title='bbox 1916 3980 2218 4045; x_wconf 76' lang='lat' dir='ltr'><strong>Augustino</strong></span> <span class='ocrx_word' id='word_1_671' title='bbox 2249 3978 2645 4038; x_wconf 84' lang='lat' dir='ltr'><strong>consentiente,</strong></span> <span class='ocrx_word' id='word_1_672' title='bbox 2692 3978 2745 4030; x_wconf 92' lang='lat' dir='ltr'><strong>in</strong></span> <span class='ocrx_word' id='word_1_673' title='bbox 2780 3977 3019 4045; x_wconf 83' lang='lat' dir='ltr'><strong>probavit</strong></span> <span class='ocrx_word' id='word_1_674' title='bbox 3075 3978 3488 4028; x_wconf 83' lang='lat' dir='ltr'><strong>emendavnnus</strong></span> 
     </span>
    </p>
   </div>
   <div class='ocr_carea' id='block_1_87' title="bbox 1918 4045 3484 4115">
    <p class='ocr_par' dir='ltr' id='par_1_87' title="bbox 1918 4045 3484 4115">
     <span class='ocr_line' id='line_1_87' title="bbox 1918 4045 3484 4115; baseline -0.002 -15"><span class='ocrx_word' id='word_1_675' title='bbox 1918 4063 1982 4100; x_wconf 80' lang='lat' dir='ltr'><strong>ex</strong></span> <span class='ocrx_word' id='word_1_676' title='bbox 2018 4047 2205 4102; x_wconf 83' lang='lat' dir='ltr'><strong>Graeco</strong></span> <span class='ocrx_word' id='word_1_677' title='bbox 2265 4047 2527 4113; x_wconf 82' lang='grc' dir='ltr'><strong>διέκρινε.</strong></span> <span class='ocrx_word' id='word_1_678' title='bbox 2576 4047 2805 4100; x_wconf 88' lang='lat' dir='ltr'><strong>Leviora</strong></span> <span class='ocrx_word' id='word_1_679' title='bbox 2838 4061 3002 4115; x_wconf 85' lang='lat' dir='ltr'><strong>supra</strong></span> <span class='ocrx_word' id='word_1_680' title='bbox 3032 4056 3194 4114; x_wconf 81' lang='lat' dir='ltr'><strong>atque</strong></span> <span class='ocrx_word' id='word_1_681' title='bbox 3227 4045 3366 4096; x_wconf 81' lang='lat' dir='ltr'><strong>infra</strong></span> <span class='ocrx_word' id='word_1_682' title='bbox 3405 4056 3484 4097; x_wconf 87' lang='lat' dir='ltr'><strong>ta-</strong></span> 
     </span>
    </p>
   </div>
   <div class='ocr_carea' id='block_1_88' title="bbox 1919 4117 2402 4184">
    <p class='ocr_par' dir='ltr' id='par_1_88' title="bbox 1919 4117 2402 4184">
     <span class='ocr_line' id='line_1_88' title="bbox 1919 4117 2402 4184; baseline -0.004 -14"><span class='ocrx_word' id='word_1_683' title='bbox 1919 4117 2013 4170; x_wconf 83' lang='lat' dir='ltr'><strong>citi</strong></span> <span class='ocrx_word' id='word_1_684' title='bbox 2047 4118 2402 4184; x_wconf 85' lang='lat' dir='ltr'><strong>castigamus.</strong></span> 
     </span>
    </p>
   </div>
   <div class='ocr_carea' id='block_1_89' title="bbox 1991 4185 3485 4254">
    <p class='ocr_par' dir='ltr' id='par_1_89' title="bbox 1991 4185 3485 4254">
     <span class='ocr_line' id='line_1_89' title="bbox 1991 4185 3485 4254; baseline -0.002 -15"><span class='ocrx_word' id='word_1_685' title='bbox 1991 4186 2030 4216; x_wconf 88' lang='grc'><strong>¹⁰</strong></span> <span class='ocrx_word' id='word_1_686' title='bbox 2055 4185 2283 4239; x_wconf 81' lang='lat' dir='ltr'><strong>Videtur</strong></span> <span class='ocrx_word' id='word_1_687' title='bbox 2329 4186 2395 4236; x_wconf 91' lang='lat' dir='ltr'><strong>ad</strong></span> <span class='ocrx_word' id='word_1_688' title='bbox 2428 4186 2674 4239; x_wconf 52' lang='lat' dir='ltr'><strong>Graecum</strong></span> <span class='ocrx_word' id='word_1_689' title='bbox 2714 4185 3024 4254; x_wconf 84' lang='lat' dir='ltr'><strong>reﬁgeudus</strong></span> <span class='ocrx_word' id='word_1_690' title='bbox 3055 4185 3226 4249; x_wconf 91' lang='lat' dir='ltr'><strong>locus,</strong></span> <span class='ocrx_word' id='word_1_691' title='bbox 3256 4185 3485 4253; x_wconf 81' lang='lat' dir='ltr'><strong>subjun-</strong></span> 
     </span>
    </p>
   </div>
   <div class='ocr_carea' id='block_1_90' title="bbox 1919 4255 3490 4324">
    <p class='ocr_par' dir='ltr' id='par_1_90' title="bbox 1919 4255 3490 4324">
     <span class='ocr_line' id='line_1_90' title="bbox 1919 4255 3490 4324; baseline 0 -16"><span class='ocrx_word' id='word_1_692' title='bbox 1919 4256 2020 4310; x_wconf 90' lang='lat' dir='ltr'><strong>ctis</strong></span> <span class='ocrx_word' id='word_1_693' title='bbox 2039 4256 2126 4308; x_wconf 86' lang='lat' dir='ltr'><strong>hic</strong></span> <span class='ocrx_word' id='word_1_694' title='bbox 2144 4255 2395 4324; x_wconf 87' lang='lat' dir='ltr'><strong>ﬁnalibus</strong></span> <span class='ocrx_word' id='word_1_695' title='bbox 2413 4257 2652 4324; x_wconf 81' lang='lat' dir='ltr'><strong>punctis,</strong></span> <span class='ocrx_word' id='word_1_696' title='bbox 2675 4270 2736 4308; x_wconf 86' lang='lat' dir='ltr'><strong>ac</strong></span> <span class='ocrx_word' id='word_1_697' title='bbox 2758 4259 2898 4308; x_wconf 86' lang='lat' dir='ltr'><strong>novo</strong></span> <span class='ocrx_word' id='word_1_698' title='bbox 2920 4256 3116 4308; x_wconf 78' lang='lat' dir='ltr'><strong>exinde</strong></span> <span class='ocrx_word' id='word_1_699' title='bbox 3142 4256 3389 4322; x_wconf 75' lang='grc' dir='ltr'><strong>στοιχείῳ</strong></span> <span class='ocrx_word' id='word_1_700' title='bbox 3411 4259 3490 4308; x_wconf 87' lang='lat' dir='ltr'><strong>itt-</strong></span> 
     </span>
    </p>
   </div>
   <div class='ocr_carea' id='block_1_91' title="bbox 1920 4323 3486 4394">
    <p class='ocr_par' dir='ltr' id='par_1_91' title="bbox 1920 4323 3486 4394">
     <span class='ocr_line' id='line_1_91' title="bbox 1920 4323 3486 4394; baseline -0.001 -16"><span class='ocrx_word' id='word_1_701' title='bbox 1920 4335 2078 4392; x_wconf 85' lang='lat' dir='ltr'><strong>cepto</strong></span> <span class='ocrx_word' id='word_1_702' title='bbox 2101 4343 2115 4377; x_wconf 90' lang='lat'><strong>:</strong></span> <span class='ocrx_word' id='word_1_703' title='bbox 2150 4323 2272 4377; x_wconf 71' lang='lat' dir='ltr'><strong>Via:</strong></span> <span class='ocrx_word' id='word_1_704' title='bbox 2294 4323 2706 4394; x_wconf 25' lang='lat' dir='ltr'><strong>ejtts’custodivi:</strong></span> <span class='ocrx_word' id='word_1_705' title='bbox 2729 4342 2831 4377; x_wconf 81' lang='lat' dir='ltr'><strong>non</strong></span> <span class='ocrx_word' id='word_1_706' title='bbox 2853 4326 3142 4387; x_wconf 81' lang='lat' dir='ltr'><strong>declinaba,</strong></span> <span class='ocrx_word' id='word_1_707' title='bbox 3165 4336 3270 4377; x_wconf 86' lang='lat' dir='ltr'><strong>etc.</strong></span> <span class='ocrx_word' id='word_1_708' title='bbox 3302 4324 3486 4386; x_wconf 68' lang='lat' dir='ltr'><strong>&#39;Odoo;</strong></span> 
     </span>
    </p>
   </div>
   <div class='ocr_carea' id='block_1_92' title="bbox 1919 4395 3106 4463">
    <p class='ocr_par' dir='ltr' id='par_1_92' title="bbox 1919 4395 3106 4463">
     <span class='ocr_line' id='line_1_92' title="bbox 1919 4395 3106 4463; baseline 0 -17"><span class='ocrx_word' id='word_1_709' title='bbox 1919 4400 2025 4463; x_wconf 76' lang='grc' dir='ltr'><strong>γὰρ</strong></span> <span class='ocrx_word' id='word_1_710' title='bbox 2055 4395 2220 4446; x_wconf 81' lang='grc' dir='ltr'>αὑτοῦ</span> <span class='ocrx_word' id='word_1_711' title='bbox 2241 4396 2501 4461; x_wconf 72' lang='grc' dir='ltr'><strong>ἐφύλαξα,</strong></span> <span class='ocrx_word' id='word_1_712' title='bbox 2536 4401 2627 4446; x_wconf 65' lang='grc' dir='ltr'><strong>καὶ</strong></span> <span class='ocrx_word' id='word_1_713' title='bbox 2662 4397 2720 4444; x_wconf 85' lang='grc' dir='ltr'>οὑ</span> <span class='ocrx_word' id='word_1_714' title='bbox 2746 4400 2820 4462; x_wconf 72' lang='grc' dir='ltr'><strong>μὴ</strong></span> <span class='ocrx_word' id='word_1_715' title='bbox 2853 4396 3106 4446; x_wconf 73' lang='grc' dir='ltr'><strong>ὲκκλινὼ.</strong></span> 
     </span>
    </p>
   </div>
   <div class='ocr_carea' id='block_1_93' title="bbox 1992 4463 3489 4531">
    <p class='ocr_par' dir='ltr' id='par_1_93' title="bbox 1992 4463 3489 4531">
     <span class='ocr_line' id='line_1_93' title="bbox 1992 4463 3489 4531; baseline 0.001 -14"><span class='ocrx_word' id='word_1_716' title='bbox 1992 4467 2023 4496; x_wconf 92' lang='grc'>¹¹</span> <span class='ocrx_word' id='word_1_717' title='bbox 2057 4465 2276 4517; x_wconf 71' lang='lat' dir='ltr'><strong>Solidus</strong></span> <span class='ocrx_word' id='word_1_718' title='bbox 2335 4463 2583 4516; x_wconf 87' lang='lat' dir='ltr'><strong>decimus</strong></span> <span class='ocrx_word' id='word_1_719' title='bbox 2615 4478 2843 4530; x_wconf 85' lang='lat' dir='ltr'><strong>quartus</strong></span> <span class='ocrx_word' id='word_1_720' title='bbox 2880 4479 3088 4520; x_wconf 86' lang='lat' dir='ltr'><strong>versus.</strong></span> <span class='ocrx_word' id='word_1_721' title='bbox 3121 4480 3280 4531; x_wconf 86' lang='lat' dir='ltr'><strong>quem</strong></span> <span class='ocrx_word' id='word_1_722' title='bbox 3321 4464 3394 4517; x_wconf 86' lang='lat' dir='ltr'><strong>ita</strong></span> <span class='ocrx_word' id='word_1_723' title='bbox 3420 4479 3489 4518; x_wconf 70' lang='lat' dir='ltr'><strong>ex</strong></span> 
     </span>
    </p>
   </div>
   <div class='ocr_carea' id='block_1_94' title="bbox 1922 4531 3484 4603">
    <p class='ocr_par' dir='ltr' id='par_1_94' title="bbox 1922 4531 3484 4603">
     <span class='ocr_line' id='line_1_94' title="bbox 1922 4531 3484 4603; baseline -0.001 -17"><span class='ocrx_word' id='word_1_724' title='bbox 1922 4533 2146 4588; x_wconf 68' lang='lat' dir='ltr'><strong>Hebraeo</strong></span> <span class='ocrx_word' id='word_1_725' title='bbox 2184 4534 2575 4598; x_wconf 77' lang='lat' dir='ltr'><strong>interpretatus</strong></span> <span class='ocrx_word' id='word_1_726' title='bbox 2613 4531 2772 4586; x_wconf 87' lang='lat' dir='ltr'><strong>estS.</strong></span> <span class='ocrx_word' id='word_1_727' title='bbox 2809 4534 2990 4594; x_wconf 80' lang='lat' dir='ltr'><strong>Pater,</strong></span> <span class='ocrx_word' id='word_1_728' title='bbox 3042 4532 3169 4586; x_wconf 76' lang='lat' dir='ltr'><strong>Cum</strong></span> <span class='ocrx_word' id='word_1_729' title='bbox 3204 4534 3484 4603; x_wconf 63' lang='lat' dir='ltr'><strong>expleverit</strong></span> 
     </span>
    </p>
   </div>
   <div class='ocr_carea' id='block_1_95' title="bbox 244 4595 3482 4676">
    <p class='ocr_par' dir='ltr' id='par_1_95' title="bbox 244 4595 3482 4676">
     <span class='ocr_line' id='line_1_95' title="bbox 244 4595 3482 4676; baseline -0.005 -7"><span class='ocrx_word' id='word_1_730' title='bbox 244 4595 434 4669; x_wconf 53' lang='lat' dir='ltr'><strong>omni;</strong></span> <span class='ocrx_word' id='word_1_731' title='bbox 473 4629 488 4669; x_wconf 87' lang='lat'><strong>:</strong></span> <span class='ocrx_word' id='word_1_732' title='bbox 527 4613 726 4664; x_wconf 75' lang='lat' dir='ltr'><strong>frustra</strong></span> <span class='ocrx_word' id='word_1_733' title='bbox 766 4611 930 4676; x_wconf 81' lang='lat' dir='ltr'><strong>igitur</strong></span> <span class='ocrx_word' id='word_1_734' title='bbox 988 4605 1239 4674; x_wconf 82' lang='lat' dir='ltr'><strong>apposuit</strong></span> <span class='ocrx_word' id='word_1_735' title='bbox 1269 4595 1812 4676; x_wconf 65' lang='lat' dir='ltr'><strong>eiscriptor__ltujus-</strong></span> <span class='ocrx_word' id='word_1_736' title='bbox 1847 4595 1890 4650; x_wconf 80' lang='grc' dir='ltr'><strong>Β</strong></span> <span class='ocrx_word' id='word_1_737' title='bbox 1920 4609 1971 4655; x_wconf 82' lang='lat' dir='ltr'><strong>in</strong></span> <span class='ocrx_word' id='word_1_738' title='bbox 2015 4621 2096 4655; x_wconf 86' lang='lat' dir='ltr'><strong>me</strong></span> <span class='ocrx_word' id='word_1_739' title='bbox 2119 4595 2440 4676; x_wconf 40' lang='lat' dir='ltr'><strong>uolunta-tem</strong></span> <span class='ocrx_word' id='word_1_740' title='bbox 2463 4618 2637 4676; x_wconf 66' lang='lat' dir='ltr'><strong>suam,</strong></span> <span class='ocrx_word' id='word_1_741' title='bbox 2669 4613 2716 4655; x_wconf 85' lang='lat' dir='ltr'><strong>et</strong></span> <span class='ocrx_word' id='word_1_742' title='bbox 2746 4604 2853 4654; x_wconf 83' lang='lat' dir='ltr'><strong>alia</strong></span> <span class='ocrx_word' id='word_1_743' title='bbox 2878 4603 3043 4676; x_wconf 78' lang='lat' dir='ltr'><strong>multa</strong></span> <span class='ocrx_word' id='word_1_744' title='bbox 3065 4595 3482 4676; x_wconf 55' lang='lat' dir='ltr'><strong>similia&#39;pragsto</strong></span> 
     </span>
    </p>
   </div>
   <div class='ocr_carea' id='block_1_96' title="bbox 242 4672 1815 4749">
    <p class='ocr_par' dir='ltr' id='par_1_96' title="bbox 242 4672 1815 4749">
     <span class='ocr_line' id='line_1_96' title="bbox 242 4672 1815 4749; baseline -0.01 -10"><span class='ocrx_word' id='word_1_745' title='bbox 242 4685 460 4744; x_wconf 81' lang='lat' dir='ltr'><strong>eemodi</strong></span> <span class='ocrx_word' id='word_1_746' title='bbox 521 4685 677 4749; x_wconf 86' lang='lat' dir='ltr'><strong>signa</strong></span> <span class='ocrx_word' id='word_1_747' title='bbox 715 4672 1302 4749; x_wconf 31' lang='lat' dir='ltr'><strong>obeloruin,A&#39;qnorutn</strong></span> <span class='ocrx_word' id='word_1_748' title='bbox 1342 4687 1474 4724; x_wconf 87' lang='lat' dir='ltr'><strong>usus</strong></span> <span class='ocrx_word' id='word_1_749' title='bbox 1501 4672 1683 4749; x_wconf 75' lang='lat' dir='ltr'><strong>nullus</strong></span> <span class='ocrx_word' id='word_1_750' title='bbox 1709 4682 1815 4749; x_wconf 76' lang='lat' dir='ltr'><strong>est,</strong></span> 
     </span>
    </p>
   </div>
   <div class='ocr_carea' id='block_1_97' title="bbox 242 4742 1818 4809">
    <p class='ocr_par' dir='ltr' id='par_1_97' title="bbox 242 4742 1818 4809">
     <span class='ocr_line' id='line_1_97' title="bbox 242 4742 1818 4809; baseline -0.01 -1"><span class='ocrx_word' id='word_1_751' title='bbox 242 4773 371 4809; x_wconf 86' lang='lat' dir='ltr'><strong>cum</strong></span> <span class='ocrx_word' id='word_1_752' title='bbox 394 4742 680 4806; x_wconf 59' lang='lat' dir='ltr'><strong>senten&#39;tia:</strong></span> <span class='ocrx_word' id='word_1_753' title='bbox 704 4756 924 4800; x_wconf 77' lang='lat' dir='ltr'><strong>exstant</strong></span> <span class='ocrx_word' id='word_1_754' title='bbox 946 4746 999 4797; x_wconf 93' lang='lat' dir='ltr'><strong>in</strong></span> <span class='ocrx_word' id='word_1_755' title='bbox 1037 4745 1185 4799; x_wconf 79' lang='lat' dir='ltr'><strong>fonte</strong></span> <span class='ocrx_word' id='word_1_756' title='bbox 1215 4745 1465 4796; x_wconf 72' lang='lat' dir='ltr'><strong>llebra-o.</strong></span> <span class='ocrx_word' id='word_1_757' title='bbox 1487 4742 1818 4808; x_wconf 51' lang='lat' dir='ltr'><strong>Asteriscix</strong></span> 
     </span>
    </p>
   </div>
   <div class='ocr_carea' id='block_1_98' title="bbox 241 4812 1815 4886">
    <p class='ocr_par' dir='ltr' id='par_1_98' title="bbox 241 4812 1815 4886">
     <span class='ocr_line' id='line_1_98' title="bbox 241 4812 1815 4886; baseline -0.01 -7"><span class='ocrx_word' id='word_1_758' title='bbox 241 4832 387 4879; x_wconf 88' lang='lat' dir='ltr'><strong>lorte</strong></span> <span class='ocrx_word' id='word_1_759' title='bbox 411 4835 566 4874; x_wconf 82' lang='lat' dir='ltr'><strong>erant</strong></span> <span class='ocrx_word' id='word_1_760' title='bbox 597 4819 741 4886; x_wconf 86' lang='lat' dir='ltr'><strong>apud</strong></span> <span class='ocrx_word' id='word_1_761' title='bbox 770 4818 1180 4884; x_wconf 79' lang='lat' dir='ltr'><strong>Hieronymum.</strong></span> <span class='ocrx_word' id='word_1_762' title='bbox 1209 4829 1314 4886; x_wconf 82' lang='lat' dir='ltr'><strong>non</strong></span> <span class='ocrx_word' id='word_1_763' title='bbox 1355 4812 1495 4886; x_wconf 86' lang='lat' dir='ltr'><strong>obeli</strong></span> <span class='ocrx_word' id='word_1_764' title='bbox 1529 4823 1616 4886; x_wconf 56' lang='lat' dir='ltr'><strong>_-t-.</strong></span> <span class='ocrx_word' id='word_1_765' title='bbox 1643 4813 1815 4864; x_wconf 66' lang='lat' dir='ltr'><strong>MART.</strong></span> 
     </span>
    </p>
   </div>
   <div class='ocr_carea' id='block_1_99' title="bbox 310 4881 1824 4952">
    <p class='ocr_par' dir='ltr' id='par_1_99' title="bbox 310 4881 1824 4952">
     <span class='ocr_line' id='line_1_99' title="bbox 310 4881 1824 4952; baseline -0.009 -6"><span class='ocrx_word' id='word_1_766' title='bbox 310 4923 385 4935; x_wconf 89' lang='lat'><strong>-—</strong></span> <span class='ocrx_word' id='word_1_767' title='bbox 413 4881 776 4946; x_wconf 68' lang='lat' dir='ltr'><strong>Praelixosisti</strong></span> <span class='ocrx_word' id='word_1_768' title='bbox 800 4895 855 4938; x_wconf 87' lang='lat' dir='ltr'><strong>et</strong></span> <span class='ocrx_word' id='word_1_769' title='bbox 875 4881 1233 4952; x_wconf 76' lang='lat' dir='ltr'><strong>subsequenti</strong></span> <span class='ocrx_word' id='word_1_770' title='bbox 1261 4883 1466 4934; x_wconf 89' lang='lat' dir='ltr'><strong>isocolo</strong></span> <span class='ocrx_word' id='word_1_771' title='bbox 1490 4881 1677 4933; x_wconf 88' lang='lat' dir='ltr'><strong>obelos</strong></span> <span class='ocrx_word' id='word_1_772' title='bbox 1709 4898 1824 4932; x_wconf 87' lang='lat' dir='ltr'><strong>Ina-</strong></span> 
     </span>
    </p>
   </div>
   <div class='ocr_carea' id='block_1_100' title="bbox 241 4951 1818 5026">
    <p class='ocr_par' dir='ltr' id='par_1_100' title="bbox 241 4951 1818 5026">
     <span class='ocr_line' id='line_1_100' title="bbox 241 4951 1818 5026; baseline -0.011 -7"><span class='ocrx_word' id='word_1_773' title='bbox 241 4966 442 5019; x_wconf 83' lang='lat' dir='ltr'><strong>nilesto</strong></span> <span class='ocrx_word' id='word_1_774' title='bbox 474 4963 662 5022; x_wconf 80' lang='lat' dir='ltr'><strong>falsos,</strong></span> <span class='ocrx_word' id='word_1_775' title='bbox 693 4968 859 5026; x_wconf 88' lang='lat' dir='ltr'><strong>atque</strong></span> <span class='ocrx_word' id='word_1_776' title='bbox 885 4955 988 5024; x_wconf 84' lang='lat' dir='ltr'><strong>ipsi</strong></span> <span class='ocrx_word' id='word_1_777' title='bbox 1019 4951 1357 5026; x_wconf 83' lang='lat' dir='ltr'><strong>improbatus</strong></span> <span class='ocrx_word' id='word_1_778' title='bbox 1385 4951 1818 5026; x_wconf 6' lang='lat' dir='ltr'><strong>Ma__rtiatiteo,gad</strong></span> 
     </span>
    </p>
   </div>
   <div class='ocr_carea' id='block_1_101' title="bbox 245 5020 1820 5087">
    <p class='ocr_par' dir='ltr' id='par_1_101' title="bbox 245 5020 1820 5087">
     <span class='ocr_line' id='line_1_101' title="bbox 245 5020 1820 5087; baseline -0.011 0"><span class='ocrx_word' id='word_1_779' title='bbox 245 5040 479 5087; x_wconf 86' lang='lat' dir='ltr'><strong>altorum</strong></span> <span class='ocrx_word' id='word_1_780' title='bbox 537 5020 806 5083; x_wconf 77' lang='lat' dir='ltr'><strong>librorum</strong></span> <span class='ocrx_word' id='word_1_781' title='bbox 873 5020 1035 5079; x_wconf 77' lang='lat' dir='ltr'><strong>ﬁdem</strong></span> <span class='ocrx_word' id='word_1_782' title='bbox 1067 5020 1414 5076; x_wconf 82' lang='lat' dir='ltr'><strong>sustulimus.</strong></span> <span class='ocrx_word' id='word_1_783' title='bbox 1447 5020 1584 5072; x_wconf 83' lang='lat' dir='ltr'><strong>Tum</strong></span> <span class='ocrx_word' id='word_1_784' title='bbox 1620 5036 1684 5072; x_wconf 76' lang='lat' dir='ltr'><strong>ex</strong></span> <span class='ocrx_word' id='word_1_785' title='bbox 1710 5024 1820 5071; x_wconf 81' lang='lat' dir='ltr'><strong>Au-</strong></span> 
     </span>
    </p>
   </div>
   <div class='ocr_carea' id='block_1_102' title="bbox 243 5091 1820 5174">
    <p class='ocr_par' dir='ltr' id='par_1_102' title="bbox 243 5091 1820 5174">
     <span class='ocr_line' id='line_1_102' title="bbox 243 5091 1820 5174; baseline -0.011 -17"><span class='ocrx_word' id='word_1_786' title='bbox 243 5105 450 5174; x_wconf 75' lang='lat' dir='ltr'><strong>gustini</strong></span> <span class='ocrx_word' id='word_1_787' title='bbox 493 5101 811 5153; x_wconf 86' lang='lat' dir='ltr'><strong>testimonio</strong></span> <span class='ocrx_word' id='word_1_788' title='bbox 854 5097 1254 5174; x_wconf 68' lang='lat' dir='ltr'><strong>resCtipsnntts,</strong></span> <span class='ocrx_word' id='word_1_789' title='bbox 1301 5091 1491 5142; x_wconf 73' lang='lat' dir='ltr'><strong>Elatus</strong></span> <span class='ocrx_word' id='word_1_790' title='bbox 1543 5099 1618 5141; x_wconf 81' lang='lat' dir='ltr'><strong>est</strong></span> <span class='ocrx_word' id='word_1_791' title='bbox 1641 5091 1695 5141; x_wconf 81' lang='lat' dir='ltr'><strong>in</strong></span> <span class='ocrx_word' id='word_1_792' title='bbox 1716 5106 1820 5174; x_wconf 35' lang='lat' dir='ltr'><strong>lau-</strong></span> 
     </span>
    </p>
   </div>
   <div class='ocr_carea' id='block_1_103' title="bbox 244 5163 1817 5244">
    <p class='ocr_par' dir='ltr' id='par_1_103' title="bbox 244 5163 1817 5244">
     <span class='ocr_line' id='line_1_103' title="bbox 244 5163 1817 5244; baseline -0.008 -19"><span class='ocrx_word' id='word_1_793' title='bbox 244 5163 504 5244; x_wconf 55' lang='lat' dir='ltr'><strong>peritiam,</strong></span> <span class='ocrx_word' id='word_1_794' title='bbox 569 5183 672 5244; x_wconf 62' lang='lat' dir='ltr'><strong>pro</strong></span> <span class='ocrx_word' id='word_1_795' title='bbox 720 5183 828 5235; x_wconf 80' lang='lat' dir='ltr'><strong>quo</strong></span> <span class='ocrx_word' id='word_1_796' title='bbox 869 5169 1120 5244; x_wconf 66' lang='lat' dir='ltr'><strong>Martiali.</strong></span> <span class='ocrx_word' id='word_1_797' title='bbox 1172 5163 1426 5244; x_wconf 41' lang='lat' dir='ltr'><strong>.Elevatus</strong></span> <span class='ocrx_word' id='word_1_798' title='bbox 1459 5175 1518 5244; x_wconf 63' lang='lat' dir='ltr'><strong>es</strong></span> <span class='ocrx_word' id='word_1_799' title='bbox 1550 5164 1817 5244; x_wconf 65' lang='lat' dir='ltr'><strong>superbia.</strong></span> 
     </span>
    </p>
   </div>
   <div class='ocr_carea' id='block_1_104' title="bbox 242 5229 1818 5310">
    <p class='ocr_par' dir='ltr' id='par_1_104' title="bbox 242 5229 1818 5310">
     <span class='ocr_line' id='line_1_104' title="bbox 242 5229 1818 5310; baseline -0.014 -11"><span class='ocrx_word' id='word_1_800' title='bbox 242 5229 463 5310; x_wconf 60' lang='lat' dir='ltr'><strong>i‘iupera</strong></span> <span class='ocrx_word' id='word_1_801' title='bbox 493 5229 710 5294; x_wconf 69' lang='lat' dir='ltr'><strong>codicis</strong></span> <span class='ocrx_word' id='word_1_802' title='bbox 733 5229 1087 5310; x_wconf 54' lang='lat' dir='ltr'><strong>Alexandrini</strong></span> <span class='ocrx_word' id='word_1_803' title='bbox 1117 5233 1286 5286; x_wconf 85' lang='lat' dir='ltr'><strong>editio</strong></span> <span class='ocrx_word' id='word_1_804' title='bbox 1326 5230 1613 5310; x_wconf 77' lang='lat' dir='ltr'><strong>emendata</strong></span> <span class='ocrx_word' id='word_1_805' title='bbox 1650 5229 1818 5310; x_wconf 53' lang='grc' dir='ltr'>ὑπερ-</span> 
     </span>
    </p>
   </div>
   <div class='ocr_carea' id='block_1_105' title="bbox 240 5299 1822 5384">
    <p class='ocr_par' dir='ltr' id='par_1_105' title="bbox 240 5299 1822 5384">
     <span class='ocr_line' id='line_1_105' title="bbox 240 5299 1822 5384; baseline -0.01 -19"><span class='ocrx_word' id='word_1_806' title='bbox 240 5299 593 5384; x_wconf 64' lang='grc' dir='ltr'><strong>ηφᾶνεύσατο</strong></span> <span class='ocrx_word' id='word_1_807' title='bbox 629 5325 644 5365; x_wconf 85' lang='grc'>;</span> <span class='ocrx_word' id='word_1_808' title='bbox 675 5325 797 5384; x_wconf 70' lang='lat' dir='ltr'><strong>qua;</strong></span> <span class='ocrx_word' id='word_1_809' title='bbox 852 5307 1466 5384; x_wconf 68' lang='lat' dir='ltr'><strong>subsequenscomtna,</strong></span> <span class='ocrx_word' id='word_1_810' title='bbox 1493 5299 1560 5351; x_wconf 77' lang='lat' dir='ltr'><strong>Et</strong></span> <span class='ocrx_word' id='word_1_811' title='bbox 1591 5302 1822 5352; x_wconf 74' lang='lat' dir='ltr'><strong>inclina-</strong></span> 
     </span>
    </p>
   </div>
   <div class='ocr_carea' id='block_1_106' title="bbox 243 5375 1429 5440">
    <p class='ocr_par' dir='ltr' id='par_1_106' title="bbox 243 5375 1429 5440">
     <span class='ocr_line' id='line_1_106' title="bbox 243 5375 1429 5440; baseline -0.014 -3"><span class='ocrx_word' id='word_1_812' title='bbox 243 5375 360 5437; x_wconf 46' lang='lat' dir='ltr'><strong>t&#39;u&#39;m</strong></span> <span class='ocrx_word' id='word_1_813' title='bbox 386 5383 547 5434; x_wconf 73' lang='lat' dir='ltr'><strong>oculis</strong></span> <span class='ocrx_word' id='word_1_814' title='bbox 584 5375 832 5440; x_wconf 15' lang='lat' dir='ltr'><strong>tolerabit,</strong></span> <span class='ocrx_word' id='word_1_815' title='bbox 871 5391 1137 5430; x_wconf 82' lang='lat' dir='ltr'><strong>asterisco</strong></span> <span class='ocrx_word' id='word_1_816' title='bbox 1171 5375 1429 5426; x_wconf 72' lang='lat' dir='ltr'><strong>illustrat.</strong></span> 
     </span>
    </p>
   </div>
   <div class='ocr_carea' id='block_1_107' title="bbox 318 5445 1820 5518">
    <p class='ocr_par' dir='ltr' id='par_1_107' title="bbox 318 5445 1820 5518">
     <span class='ocr_line' id='line_1_107' title="bbox 318 5445 1820 5518; baseline -0.01 -13"><span class='ocrx_word' id='word_1_817' title='bbox 318 5461 339 5485; x_wconf 87' lang='grc'>⁶</span> <span class='ocrx_word' id='word_1_818' title='bbox 377 5455 530 5504; x_wconf 84' lang='lat' dir='ltr'><strong>ltaud</strong></span> <span class='ocrx_word' id='word_1_819' title='bbox 574 5460 724 5504; x_wconf 89' lang='lat' dir='ltr'><strong>recte</strong></span> <span class='ocrx_word' id='word_1_820' title='bbox 745 5463 914 5518; x_wconf 84' lang='lat' dir='ltr'><strong>penes</strong></span> <span class='ocrx_word' id='word_1_821' title='bbox 930 5445 1320 5516; x_wconf 83' lang='lat' dir='ltr'><strong>Augustinum,</strong></span> <span class='ocrx_word' id='word_1_822' title='bbox 1351 5454 1538 5492; x_wconf 77' lang='lat' dir='ltr'><strong>manus</strong></span> <span class='ocrx_word' id='word_1_823' title='bbox 1563 5453 1700 5502; x_wconf 85' lang='lat' dir='ltr'><strong>mea,</strong></span> <span class='ocrx_word' id='word_1_824' title='bbox 1721 5453 1820 5507; x_wconf 90' lang='lat' dir='ltr'><strong>pro</strong></span> 
     </span>
    </p>
   </div>
   <div class='ocr_carea' id='block_1_108' title="bbox 242 5526 1682 5594">
    <p class='ocr_par' dir='ltr' id='par_1_108' title="bbox 242 5526 1682 5594">
     <span class='ocr_line' id='line_1_108' title="bbox 242 5526 1682 5594; baseline -0.005 -16"><span class='ocrx_word' id='word_1_825' title='bbox 242 5526 383 5594; x_wconf 66' lang='lat' dir='ltr'><strong>(jus.</strong></span> <span class='ocrx_word' id='word_1_826' title='bbox 788 5588 827 5594; x_wconf 88' lang='lat'>__</span> <span class='ocrx_word' id='word_1_827' title='bbox 858 5590 865 5594; x_wconf 86' lang='lat'><strong>_</strong></span> <span class='ocrx_word' id='word_1_828' title='bbox 1029 5589 1038 5594; x_wconf 88' lang='lat'>_</span> <span class='ocrx_word' id='word_1_829' title='bbox 1116 5585 1138 5594; x_wconf 74' lang='lat'>_</span> <span class='ocrx_word' id='word_1_830' title='bbox 1284 5581 1326 5594; x_wconf 56' lang='grc' dir='ltr'><strong>Μ</strong></span> <span class='ocrx_word' id='word_1_831' title='bbox 1469 5579 1485 5594; x_wconf 45' lang='grc' dir='ltr'>ι</span> <span class='ocrx_word' id='word_1_832' title='bbox 1650 5578 1682 5594; x_wconf 32' lang='grc' dir='ltr'><strong>Δ,</strong></span> 
     </span>
    </p>
   </div>
   <div class='ocr_carea' id='block_1_109' title="bbox 312 5579 1817 5653">
    <p class='ocr_par' dir='ltr' id='par_1_109' title="bbox 312 5579 1817 5653">
     <span class='ocr_line' id='line_1_109' title="bbox 312 5579 1817 5653; baseline -0.011 -7"><span class='ocrx_word' id='word_1_833' title='bbox 312 5595 336 5626; x_wconf 80' lang='grc'><strong>⁷</strong></span> <span class='ocrx_word' id='word_1_834' title='bbox 375 5595 736 5653; x_wconf 69' lang='lat' dir='ltr'><strong>ﬂarttanzeus,</strong></span> <span class='ocrx_word' id='word_1_835' title='bbox 780 5588 980 5643; x_wconf 81' lang='lat' dir='ltr'><strong>Educet</strong></span> <span class='ocrx_word' id='word_1_836' title='bbox 1023 5589 1076 5638; x_wconf 87' lang='lat' dir='ltr'><strong>in</strong></span> <span class='ocrx_word' id='word_1_837' title='bbox 1102 5585 1226 5652; x_wconf 77' lang='lat' dir='ltr'><strong>line.</strong></span> <span class='ocrx_word' id='word_1_838' title='bbox 1284 5581 1422 5633; x_wconf 92' lang='lat' dir='ltr'><strong>Tum</strong></span> <span class='ocrx_word' id='word_1_839' title='bbox 1457 5579 1817 5646; x_wconf 83' lang='lat' dir='ltr'><strong>Augustinus,</strong></span> 
     </span>
    </p>
   </div>
   <div class='ocr_carea' id='block_1_110' title="bbox 252 5653 1820 5724">
    <p class='ocr_par' dir='ltr' id='par_1_110' title="bbox 252 5653 1820 5724">
     <span class='ocr_line' id='line_1_110' title="bbox 252 5653 1820 5724; baseline -0.01 -6"><span class='ocrx_word' id='word_1_840' title='bbox 252 5667 402 5718; x_wconf 61' lang='lat' dir='ltr'><strong>Nam</strong></span> <span class='ocrx_word' id='word_1_841' title='bbox 434 5668 496 5718; x_wconf 80' lang='lat' dir='ltr'><strong>si.</strong></span> <span class='ocrx_word' id='word_1_842' title='bbox 535 5668 854 5714; x_wconf 67' lang='lat' dir='ltr'><strong>nitet-media</strong></span> <span class='ocrx_word' id='word_1_843' title='bbox 897 5667 945 5710; x_wconf 76' lang='lat' dir='ltr'><strong>et</strong></span> <span class='ocrx_word' id='word_1_844' title='bbox 977 5659 1241 5724; x_wconf 84' lang='lat' dir='ltr'><strong>particula</strong></span> <span class='ocrx_word' id='word_1_845' title='bbox 1274 5665 1641 5719; x_wconf 66' lang='lat' dir='ltr'><strong>praetermissa</strong></span> <span class='ocrx_word' id='word_1_846' title='bbox 1676 5665 1690 5700; x_wconf 88' lang='lat'><strong>:</strong></span> <span class='ocrx_word' id='word_1_847' title='bbox 1724 5653 1820 5702; x_wconf 82' lang='lat' dir='ltr'><strong>de-</strong></span> 
     </span>
    </p>
   </div>
   <div class='ocr_carea' id='block_1_111' title="bbox 252 5728 1474 5802">
    <p class='ocr_par' dir='ltr' id='par_1_111' title="bbox 252 5728 1474 5802">
     <span class='ocr_line' id='line_1_111' title="bbox 252 5728 1474 5802; baseline -0.012 -15"><span class='ocrx_word' id='word_1_848' title='bbox 252 5751 423 5802; x_wconf 74' lang='lat' dir='ltr'><strong>nique</strong></span> <span class='ocrx_word' id='word_1_849' title='bbox 461 5745 638 5800; x_wconf 77' lang='lat' dir='ltr'><strong>postea</strong></span> <span class='ocrx_word' id='word_1_850' title='bbox 667 5749 770 5784; x_wconf 79' lang='lat' dir='ltr'><strong>non</strong></span> <span class='ocrx_word' id='word_1_851' title='bbox 808 5747 918 5788; x_wconf 80' lang='lat' dir='ltr'><strong>ero,</strong></span> <span class='ocrx_word' id='word_1_852' title='bbox 951 5744 1052 5796; x_wconf 86' lang='lat' dir='ltr'><strong>pro</strong></span> <span class='ocrx_word' id='word_1_853' title='bbox 1093 5728 1386 5784; x_wconf 83' lang='lat' dir='ltr'><strong>ultia,etc.</strong></span> <span class='ocrx_word' id='word_1_854' title='bbox 1465 5791 1474 5799; x_wconf 41' lang='lat'><strong><em>.</em></strong></span> 
     </span>
    </p>
   </div>
   <div class='ocr_carea' id='block_1_112' title="bbox 322 5789 1820 5871">
    <p class='ocr_par' dir='ltr' id='par_1_112' title="bbox 322 5789 1820 5871">
     <span class='ocr_line' id='line_1_112' title="bbox 322 5789 1820 5871; baseline -0.01 -16"><span class='ocrx_word' id='word_1_855' title='bbox 322 5789 348 5834; x_wconf 61' lang='grc' dir='ltr'><em>δ</em></span> <span class='ocrx_word' id='word_1_856' title='bbox 383 5789 471 5855; x_wconf 41' lang='lat' dir='ltr'><strong>ita.</strong></span> <span class='ocrx_word' id='word_1_857' title='bbox 501 5821 564 5854; x_wconf 74' lang='lat' dir='ltr'><strong>ex</strong></span> <span class='ocrx_word' id='word_1_858' title='bbox 594 5803 878 5871; x_wconf 75' lang='lat' dir='ltr'><strong>Augustini</strong></span> <span class='ocrx_word' id='word_1_859' title='bbox 909 5789 1226 5852; x_wconf 70' lang='lat' dir='ltr'><strong>testimonio</strong></span> <span class='ocrx_word' id='word_1_860' title='bbox 1261 5790 1694 5871; x_wconf 50' lang='lat' dir='ltr'><strong>l‘CpOStlltltlls,‘:1</strong></span> <span class='ocrx_word' id='word_1_861' title='bbox 1731 5789 1820 5840; x_wconf 80' lang='lat' dir='ltr'><strong>Iw-</strong></span> 
     </span>
    </p>
   </div>
   <div class='ocr_carea' id='block_1_113' title="bbox 255 5859 1818 5944">
    <p class='ocr_par' dir='ltr' id='par_1_113' title="bbox 255 5859 1818 5944">
     <span class='ocr_line' id='line_1_113' title="bbox 255 5859 1818 5944; baseline -0.009 -16"><span class='ocrx_word' id='word_1_862' title='bbox 255 5897 296 5928; x_wconf 80' lang='grc' dir='ltr'><strong>ιι</strong></span> <span class='ocrx_word' id='word_1_863' title='bbox 339 5876 460 5944; x_wconf 62' lang='lat' dir='ltr'><strong>qud</strong></span> <span class='ocrx_word' id='word_1_864' title='bbox 493 5887 626 5941; x_wconf 59' lang='lat' dir='ltr'><strong>aget,</strong></span> <span class='ocrx_word' id='word_1_865' title='bbox 656 5859 998 5930; x_wconf 49' lang='lat' dir='ltr'><strong>c‘ottcitttttort</strong></span> <span class='ocrx_word' id='word_1_866' title='bbox 1027 5879 1458 5934; x_wconf 77' lang='lat' dir='ltr'><strong>sensu,utaintne</strong></span> <span class='ocrx_word' id='word_1_867' title='bbox 1490 5875 1614 5916; x_wconf 78' lang='lat' dir='ltr'><strong>vero</strong></span> <span class='ocrx_word' id='word_1_868' title='bbox 1633 5859 1818 5914; x_wconf 67' lang='lat' dir='ltr'><strong>Gt&#39;xco</strong></span> 
     </span>
    </p>
   </div>
   <div class='ocr_carea' id='block_1_114' title="bbox 1921 4673 3483 4741">
    <p class='ocr_par' dir='ltr' id='par_1_114' title="bbox 1921 4673 3483 4741">
     <span class='ocr_line' id='line_1_114' title="bbox 1921 4673 3483 4741; baseline 0.001 -16"><span class='ocrx_word' id='word_1_869' title='bbox 1921 4685 2038 4725; x_wconf 82' lang='lat' dir='ltr'><strong>sunt</strong></span> <span class='ocrx_word' id='word_1_870' title='bbox 2076 4676 2140 4732; x_wconf 84' lang='lat' dir='ltr'><strong>ei,</strong></span> <span class='ocrx_word' id='word_1_871' title='bbox 2180 4675 2267 4724; x_wconf 90' lang='lat' dir='ltr'><strong>bie</strong></span> <span class='ocrx_word' id='word_1_872' title='bbox 2303 4687 2426 4725; x_wconf 85' lang='lat' dir='ltr'><strong>cuin</strong></span> <span class='ocrx_word' id='word_1_873' title='bbox 2467 4689 2518 4724; x_wconf 87' lang='lat' dir='ltr'><strong>in</strong></span> <span class='ocrx_word' id='word_1_874' title='bbox 2559 4673 2746 4726; x_wconf 70' lang='lat' dir='ltr'><strong>Graeco</strong></span> <span class='ocrx_word' id='word_1_875' title='bbox 2795 4674 3115 4741; x_wconf 77' lang='lat' dir='ltr'><strong>exemplari,</strong></span> <span class='ocrx_word' id='word_1_876' title='bbox 3156 4685 3266 4727; x_wconf 90' lang='lat' dir='ltr'><strong>tum</strong></span> <span class='ocrx_word' id='word_1_877' title='bbox 3299 4678 3353 4726; x_wconf 89' lang='lat' dir='ltr'><strong>in</strong></span> <span class='ocrx_word' id='word_1_878' title='bbox 3384 4673 3483 4727; x_wconf 71' lang='lat' dir='ltr'><strong>Lu-</strong></span> 
     </span>
    </p>
   </div>
   <div class='ocr_carea' id='block_1_115' title="bbox 1926 4743 2837 4797">
    <p class='ocr_par' dir='ltr' id='par_1_115' title="bbox 1926 4743 2837 4797">
     <span class='ocr_line' id='line_1_115' title="bbox 1926 4743 2837 4797; baseline 0.002 -2"><span class='ocrx_word' id='word_1_879' title='bbox 1926 4755 2033 4795; x_wconf 87' lang='lat' dir='ltr'><strong>ttna</strong></span> <span class='ocrx_word' id='word_1_880' title='bbox 2065 4745 2165 4796; x_wconf 87' lang='lat' dir='ltr'><strong>ista</strong></span> <span class='ocrx_word' id='word_1_881' title='bbox 2193 4743 2440 4795; x_wconf 86' lang='lat' dir='ltr'><strong>versione</strong></span> <span class='ocrx_word' id='word_1_882' title='bbox 2468 4744 2837 4797; x_wconf 71' lang='lat' dir='ltr'><strong>desideratur.</strong></span> 
     </span>
    </p>
   </div>
   <div class='ocr_carea' id='block_1_116' title="bbox 1995 4812 3491 4882">
    <p class='ocr_par' dir='ltr' id='par_1_116' title="bbox 1995 4812 3491 4882">
     <span class='ocr_line' id='line_1_116' title="bbox 1995 4812 3491 4882; baseline -0.001 -17"><span class='ocrx_word' id='word_1_883' title='bbox 1995 4812 2035 4844; x_wconf 84' lang='lat'><strong>&quot;</strong></span> <span class='ocrx_word' id='word_1_884' title='bbox 2069 4815 2194 4865; x_wconf 62' lang='grc' dir='ltr'><strong>ΗΜ)</strong></span> <span class='ocrx_word' id='word_1_885' title='bbox 2249 4827 2376 4864; x_wconf 79' lang='lat' dir='ltr'><strong>vero</strong></span> <span class='ocrx_word' id='word_1_886' title='bbox 2411 4829 2530 4879; x_wconf 67' lang='lat' dir='ltr'><strong>quae</strong></span> <span class='ocrx_word' id='word_1_887' title='bbox 2559 4814 2834 4867; x_wconf 79' lang='lat' dir='ltr'><strong>asteriscis</strong></span> <span class='ocrx_word' id='word_1_888' title='bbox 2871 4813 3171 4867; x_wconf 84' lang='lat' dir='ltr'><strong>illustratur</strong></span> <span class='ocrx_word' id='word_1_889' title='bbox 3215 4814 3491 4882; x_wconf 83' lang='lat' dir='ltr'><strong>pericopc,</strong></span> 
     </span>
    </p>
   </div>
   <div class='ocr_carea' id='block_1_117' title="bbox 1923 4883 3488 4949">
    <p class='ocr_par' dir='ltr' id='par_1_117' title="bbox 1923 4883 3488 4949">
     <span class='ocr_line' id='line_1_117' title="bbox 1923 4883 3488 4949; baseline 0.001 -15"><span class='ocrx_word' id='word_1_890' title='bbox 1923 4883 2026 4936; x_wconf 79' lang='lat' dir='ltr'><strong>alia</strong></span> <span class='ocrx_word' id='word_1_891' title='bbox 2051 4893 2136 4936; x_wconf 86' lang='lat' dir='ltr'><strong>est</strong></span> <span class='ocrx_word' id='word_1_892' title='bbox 2162 4883 2408 4949; x_wconf 83' lang='lat' dir='ltr'><strong>ejusdem</strong></span> <span class='ocrx_word' id='word_1_893' title='bbox 2449 4884 2695 4949; x_wconf 82' lang='lat' dir='ltr'><strong>proxime</strong></span> <span class='ocrx_word' id='word_1_894' title='bbox 2727 4883 3028 4949; x_wconf 84' lang='lat' dir='ltr'><strong>superioris</strong></span> <span class='ocrx_word' id='word_1_895' title='bbox 3061 4899 3255 4938; x_wconf 84' lang='lat' dir='ltr'><strong>versus</strong></span> <span class='ocrx_word' id='word_1_896' title='bbox 3284 4884 3488 4936; x_wconf 81' lang='lat' dir='ltr'><strong>tlecuni</strong></span> 
     </span>
    </p>
   </div>
   <div class='ocr_carea' id='block_1_118' title="bbox 1923 4953 3488 5021">
    <p class='ocr_par' dir='ltr' id='par_1_118' title="bbox 1923 4953 3488 5021">
     <span class='ocr_line' id='line_1_118' title="bbox 1923 4953 3488 5021; baseline 0.001 -16"><span class='ocrx_word' id='word_1_897' title='bbox 1923 4953 2121 5019; x_wconf 79' lang='lat' dir='ltr'><strong>quinti,</strong></span> <span class='ocrx_word' id='word_1_898' title='bbox 2173 4967 2346 5017; x_wconf 86' lang='lat' dir='ltr'><strong>caque</strong></span> <span class='ocrx_word' id='word_1_899' title='bbox 2405 4953 2620 5019; x_wconf 83' lang='lat' dir='ltr'><strong>gemina</strong></span> <span class='ocrx_word' id='word_1_900' title='bbox 2648 4954 3048 5021; x_wconf 83' lang='lat' dir='ltr'><strong>interpretatio,</strong></span> <span class='ocrx_word' id='word_1_901' title='bbox 3080 4963 3136 5004; x_wconf 90' lang='lat' dir='ltr'><strong>ut</strong></span> <span class='ocrx_word' id='word_1_902' title='bbox 3167 4971 3231 5007; x_wconf 75' lang='lat' dir='ltr'><strong>ex</strong></span> <span class='ocrx_word' id='word_1_903' title='bbox 3272 4954 3488 5007; x_wconf 67' lang='lat' dir='ltr'><strong>Hebraei</strong></span> 
     </span>
    </p>
   </div>
   <div class='ocr_carea' id='block_1_119' title="bbox 1922 5022 3490 5092">
    <p class='ocr_par' dir='ltr' id='par_1_119' title="bbox 1922 5022 3490 5092">
     <span class='ocr_line' id='line_1_119' title="bbox 1922 5022 3490 5092; baseline 0 -18"><span class='ocrx_word' id='word_1_904' title='bbox 1922 5023 2199 5092; x_wconf 83' lang='lat' dir='ltr'><strong>archetypi</strong></span> <span class='ocrx_word' id='word_1_905' title='bbox 2233 5022 2522 5074; x_wconf 86' lang='lat' dir='ltr'><strong>collatione</strong></span> <span class='ocrx_word' id='word_1_906' title='bbox 2579 5023 2893 5088; x_wconf 83' lang='lat' dir='ltr'><strong>perspietes.</strong></span> <span class='ocrx_word' id='word_1_907' title='bbox 2947 5023 3150 5076; x_wconf 81' lang='lat' dir='ltr'><strong>l’otiori</strong></span> <span class='ocrx_word' id='word_1_908' title='bbox 3201 5024 3490 5089; x_wconf 85' lang='lat' dir='ltr'><strong>adeojure</strong></span> 
     </span>
    </p>
   </div>
   <div class='ocr_carea' id='block_1_120' title="bbox 1923 5092 3493 5156">
    <p class='ocr_par' dir='ltr' id='par_1_120' title="bbox 1923 5092 3493 5156">
     <span class='ocr_line' id='line_1_120' title="bbox 1923 5092 3493 5156; baseline 0.001 -13"><span class='ocrx_word' id='word_1_909' title='bbox 1923 5095 2092 5145; x_wconf 79' lang='lat' dir='ltr'><strong>ouelis</strong></span> <span class='ocrx_word' id='word_1_910' title='bbox 2146 5095 2506 5145; x_wconf 84' lang='lat' dir='ltr'><strong>conl&#39;ouienda</strong></span> <span class='ocrx_word' id='word_1_911' title='bbox 2541 5103 2706 5156; x_wconf 82' lang='lat' dir='ltr'><strong>esset,</strong></span> <span class='ocrx_word' id='word_1_912' title='bbox 2751 5095 2852 5145; x_wconf 85' lang='lat' dir='ltr'><strong>nisi</strong></span> <span class='ocrx_word' id='word_1_913' title='bbox 2884 5103 2940 5145; x_wconf 91' lang='lat' dir='ltr'><strong>et</strong></span> <span class='ocrx_word' id='word_1_914' title='bbox 2972 5094 3026 5146; x_wconf 93' lang='lat' dir='ltr'><strong>in</strong></span> <span class='ocrx_word' id='word_1_915' title='bbox 3058 5092 3247 5148; x_wconf 75' lang='lat' dir='ltr'><strong>Grteco</strong></span> <span class='ocrx_word' id='word_1_916' title='bbox 3301 5096 3493 5145; x_wconf 82' lang='lat' dir='ltr'><strong>asteri-</strong></span> 
     </span>
    </p>
   </div>
   <div class='ocr_carea' id='block_1_121' title="bbox 1923 5163 2339 5231">
    <p class='ocr_par' dir='ltr' id='par_1_121' title="bbox 1923 5163 2339 5231">
     <span class='ocr_line' id='line_1_121' title="bbox 1923 5163 2339 5231; baseline 0 -18"><span class='ocrx_word' id='word_1_917' title='bbox 1923 5163 2032 5214; x_wconf 76' lang='lat' dir='ltr'><strong>Seis</strong></span> <span class='ocrx_word' id='word_1_918' title='bbox 2057 5163 2339 5231; x_wconf 83' lang='lat' dir='ltr'><strong>gauderet.</strong></span> 
     </span>
    </p>
   </div>
   <div class='ocr_carea' id='block_1_122' title="bbox 1999 5229 3488 5301">
    <p class='ocr_par' dir='ltr' id='par_1_122' title="bbox 1999 5229 3488 5301">
     <span class='ocr_line' id='line_1_122' title="bbox 1999 5229 3488 5301; baseline 0.004 -17"><span class='ocrx_word' id='word_1_919' title='bbox 1999 5232 2038 5264; x_wconf 79' lang='grc'><strong>³³</strong></span> <span class='ocrx_word' id='word_1_920' title='bbox 2063 5229 2424 5296; x_wconf 60' lang='lat' dir='ltr'><strong>Augustinus,</strong></span> <span class='ocrx_word' id='word_1_921' title='bbox 2457 5229 2522 5284; x_wconf 90' lang='lat' dir='ltr'><strong>ad</strong></span> <span class='ocrx_word' id='word_1_922' title='bbox 2555 5231 2710 5297; x_wconf 89' lang='lat' dir='ltr'><strong>cujus</strong></span> <span class='ocrx_word' id='word_1_923' title='bbox 2745 5232 3034 5286; x_wconf 88' lang='lat' dir='ltr'><strong>lectionem</strong></span> <span class='ocrx_word' id='word_1_924' title='bbox 3054 5234 3207 5287; x_wconf 82' lang='lat' dir='ltr'><strong>la:via</strong></span> <span class='ocrx_word' id='word_1_925' title='bbox 3245 5235 3488 5301; x_wconf 83' lang='lat' dir='ltr'><strong>quaedam</strong></span> 
     </span>
    </p>
   </div>
   <div class='ocr_carea' id='block_1_123' title="bbox 1925 5302 3376 5363">
    <p class='ocr_par' dir='ltr' id='par_1_123' title="bbox 1925 5302 3376 5363">
     <span class='ocr_line' id='line_1_123' title="bbox 1925 5302 3376 5363; baseline -0.001 -9"><span class='ocrx_word' id='word_1_926' title='bbox 1925 5305 2086 5354; x_wconf 87' lang='lat' dir='ltr'><strong>modo</strong></span> <span class='ocrx_word' id='word_1_927' title='bbox 2117 5305 2552 5363; x_wconf 88' lang='lat' dir='ltr'><strong>emendavitnus,</strong></span> <span class='ocrx_word' id='word_1_928' title='bbox 2587 5302 2677 5356; x_wconf 86' lang='lat' dir='ltr'><strong>ltic</strong></span> <span class='ocrx_word' id='word_1_929' title='bbox 2703 5305 2834 5355; x_wconf 79' lang='lat' dir='ltr'><strong>sicut</strong></span> <span class='ocrx_word' id='word_1_930' title='bbox 2856 5305 3172 5356; x_wconf 81' lang='lat' dir='ltr'><strong>adverbium</strong></span> <span class='ocrx_word' id='word_1_931' title='bbox 3216 5312 3376 5356; x_wconf 83' lang='lat' dir='ltr'><strong>tacet.</strong></span> 
     </span>
    </p>
   </div>
   <div class='ocr_carea' id='block_1_124' title="bbox 1995 5371 3492 5441">
    <p class='ocr_par' dir='ltr' id='par_1_124' title="bbox 1995 5371 3492 5441">
     <span class='ocr_line' id='line_1_124' title="bbox 1995 5371 3492 5441; baseline -0.001 -17"><span class='ocrx_word' id='word_1_932' title='bbox 1995 5371 2199 5424; x_wconf 78' lang='lat' dir='ltr'><strong>“istud</strong></span> <span class='ocrx_word' id='word_1_933' title='bbox 2218 5388 2451 5435; x_wconf 88' lang='lat' dir='ltr'><strong>comma,</strong></span> <span class='ocrx_word' id='word_1_934' title='bbox 2477 5374 2672 5441; x_wconf 76' lang='lat' dir='ltr'><strong>Agrum</strong></span> <span class='ocrx_word' id='word_1_935' title='bbox 2695 5384 2816 5425; x_wconf 84' lang='lat' dir='ltr'><strong>ante</strong></span> <span class='ocrx_word' id='word_1_936' title='bbox 2846 5383 3064 5440; x_wconf 82' lang='lat' dir='ltr'><strong>tempus,</strong></span> <span class='ocrx_word' id='word_1_937' title='bbox 3099 5384 3232 5432; x_wconf 60' lang='grc' dir='ltr'><strong>σξιο..</strong></span> <span class='ocrx_word' id='word_1_938' title='bbox 3257 5376 3309 5424; x_wconf 92' lang='lat' dir='ltr'><strong>in</strong></span> <span class='ocrx_word' id='word_1_939' title='bbox 3339 5374 3492 5426; x_wconf 74' lang='lat' dir='ltr'><strong>Unu-</strong></span> 
     </span>
    </p>
   </div>
   <div class='ocr_carea' id='block_1_125' title="bbox 1923 5444 3492 5509">
    <p class='ocr_par' dir='ltr' id='par_1_125' title="bbox 1923 5444 3492 5509">
     <span class='ocr_line' id='line_1_125' title="bbox 1923 5444 3492 5509; baseline -0.001 -13"><span class='ocrx_word' id='word_1_940' title='bbox 1923 5457 1988 5496; x_wconf 89' lang='lat' dir='ltr'><strong>co</strong></span> <span class='ocrx_word' id='word_1_941' title='bbox 2033 5444 2404 5495; x_wconf 76' lang='lat' dir='ltr'><strong>Alexandrino</strong></span> <span class='ocrx_word' id='word_1_942' title='bbox 2459 5446 2648 5495; x_wconf 79' lang='lat' dir='ltr'><strong>Codice</strong></span> <span class='ocrx_word' id='word_1_943' title='bbox 2679 5460 2785 5496; x_wconf 90' lang='lat' dir='ltr'><strong>non</strong></span> <span class='ocrx_word' id='word_1_944' title='bbox 2824 5445 3072 5503; x_wconf 85' lang='lat' dir='ltr'><strong>habetur,</strong></span> <span class='ocrx_word' id='word_1_945' title='bbox 3131 5451 3295 5509; x_wconf 87' lang='lat' dir='ltr'><strong>atque</strong></span> <span class='ocrx_word' id='word_1_946' title='bbox 3354 5447 3492 5497; x_wconf 85' lang='lat' dir='ltr'><strong>adeo</strong></span> 
     </span>
    </p>
   </div>
   <div class='ocr_carea' id='block_1_126' title="bbox 1924 5513 3482 5581">
    <p class='ocr_par' dir='ltr' id='par_1_126' title="bbox 1924 5513 3482 5581">
     <span class='ocr_line' id='line_1_126' title="bbox 1924 5513 3482 5581; baseline 0.001 -17"><span class='ocrx_word' id='word_1_947' title='bbox 1924 5513 2142 5564; x_wconf 72' lang='lat' dir='ltr'><strong>\‘tdetur</strong></span> <span class='ocrx_word' id='word_1_948' title='bbox 2183 5525 2443 5566; x_wconf 71' lang='lat' dir='ltr'><strong>aSIertseo</strong></span> <span class='ocrx_word' id='word_1_949' title='bbox 2477 5515 2893 5581; x_wconf 80' lang='lat' dir='ltr'><strong>tlesignainluni.</strong></span> <span class='ocrx_word' id='word_1_950' title='bbox 2915 5514 3069 5576; x_wconf 77' lang='lat' dir='ltr'><strong>Quod</strong></span> <span class='ocrx_word' id='word_1_951' title='bbox 3104 5513 3482 5578; x_wconf 80' lang='lat' dir='ltr'><strong>subsequitur,</strong></span> 
     </span>
    </p>
   </div>
   <div class='ocr_carea' id='block_1_127' title="bbox 1929 5582 3492 5651">
    <p class='ocr_par' dir='ltr' id='par_1_127' title="bbox 1929 5582 3492 5651">
     <span class='ocr_line' id='line_1_127' title="bbox 1929 5582 3492 5651; baseline 0.003 -18"><span class='ocrx_word' id='word_1_952' title='bbox 1929 5583 2134 5650; x_wconf 77' lang='lat' dir='ltr'><strong>Inﬁrmi</strong></span> <span class='ocrx_word' id='word_1_953' title='bbox 2203 5583 2400 5643; x_wconf 78' lang='lat' dir='ltr'><strong>vineas,</strong></span> <span class='ocrx_word' id='word_1_954' title='bbox 2461 5595 2594 5643; x_wconf 72' lang='grc' dir='ltr'><strong>εις..</strong></span> <span class='ocrx_word' id='word_1_955' title='bbox 2636 5590 2702 5635; x_wconf 85' lang='lat' dir='ltr'><strong>ab</strong></span> <span class='ocrx_word' id='word_1_956' title='bbox 2739 5582 2961 5635; x_wconf 68' lang='lat' dir='ltr'><strong>Hebraeo</strong></span> <span class='ocrx_word' id='word_1_957' title='bbox 2987 5583 3202 5646; x_wconf 87' lang='lat' dir='ltr'><strong>longius</strong></span> <span class='ocrx_word' id='word_1_958' title='bbox 3232 5583 3492 5651; x_wconf 81' lang='lat' dir='ltr'><strong>abludit;</strong></span> 
     </span>
    </p>
   </div>
   <div class='ocr_carea' id='block_1_128' title="bbox 1925 5654 2830 5720">
    <p class='ocr_par' dir='ltr' id='par_1_128' title="bbox 1925 5654 2830 5720">
     <span class='ocr_line' id='line_1_128' title="bbox 1925 5654 2830 5720; baseline -0.004 -14"><span class='ocrx_word' id='word_1_959' title='bbox 1925 5656 2019 5706; x_wconf 74' lang='lat' dir='ltr'><strong>Sed</strong></span> <span class='ocrx_word' id='word_1_960' title='bbox 2061 5654 2174 5704; x_wconf 76' lang='lat' dir='ltr'><strong>haec</strong></span> <span class='ocrx_word' id='word_1_961' title='bbox 2198 5655 2455 5720; x_wconf 76' lang='lat' dir='ltr'><strong>persequi</strong></span> <span class='ocrx_word' id='word_1_962' title='bbox 2481 5655 2622 5706; x_wconf 82' lang='lat' dir='ltr'><strong>haud</strong></span> <span class='ocrx_word' id='word_1_963' title='bbox 2657 5664 2830 5704; x_wconf 84' lang='lat' dir='ltr'><strong>vacat.</strong></span> 
     </span>
    </p>
   </div>
   <div class='ocr_carea' id='block_1_129' title="bbox 1998 5718 3496 5790">
    <p class='ocr_par' dir='ltr' id='par_1_129' title="bbox 1998 5718 3496 5790">
     <span class='ocr_line' id='line_1_129' title="bbox 1998 5718 3496 5790; baseline 0.004 -15"><span class='ocrx_word' id='word_1_964' title='bbox 1998 5723 2042 5754; x_wconf 81' lang='lat'>”</span> <span class='ocrx_word' id='word_1_965' title='bbox 2075 5718 2328 5777; x_wconf 74' lang='lat' dir='ltr'><strong>Voculam</strong></span> <span class='ocrx_word' id='word_1_966' title='bbox 2380 5718 2448 5785; x_wconf 71' lang='lat' dir='ltr'><strong>ui,</strong></span> <span class='ocrx_word' id='word_1_967' title='bbox 2484 5739 2643 5790; x_wconf 80' lang='lat' dir='ltr'><strong>quam</strong></span> <span class='ocrx_word' id='word_1_968' title='bbox 2672 5722 2885 5790; x_wconf 87' lang='lat' dir='ltr'><strong>proprie</strong></span> <span class='ocrx_word' id='word_1_969' title='bbox 2921 5736 3019 5775; x_wconf 75' lang='lat' dir='ltr'><strong>nec</strong></span> <span class='ocrx_word' id='word_1_970' title='bbox 3049 5718 3273 5778; x_wconf 55' lang='lat' dir='ltr'><strong>Grtccus</strong></span> <span class='ocrx_word' id='word_1_971' title='bbox 3300 5723 3496 5790; x_wconf 77' lang='lat' dir='ltr'><strong>habet,</strong></span> 
     </span>
    </p>
   </div>
   <div class='ocr_carea' id='block_1_130' title="bbox 1925 5796 2694 5861">
    <p class='ocr_par' dir='ltr' id='par_1_130' title="bbox 1925 5796 2694 5861">
     <span class='ocr_line' id='line_1_130' title="bbox 1925 5796 2694 5861; baseline 0 -15"><span class='ocrx_word' id='word_1_972' title='bbox 1925 5796 2258 5861; x_wconf 76' lang='lat' dir='ltr'><strong>Augustinus</strong></span> <span class='ocrx_word' id='word_1_973' title='bbox 2285 5809 2499 5860; x_wconf 79' lang='lat' dir='ltr'><strong>quoque</strong></span> <span class='ocrx_word' id='word_1_974' title='bbox 2533 5802 2694 5846; x_wconf 72' lang='lat' dir='ltr'><strong>tacet.</strong></span> 
     </span>
    </p>
   </div>
  </div>
