3966 6184
458 311 535 374 95
1362 313 1419 374 S.
1467 309 1906 380 I-llERONYMI
1949 309 2214 369 DIVINA
2265 310 2799 387 BlllLIOTllECA.
3649 314 3724 374 9i}

467 431 694 486 habuit?
737 429 873 486 Cum
913 437 1098 486 essent
1153 442 1320 496 super
1353 435 1576 490 terram,
1629 435 1686 481 et
1729 426 2044 496 ignorarent
2074 434 2121 490 Α
2151 435 2234 480 est
2289 428 2535 481 velamen
2567 427 2882 497 perditioni.
2944 430 3010 496 ῖς(
3045 428 3358 484 Exteudcns
3406 429 3726 498 aquilonem

459 523 604 576 viam
637 523 886 593 justitiaa,
929 539 1038 576 non
1073 521 1499 574 ambulaverunt
1536 520 1590 572 in
1633 519 1850 572 semitis
1873 517 1992 586 ejus
2023 535 2038 571 :

461 627 522 670 et
557 617 738 671 sciens
768 632 960 670 eorum
995 631 1159 683 opera
1191 615 1416 667 tradidit
1455 630 1550 668 eos
1593 617 1644 666 in
1675 614 1950 668 tenebras.
1977 613 2043 679 >ε<

465 709 533 762 Et.
569 718 726 762 nocte
753 708 855 760 erit
888 708 1034 760 sicut
1069 707 1249 772 [ιιι-ἀ(
1283 705 1486 760 Oculus
1515 705 1752 758 adulteri
1787 704 2044 757 observat

461 801 713 854 tenebras
743 803 807 865 β(
844 800 1057 859 dicens,
1117 798 1232 852 Non
1287 798 1489 850 videbit
1519 813 1606 850 me
1650 796 1866 857 oculus,
1897 797 1962 861 >ε<
1990 801 2044 846 et

465 883 764 944 latibuliﬂh
795 890 952 944 faciei
993 891 1195 958 posuit.
1235 891 1298 956 γέ
1322 889 1558 943 Sttﬂ'odit
1592 891 1643 942 in
1673 889 1914 944 tenebris
1943 887 2045 940 do-

461 997 601 1035 mos.
637 983 738 1034 Per
777 983 922 1035 diem
957 982 1393 1052 obsignaverunt
1437 982 1786 1049 semetipsos.
1819 981 1884 1044 )t-f
1923 977 2044 1030 Non

465 1087 848 1140 cognoverunt
881 1076 1080 1136 lucem,
1117 1079 1182 1142 )s(
1213 1075 1341 1142 quia
1382 1075 1541 1127 simul
1575 1075 1654 1127 eis
1687 1087 1844 1126 mane
1873 1073 1886 1100 ⁸
1924 1087 2045 1124 um-

465 1164 560 1216 bra
613 1166 810 1220 mortis
841 1169 860 1198 ⁸
894 1167 960 1234 >ε<
997 1168 1132 1219 levis
1157 1176 1239 1222 est
1271 1181 1437 1234 super
1463 1167 1656 1219 faciem
1697 1165 1897 1232 aquae:
1933 1163 2038 1215 Mav

462 1253 735 1306 ledicatur
792 1269 922 1323 pars
986 1271 1173 1308 eorum
1232 1271 1398 1323 super
1470 1265 1692 1308 terram.
1732 1254 2045 1321 Appareant

463 1345 834 1413 plantationes
878 1362 1070 1400 eorum
1115 1363 1280 1416 super
1331 1357 1531 1400 terram
1569 1348 1754 1400 aridae.
1812 1347 1884 1398 De
1920 1346 2044 1398 sinu

464 1435 610 1486 cuitu
638 1437 976 1504 pupillorum
1007 1449 1334 1506 rapuerunt.
1375 1439 1576 1492 Deinde
1611 1447 2038 1490 remeinor.‘itnin

465 1535 549 1578 est
605 1537 888 1594 peccatum
935 1529 1074 1597 ejus.
1139 1529 1294 1583 Sicut
1329 1531 1530 1582 nebula
1573 1530 1713 1582 roris
1775 1545 2044 1596 nusquam

467 1620 806 1686 comparuit.
847 1622 1204 1676 Retribuatnr
1240 1625 1315 1677 illi
1375 1625 1521 1678 sicut
1551 1625 1682 1691 egit.
1715 1623 2049 1677 Conteratnr

467 1714 611 1763 sicut
652 1711 855 1780 lignum
884 1715 1184 1769 insanabile
1213 1717 1394 1770 omnis
1425 1717 1662 1784 iniquus.
1697 1716 1877 1769 Stcrili
1898 1715 2042 1768 enim

467 1816 576 1854 non
613 1803 740 1856 fecit
770 1804 929 1871 bene,
959 1815 1011 1859 et
1039 1807 1283 1860 mulieris
1309 1823 1413 1860 non
1443 1816 1526 1861 est
1565 1806 1840 1858 misertus.
1873 1803 1926 1855 in
1957 1805 2034 1856 ira
2069 1788 2111 1844 Β

467 1894 670 1946 evertit
705 1895 970 1951 infirmos.
1003 1896 1355 1965 Consurgens
1403 1913 1533 1964 ergo
1571 1913 1676 1951 non
1707 1897 1882 1950 credit
1909 1911 2042 1949 con-

471 1992 554 2038 tra
592 1987 754 2038 vitam
783 2001 959 2042 suam.
993 1989 1128 2044 Cum
1167 1990 1432 2043 infirmari
1463 1991 1709 2057 eruperit,
1737 2005 1844 2043 non
1863 1997 2044 2058 speret

471 2075 786 2142 sanitatem,
824 2079 920 2133 sed
950 2079 1244 2142 cadetiAl.
1262 2080 1433 2150 cadit]
1467 2083 1518 2135 in
1545 2083 2043 2149 languore..\lultos

469 2169 618 2221 enim
649 2170 840 2225 atllixit
873 2173 1105 2226 altitudo
1133 2175 1273 2243 ejus.
1302 2173 1582 2230 Emarcuit
1609 2177 1752 2228 sicut
1785 2175 1958 2229 malva
1989 2175 2044 2227 in

468 2268 628 2322 a-stu,
691 2271 782 2314 aut
839 2264 981 2316 sicut
1030 2265 1096 2317 de
1156 2265 1353 2333 stipula
1420 2269 1566 2336 Spica
1604 2269 1670 2334 με
1705 2277 1898 2335 sponte
1939 2267 1961 2298 ⁸
2021 2267 2043 2334 ζ

471 2351 844 2425 ιΙσροἱιΙβαῑνςᾷίεξ
871 2354 1140 2426 ,εψὶλτιυηίπ
1170 2357 1296 2426 qu'is
1343 2367 1426 2412 est
1463 2359 1555 2426 qui
1613 2359 1868 2425 loquatur
1898 2374 2048 2410 men-

471 2443 688 2500 dacium
727 2463 812 2500 me
841 2449 1044 2512 dicere,
1094 2451 1159 2516 >ε<
1193 2461 1247 2504 et
1304 2459 1472 2520 ponet
1504 2452 1559 2504 in
1611 2451 1844 2504 nihilum
1881 2451 2046 2506 verba

473 2536 628 2590 mea?

577 2661 911 2702 RESPONDENS
951 2663 1124 2702 AUTEII
1147 2663 1346 2702 BALDAD
1375 2663 1679 2716 SAUCHITES,
1719 2665 1871 2703 Dle'l‘
1897 2664 1912 2703 2

547 2754 704 2826 [ϐαρ.
727 2756 922 2829 XXV]
951 2759 1088 2824 Quid
1121 2761 1264 2813 enim
1297 2761 1582 2813 exordium
1607 2775 1768 2829 quam
1801 2760 1962 2812 timor
1981 2757 2050 2812 ab

472 2865 540 2902 eo
570 2851 661 2917 qui
695 2851 824 2903 facit
855 2853 1112 2906 universa
1141 2853 1194 2906 in
1229 2853 1490 2908 creelso?
1519 2853 1689 2906 Nemo
1714 2853 1861 2905 enim
1897 2861 2051 2920 putet

473 2957 594 2994 esse
627 2958 831 2995 moram
863 2945 1076 3012 piratis.
1097 2933 1162 2998 ln
1190 2960 1352 3012 quem
1391 2946 1538 2998 enim
1578 2961 1687 2996 non
1717 2943 1938 2996 venient
1971 2943 2052 2996 iii-

473 3033 628 3085 siitize
654 3035 841 3086 abeo?
871 3047 964 3088 aut
1001 3035 1277 3104 quomodo
1316 3037 1422 3088 erit
1447 3035 1612 3088 homo
1641 3033 1825 3102 justus
1857 3047 2046 3086 coram

2145 520 2572 586 super‘niliilum
2616 522 2684 588 λ(
2720 520 3060 589 suspendens
3084 531 3278 573 terram
3305 535 3470 589 super
3491 521 3730 574 nihilum

2148 608 2224 670 (in
2262 611 2468 679 aerem)
2495 613 2560 679 Χ
2595 611 2768 680 ligans
2791 625 2980 678 \quam
3013 612 3066 665 in
3099 613 3342 666 nubibus
3393 613 3528 674 suis,
3575 615 3642 680 3K
3671 619 3736 666 et.

2146 715 2253 752 non
2290 711 2373 754 est
2407 701 2572 756 scissa
2603 701 2777 756 nubes
2800 701 2903 755 sub
2933 716 3000 755 eo
3023 701 3065 754 ⁵.
3101 704 3168 770 >ε<
3191 701 3292 768 Qui
3333 711 3481 756 tenet
3525 701 3730 757 faciem

2145 791 2268 844 solii
2299 793 2365 858 ἒξ
2393 801 2446 845 et
2471 783 2776 846 extendens
2812 791 2916 864 [AL
2955 793 3226 864 extendit}
3267 809 3434 862 super
3463 807 3584 846 eum
3615 809 3728 847 nu~

2147 877 2267 946 ben]
2307 895 2484 943 suam,
2511 883 2577 948 )af
2611 895 2938 951 praeceptum
2963 883 3510 954 cireutmleilitsuper
3531 884 3728 937 faciem

2148 986 2303 1040 aqua:
2336 974 2402 1040 χ(
2439 989 2612 1042 usque
2654 975 2720 1027 ad
2773 975 3304 1029 consummationem
3337 976 3495 1030 lucis.
3526 976 3590 1044 x
3612 975 3726 1030 Co-

2146 1063 2350 1118 lumnze
2379 1067 2399 1096 ³⁵
2433 1068 2558 1119 cwli
2597 1067 3001 1121 intremuerunt
3034 1067 3142 1139 [AL
3175 1069 3732 1140 contremueruntjx

2146 1166 2202 1208 et
2231 1159 2641 1226 obstupuerunt
2664 1159 2732 1212 ab
2755 1159 3134 1230 increpatione
3164 1161 3282 1230 ejus
3317 1162 3340 1230 ζ
3373 1161 3587 1216 Virtute
3619 1180 3728 1216 sua

2148 1247 2359 1300 sedavit
2391 1264 2561 1302 mare.
2593 1249 2888 1306 Prudentia
2928 1251 3048 1322 ejus
3077 1254 3403 1308 vulneratus
3431 1265 3515 1310 est
3540 1265 3728 1316 cetus.

2146 1349 2202 1391 et
2235 1339 2470 1393 claustra
2531 1342 2656 1394 coeli
2719 1353 2970 1398 metuunt
3023 1361 3170 1400 eum.
3225 1347 3504 1415 Praecepto
3535 1357 3726 1400 autem

2150 1431 2384 1499 peremit
2413 1431 2705 1486 draconem
2740 1435 3106 1490 desertorem.
3133 1437 3272 1490 Ecce
3301 1441 3382 1490 hae
3411 1449 3592 1507 partes
3623 1439 3732 1493 vite

2149 1521 2270 1586 ejus
2295 1523 2334 1574 ⁸.
2397 1523 2460 1576 Ει
2495 1523 2676 1578 adhuc
2698 1525 2896 1578 stillam
2920 1529 3191 1582 sermonis
3211 1527 3522 1583 audivimus
3545 1530 3610 1580 tlt‘.
3632 1545 3728 1582 eo.

2149 1612 2419 1666 Virtutem
2481 1623 2664 1669 autem
2707 1615 2934 1672 tonitrui
2996 1619 3116 1687 ejus
3159 1620 3283 1688 quis
3319 1619 3456 1674 sciet
3505 1623 3734 1690 quando

2155 1704 2357 1758 faciet?

2256 1869 2322 1908 ΕΤ
2355 1869 2569 1910 ΑΒΙΕΕΙΤ
2587 1873 2676 1912 JOB
2698 1875 2762 1912 AD
2801 1875 3094 1918 νηοοεωιωι
3115 1879 3272 1928 ευωί,
3314 1881 3380 1920 ΕΤ
3408 1881 3560 1921 DIXI'I'
3603 1880 3618 1924 τ

2221 1943 2373 2015 [ϐαρ.
2409 1946 2653 2020 ΧΧΥΙΜ
2686 1949 2828 2006 Vivit
2856 1951 3144 2015 Dominus.
3178 1957 3270 2023 qui
3307 1957 3388 2010 sic
3413 1957 3736 2026 mejudica-

2148 2036 2246 2100 vit,
2307 2039 2654 2107 omnipotens
2700 2043 2790 2110 qui
2825 2045 3147 2099 amaricavit
3201 2048 3437 2100 animam
3499 2064 3676 2100 meam
3715 2065 3730 2100 :

2147 2128 2276 2194 quia
2311 2127 2484 2181 donec
2516 2129 2738 2196 spiratio
2772 2147 2889 2185 mea
2921 2143 3004 2188 est
3034 2134 3087 2186 in
3122 2149 3227 2198 me,
3261 2144 3316 2188 et
3347 2137 3582 2204 spiritus
3625 2137 3680 2189 di
3703 2166 3721 2174 -

2150 2218 2309 2268 vinus
2369 2219 2418 2269 in
2451 2220 2676 2272 naribus
2715 2222 2870 2288 meis,
2929 2237 3034 2276 non
3068 2223 3366 2290 loquentur
3413 2227 3554 2280 labia
3603 2242 3734 2280 mea

2149 2304 2372 2372 injuste.
2401 2320 2504 2360 nec
2530 2309 2706 2360 anima
2743 2325 2861 2362 mea
2893 2311 3242 2364 meditabitur
3281 2313 3484 2381 iniqua.
3517 2315 3674 2369 Absit
3697 2333 3734 2370 ει

2150 2410 2234 2446 me
2263 2397 2440 2464 justus
2473 2413 2567 2449 vos
2599 2399 2805 2462 dicere,
2841 2401 3015 2454 donec
3051 2404 3272 2455 moriar.
3323 2404 3434 2458 Nec
3459 2409 3603 2458 enim
3635 2423 3732 2460 se-

2149 2487 2352 2554 parabo
2379 2487 2744 2542 innoccntiam
2773 2505 2946 2543 meam
2975 2505 3005 2543 a
3031 2507 3114 2545 me
3145 2493 3190 2545 ⁷.
3229 2492 3508 2548 Justitiam
3543 2509 3746 2553 nieam_

2151 2577 2370 2643 tenebo,
2411 2586 2465 2631 et
2507 2595 2614 2632 non
2647 2580 2942 2634 dimittam.
2997 2582 3112 2636 Nec
3145 2583 3291 2636 enim
3323 2586 3572 2640 conscius
3599 2601 3728 2640 sunt

2151 2669 2282 2722 mihi
2317 2671 2566 2735 iniquum
2589 2673 2718 2740 quid
2739 2673 3106 2728 commisisse.
3143 2673 3330 2744 Itaque
3363 2686 3492 2730 sunt
3513 2677 3728 2732 inimici

2151 2760 2256 2811 mei
2291 2760 2437 2813 sicut
2465 2763 2682 2815 eversio
2706 2764 3096 2832 impiurum,et
3124 2766 3214 2836 qui
3247 2769 3406 2822 inme
3433 2768 3731 2838 insurgunt

2153 2851 2295 2903 sicut
2329 2854 2560 2916 perditio
2579 2851 2918 2923 iniquorum.
2945 2839 3077 2924 Qua:
3099 2860 3245 2912 enim
3265 2875 3390 2928 spes
3418 2869 3500 2913 est
3530 2860 3725 2930 impio,

2152 2941 2275 3009 quia
2309 2954 2610 3010 exspectat,
2638 2955 2695 2999 et
2725 2948 2954 3001 confidit
2989 2950 3042 3002 in
3081 2949 3310 3002 Domino
3343 2951 3388 3006 si
3427 2949 3565 3004 forte
3597 2951 3730 3004 sol—

2153 3041 2332 3098 vatur,
2374 3046 2468 3088 aut
2507 3052 2698 3104 preces
2743 3041 2861 3106 ejus
2898 3043 3157 3096 exaudiat
3203 3042 3516 3096 Dominus?
3549 3053 3644 3096 aut
3677 3044 3729 3096 si

475 3125 735 3186 Domino,
779 3127 861 3179 vel
915 3127 1191 3195 quomodo
1231 3143 1288 3181 se
1339 3125 1631 3180 mundabit
1655 3135 1902 3180 natusex
1935 3141 2052 3178 mu-
2079 3136 2121 3190 ο
2157 3125 2366 3176 venerit
2397 3123 2508 3196 [Αἰ.
2543 3129 2814 3200 evenerit]
2837 3132 2884 3184 ei
2923 3133 3244 3198 necessitas,
3271 3135 3531 3202 numquid
3561 3135 3734 3190 habet

473 3216 631 3279 liere,
662 3218 702 3269 si
729 3217 869 3268 lunae
902 3219 1166 3284 ι)ι·;υ‹;ἰνίῑ,
1195 3229 1248 3271 et
1275 3234 1380 3270 non
1412 3218 1580 3276 lucet.
1613 3233 1712 3271 nec
1735 3217 1904 3271 stellae
1923 3227 2054 3272 sunt

479 3307 701 3358 mnu-lae
747 3315 873 3359 ante
909 3305 1018 3377 [AL
1043 3307 1212 3380 apud]
1243 3325 1366 3362 eum
1389 3309 1410 3360 ‘l
1433 3309 1648 3372 Quanto
1673 3323 1843 3378 magis
1885 3310 2051 3364 homo

477 3399 733 3474 putredo,
757 3407 851 3452 aut
878 3401 1022 3454 filius
1052 3401 1290 3456 hominis
1317 3403 1554 3456 vcrmisl

797 3549 1136 3590 RESPONDENS
1176 3553 1359 3591 Αυτειί
1393 3551 1482 3591 ιυΒ
1534 3551 1684 3590 υιιιτ
1717 3553 1732 3590 ἓ

559 3649 714 3722 [ϐαρ.
741 3651 956 3724 XX\’I.]
991 3651 1090 3708 Cui
1147 3655 1300 3718 ades,
1331 3655 1416 3708 vel
1441 3670 1600 3722 quem
1627 3655 1923 3722 adjuturos
1952 3655 2051 3708 es?

479 3759 662 3798 nonne
693 3757 818 3795 eum
853 3745 942 3796 cui
969 3743 1134 3795 multa
1167 3743 1342 3796 virtus
1373 3752 1456 3796 est
1484 3753 1539 3796 et
1570 3743 1848 3797 brachium
1873 3745 2053 3798 forte?

477 3834 580 3887 Cui
614 3843 666 3887 tu
695 3833 791 3886 das
818 3832 1153 3887 consilium?
1185 3849 1365 3887 nonne
1392 3833 1480 3886 cui
1507 3835 1686 3888 omnis
1723 3845 1809 3890 est
1831 3837 2054 3903 sapien—

483 3921 594 3980 tia?
651 3923 734 3976 vel
785 3937 947 3991 quem
989 3923 1281 3991 sequeris?
1333 3940 1514 3979 nonne
1563 3940 1690 3978 eum
1734 3927 1822 3980 cui
1857 3943 2052 3995 magna

481 4025 565 4070 est
595 4015 900 4069 fortitudo?
923 4015 1022 4068 (lui
1053 4017 1388 4068 annuntiasti
1418 4031 1722 4080 sermones,
1759 4029 1850 4070 aut
1877 4017 2052 4086 Spira-

484 4122 608 4164 meu
641 4107 794 4174 cujus
813 4115 897 4158 est
925 4105 1068 4171 quod
1094 4105 1250 4156 exitu
1281 4101 1369 4154 te?
1409 4107 1477 4170 >ξ<
1503 4103 1780 4172 Numquid
1809 4107 2051 4173 gigantes

483 4197 802 4265 redigentur
845 4195 901 4248 in
946 4195 1264 4263 nihilumx
1295 4195 1487 4248 subter
1535 4211 1754 4264 aquam,
1791 4207 1844 4249 et
1871 4199 2053 4265 proxi-

485 4289 560 4351 mi
589 4305 779 4343 eorum
805 4288 914 4355 ?>f<
933 4287 1124 4340 Nudus
1151 4287 1398 4342 infernus
1447 4301 1630 4340 coram
1655 4299 1741 4352 eo,
1775 4286 1840 4355 x
1862 4295 1917 4341 et
1943 4304 2052 4343 non

2155 3215 2390 3284 aliquam
2419 3217 2670 3274 fiduciam
2701 3221 2723 3252 ⁸
2755 3223 2808 3274 in
2839 3235 3134 3292 conspectu
3171 3227 3308 3295 ejus,
3355 3235 3449 3279 aut
3479 3244 3600 3282 cum
3635 3228 3732 3280 in-

2155 3310 2432 3362 vocaverit
2453 3327 2601 3378 eum,
2635 3315 2894 3369 exaudiet
2925 3317 3074 3370 illum
3105 3317 3491 3388 ?Quapropter
3515 3335 3745 3373 annun-

2155 3401 2302 3454 tiaho
2330 3402 2482 3456 vobis
2515 3405 2645 3473 quid
2673 3409 2744 3460 sit
2782 3408 2835 3460 in
2869 3425 3032 3461 manu
3076 3409 3316 3465 Domini.
3347 3413 3474 3477 Quae.
3507 3423 3634 3466 sunt
3661 3413 3740 3466 ab

2153 3493 2550 3562 omnipotente,
2581 3511 2687 3550 non
2715 3499 2968 3554 mentiar.
3003 3503 3139 3556 Ecce
3166 3519 3357 3558 omnes
3379 3505 3550 3558 nostis
3601 3505 3741 3572 quia

2152 3596 2290 3635 vane
2329 3599 2466 3636 vana
2497 3585 2786 3656 loquimini
2820 3591 2864 3645 ⁸.
2899 3591 3024 3644 Iliec
3047 3603 3128 3645 est
3157 3609 3280 3660 pars
3310 3594 3548 3647 hominis
3581 3595 3738 3662 impii

2153 3687 2183 3723 a
2235 3671 2485 3728 Domino.
2543 3675 2824 3731 Possessio
2875 3696 3004 3733 vero
3067 3683 3370 3750 potentium
3433 3683 3620 3736 veniet
3665 3685 3742 3736 ab

2153 3763 2530 3831 omnipotente
2569 3781 2734 3834 super
2765 3784 2882 3823 eos.
2914 3771 3067 3836 Quod
3104 3773 3148 3826 si
3181 3773 3338 3826 multi
3375 3773 3584 3828 fuerint
3635 3775 3738 3828 lilii

2152 3855 2291 3921 ejus,
2317 3857 2369 3910 iu
2391 3858 2719 3912 occisimieni
2741 3872 2925 3915 erunt.
2957 3863 3012 3916 Si
3037 3873 3216 3918 autem
3245 3875 3301 3919 et
3331 3867 3558 3934 juvenes
3601 3865 3738 3920 facti

2155 3941 2385 4008 fuerint,
2425 3947 2768 4016 indigebunt.
2811 3947 2876 4001 Et
2909 3951 2998 4016 qui
3035 3953 3181 4004 circa
3212 3967 3336 4004 eum
3369 3961 3516 4014 sunt,
3553 3961 3740 4004 morte

2155 4041 2485 4102 morientur,
2522 4051 2574 4092 ct
2613 4041 2790 4095 viduis
2827 4057 3018 4094 eorum
3053 4059 3214 4096 nemo
3247 4043 3354 4114 [ΑΙ.
3389 4041 3520 4116 non].
3559 4045 3741 4096 mise-

2157 4129 2386 4182 rebitur.
2419 4129 2571 4194 Quod
2614 4129 2656 4182 si
2690 4139 2744 4182 et
2769 4131 3049 4201 collegerit
3098 4141 3154 4184 ut
3183 4142 3384 4186 terrain
3423 4143 3738 4201 argentum,

2155 4228 2212 4271 et
2258 4222 2406 4274 velut
2451 4225 2624 4274 lutum
2657 4225 2931 4290 paraverit
2973 4240 3192 4288 aurum,
3243 4225 3358 4278 Inec
3389 4225 3572 4277 omnia
3599 4225 3740 4292 justi

2155 4321 2578 4380 consequentur,
2609 4321 2663 4365 et
2686 4314 3043 4368 substantiam
3066 4313 3185 4384 ejus
3201 4317 3500 4384 Xveraces
3531 4313 3573 4346 ¹⁶
3605 4328 3740 4382 pos-

558 4472 573 4501 ²
597 4465 854 4521 Menilose
886 4481 1050 4535 penes
1111 4464 1478 4534 Augustinum
1539 4472 1736 4530 ntanet,
1766 4479 1868 4534 pro
1903 4481 2051 4522 mane

2161 4483 2434 4559 iiitrusum
2465 4487 2733 4559 glossema
2764 4503 2830 4542 ex
2853 4489 3099 4559 margine
3128 4489 3180 4542 in
3204 4495 3410 4542 textum
3441 4503 3500 4541 se
3525 4487 3734 4559 prodit.

506 4542 705 4594 euitnr.

483 4544 998 4677 logﬂEiipplendum
1059 4605 1290 4660 alterum
1347 4605 1756 4677 hemistichium
1813 4609 2055 4676 videtur,

481 4684 627 4749 quod
677 4676 833 4732 facile
869 4679 938 4749 ob
965 4677 1280 4749 earumdem
1341 4690 1562 4749 vocum,
1613 4676 1800 4749 umbra
1854 4680 2057 4744 mortis,

485 4745 768 4804 recursum
802 4764 829 4799 a
869 4747 1062 4800 Latino
1107 4745 1298 4797 codice
1324 4745 1612 4798 exciderit.
1647 4747 1741 4800 Est
1767 4758 1947 4802 autem
1972 4749 2060 4802 lu-

483 4819 857 4874 culentissime
923 4821 1118 4868 nedum
1177 4815 1228 4866 in
1288 4815 1498 4877 Graeco,
1543 4816 1637 4886 ori
1693 4820 2058 4886 ἐπιγνώσεται

483 4895 691 4957 ταρχὰς
716 4889 873 4948 σκιᾶς
905 4885 1138 4937 θχνάτου
1170 4900 1185 4938 2
1221 4887 1314 4938 sed
1346 4895 1398 4938 et
1430 4887 1482 4938 ἱιι
1517 4885 1767 4950 Hebraeo,
1804 4885 1943 4946 νἾὈΊ
2007 4896 2060 4946 ⁷)

484 4964 672 5039 ΠἹὩῘἹΞ
697 4962 890 5038 T117153.
937 4976 1012 5030 Ex
1054 4974 1246 5030 Graeco
1309 4984 1492 5028 autem
1520 4977 1600 5029 sic
1629 4977 1743 5030 l‘ere
1767 4979 2060 5032 transferas

484 5059 551 5103 ait
583 5057 831 5108 verbum,
863 5059 918 5100 et
969 5047 1247 5114 suppleas,
1283 5047 1548 5116 asterisco
1597 5051 1909 5116 praeposito,
1933 5049 2058 5116 quia

485 5119 1152 5185 cognoscetsollicitudines
1182 5115 1381 5167 umbra:
1409 5117 1610 5167 martis.
1648 5115 1753 5168 Pro
1788 5117 1910 5170 levis
1946 5115 2060 5170 vo—

487 5189 705 5251 cabulo,
734 5190 877 5255 quod
907 5197 1092 5240 statim
1126 5187 1500 5255 subsequitur,
1538 5185 1718 5238 minus
1747 5199 1892 5240 recte
1922 5187 2060 5239 Mar-

489 5269 720 5312 Latmus
747 5254 953 5326 legerat
991 5259 1100 5310 alio
1123 5257 1432 5326 signiﬁcatu
1467 5254 1630 5326 lteris.

565 5329 585 5358 ³
624 5325 878 5382 Fortasse
917 5331 1101 5380 verius
1137 5327 1267 5391 ιυίςίι
1323 5325 1662 5390 Augustinus
1708 5333 1893 5392 sponte
1920 5327 2055 5393 ejus.

491 5399 667 5452 Gram.
704 5400 1033 5466 αὐτόματος.
1093 5396 1433 5466 Postremum
1467 5395 1788 5466 asteriseuiti
1813 5411 1878 5447 ex
1909 5397 2058 5450 codi-

492 5472 538 5522 is
567 5463 926 5522 Alexandrini
959 5463 1443 5532 nupera’editione
1485 5463 1823 5532 suti'eciinus.

565 5541 584 5568 ’⁵
611 5539 955 5591 ιΜὶὶΓιίίὶΙιὶΓυΒ
1011 5535 1073 5586 ab
1102 5550 1160 5586 eo
1185 5549 1205 5585 :
1250 5544 1362 5605 tum
1411 5531 1550 5605 male
1599 5548 1766 5605 penes
1797 5533 2059 5605 Augusti-

496 5625 627 5663 num
661 5609 850 5676 faciem
891 5606 1184 5676 saliuipro
1216 5601 1374 5676 solii.‘
1409 5602 1599 5676 Graece
1631 5603 1845 5672 ‘Jpovou.

569 5681 589 5709 ⁵
629 5669 1002 5746 Expnnxiinus
1025 5669 1112 5746 liii;
1141 5689 1322 5746 vocem
1355 5669 1507 5732 lueis,
1549 5669 1712 5739 quain
1745 5690 1847 5728 nec
1877 5679 2059 5741 AUgu-

495 5743 823 5814 stinus,—uce
849 5743 1383 5811 librtaliioriginales
1410 5753 1730 5810 agnuseunt,
1758 5761 1818 5797 an
1853 5756 2056 5802 temere

2163 4553 2433 4610 Caeterum
2467 4553 2522 4609 et
2547 4558 2778 4624 singulis
2805 4553 3164 4612 hemisiichiis
3197 4559 3490 4611 asteriscos
3519 4553 3743 4611 sutleci-

2167 4639 2310 4688 mus,
2369 4627 2570 4680 additis
2598 4628 2820 4682 demum
2857 4629 2910 4682 in
2947 4630 3053 4684 line
3079 4629 3440 4683 crassioribus
3493 4631 3738 4696 punctis,

2163 4709 2284 4762 quae
2317 4696 2565 4749 deerant.

2234 4763 2255 4794 ⁸
2303 4765 2402 4818 llic
2440 4780 2660 4820 rursum
2687 4783 2985 4831 pronomen
3007 4768 3143 4835 ejus,
3177 4768 3312 4820 falso
3339 4768 3652 4835 repetitum,
3679 4775 3742 4821 et.

2163 4835 2307 4905 quod
2342 4837 2395 4888 in
2427 4839 2641 4890 ueteris
2675 4837 2828 4890 libris
2847 4838 3104 4890 omnibus
3136 4847 3309 4898 vacat,
3347 4840 3740 4905 eXpunxitnus.

2245 4903 2262 4932 "
2291 4905 2651 4970 Augustinus,
2709 4907 2979 4974 Separabo
3019 4909 3346 4960 innocentem
3377 4903 3546 4962 anne.
3572 4909 3636 4960 Et
3677 4911 3740 4962 in

2161 4977 2350 5034 Grutco
2383 4977 2604 5042 quidem
2658 4976 2800 5042 ipso,
2841 4979 3148 5038 tamenetsi,
3183 4977 3561 5036 innocentiam.
3617 4977 3742 5032 sive

2163 5043 2404 5101 ἀκακίαν
2441 5047 2748 5109 prtefertur,
2785 5061 2895 5099 non
2931 5047 3153 5098 additur
3185 5057 3366 5099 tamen
3399 5063 3591 5101 "team.

2229 5119 2250 5149 ⁸
2281 5113 2645 5176 Idem/tabuit
2663 5115 3167 5182 ﬁduciam,absque,
3226 5115 3456 5184 aliquam
3479 5129 3569 5171 .‘et
3589 5135 3738 5183 nios,

2158 5190 2204 5240 ai
2239 5187 2588 5245 invocaveril,
2623 5185 2894 5246 exaudiet,
2930 5187 3136 5253 absque
3171 5201 3310 5238 eum.

2233 5259 2253 5289 9
2283 5254 2606 5324 Addidimus
2637 5269 2700 5324 ex
2741 5259 3046 5323 Augustino
3079 5271 3236 5316 vana,
3279 5257 3430 5324 juxta
3463 5255 3741 5322 Graecum,

2159 5329 2276 5394 qui,
2310 5327 2436 5378 licet
2467 5323 2628 5391 paulo
2646 5323 2882 5394 diverso
2912 5341 3097 5386 sensu,
3131 5340 3252 5377 eam
3282 5323 3474 5377 vocem
3517 5337 3742 5394 repetit,

2159 5393 2295 5448 πενά
2321 5396 2499 5454 κενοῖς
2531 5393 2912 5448 missusque.
2945 5395 3123 5447 Semel
3157 5405 3316 5448 antea
3347 5407 3466 5449 erat
3499 5393 3629 5450 vane
3659 5401 3748 5449 lo—

2159 5465 2429 5536 quamini.
2454 5463 2682 5516 Leviora
2715 5465 2854 5536 infra
2887 5465 3268 5536 emendantur.

2235 5536 2276 5566 ¹⁰
2307 5533 2609 5596 Obelus,nt
2657 5533 2790 5604 alibi
2845 5535 3164 5604 sa'pissime,
3217 5541 3439 5588 notatus
3490 5542 3606 5591 erat
3643 5552 3748 5604 pro

2160 5607 2447 5666 asterisco,
2471 5617 2631 5671 quem
2665 5603 3008 5658 restituimus
3039 5603 3106 5656 ad
3137 5603 3296 5656 tidem
3319 5605 3484 5659 Hebr.
3512 5603 3746 5658 voluim-

2161 5693 2316 5738 inim,
2373 5673 2467 5728 ubi
2519 5671 2719 5743 legitur
2770 5689 2988 5730 nomeu-
3025 5677 3218 5727 veracis
3267 5677 3380 5730 sive
3429 5677 3742 5730 timeremus.

2163 5747 2329 5800 Maur.
