4050 6184
185 259 256 322 97
1605 258 1757 322 LlDl

1876 259 2033 322 JOB.
3379 273 3449 333 98

166 374 432 430 sitiebunt
469 371 490 438 ζ
545 371 718 426 Erunt
752 367 898 423 enim
961 384 1150 425 eorum
1204 369 1400 426 domus
1431 371 1572 424 sicut
1609 373 1750 426 tinea
1784 378 1828 434 Α
1858 391 2043 426 aurea.
2065 377 2130 442 >ε<
2161 375 2225 430 Ει
2256 373 2478 430 Excelsa
2531 385 2588 431 et
2622 376 2786 432 Gabis
2823 377 2866 411 ¹⁶
2902 395 3010 434 non
3039 392 3200 436 erunt
3230 385 3309 438 in'
3333 404 3452 440 tue-

169 464 282 540 μι.
321 461 537 534 tinem],
577 472 634 517 et
659 477 858 516 aranea
919 461 1026 534 [ΑΙ.
1067 461 1307 534 aranem]
1350 479 1470 532 qua:
1504 466 1759 519 servavit.

167 559 331 612 Dives
383 554 614 617 dormit,
648 565 703 607 et
737 569 843 606 non
868 553 1107 621 adjiciet.
1147 556 1213 622 >ε<
1243 553 1444 608 Oculos
1475 569 1604 608 suos
1638 569 1764 622 ape-

169 651 304 713 ruit,
334 660 392 703 et
450 662 560 700 non
621 654 727 699 est.
787 647 855 711 χ(
919 645 1226 699 Occurrent
1277 645 1326 699 ei
1395 646 1550 712 quasi
1619 663 1760 715 aqua

165 741 408 804 dolores,
476 742 546 806 χ
591 747 751 792 nocte
815 733 1026 792 auferet
1072 752 1196 791 eum
1229 736 1427 806 caligo.
1475 742 1542 806 Β(
1587 737 1762 792 Tolle:

167 848 290 887 cum
329 841 523 893 :estns,
553 843 608 882 et
638 829 848 894 abibit;
875 832 943 897 ξιξ(
983 837 1037 884 et
1069 829 1351 884 ventilabit
1387 845 1512 884 eum
1545 837 1611 884 de
1638 831 1760 885 loco

170 939 266 978 suo
291 924 316 991 ζ
345 933 404 975 et
433 921 690 990 projiciet
717 936 886 988 super
909 935 1060 982 eum,
1091 930 1146 973 et
1180 936 1286 973 non
1317 920 1617 990 parcet.De
1648 938 1760 975 ma-

171 1032 240 1069 nu
277 1015 429 1067 enim
461 1015 585 1080 ejus
614 1012 739 1080 fuga
770 1013 957 1081 fugiet.
1001 1011 1231 1066 Plaudet
1281 1028 1448 1080 super
1485 1030 1610 1068 eum
1647 1029 1760 1068 ma-

171 1108 325 1160 nibus
342 1107 486 1169 suis,
506 1116 560 1156 et
591 1107 769 1156 trahet
787 1120 912 1156 cum
937 1103 1004 1156 de
1021 1103 1144 1158 loco
1169 1119 1286 1157 suo.
1313 1103 1466 1178 [ϐαρ.
1491 1103 1758 1176 XXVlll.]

169 1197 259 1251 Est
302 1196 458 1249 enim
509 1204 737 1263 argento
794 1193 903 1265 [ΑΙ.
959 1193 1198 1266 argenti]
1253 1197 1405 1248 locus
1461 1197 1606 1249 unde
1647 1196 1755 1260 sit;

169 1291 312 1341 locus
341 1301 536 1342 autem
569 1303 704 1339 auro
757 1287 850 1339 ubi
906 1298 1215 1355 purgatur:
1265 1287 1470 1339 ferrum
1507 1285 1651 1340 enim
1693 1286 1760 1340 de

171 1390 308 1432 terra
373 1378 454 1441 lit,
499 1394 575 1432 :rs
604 1389 786 1433 autem
843 1380 1100 1433 similiter
1136 1391 1192 1432 ut
1228 1379 1365 1447 lapis
1395 1380 1670 1433 exciditur
1715 1380 1756 1433 '.

168 1470 424 1526 Ordinem
473 1473 655 1540 posuit
718 1471 976 1532 tenebris,
1013 1472 1080 1537 3K
1114 1481 1170 1525 ct
1197 1487 1412 1524 onmem
1450 1474 1608 1524 iincm
1645 1473 1758 1540 ipse

169 1565 375 1616 invenit
402 1563 470 1628 ΕΞ(
499 1563 636 1629 lapis
669 1561 909 1614 tenebrze
938 1573 988 1614 et
1013 1563 1218 1616 umbrae
1251 1564 1270 1593 ²
1297 1563 1512 1627 mortis,
1550 1566 1615 1630 )3:
1648 1564 1760 1616 dis-

169 1655 332 1709 eissio
373 1656 640 1709 torrentis
674 1671 702 1707 a
739 1657 924 1708 cinere
956 1656 977 1724 :
1032 1656 1136 1720 Qui
1170 1671 1299 1710 vero
1357 1657 1758 1711 obliviscuntur

1868 467 2058 520 moria.
2085 471 2150 534 )e{
2180 469 2245 522 Et
2287 469 2476 521 trahes
2506 469 2830 536 sapientiam
2857 471 2924 526 de
2964 473 3214 526 occultis.
3241 476 3306 543 >ε<
3331 477 3450 530 Νηιι

1864 571 2226 627 componetur
2252 563 2300 614 ei
2325 562 2596 629 topazium
2619 561 2932 631 Etltiopiae.
2959 566 3026 632 )a(
3053 566 3202 620 Auro
3240 583 3456 622 innuim-

1865 665 1973 704 non
2003 652 2430 720 comparabitur.
2471 654 2538 720 Ξ(
2565 653 2845 722 Sapientia
2889 657 3034 710 unde
3067 657 3285 711 inventa
3327 661 3452 712 est?

1865 744 1932 809 ﬁt:
1959 744 2092 807 Quis
2111 760 2176 796 an
2189 754 2294 797 tem
2315 744 2468 797 locus
2493 753 2579 799 est
2609 745 2920 800 intellectus
2948 747 2971 799 ?
2997 747 3154 802 Latet
3177 751 3244 804 ab
3275 755 3456 806 oeulis-

1863 836 2042 890 omnis
2103 837 2359 898 hominis,
2391 840 2456 906 >ξ<
2495 845 2550 892 et
2581 853 2611 891 a
2641 838 2925 892 volucrum
2966 841 3089 895 coeli
3131 843 3449 896 abscondita

1863 936 1967 982 est.
1991 932 2057 994 )s(
2091 928 2332 982 Perditio
2365 941 2420 983 et
2449 946 2598 984 mors
2627 929 2888 984 dixerunt
2920 949 2936 988 :
2971 933 3298 986 Audivimus
3328 937 3451 1002 ejus

1863 1018 2089 1084 gloriam
2148 1017 2170 1084 ζ
2237 1017 2500 1070 Dominus
2552 1018 2960 1072 commendavit
2999 1020 3145 1072 viam
3192 1022 3332 1089 ejus,
3393 1030 3453 1076 et

1865 1107 1980 1175 ipse
2024 1112 2175 1162 novit
2221 1111 2400 1162 locum
2435 1111 2581 1178 ejus.
2620 1111 2743 1180 lpse
2793 1115 2940 1166 enim
2981 1128 3144 1166 omne
3182 1115 3325 1181 quod
3368 1125 3452 1170 est

1863 1193 1966 1248 sub
1991 1195 2152 1261 coelo,
2186 1197 2447 1265 perspicit
2474 1199 2541 1262 “,
2572 1209 2628 1252 et
2678 1203 2828 1254 novit
2866 1218 2987 1270 quin
3020 1213 3148 1255 sunt
3191 1205 3243 1255 in
3282 1213 3446 1268 terra,

1861 1291 1953 1356 qui
1981 1289 2162 1342 omnia
2199 1290 2367 1343 fecit:
2401 1304 2689 1346 ventorum
2723 1295 3069 1359 libramenta,
3106 1313 3260 1364 aqua:
3291 1313 3449 1349 inm-

1861 1396 2040 1434 suras.
2069 1381 2297 1446 Quando
2320 1383 2433 1436 hate
2454 1382 2604 1446 fecit,
2635 1385 2779 1438 sicut
2815 1387 2952 1440 vidit
2997 1390 3070 1453 η,
3105 1390 3449 1442 enumeravit

1863 1473 2162 1541 Xetviam
2185 1477 2522 1542 tempestatis
2563 1477 2670 1547 [ΑΙ.
2706 1481 3450 1551 tcmpestatumjvocibusx

1864 1575 1995 1619 tunc
2020 1566 2155 1619 ridit
2182 1582 2298 1618 eam
2327 1579 2382 1620 et
2416 1571 2670 1636 exposuit
2699 1585 2841 1636 eam,
2869 1572 3102 1638 paravit,
3129 1583 3185 1626 et
3217 1575 3448 1626 investi-

1861 1659 2006 1726 garit
2041 1659 2062 1727 ζ
2097 1659 2238 1712 Dixit
2267 1670 2446 1713 autem
2476 1661 2681 1714 homini
2711 1679 2722 1713 :
2751 1661 2894 1716 Ecce
2923 1664 3094 1731 pietas
3113 1674 3196 1719 est
3224 1667 3448 1735 sapien-

169 1747 310 1801 viam
337 1747 591 1813 juStitise.
627 1745 888 1798 infirmati
919 1757 1048 1800 sunt
1087 1747 1108 1775 ³
1137 1749 1206 1800 ab
1237 1747 1570 1813 hominibus,
1607 1753 1672 1817 )3(
1704 1756 1758 1803 et
1793 1739 1832 1793 Β
1865 1747 1959 1810 tia,
1993 1750 2268 1804 abstinere
2302 1766 2431 1804 vero
2460 1764 2490 1803 a
2521 1751 2700 1817 malis,
2740 1753 2992 1806 scientia.

172 1839 433 1892 commoti
477 1849 607 1892 sunt
642 1838 687 1890 ⁸.
727 1841 793 1904 >ε<
834 1836 1001 1891 Terra
1035 1839 1102 1892 de
1131 1855 1233 1905 qua
1259 1856 1517 1908 egressus
1555 1854 1637 1895 est
1665 1857 1760 1912 pa~

173 1932 258 1982 nis
279 1933 344 1996 Ἀ
374 1931 567 1983 subter
593 1931 615 1961 '
642 1945 762 1984 eam
797 1945 983 1982 versus
1008 1943 1090 1983 est
1113 1934 1265 1998 quasi
1303 1932 1463 1998 ignis.
1487 1935 1554 1999 ᾗ(
1581 1933 1758 1985 Locus

176 2023 417 2092 uppbiri
487 2022 700 2090 lapides
754 2023 892 2091 ejus,
921 2026 988 2090 ῖς(
1019 2033 1074 2074 et
1117 2037 1310 2075 aurum
1367 2023 1486 2091 ejus
1525 2024 1546 2052 ³
1597 2040 1760 2092 agger

179 2125 257 2168 est
283 2116 354 2181 ﬁ;
387 2116 642 2167 semitam
667 2129 828 2182 quam
858 2128 964 2164 non
989 2114 1242 2182 c0gnovit
1264 2115 1380 2166 avis
1408 2117 1473 2180 ἓ(
1496 2131 1594 2167 nec
1629 2116 1762 2168 vidit

176 2220 291 2260 eam
323 2205 522 2259 oculus
573 2205 833 2268 vulturis,
864 2207 927 2270 Χ
962 2219 1060 2257 nec
1095 2203 1206 2274 [ΑΙ.
1240 2204 1371 2274 non]
1410 2207 1760 2259 ealcaverunt

176 2312 288 2350 eam
345 2297 440 2348 lilii
492 2297 888 2360 arrogantium,
1012 2311 1113 2349 nec
1174 2298 1390 2349 transiit
1427 2313 1592 2365 super
1631 2317 1753 2352 eam

177 2393 278 2445 leo.
303 2395 372 2458 Χ
403 2391 462 2445 In
487 2389 999 2458 durissimo-lapide
1027 2391 1274 2443 extendit
1312 2408 1528 2445 manum
1558 2409 1757 2456 suam;

179 2487 242 2550 χ
271 2485 438 2536 vertit
474 2483 620 2534 enim
658 2483 726 2534 ab
781 2483 1044 2550 stirpibus
1078 2493 1290 2536 montes
1320 2483 1341 2550 ζ
1376 2495 1430 2536 et
1483 2483 1624 2552 ripas
1657 2485 1751 2536 litt-

180 2580 384 2627 minum
422 2575 676 2641 disrupit.
706 2572 878 2626 Omne
910 2590 1038 2625 vero
1071 2575 1368 2637 pretiosum
1402 2576 1533 2628 vidit
1566 2576 1759 2627 Oculus

177 2667 292 2734 ejus
343 2667 389 2732 ’,
423 2667 745 2719 altitudines
769 2665 1056 2718 ﬂuminum
1077 2667 1374 2723 revelavit:
1407 2669 1756 2736 ostenditque

179 2758 432 2811 virtutem
468 2773 622 2811 suam
661 2760 716 2810 in
744 2757 973 2810 lumine.
1011 2758 1291 2826 Sapientia
1332 2773 1462 2810 vero
1497 2761 1639 2812 unde
1678 2761 1758 2811 in-

176 2861 336 2905 venta
365 2860 477 2914 est,
503 2852 582 2904 vel
610 2852 733 2920 quis
763 2852 835 2905 sit
863 2851 1020 2904 locus
1049 2851 1335 2904 scientiae?
1367 2851 1582 2918 Ignorat
1615 2869 1761 2904 mor-

179 2942 298 2996 talis
321 2943 472 2995 viam
525 2943 668 3012 ejus,
713 2957 811 2995 nec
845 2943 1155 2994 invenietur
1193 2943 1245 2993 in
1301 2943 1629 2994 hominibus.
1689 2945 1755 3010 ἴε(

2037 1922 2103 1959 ΕΤ
2141 1922 2352 1960 ADJECIT
2383 1921 2472 1960 JOB
2505 1923 2568 1961 AD
2607 1925 3008 1972 ΡΗΑΕῩΔΤΞΟΝΕΙΙ,
3038 1929 3268 1970 DICENS:

1933 2019 2093 2090 [ϐαρ.
2154 2021 2371 2094 XXIX]
2432 2022 2697 2088 Quisnam
2733 2043 2818 2080 me
2856 2030 3108 2084 restituet
3142 2032 3194 2084 in
3232 2049 3448 2088 menses

1864 2127 2110 2178 priorum
2163 2113 2402 2176 dierum,
2457 2115 2740 2182 inquibus
2797 2117 3063 2174 Dominus
3098 2127 3447 2182 custodiebat

1864 2217 1948 2256 me
1981 2205 2002 2256 ἲ
2033 2203 2168 2258 Cum
2204 2205 2422 2258 lucebat
2453 2205 2674 2260 lucerna
2718 2208 2837 2276 ejus
2873 2225 3040 2278 super
3070 2212 3115 2242 ¹³
3142 2231 3320 2270 mequ
3351 2234 3446 2270 ca-

1865 2309 1960 2366 put
1999 2314 2013 2352 :
2050 2313 2172 2350 cum
2214 2299 2264 2349 in
2302 2298 2506 2351 lumine
2535 2299 2654 2364 ejus
2685 2301 3032 2357 atnbulabam
3063 2305 3118 2358 in
3155 2310 3400 2364 tenebris
3425 2328 3448 2376 ;-

1862 2405 1984 2441 cum
2020 2404 2165 2441 eram
2190 2388 2390 2442 ﬂorens
2417 2389 2468 2441 in
2498 2391 2634 2454 viis;
2674 2407 2798 2446 cuin
2835 2393 3098 2450 Dominus
3131 2397 3175 2429 ¹⁸
3208 2401 3447 2470 ἱηδι.ἰ‹;θ-

1865 2492 1945 2531 ret
1974 2480 2197 2531 domum
2261 2495 2458 2541 tueam,
2487 2491 2540 2533 et
2568 2497 2743 2536 essent
2778 2485 2833 2537 in
2866 2485 3200 2542 abundantia
3226 2506 3444 2558 magna,

1862 2581 1914 2620 et
1949 2571 2154 2621 circum
2187 2586 2271 2622 me
2303 2571 2456 2638 pueri
2492 2573 2617 2626 mei.
2639 2572 2774 2628 Cum
2797 2574 2996 2630 ﬂueret
3027 2594 3124 2646 per
3150 2581 3265 2635 vias
3295 2599 3448 2636 meas

1862 2658 2146 2728 butyrum;
2182 2674 2304 2714 cum
2351 2673 2566 2713 montes
2599 2664 2703 2716 mei
2739 2663 3263 2723 abundarentlacte.
3307 2675 3445 2728 Cum

1860 2752 2062 2804 exirem
2093 2757 2396 2806 matutinus
2443 2754 2496 2808 in
2528 2755 2749 2808 civitate
2782 2757 2830 2787 ¹⁸
2865 2772 2918 2809 et
2947 2759 3014 2826 in.
3039 2762 3232 2827 plateis
3273 2779 3448 2832 pone-

1861 2843 2022 2896 batur
2054 2844 2186 2896 milii
2218 2845 2374 2898 sella.
2403 2845 2664 2898 Videntes
2693 2862 2778 2899 me
2808 2850 3184 2906 adulescentes
3213 2854 3450 2910 abscon-

1861 2937 2157 3000 debantur,
2217 2953 2378 2992 senes
2441 2946 2624 2992 autem
2675 2955 2866 2995 omnes
2913 2942 3034 3012 ,[ΑΙ.
3059 2953 3192 2998 tacet
3226 2949 3444 3022 omnes]

175 3035 414 3106 Ahyssns
437 3036 576 3088 dixit
602 3053 615 3088 :
638 3036 755 3089 Non
789 3047 872 3089 est
903 3036 956 3088 in
986 3052 1069 3090 me
1095 3041 1162 3103 >ξ<
1192 3035 1255 3088 Et
1285 3054 1427 3089 mare
1453 3038 1607 3101 dixit,
1637 3037 1753 3090 Non
1784 3064 1827 3121 α
1857 3029 2240 3098 assurgebant,
2269 3040 2322 3082 et
2350 3038 2600 3097 potentes
2630 3033 2982 3086 cessaverunt
3013 3035 3182 3105 loqui,
3215 3040 3440 3102 digitum

176 3137 253 3182 est
307 3143 526 3181 mecum
556 3130 622 3194 )a(
647 3142 754 3180 non
786 3127 1008 3179 dabitur
1060 3143 1257 3179 aurum
1303 3143 1359 3181 —:—
1385 3130 1708 3180 conclusum
1731 3129 1754 3161 ³

177 3219 202 3286 ζ
254 3233 353 3286 pro
395 3231 460 3269 ea
498 3220 566 3282 κ(
595 3225 650 3269 et
694 3231 802 3267 non
835 3218 1172 3283 appendetur
1195 3228 1478 3284 argentum
1517 3220 1566 3270 in
1601 3233 1753 3271 com-

175 3313 478 3362 mutatione
501 3310 643 3377 ejus.
667 3311 734 3374 ἷκε(
757 3307 874 3361 Non
905 3307 1009 3360 erit
1037 3306 1280 3361 deterior
1311 3324 1446 3361 auro
1475 3311 1665 3376 Ophir,
1687 3313 1754 3377 β(

175 3401 386 3469 onyche
425 3400 689 3468 pretioso,
723 3408 778 3452 et
812 3399 1093 3468 sappliiro.
1125 3400 1191 3465 ῖς(
1215 3398 1332 3452 Non
1362 3402 1670 3468 aequabitur
1703 3401 1754 3454 ei

176 3509 367 3547 aurum
399 3504 458 3546 et
499 3493 724 3558 vitrum,
777 3493 844 3559 ys:
873 3502 927 3546 et
977 3493 1333 3546 commutatio
1390 3494 1410 3524 ⁹
1448 3495 1565 3563 ejus
1628 3509 1756 3548 vasa

245 3617 262 3646 ³
295 3615 456 3683 Apud
501 3614 882 3681 Augustinum,
941 3612 1007 3667 Ut
1065 3614 1286 3684 lapides,
1342 3616 1662 3669 excuditur:
1699 3617 1755 3669 in

171 3685 360 3742 Caeci)
396 3687 487 3734 is;
519 3685 648 3751 λίθῳ
676 3685 1015 3752 ὶατομείται.

241 3759 263 3786 ³
299 3755 498 3808 Verius
526 3755 580 3804 in
609 3765 754 3805 recto
803 3754 1008 3817 umbra,
1043 3755 1506 3822 quemadmodum
1538 3768 1592 3809 et
1628 3771 1752 3811 cum

169 3827 361 3880 (ἔπεεο
390 3827 520 3875 om
544 3824 881 3890 Augustinus
935 3826 1061 3890 tegit
1093 3839 1106 3878 :
1145 3840 1253 3878 non
1285 3827 1414 3879 item
1443 3829 1590 3894 quod
1626 3831 1756 3880 sub-

173 3899 345 3948 iuncit
373 3907 423 3946 et
457 3895 595 3948 facta
628 3903 701 3944 est
736 3895 995 3948 discissio.
1031 3905 1134 3947 etc.

240 3900 345 3963 :igit
373 3907 423 3946 et
456 3894 595 3960 facta
628 3903 701 3944 est
736 3895 995 3954 discissio,
1031 3905 1134 3947 etc.

240 3968 262 3996 ³
297 3966 588 4032 Perperam
640 3973 695 4014 et
729 3969 1008 4014 contrario
1036 3979 1198 4016 St‘llsu
1233 3973 1387 4018 antea
1410 3965 1752 4032 cratﬁrmati

171 4045 292 4086 sunt
333 4049 432 4101 pro
453 4031 708 4096 infirmati
732 4042 878 4093 sunt,
937 4034 1081 4100 quod
1117 4049 1182 4085 ex
1216 4032 1405 4087 Graeco
1437 4031 1752 4103 ἠσυὲνησαν

172 4118 441 4171 reponere
464 4117 570 4153 non
604 4103 997 4154 dubitavimus.
1017 4105 1172 4166 Quod
1204 4115 1452 4171 sequitur
1473 4104 1535 4156 ab
1573 4108 1743 4157 liam;-

171 4176 346 4236 nibus,
382 4172 720 4237 Augustinus
765 4173 833 4222 ad
869 4174 1212 4239 subsequens
1235 4189 1471 4238 comma,
1503 4177 1748 4228 commoti

173 4257 319 4305 sunt,
375 4243 599 4309 propius
621 4241 686 4292 ad
717 4239 967 4294 Granum
1006 4242 1191 4295 refert.

241 4315 426 4366 ‘Octo
462 4326 658 4364 versus
707 4321 1000 4378 sequentes
1026 4314 1300 4366 asteriscis
1353 4330 1542 4368 omnes
1577 4316 1746 4368 notati

171 4383 430 4450 leguntur
485 4381 629 4447 apud
661 4381 715 4432 S.
751 4385 981 4447 August.
1035 4382 1177 4435 libro
1229 4387 1656 4437 Ailnntatimium
1695 4388 1747 4438 in

169 4452 274 4504 Job
302 4471 316 4503 :
382 4453 530 4502 unde
555 4463 759 4501 certqu
785 4461 972 4522 exstat
1001 4452 1100 4504 hac
1148 4452 1459 4522 Hieronymi
1502 4458 1752 4508 versione
1791 4469 1832 4519 ι)

175 4539 332 4574 usum
371 4526 546 4575 [uisse
571 4520 957 4593 Augustinum,
991 4535 1096 4573 non
1129 4525 1294 4575 veteri
1328 4520 1429 4576 alia
1459 4537 1514 4577 et
1537 4525 1756 4593 Vulgata

171 4593 228 4643 in
277 4608 386 4660 qua
434 4597 658 4660 deerant
689 4590 1020 4658 septingenti
1080 4593 1161 4644 vel
1211 4594 1511 4660 octingenti
1572 4590 1761 4648 versus

171 4659 500 4730 pnuSquam
524 4659 947 4729 Hieronytniana
973 4677 1166 4714 manus
1186 4659 1760 4720 eiilemsuccurrcret.

169 4735 350 4785 ⁴ὶιιιτ.

240 4805 264 4834 ⁸
300 4803 747 4874 Emendavimus
785 4799 961 4852 subter
1015 4817 1084 4855 ex
1120 4802 1310 4857 Graeco
1341 4803 1623 4865 ὑποκάτω,
1661 4820 1760 4874 pro

171 4878 444 4928 mendose
475 4875 615 4926 lecto
643 4888 671 4924 a
706 4871 1018 4924 Martiauaao
1068 4888 1243 4941 super.
1277 4875 1452 4926 Aliter
1483 4875 1539 4928 ὃ.
1573 4871 1759 4942 Augu-

167 4955 236 4994 su
247 4959 376 5006 nus,
409 4957 455 4997 et
477 4959 596 4996 eam
617 4943 922 4994 incensum:
945 4951 1041 4992 est.

242 5013 265 5043 ⁸
329 5015 506 5069 Nobis
555 5011 845 5079 Augustini
871 5012 1054 5072 lectio,
1085 5011 1152 5064 Et
1203 5028 1416 5080 aggeres
1449 5030 1640 5068 aurum
1685 5018 1754 5080 ci,

165 5083 444 5150 probatur
463 5099 531 5138 eo
555 5083 745 5150 magis,
769 5095 880 5148 quo
902 5084 1073 5148 magis
1096 5083 1284 5135 (ἕνα)εο
1307 5087 1551 5136 adhaeret
1574 5103 1758 5139 exem-

169 5157 335 5218 plari.
363 5157 460 5207 καὶ
487 5155 655 5222 χῶμα.
685 5152 912 5222 χρυσίω
938 5152 1107 5222 north.
1139 5152 1164 5204 Ι
1185 5155 1290 5220 igct
1321 5169 1449 5208 vero
1486 5170 1754 5222 repetere.

165 5229 322 5290 quod
384 5221 520 5278 cum,
553 5226 665 5284 hic,
704 5233 816 5274 tum
852 5221 977 5274 altbl
1015 5221 1129 5275 fere
1186 5238 1403 5290 Semper
1462 5221 1756 5279 asteriscos

167 5307 223 5345 et
261 5296 574 5348 terminalia
613 5303 810 5358 puncta
841 5295 954 5344 suis
972 5306 1196 5360 quaeque
1225 5295 1355 5346 loets
1389 5295 1750 5349 restituimus.

255 5363 276 5392 ⁷
331 5367 394 5420 S.
427 5364 765 5432 Augustinus
795 5361 1132 5415 oculusmeus
1155 5365 1302 5432 legit,
1328 5363 1421 5417 Gr.
1457 5375 1637 5419 tamen
1661 5382 1752 5419 re-

167 5449 384 5496 nuente
415 5447 586 5497 textu,
612 5450 712 5504 pro
744 5433 881 5501 ejus,
915 5435 1102 5484 αὐτοὶ.

241 5513 266 5542 ⁸
325 5509 387 5561 ln
422 5503 651 5560 Hebraeo
680 5506 912 5572 legimus
944 5512 1074 5559 me
1107 5503 1296 5572 Segor,
1333 5503 1481 5572 quod
1520 5505 1748 5561 Ilieron.

172 5593 344 5637 rerttt
368 5593 563 5630 aurum
588 5577 858 5642 obryzum,
883 5576 935 5628 id
957 5587 1060 5636 est,
1082 5574 1437 5638 purissimum.
1455 5574 1598 5628 LXX
1621 5593 1750 5644 συγ-

169 5657 464 5717 κλεισμόν,
489 5650 852 5700 conclusuram
871 5647 1224 5717 interpretati
1248 5655 1398 5717 sunt.
1429 5644 1608 5711 Quare
1633 5662 1750 5699 con-

167 5715 405 5789 duum,
443 5720 591 5788 quod
623 5733 727 5770 non
756 5725 838 5770 est
867 5716 921 5769 in
952 5715 1139 5779 Πρω-η
1175 5715 1334 5770 obelo
1371 5725 1619 5775 notatum
1662 5725 1746 5780 est

1865 3131 2131 3190 ponentes
2166 3123 2231 3175 ad
2290 3137 2352 3175 os
2413 3137 2596 3174 suum.
2661 3120 2728 3176 Et
2758 3124 3046 3178 audientes
3105 3143 3190 3182 nte
3224 3129 3445 3186 felicem

1870 3219 2152 3276 diserunt,
2189 3226 2244 3270 et
2284 3217 2466 3284 lingua
2507 3232 2698 3269 eorttm
2734 3223 2939 3284 gutturi
2967 3238 3160 3276 eorum
3189 3225 3442 3280 adhaesit:

1865 3312 1994 3380 quia
2057 3311 2207 3363 auris
2237 3310 2467 3368 audivit.
2527 3320 2580 3364 et
2616 3310 2950 3368 beatilicavit
3001 3329 3119 3368 me:
3161 3327 3218 3369 et
3251 3317 3449 3371 oculus

1862 3402 2057 3455 videns
2084 3415 2169 3454 tne
2201 3401 2516 3454 declinavit.
2577 3401 2826 3456 Liberavi
2869 3406 3014 3456 enim
3045 3421 3340 3474 pauperem
3373 3408 3446 3460 de

1867 3507 1926 3547 σε-
1954 3508 2117 3546 manu
2147 3493 2171 3560 ζ
2211 3491 2450 3561 potentis
2483 3493 2548 3554 ”,
2582 3503 2638 3546 et
2666 3494 2878 3562 pupillo
2933 3497 3022 3550 cui
3053 3513 3160 3550 non
3199 3510 3316 3553 erat
3346 3503 3444 3554 ad-

1856 3615 1908 3668 in
1941 3629 2044 3667 ma.
2085 3613 2252 3665 MART.

1925 3685 1944 3714 ’
1974 3684 2126 3758 Alii-az
2146 3681 2420 3758 contrario
2441 3696 2628 3744 sensu,
2645 3697 2740 3758 nec
2756 3688 3120 3758 commutatio,
3138 3695 3275 3758 etc.,
3291 3689 3442 3758 quod

1853 3755 2198 3807 restituimus
2231 3756 2281 3806 in
2310 3765 2354 3804 et
2395 3755 2760 3815 commutatio,
2789 3755 3094 3821 etc..ju1ta
3125 3755 3444 3812 Cnet—Att-

1853 3825 2131 3891 gustinum
2151 3865 2162 3874 .
2200 3823 2510 3895 Asteriscos
2537 3837 2755 3895 quoque
2778 3823 2959 3888 plures
2991 3839 3043 3878 et
3073 3826 3142 3876 lin
3157 3827 3281 3890 alia,
3320 3844 3449 3895 qua:-

1853 3898 2105 3954 deerattt,
2146 3903 2345 3960 puncta
2384 3891 2728 3942 sttlfecituus.

1924 3963 1972 3992 ¹⁰
2003 3964 2101 4016 Ms.
2151 3964 2344 4020 codex,
2395 3960 2593 4028 grtiviS,
2652 3970 2907 4030 corrupte
2939 3977 3038 4030 pro
3071 3961 3251 4024 Cabia,
3306 3980 3446 4019 rore

1855 4033 2142 4092 l’lcbraiCa,
2182 4047 2303 4082 nam
2341 4030 2600 4081 llebraice
2620 4029 2884 4092 scriptum
2916 4029 3024 4090 est.
3048 4042 3214 4093 3:32.11
3237 4043 3438 4090 11172521

1855 4103 2062 4173 rantotli
2117 4099 2319 4169 tegebas
2351 4100 2478 4173 :“id
2520 4108 2604 4154 est
2647 4101 2886 4154 Corallia
2942 4112 2993 4154 et
3025 4102 3184 4166 Unio,
3217 4107 3440 4173 ntiqui-

1855 4171 2084 4224 busdam
2125 4178 2324 4240 plaeet.
2364 4169 2535 4240 hiant.

1930 4243 1968 4271 “
2007 4239 2142 4311 Male
2164 4242 2386 4292 retinuit
2410 4239 2664 4296 illartian.
2682 4256 2751 4295 ex
2772 4241 2961 4296 vitiato
2987 4241 3178 4296 codice
3201 4244 3438 4311 per/erit,

1857 4321 2048 4364 contra
2080 4310 2176 4366 Gr.
2207 4321 2438 4364 textum.
2477 4313 2682 4382 ἐφορᾷ.
2716 4321 2772 4365 et
2821 4312 3111 4382 Augustini
3147 4310 3440 4367 lectionem

1859 4383 2130 4448 perspicit,
2167 4397 2327 4450 quam
2361 4381 2725 4434 restituimus.

1933 4453 1977 4482 “
2009 4449 2240 4518 Legerat
2269 4450 2412 4502 idem
2440 4450 2690 4503 Martiali.
2717 4449 2981 4515 Quoniam
3015 4452 3110 4504 [ioc
3140 4451 3282 4518 fec],
3307 4453 3441 4503 sicut

1868 4521 2020 4582 vidit,
2050 4531 2097 4571 et
2123 4522 2264 4586 fecit,
2299 4536 2421 4588 quae
2449 4535 2572 4573 cum
2607 4535 2638 4573 a
2673 4521 2767 4574 Gr.
2803 4530 2954 4575 textu
2978 4522 3194 4587 longius
3217 4523 3442 4573 ablude-

1869 4605 2010 4649 reuz.
2033 4604 2088 4642 et
2112 4591 2432 4658 glossatoris
2457 4591 2667 4643 olerent
2699 4591 2998 4658 ingenium,
3029 4591 3230 4659 placuit
3259 4593 3443 4657 Augu-

1864 4660 2156 4714 Stiniauam
2192 4664 2331 4712 hanc
2377 4661 2688 4730 lectionem,
2709 4661 2920 4730 quando
2951 4661 3091 4728 fecit,
3114 4663 3248 4712 sicut
3287 4662 3438 4728 uidit,

1863 4742 2207 4792 cnumcruvit,
2239 4729 2593 4794 substituere,
2623 4729 2744 4796 qua?
2765 4742 2822 4784 et
2847 4742 2983 4783 satis
3006 4743 3151 4783 recte
3176 4731 3362 4792 habet,
3386 4743 3443 4785 et

1864 4802 1929 4850 ad
1955 4815 2176 4852 vernum
2203 4799 2493 4868 respondet
2515 4801 2647 4852 satis
2673 4802 2810 4855 bene
2837 4803 2924 4854 bis
2950 4798 3044 4853 Gr.
3081 4812 3282 4866 textus,
3309 4802 3441 4854 ὐτε
3499 4848 3504 4854 .

1863 4869 2138 4939 ἐποίησεν,
2172 4868 2343 4931 θῦτως
2376 4869 2497 4922 ἰδὼν
2525 4870 2825 4939 ἠρίθμησε.
3500 4879 3504 4914 ῖ

1935 4937 1978 4968 ⁸³
2007 4941 2231 4993 Duobus
2264 4941 2466 5000 verbis,
2494 4937 2789 4994 manifesto
2811 4952 2996 4994 autem
3027 4941 3247 5003 mendo,
3283 4950 3442 4996 antea

1862 5019 1996 5069 erat,
2032 5011 2105 5062 sit:
2133 5026 2247 5079 per,
2273 5025 2368 5077 pro
2397 5025 2576 5076 super,
2599 5013 2744 5077 quod
2770 5026 2870 5064 nos
2899 5027 2966 5064 ex
2989 5011 3080 5065 Gr.
3105 5011 3266 5076 ὑπὲρ,
3293 5012 3445 5063 aliis-

1861 5094 1966 5146 u_ue
2002 5081 2157 5134 libris
2190 5081 2537 5146 castigamus.

1931 5155 1974 5178 “
1989 5150 2144 5216 Apud
2157 5150 2387 5219 August.
2402 5148 2536 5202 Cum
2552 5148 2766 5202 uerbum
2787 5147 2996 5201 Domini
3015 5150 3315 5217 inspiceret,
3333 5158 3442 5203 etc.

1860 5216 2185 5287 chuendus
2227 5216 2407 5272 tamen
2444 5219 2810 5289 Floriacensis
2839 5235 2968 5282 ms.,
3012 5216 3109 5289 qui
3135 5221 3262 5287 legit
3286 5220 3442 5289 juxta

1857 5301 2182 5356 prasentein
2214 5290 2530 5354 editionem,
2563 5288 2696 5344 Cum
2724 5288 2981 5342 Dominus
3007 5288 3306 5356 inspiceret,
3333 5299 3440 5341 etc.

1928 5391 1994 5402 --
2019 5360 2109 5413 Sic
2132 5361 2316 5412 multis
2348 5359 2469 5412 aliis
2500 5359 2864 5428 scriptionum
2893 5363 2952 5414 S.
2977 5361 3275 5429 Augustini
3305 5363 3441 5429 locis

1855 5431 2212 5485 emendandis
2273 5439 2366 5482 aut
2415 5427 2768 5484 restituendis
2825 5427 3092 5484 inservire
3141 5427 3442 5498 potestBi-

1853 5501 2130 5554 bliuthcca
2168 5502 2353 5553 divina
2383 5499 2438 5553 S.
2474 5498 2811 5569 Hieronymi.
2848 5500 3032 5554 MART.

1929 5573 1974 5603 ¹⁸
1999 5574 2271 5638 Corrupte
2305 5581 2444 5636 erat,
2483 5572 2762 5623 matutinis
2793 5572 2846 5623 in
2871 5573 3157 5623 civitatem.

1925 5644 1971 5676 "
2000 5635 2251 5696 Martia—tt.
2282 5635 2453 5695 soltda
2490 5646 2677 5708 verba,
2722 5644 2784 5694 de
2813 5656 2974 5691 ntanu
3000 5638 3247 5705 potentis.
3283 5635 3444 5691 obelo

1854 5710 2553 5782 transﬁxeratmumtamea
2580 5714 2692 5768 sola
2720 5727 2819 5766 vox
2837 5724 2996 5762 manu
3016 5710 3069 5763 in
3091 5708 3257 5760 llet-r.
3273 5708 3446 5764 abun-
