3966 6184
376 1423 387 1488 l

446 160 520 225 99

1357 155 1420 215 S.
1457 148 1894 214 HIERONYMI
1940 145 2205 208 DIVINA
2252 135 2777 202 BIBLIOTh'm'CA.

3584 120 3692 184 103

443 271 734 343 jntorium,
789 267 1051 324 auxilium
1077 265 1267 321 detuli.
1337 265 1402 330 )a(
1433 260 1754 317 BenediCtio
1785 256 2016 329 perituri
2049 260 2090 313 Α
2123 255 2244 317 ltus,
2311 264 2366 305 et
2404 257 2738 318 aperuerunt
2772 260 2933 314 super
2960 256 3044 294 me
3079 240 3302 343 senii-tas
3362 234 3694 305 perditioni“

447 380 614 433 super
672 377 762 418 me
827 361 1078 417 veniebat
1109 359 1130 426 1
1163 365 1220 414 et
1257 373 1320 411 os
1363 357 1538 409 viduae
1596 352 1877 408 benedixit
1912 366 2019 404 tne.

447 455 777 524 Iustitiaque
808 453 1034 507 indutus
1061 465 1231 515 eram,
1251 458 1308 502 et
1336 447 1611 501 vestiebar
1639 445 1846 516 judicio
1881 445 2023 498 sicut

450 546 757 612 chlamyde.
833 543 1035 599 Oculus
1063 555 1211 595 eram
1274 555 1540 592 czecorum
1571 547 1626 592 et
1681 553 1774 606 pes
1797 536 2023 590 claudo-

451 654 596 692 rum.
634 638 748 704 Ego
779 649 926 690 eram
951 642 1103 702 pater
1133 630 1522 685 invalidorum.
1555 629 1854 690 Judicium,
1879 625 2022 694 quod

454 745 564 784 non
595 743 878 792 noveram,
901 723 1196 794 exquisivi.
1220 720 1473 790 Confregi
1499 721 1668 773 molas
1686 719 2023 788 iniquorum,

452 834 508 874 et
538 819 606 873 de
646 817 827 870 medio
879 815 1121 869 dentium
1153 826 1342 866 eorum
1383 811 1602 878 rapinas
1645 808 1874 860 extorsi.
1909 806 2024 858 Dixi

453 913 598 965 enim
629 925 642 961 :
667 909 820 962 .Etas
840 923 958 960 mea
984 913 1251 968 senescet,
1280 903 1425 956 sicut
1448 902 1605 954 arbor
1641 901 1830 969 palmae
1854 899 2025 951 multo

453 1002 633 1054 vivam
685 1009 948 1067 tempore.
978 998 1045 1064 )5:
1111 993 1285 1048 Radix
1316 1006 1434 1045 mea
1465 1000 1612 1060 patet
1639 991 1703 1042 ad
1735 1003 1926 1056 aquas,
1959 990 2025 1055 ῖς(

456 1097 510 1142 et
536 1103 625 1141 ros
660 1087 966 1139 morabitur
998 1084 1053 1136 in
1087 1097 1263 1135 inesse
1292 1097 1428 1133 mea.
1461 1082 1528 1146 >κ
1552 1078 1732 1131 Gloria
1776 1095 1891 1131 mea
1933 1093 2030 1129 no-

456 1194 522 1232 va
555 1193 790 1239 mecum,
821 1180 887 1245 >κ
918 1188 974 1228 et
1000 1189 1160 1227 arcus
1195 1187 1348 1224 meus
1380 1173 1431 1223 in
1463 1186 1627 1223 manu
1665 1186 1783 1223 mea
1818 1169 2029 1236 gradie-

461 1279 551 1324 tur
583 1270 605 1337 1
638 1270 720 1323 Me
772 1269 1058 1321 audientes
1117 1263 1303 1317 intuiti
1357 1270 1506 1324 sunt,
1558 1270 1613 1313 et
1648 1267 1939 1313 tacuerunt
1976 1257 2030 1310 in

461 1377 586 1415 meo
617 1361 866 1424 consilio,
915 1368 967 1413 et
1001 1358 1054 1410 in
1087 1368 1339 1408 sermone
1367 1367 1488 1406 meo
1528 1367 1636 1405 non
1673 1353 2030 1419 adjecerunt;

461 1453 556 1507 sed
624 1451 794 1520 gavisi
821 1458 949 1503 sunt
1000 1463 1126 1503 cum
1177 1447 1434 1514 loquerer
1466 1445 1567 1497 eis.
1601 1443 1754 1497 Sicut
1795 1453 1938 1496 terra
1963 1442 2036 1496 si-

463 1547 607 1596 tiens
633 1552 913 1609 exspectat
946 1540 1182 1608 pluviam
1209 1557 1222 1592 :
1259 1537 1338 1592 sic
1370 1536 1458 1590 isti
1487 1549 1665 1588 meum
1697 1550 2032 1589 sermonem.

463 1634 618 1699 Quod
657 1633 702 1685 si
733 1641 789 1684 et
827 1603 1058 1684 redirem
1115 1630 1181 1682 ad
1228 1643 1348 1692 eos,
1380 1642 1488 1680 non
1537 1625 1854 1686 credebant,
1883 1629 1949 1692 Ἀ(
1984 1635 2036 1679 et
2069 1603 2108 1655 Β

465 1726 559 1778 lux
591 1725 774 1776 vultus
801 1721 905 1773 tnei
970 1733 1079 1772 non
1108 1719 1445 1772 concidebat.
1473 1721 1540 1784 >ιε
1571 1717 1721 1784 Ειθᾳί
1753 1716 1893 1769 viam
1944 1731 2038 1770 ee-

466 1832 609 1877 rum,
633 1823 687 1868 et
715 1813 830 1866 sedi
897 1812 1169 1881 princeps,
1215 1814 1281 1878 )t(
1313 1817 1368 1862 et
1399 1809 1709 1862 habitabant
1769 1809 1913 1862 sicut
1947 1824 2039 1862 rex

467 1909 684 1959 cinctus
707 1905 943 1958 fortibus
974 1907 1041 1969 >δ<
1063 1902 1215 1970 quasi
1245 1904 1430 1954 tristes
1450 1900 1737 1954 consolans
1769 1899 1789 1966 1

541 1995 696 2067 [ϐαρ.
734 1992 930 2064 XXX]
985 1993 1139 2046 Nunc
1167 2002 1347 2044 autem
1380 1991 1634 2044 derident
1673 2006 1758 2043 me
1815 1990 1986 2044 intimi
2025 2007 2040 2048 ;

472 2104 620 2142 IlllllC
655 2097 882 2139 monent
930 2099 1016 2136 1118
1055 2085 1296 2136 minores
1327 2092 1592 2150 tempore,
1625 2097 1856 2150 quorum
1885 2097 2040 2150 sper-

474 2183 666 2233 nebant
701 2189 956 2248 parentes
989 2178 1030 2241 ';
1075 2185 1131 2228 et
1165 2179 1338 2230 virtus
1371 2191 1632 2228 manuum
1668 2191 1857 2228 eorum
1891 2177 2044 2244 quasi

475 2271 707 2322 nihilum
741 2269 872 2321 mihi
903 2277 1020 2321 erat
1061 2270 1101 2318 ³.
1141 2269 1204 2332 ﬂ
1245 2267 1299 2318 ln
1329 2267 1410 2319 eis
1442 2267 1462 2295 ⁸
1523 2267 1734 2334 peribat
1762 2269 1942 2319 omnis
1969 2267 2046 2316 vi-

478 2373 552 2413 ta.
587 2365 653 2426 ὶι(
687 2361 744 2412 In
773 2369 1014 2428 egestate
1039 2367 1094 2410 et
1121 2358 1262 2410 fame
1293 2357 1573 2410 inStabiles
1599 2372 1612 2408 :
1654 2358 1744 2426 qui
1769 2357 2050 2425 lugiebant

482 2453 537 2504 in
568 2452 846 2504 desertum
881 2450 996 2502 beri
1026 2447 1048 2478 ⁸
1085 2446 1195 2519 [Αι.
1229 2448 1428 2519 eremi]
1497 2459 1717 2518 propter
1769 2451 2049 2516 angustias

479 2554 536 2597 et
569 2543 835 2596 miserias.
862 2543 931 2609 3K
973 2540 1075 2605 Qui
1152 2540 1422 2594 rodebant
1479 2541 1712 2592 cortices
1745 2539 2000 2592 arborum
2032 2555 2047 2604 ;

481 2649 712 2701 quorum
773 2632 1068 2685 eratcibus
1100 2631 1254 2684 radix
1303 2631 1620 2684 herbarum.
1651 2629 1963 2683 lnhonorati
1998 2640 2053 2683 et

483 2723 712 2793 subjecti
754 2720 863 2792 [ΑΙ.
891 2719 1132 2791 abjecti].
1189 2732 1243 2774 et
1277 2729 1499 2788 egentes
1545 2719 1696 2774 omni
1755 2720 1916 2773 bono.
1949 2719 2051 2784 Qui

487 2814 700 2868 radices
723 2812 997 2881 lignorum
1039 2809 1438 2863 tttattducabattt
1469 2819 1692 2878 propter
1724 2809 1920 2862 famem
1943 2823 2053 2860 ma-

2126 361 2261 400 suae.
2313 344 2575 400 Contritaa
2601 350 2728 395 sunt
2782 337 2988 392 semita:
3023 345 3173 386 mem.
3208 327 3374 386 Exuit
3421 329 3564 381 enim
3606 340 3701 378 me

2126 438 2284 500 stola.
2320 445 2374 490 et
2401 433 2599 504 jaculis
2625 432 2740 485 suis
2772 424 3082 482 vulneravit
3104 438 3211 477 me.
3248 421 3468 474 Abusus
3500 427 3583 472 est
3609 432 3702 470 me

2127 529 2270 583 sicut
2302 527 2494 580 voluit.
2526 524 2818 578 Doloribus
2850 517 3130 574 involutus
3154 529 3298 580 sum,
3331 523 3384 568 et
3425 513 3707 567 iterantur

2129 619 2346 673 dolores
2409 616 2537 671 mei.
2587 612 2828 668 Discedit
2868 611 3013 665 sicut
3047 607 3273 677 spiritus
3303 618 3429 673 spes
3469 616 3609 665 mea,
3647 608 3708 651 et

2130 715 2271 769 sicut
2328 713 2503 766 nubes
2553 713 2619 779 >κ
2651 711 2868 764 transiit
2903 711 2926 779 1
2960 708 3105 763 salus
3163 720 3303 759 mea.
3332 705 3398 770 >ί<
3428 703 3493 756 Et
3557 716 3711 755 nunc

2132 822 2298 875 super
2330 821 2416 858 me
2449 802 2770 857 ellundetur
2792 802 2974 855 anima
3007 814 3124 851 mea
3162 797 3185 866 1
3214 794 3584 849 Possederunt
3613 805 3708 843 tne

2133 900 2250 953 dies
2275 898 2526 952 dolorum
2555 913 2569 949 :
2595 893 2763 947 Nocte
2785 907 2916 945 vero
2947 904 3066 944 ossa
3088 903 3208 942 mea
3238 886 3516 940 contracta
3549 892 3708 943 sunt,

2131 1000 2184 1042 et
2214 990 2366 1042 nervi
2391 987 2497 1040 mei
2521 983 2772 1040 dissoluti
2821 990 2972 1036 sunt.
3003 980 3060 1033 In
3089 977 3253 1031 multa
3283 977 3484 1029 virtute
3510 989 3712 1041 appre-

2134 1081 2323 1134 hendit
2375 1080 2568 1133 stolam
2619 1091 2816 1138 meam,
2849 1077 2999 1141 Ἀρι
3047 1069 3202 1139 quasi
3233 1084 3327 1122 ora
3395 1063 3709 1122 vestimenti

2137 1171 2239 1224 mei
2275 1169 2636 1225 circumdedit
2671 1183 2757 1220 tne
2805 1165 2827 1225 ζ
2862 1161 3152 1218 ,Εειίιητιιιί
3195 1176 3279 1213 me
3327 1159 3472 1212 sicut
3505 1157 3712 1210 lutum.

2806 1211 2827 1233 ο

2137 1262 2191 1314 In
2226 1273 2369 1315 terra
2397 1270 2446 1314 et
2468 1260 2653 1314 cinere
2694 1271 2818 1325 pars
2851 1270 2992 1308 mea.
3020 1251 3258 1305 Clamavi
3293 1264 3422 1302 vero
3451 1251 3514 1300 ad
3549 1257 3621 1308 te,
3654 1255 3718 1297 et

2137 1366 2247 1405 non
2271 1351 2469 1405 audisti
2496 1351 2674 1415 nie.}a(
2697 1348 3003 1406 Steterunt.
3024 1355 3075 1397 et
3098 1343 3594 1396 consideraveruut
3619 1351 3719 1388 mc

2149 1443 2173 1511 1
2208 1443 2512 1511 Aggressus
2539 1456 2597 1494 es
2626 1455 2714 1494 tne
2739 1439 2858 1491 sine
2886 1434 3279 1490 misericordia.
3312 1435 3464 1488 Manu
3504 1427 3717 1499 potenti

2144 1532 2443 1587 verberasti
2490 1548 2597 1596 tne,
2639 1539 2694 1584 et
2728 1527 3057 1584 constituisti
3100 1541 3185 1579 me
3220 1526 3273 1578 iri
3303 1524 3600 1586 doloribus,
3642 1526 3721 1590 Χ

2139 1636 2194 1680 et
2222 1624 2499 1695 proiecisti
2553 1638 2637 1677 me
2665 1637 2695 1676 a
2755 1621 2930 1674 salute
2979 1618 3001 1686 1
3029 1619 3142 1671 scio
3173 1618 3319 1670 enim
3351 1617 3496 1684 quod
3561 1627 3723 1666 mors

2139 1729 2385 1776 conteret
2437 1735 2542 1772 me.
2607 1716 2810 1770 Domus
2833 1715 2977 1768 enim
3010 1724 3093 1766 est
3120 1713 3266 1765 omni
3297 1711 3510 1763 mortali
3546 1719 3717 1761 terra.

2140 1817 2315 1876 Atque
2339 1813 2541 1866 utinam
2561 1826 2772 1880 possem
2804 1824 2889 1861 me
2918 1807 3094 1874 ipsum
3127 1802 3454 1865 interficere,
3487 1810 3581 1854 aut
3618 1816 3722 1852 ro—

2140 1923 2269 1978 gare
2312 1907 2477 1960 alium
2505 1907 2526 1937 ⁵
2556 1915 2614 1959 ιιι
2645 1903 2849 1956 faceret
2885 1899 3016 1953 mihi
3051 1900 3151 1951 hoc
3181 1899 3193 1950 !
3221 1897 3334 1967 Ego
3368 1905 3549 1948 autem
3590 1891 3722 1946 ﬂevi

2142 2015 2307 2068 super
2340 1999 2489 2052 oinni
2519 1996 2780 2058 invalido,
2808 2004 2864 2048 et
2898 1991 3170 2059 suspiravi
3200 2004 3323 2042 cum
3351 1987 3595 2040 viderem
3631 1985 3722 2036 vi-

2146 2105 2263 2143 rum
2301 2089 2352 2141 in
2389 2084 2831 2140 necessitatibus.
2866 2082 2977 2151 Ego
3015 2084 3154 2134 bona
3185 2075 3724 2146 prmstolabarEcce

2146 2189 2511 2237 occurrerunt
2545 2179 2674 2231 mihi
2711 2177 2880 2245 magis
2903 2176 3022 2228 dies
3081 2175 3372 2226 malorum.
3409 2176 3472 2236 X
3508 2169 3728 2222 Venter

2151 2287 2300 2324 meus
2337 2269 2595 2323 cll‘erbuit
2629 2270 2674 2331 °,
2719 2277 2774 2320 et
2799 2283 2908 2320 non
2939 2264 3175 2341 tacebit.“
3201 2266 3267 2328 >ς<
3295 2261 3726 2329 Occupaverunt

2148 2380 2233 2418 me
2273 2363 2390 2416 dies
2420 2362 2612 2430 inopiae
2652 2359 2674 2427 1
2716 2358 2952 2413 Gemens
3010 2356 3208 2409 incessi
3267 2355 3384 2408 sine
3416 2353 3636 2406 silentio
3668 2353 3725 2413 ',

2149 2465 2205 2509 et
2229 2455 2348 2508 steti
2397 2454 2452 2505 in
2495 2463 2638 2506 metu
2671 2452 2935 2503 clamans.
2981 2447 3171 2500 Frater
3204 2446 3380 2501 factus
3415 2460 3536 2497 sum
3574 2444 3725 2496 sire-

2153 2563 2368 2610 narum,
2405 2555 2457 2598 ει
2490 2544 2698 2596 anticus
2725 2541 2956 2594 filiarum
2989 2538 3385 2592 struthionum.
3416 2535 3569 2590 Cutis
3593 2549 3727 2588 mea

2153 2637 2422 2705 innigrata
2455 2647 2539 2690 est
2571 2633 2747 2696 valde,
2771 2643 2827 2686 et
2860 2647 2981 2685 ossa
3028 2645 3144 2683 mea
3175 2630 3238 2693 33$
3276 2627 3412 2680 [rixa
3431 2637 3556 2680 sunt
3586 2627 3609 2694 1
3649 2629 3732 2679 ab

2154 2743 2312 2783 aestu.
2355 2729 2516 2780 Versa
2539 2738 2622 2780 est
2655 2728 2706 2778 in
2739 2726 2947 2778 luctum
2970 2721 3181 2776 cithara
3221 2737 3360 2782 mea,
3400 2731 3454 2773 et
3477 2720 3725 2787 psalmus

2158 2837 2312 2876 meus
2346 2821 2401 2872 in
2450 2820 2658 2871 ﬂetum.
2714 2821 2778 2883 ᾖ
2814 2815 2970 2885 {Coi}.
3030 2811 3251 2884 ΧΧΧ1.]
3307 2811 3726 2866 Testamentum

486 2922 671 2976 gnam.
698 2907 1122 2958 lnsurrexcrunt
1150 2905 1221 2988 ιιι-
1243 2901 1354 2972 [AL
1385 2901 1572 2972 super]
1608 2919 1692 2954 ttte
1714 2903 1886 2964 fures,
1916 2915 2054 2969 quo-
2082 2933 2125 2988 ο
2161 2914 2262 2966 [θεῖ
2297 2911 2472 2966 oculis
2526 2909 2682 2972 meis,
2719 2910 2783 2972 χ(
2813 2917 2868 2960 ει
2899 2920 3005 2958 non
3051 2905 3306 2973 cogitabo
3337 2903 3404 2957 de
3435 2904 3640 2972 virgine
3675 2904 3726 2959 ι.

487 3014 608 3051 rum
643 3001 838 3052 domus
890 3008 1046 3050 erant
1080 2983 1325 3048 cave'rna:
1381 3006 1681 3062 petrarum,
1704 2996 1769 3060 >κ
1798 3001 1853 3045 et
1910 2994 2053 3044 inter

486 3091 712 3144 arbores
741 3086 1094 3152 clamabant1
1131 3085 1233 3150 Qui
1255 3086 1356 3138 sub
1387 3085 1648 3152 stirpibus
1677 3091 1837 3136 terra:
1872 3097 2054 3135 manc-

491 3184 641 3236 bant.
673 3178 794 3232 Filii
831 3179 1143 3239 stultorum,
1198 3178 1265 3244 >κ
1289 3184 1344 3229 et
1369 3174 1730 3242 ignobilium;
1772 3187 1971 3226 nomen
2002 3182 2058 3226 et

491 3273 668 3324 honor
700 3271 1007 3324 exstinctus
1038 3283 1066 3320 a
1097 3276 1266 3321 terra.
1320 3267 1478 3320 Nunc
1507 3274 1688 3318 autem
1717 3263 1926 3317 cithara
1962 3279 2056 3316 eo-

493 3380 612 3416 rum
635 3376 735 3432 ego
756 3377 876 3416 sum
902 3376 958 3414 et
980 3375 1065 3414 me
1086 3359 1290 3413 habent
1310 3355 1670 3426 fabulam[Al.
1690 3357 1755 3409 ad
1774 3354 2055 3428 fabulam].

491 3455 799 3509 Abominati
839 3461 968 3506 sunt
1021 3466 1105 3505 me
1131 3449 1477 3504 discedentes
1499 3449 1722 3517 procul;
1768 3464 1869 3500 nec
1894 3450 1947 3501 in
1979 3447 2060 3501 fa-

493 3550 634 3598 ciem
687 3558 861 3596 meam
920 3549 1287 3611 pepercerunt
1345 3556 1562 3608 spuere.
1593 3539 1860 3607 Aperiens
1911 3538 2056 3592 enim

496 3637 802 3704 pharetram
833 3651 1007 3697 suam,
1067 3632 1263 3686 afﬂixit
1295 3648 1414 3686 me:
1446 3641 1502 3686 et
1539 3632 1752 3684 frenum
1788 3632 1841 3683 in
1868 3630 2057 3684 faciem

495 3742 669 3781 meam
733 3727 1018 3779 miserunt.
1050 3723 1224 3778 Pedes
1255 3739 1406 3777 meos
1459 3723 1754 3776 vinxerunt
1785 3722 2061 3790 compedi-

495 3931 607 3988 det,
635 3927 847 3980 caeteris
879 3925 1204 3993 respondeat
1235 3934 1418 3987 vitam.
1450 3927 1527 3978 Ac
1564 3925 1691 3978 licet
1718 3923 1864 3976 aliud
1897 3937 2059 3990 quam

496 3998 642 4066 quod
669 3996 1021 4064 Septuaginta
1057 3997 1391 4066 interpretati
1420 4007 1570 4066 sunt,
1601 3995 1926 4066 vocabulum
1958 3993 2062 4066 hoc

496 4063 658 4121 sonet
680 4085 693 4118 :
716 4063 847 4118 illud
875 4074 1051 4116 tamen
1069 4073 1150 4116 est
1181 4064 1380 4131 ipsum,
1406 4065 1550 4130 quod
1576 4073 1877 4126 verterunt,
1906 4063 2062 4112 δυνά-

498 4153 648 4198 στου,
682 4146 867 4202 atque,
894 4145 953 4184 ut
974 4135 1188 4198 opinor,
1207 4147 1304 4200 pro
1337 4141 1502 4188 -πιιυτε
1530 4144 1874 4197 acceperunt,
1906 4132 2065 4182 dece-

498 4208 574 4274 pti
604 4219 798 4257 vocum
830 4202 1209 4274 similitudine,
1239 4212 1797 4274 qumpostremauna
1823 4202 2062 4252 litterula

2156 3007 2223 3071 3K
2246 3003 2313 3056 Et
2338 3018 2455 3070 qute
2484 3009 2568 3054 est
2607 3013 2731 3067 pars
2761 2999 2864 3050 alia
2896 2995 2988 3049 Dei
3023 2994 3282 3063 desuper,
3320 2997 3386 3060 Β(
3413 3003 3464 3047 et
3490 2993 3730 3046 haeredi-

2159 3105 2238 3148 tas
2294 3090 2684 3160 omnipotentis
2743 3089 2811 3141 de
2861 3086 3112 3140 excelsis.
3157 3087 3224 3150 >3(
3263 3082 3455 3138 Nonne
3483 3084 3729 3152 perditio

2157 3186 2262 3239 erit
2317 3183 2544 3252 iniquo,
2578 3189 2634 3233 et
2691 3177 3020 3232 abalienatio
3083 3175 3414 3229 facientibus
3463 3174 3729 3243 iniquita-

2161 3288 2266 3332 tem
2294 3275 2316 3328 ?
2346 3275 2370 3342 1
2403 3275 2598 3329 Nonne
2637 3272 2755 3341 ipse
2787 3270 2994 3324 videbit
3015 3270 3156 3322 viam
3190 3284 3363 3322 meam
3390 3307 3405 3332 ,
3452 3276 3508 3320 et
3530 3281 3732 3321 omn-5

2159 3384 2377 3440 gressus
2415 3382 2567 3421 meos
2604 3363 3023 3419 dinutneravit?
3071 3362 3129 3416 Si
3176 3361 3376 3415 incessi
3416 3375 3542 3414 cum
3593 3359 3728 3413 irri-

2160 3459 2398 3522 soribus,
2427 3457 2511 3510 vel
2545 3458 2590 3509 si
2621 3453 2899 3509 festinavit
2931 3451 2998 3506 ad
3044 3450 3231 3505 dolum
3287 3467 3381 3521 pes
3409 3465 3585 3516 meus,
3621 3468 3731 3520 ap-

2161 3547 2361 3617 pendat
2394 3562 2478 3600 me
2507 3546 2561 3599 iu
2594 3555 2797 3598 statera
2847 3543 3183 3612 aequissima.
3223 3542 3337 3596 Scit
3377 3551 3560 3596 autem
3606 3543 3724 3595 Do-

2163 3642 2344 3693 minus
2400 3637 2774 3691 innocentiam
2812 3650 3010 3688 meam.
3072 3633 3125 3688 Si
3157 3633 3384 3687 delluxit
3431 3641 3528 3702 pes
3568 3649 3731 3686 meus

2163 3734 2231 3786 de
2264 3735 2371 3794 via,
2421 3731 2549 3783 etsi
2587 3742 2851 3812 [secutum
2898 3735 2982 3780 est
3036 3726 3256 3780 oculum
3301 3741 3394 3780 cor
3427 3741 3633 3780 meum.
3665 3725 3731 3780 Si

2163 3947 2218 3988 et
2258 3934 2414 4000 paulo
2440 3943 2559 4000 post
2584 3932 2722 3984 alter
2745 3931 2796 3983 in
2822 3929 3026 3983 codicis
3055 3929 3400 3983 Alexandrini
3423 3944 3626 3996 nupera
3646 3946 3730 3984 re-

2167 4019 2446 4066 censione,
2503 4017 2611 4056 non
2641 4014 2789 4064 sunt,
2815 4015 2916 4053 nec
2934 4015 3066 4052 sane
3089 4001 3223 4052 alias
3252 4003 3409 4052 nobis
3450 4001 3730 4066 videntur,

2166 4074 2270 4125 nisi
2304 4065 2573 4139 eas,quas
2604 4072 2846 4136 proxime
2869 4070 3204 4136 praecedunt,
3233 4068 3296 4122 In
3318 4077 3374 4122 et
3429 4065 3530 4130 Qui
3565 4083 3732 4122 vocu-

2168 4143 2247 4194 las
2279 4142 2571 4195 illustrare.
2611 4139 2842 4194 ltiferitts
2873 4140 3076 4191 leviora
3130 4139 3377 4206 quaedam
3425 4145 3532 4188 alia
3565 4142 3740 4194 casti-

2171 4220 2456 4278 gantur,et
2485 4226 2607 4262 cum
2636 4211 2824 4276 primis
2845 4209 3110 4261 crassiora
3129 4220 3330 4275 puncta
3360 4206 3478 4260 suis
3498 4221 3737 4276 quaeque

494 4269 533 4338 ᾗ
566 4275 713 4336 Imm,
748 4287 844 4339 pro
872 4282 913 4328 -ι
937 4285 1035 4333 res,
1072 4271 1212 4324 inter
1259 4285 1317 4322 se
1347 4269 1628 4322 ditlerunt.
1657 4270 1765 4322 Nos
1790 4275 1923 4321 adeo
1949 4286 2049 4320 can

2172 4269 2306 4332 locis
2333 4269 2701 4338 atsL-ribunttit‘.

497 4352 760 4397 duntaxat
806 4355 991 4394 vocem
1013 4355 1173 4392 manu
1199 4339 1562 4392 contudimus.
1596 4339 1824 4391 lnl'enus
1847 4354 2060 4405 quoque

498 4415 700 4480 passim
732 4412 909 4463 linalia
938 4419 1139 4473 puncta
1170 4410 1303 4472 suis,
1336 4411 1476 4474 quod
1501 4423 1639 4475 saepe
1665 4423 1972 4480 monemus,
1993 4406 2059 4480 ad

497 4476 739 4535 Sull‘ectae
795 4481 1048 4533 lectionis
1077 4481 1210 4530 lines
1242 4480 1705 4539 inter-noscendus,
1735 4478 1870 4532 locis
1907 4476 2061 4528 addi-

498 4562 696 4603 (11111115.

575 4619 591 4648 ⁸
620 4620 891 4683 Martium,
915 4617 1175 4686 Speraens
1199 4624 1461 4685 parentes,
1490 4616 1580 4684 qui
1613 4625 1793 4670 tamen
1818 4629 1926 4670 nou
1951 4614 2066 4666 ine-

501 4689 683 4741 rudite
715 4691 959 4750 adnotat,
993 4690 1253 4752 subsequi
1288 4688 1372 4739 hic
1394 4689 1624 4738 alterum
1663 4689 2064 4738 hemistichium

499 4761 794 4820 dcbere,ad
815 4760 960 4808 hunc
983 4757 1095 4808 fere
1115 4758 1353 4817 modum,
1373 4758 1510 4818 Quos
1539 4772 1638 4807 non
1664 4757 1841 4825 putavi
1885 4757 2067 4825 dignos

497 4845 605 4880 esse
639 4843 754 4878 cum
777 4830 991 4878 canibus
1023 4842 1251 4877 meorum
1276 4842 1509 4893 gregum,
1541 4822 1673 4878 utin
1698 4827 1792 4878 Gr.
1814 4837 1917 4886 cst,
1961 4822 2069 4883 Ui);

499 4900 597 4966 οὐχ
655 4901 950 4966 ἡγησλμην
983 4896 1164 4957 ἀξίους
1197 4893 1329 4966 sint
1367 4900 1544 4947 κυγων
1575 4913 1678 4945 των
1712 4897 1859 4962 εμὼν
1895 4912 2073 4962 νομα-

499 4964 604 5019 διώ)
634 4983 649 5021 ;
679 4964 925 5032 illudque
962 4969 1130 5017 viucrt
1161 4984 1188 5017 e
1213 4964 1407 5017 Latino
1438 4981 1540 5018 ins.
1575 4967 1857 5018 excidisse.

573 5041 593 5067 ³
632 5039 835 5089 Desunt
889 5039 939 5087 in
975 5052 1075 5086 ms.
1107 5039 1386 5098 nonnulla,
1422 5038 1692 5097 videlicet,
1748 5033 2070 5103 Nonpatari

500 5107 684 5174 dignos
705 5105 914 5158 canibus
940 5121 1168 5158 meorum
1187 5119 1420 5172 gregum,
1443 5106 1544 5164 vel,
1567 5106 1685 5155 Non
1705 5107 1954 5172 diguabar
1983 5125 2075 5176 po-

503 5193 623 5228 nere
651 5194 734 5227 eos
764 5192 879 5226 cum
908 5179 1120 5227 canibus
1147 5179 1316 5243 gregis
1338 5180 1432 5226 mei
1455 5190 1473 5225 :
1508 5190 1626 5241 qum
1660 5189 1836 5226 tamen
1863 5193 1968 5228 rion
1995 5187 2074 5230 te-

503 5259 703 5315 guntur
722 5248 775 5298 in
806 5251 946 5298 libro
965 5249 1390 5297 Adnotattonunt
1410 5245 1465 5297 ὃ.
1484 5248 1764 5311 Αιιδιιδιιιιι
1789 5260 1803 5299 ς
1829 5262 1926 5297 nec
1944 5265 2067 5299 cum

503 5333 565 5368 ea
601 5320 795 5382 legisse
832 5321 882 5367 in
928 5332 1026 5368 suo
1055 5317 1351 5380 exemplari
1390 5316 1658 5382 conjicere
1689 5330 1974 5381 possumus
2005 5333 2069 5370 ex

503 5387 620 5456 ejus
653 5385 994 5453 eXpositionc
1022 5388 1087 5435 ad
1126 5396 1271 5436 nunc
1295 5386 1493 5436 locum.
1526 5389 1693 5456 dlAltT.

579 5458 598 5484 ³
621 5461 848 5523 August.
883 5457 935 5506 in
963 5467 1060 5506 eo:
1100 5466 1208 5506 tum
1245 5466 1388 5507 recte
1414 5455 1636 5522 peribat,
1680 5470 1778 5522 pro
1810 5470 1917 5522 quo
1946 5471 2070 5508 cor-

508 5539 664 5596 rupte
695 5528 850 5582 Mart.
882 5529 1128 5596 pariebat.
1163 5528 1262 5589 Qui
1295 5525 1647 5592 subsequitur
1674 5529 1991 5594 asteriscus,
2019 5541 2074 5583 ut

2238 4346 2258 4376 ι
2286 4348 2441 4400 Hunc
2482 4351 2657 4399 locum
2690 4346 3050 4410 restituimus,
3102 4345 3288 4401 moniti
3322 4361 3351 4399 a
3387 4345 3445 4400 S.
3475 4347 3740 4414 Augusti-

2168 4432 2258 4481 no,
2291 4434 2382 4485 qui
2426 4427 2546 4484 post
2577 4415 2719 4469 LXX
2750 4418 2878 4485 legit
2911 4418 3046 4481 heri,
3068 4430 3175 4469 non
3232 4418 3410 4480 arenti,
3443 4427 3502 4468 ut
3525 4417 3744 4469 exscri-

2167 4500 2288 4557 ptor
2316 4487 2522 4541 codims
2551 4490 2724 4540 nostri
2751 4504 2849 4538 ms.
2891 4487 3070 4540 Mur.

2239 4559 2259 4588 ⁸
2290 4557 2444 4624 Apud
2470 4557 2853 4626 Augustinum,
2883 4571 3127 4624 rogarem
3157 4553 3347 4616 alium,
3376 4562 3424 4607 et
3448 4553 3660 4626 faceret.

2241 4628 2262 4658 ⁶
2293 4627 2466 4689 Hunc,
2488 4636 2540 4677 et
2569 4625 2658 4693 qui
2681 4626 3052 4693 suusequitur,
3087 4626 3401 4678 asteriscum
3427 4629 3494 4675 ad
3524 4625 3734 4678 codicis

2170 4698 2518 4750 Alexandrini
2552 4711 2796 4748 tiorntam
2831 4697 3223 4763 snpplcvimus.

2246 4767 2263 4795 ⁷
2297 4765 2392 4818 Gr.
2448 4768 2607 4817 habet
2641 4765 2768 4816 ἄνευ
2818 4764 2995 4830 θυμοῦ
3039 4765 3121 4817 vel
3159 4763 3348 4831 φιμοῦ,
3383 4763 3434 4816 id
3468 4774 3577 4826 eSt,
3624 4763 3742 4814 sine

2173 4835 2505 4888 animositate
2541 4836 2619 4885 vel
2655 4839 2841 4902 freno;
2893 4848 3061 4899 quare
3091 4835 3233 4885 haud
3268 4836 3402 4896 scio,
3454 4840 3598 4884 unde
3623 4847 3740 4883 ante

2175 4907 2382 4957 silentio
2435 4909 2722 4956 excudent
2753 4913 2934 4956 noster
2961 4920 2974 4954 ;
3015 4905 3118 4955 nisi
3151 4904 3314 4954 cubat
3341 4906 3392 4953 in
3422 4904 3619 4953 mendo
3660 4908 3740 4952 iu-

2173 4991 2294 5037 cus,
2331 4990 2393 5025 ac
2422 4977 2649 5026 lortasse
2677 4975 2960 5041 legendum
2986 4984 3089 5036 ost,
3142 4974 3258 5023 sine
3275 4971 3611 5038 conﬁdentia,
3645 4982 3745 5022 aut

2175 5048 2303 5110 quid
2333 5043 2683 5095 simile.'l'um
2713 5060 2811 5096 nec
2838 5053 2982 5096 recte
3001 5044 3340 5110 Augustinus
3373 5053 3422 5093 et
3449 5041 3611 5103 stetit,
3640 5056 3743 5108 pro

2174 5116 2314 5172 steti.
2350 5128 2457 5166 etc.

2247 5185 2267 5212 “
2291 5185 2466 5236 Aliter
2525 5190 2580 5236 et
2632 5182 2750 5249 plus
2794 5195 2901 5234 uno
2930 5179 3108 5233 inciso
3139 5179 3498 5250 Augustinus,
3538 5178 3606 5250 Ut
3641 5195 3750 5232 non

2177 5257 2397 5322 cogitem
2422 5255 2482 5303 de
2516 5256 2735 5320 virgine,
2761 5261 2808 5303 et
2839 5267 2943 5304 non
2963 5255 3201 5317 cogitabo
3235 5249 3298 5302 de
3328 5251 3568 5322 virgine;
3597 5249 3749 5303 haud

2181 5321 2360 5376 tamen
2393 5339 2457 5375 ex
2511 5323 2870 5389 originalibus
2903 5322 3084 5387 libris,
3125 5333 3304 5374 tamen
3343 5332 3445 5374 etsi
3487 5321 3621 5372 illud
3655 5334 3750 5371 co-

2175 5394 2373 5462 gitabo,
2417 5396 2764 5460 probavimus
2803 5392 2973 5461 magis
3003 5406 3067 5446 ex
3101 5391 3194 5446 Gr.
3243 5396 3482 5461 συνήσω,
3515 5405 3641 5445 cum
3667 5395 3750 5444 lc-

2179 5467 2346 5533 gissct
2373 5465 2529 5517 Mart.
2562 5464 2810 5531 cogitavi.
