3966 6184
189 151 276 214 101
1598 156 1831 217 LIBER
1875 158 2030 219 J08.

3348 179 3446 241 if"?

187 268 437 321 inanibus
473 266 615 321 meis
647 267 800 338 tetigi
829 282 1086 334 munera,
1117 281 1317 332 seram,
1343 273 1397 321 et
1433 267 1526 350 alii
1550 266 1765 322 fructus
1793 275 1841 334 Α
1868 279 2019 323 ctum
2055 271 2266 327 Domini
2296 274 2518 330 excelsi.
2581 275 2734 343 Quod
2763 277 2809 333 si
2844 287 2898 335 et
2928 281 3148 350 gavisus
3197 297 3316 336 sum
3356 299 3445 338 su-

187 375 330 412 meos
353 359 560 428 edant;
610 361 735 415 sine
768 362 940 428 stirpe
971 361 1072 414 sim
1105 375 1271 429 super
1307 348 1538 412 terram.
1582 357 1636 412 Si
1675 374 1762 410 se-

188 459 364 526 rulnm
396 459 480 502 est
517 465 615 503 cor
643 465 826 504 meum
887 449 1201 510 mulierem,
1235 457 1330 502 aut
1366 449 1412 502 si
1454 447 1650 501 obsedi
1681 448 1764 515 ia-

189 555 316 592 nuas
347 542 492 610 eius,
526 541 739 609 placeat
769 557 990 610 quoque
1034 557 1170 594 uxor
1205 555 1322 593 mea
1355 540 1534 602 alteri,
1584 552 1634 592 et
1666 538 1763 592 filii

192 632 286 685 mei
319 632 699 686 humilientur.
755 633 937 687 Furor
971 633 1118 685 enim
1154 632 1325 685 animi
1360 633 1376 662 ¹
1409 640 1492 685 est
1527 630 1762 684 indomi-

193 731 273 774 tus
299 723 706 776 commaculare
739 723 840 775 viri
886 738 1134 776 uxorem.
1174 721 1322 790 ignis
1355 722 1556 775 ardens
1589 731 1672 773 est
1707 720 1760 772 in

193 815 442 867 omnibus
473 816 756 868 membris.
782 816 1122 882 Quocunquc
1147 815 1454 878 intraverit,
1497 813 1763 866 radicitus

193 911 393 975 perdel.
432 906 591 972 Quod
625 906 671 960 si
721 916 777 959 et
803 905 1026 974 despexi
1071 905 1341 973 indicium
1399 903 1587 957 famuli
1632 903 1758 965 mei,

190 1007 273 1049 aut
327 998 565 1059 ancillae,
599 1013 722 1050 cum
753 997 1137 1067 iudicarentur
1176 996 1320 1063 apud
1373 1011 1460 1049 me
1496 998 1516 1026 ¹
1546 1012 1562 1057 ;
1607 994 1760 1062 (quid

188 1090 320 1140 cnim
362 1088 588 1151 facium,
627 1088 672 1140 si
712 1088 979 1155 iudicium
1014 1103 1194 1140 meum
1221 1088 1385 1141 faciat
1421 1085 1759 1149 Dominus?)

185 1180 318 1245 quod
346 1180 392 1232 si
439 1189 497 1232 et
545 1180 944 1240 visitationem.
998 1179 1143 1247 quod
1188 1194 1511 1246 responsum
1574 1177 1760 1230 dabo?

187 1271 372 1323 Nonne
402 1271 558 1323 sicut
577 1285 680 1338 ego
709 1279 1012 1337 conceptus
1042 1285 1163 1323 sum
1197 1270 1249 1322 in
1278 1279 1456 1331 utero,
1480 1277 1536 1321 et
1569 1268 1668 1334 illi,
1706 1279 1763 1322 et

182 1362 377 1416 fuimus
421 1361 682 1415 similiter
703 1363 757 1415 in
788 1362 1018 1416 ventre?
1048 1361 1282 1414 lnﬁrmis
1312 1371 1520 1422 autem,
1550 1359 1595 1412 si
1627 1359 1758 1428 quid

181 1471 311 1521 opus
339 1454 468 1515 fuit,
497 1469 608 1506 non
635 1453 921 1522 denegavi.
941 1451 1130 1506 Vidua:
1167 1453 1386 1507 oculum
1419 1468 1527 1505 non
1561 1467 1759 1506 excru-

181 1544 335 1598 ciavi.
370 1545 485 1597 Aut
534 1543 581 1595 si
615 1559 812 1611 panem
852 1559 1034 1597 meum
1088 1544 1304 1597 comedi
1364 1544 1535 1601 solus,
1567 1553 1758 1596 etnon

1867 375 1965 428 per
1993 363 2148 416 ruina
2181 365 2391 419 inimici
2426 367 2555 429 mei,
2608 377 2664 422 et
2687 367 2825 424 dixit
2855 385 2952 425 cor
2976 387 3181 432 meum,
3215 373 3444 427 benefa-

1866 458 2014 505 ctum
2041 461 2163 514 est‘:
2217 456 2408 509 audiat
2437 458 2587 511 auris
2617 475 2737 515 mea
2772 453 3211 516 uialedictioneni
3239 479 3442 530 meam,

1866 547 2162 613 opprobrio
2192 548 2293 600 sim
2323 550 2376 602 in
2420 566 2540 604 meo
2574 555 2779 621 populo
2829 554 3172 610 diffamatus.
3205 555 3360 622 Quod
3393 558 3441 612 si

1865 652 2008 705 sape
2040 641 2289 694 dixerunt
2325 641 2538 695 ancillae
2563 659 2717 710 meai,
2750 645 2882 711 Quis
2910 647 2994 698 det
3046 648 3206 701 nobis
3229 658 3286 701 ut
3324 665 3444 702 car-

1864 730 2027 784 nibus
2056 733 2174 802 eius
2204 734 2508 787 satientur?
2545 752 2667 790 cum
2708 740 2844 793 satis
2878 739 3056 792 bonus
3092 755 3290 793 essem.
3333 740 3440 794 Fu.

1866 823 1938 875 ris
1969 839 2075 875 non
2108 825 2361 878 manebat
2419 827 2640 896 hospes.
2673 828 2847 883 Janna
2901 846 3020 883 inea
3083 832 3234 883 omni
3271 832 3440 885 adve-

1863 914 2036 968 nienti
2073 917 2315 982 patebat.
2340 915 2495 981 Quod
2537 919 2580 970 si
2608 929 2876 988 etsponte
2903 935 3137 989 peccans
3171 921 3438 976 abscondi

1865 1014 2145 1071 peccatum
2179 1021 2358 1059 meum
2391 1023 2406 1069 ;
2468 1023 2568 1060 nec
2586 1008 2729 1060 enim
2767 1009 2966 1061 erubui
3026 1011 3437 1065 multitudinem

1864 1095 2072 1162 pepuli,
2117 1111 2188 1148 ne
2223 1097 2518 1151 confiterer
2541 1114 2723 1150 coram
2753 1101 2834 1152 eis
2867 1116 2880 1151 :
2913 1108 3008 1151 aut
3036 1100 3079 1153 si
3110 1100 3294 1154 dimisi
3350 1103 3440 1154 in-

1862 1183 2079 1236 ﬁrmum
2106 1187 2228 1238 sinu
2284 1202 2455 1240 vacuo
2503 1188 2653 1241 exire
2684 1189 2902 1256 ianuam
2952 1206 3150 1245 meam.
3194 1193 3259 1259 )a(
3302 1192 3440 1257 Quis

1863 1276 1994 1328 mihi
2031 1277 2234 1330 tribuat
2257 1277 2564 1332 auditorem
2596 1277 2619 1330 ?
2652 1282 2719 1347 Χ
2747 1279 2959 1332 Manum
2995 1280 3208 1334 Domini
3237 1282 3280 1335 si
3323 1297 3435 1336 non

1865 1368 2041 1435 timui,
2079 1369 2102 1436 ζ
2132 1370 2593 1438 conscriptionem
2619 1374 2665 1423 si
2702 1387 2863 1439 quam
2903 1372 3100 1434 habeo,
3133 1386 3299 1440 super
3335 1372 3438 1424 bu-

1864 1475 2044 1513 meros
2076 1475 2225 1513 meos
2251 1461 2440 1514 levans
2469 1462 2510 1525 ⁷,
2562 1472 2617 1515 et
2647 1472 2942 1515 coronatus
2969 1461 3186 1526 publice
3218 1463 3390 1531 legam
3416 1476 3433 1517 :

1863 1561 1918 1606 et
1955 1553 1997 1606 si
2049 1568 2156 1606 non
2193 1553 2407 1623 disrupi
2440 1569 2586 1616 eam,
2627 1562 2682 1607 et
2731 1553 2946 1608 reddidi
2978 1553 3115 1607 nihil
3157 1553 3436 1622 accipiens

181 1635 304 1687 dedi
346 1633 564 1702 pupillo
594 1634 661 1700 Χ
693 1649 761 1686 ex
797 1649 863 1686 eo
920 1635 1068 1702 (quia
1103 1633 1170 1686 ab
1205 1633 1579 1688 adolescentia
1642 1647 1762 1684 mea

1880 1661 1894 1696 i
1926 1644 2194 1698 debitore.
2223 1645 2276 1698 Si
2313 1660 2480 1713 super
2519 1660 2605 1698 me
2633 1661 2876 1713 unquam
2908 1654 3049 1699 terra
3083 1645 3311 1714 gemuit,
3343 1654 3442 1697 aut

187 1727 541 1779 enutriebam
574 1726 732 1794 quasi
791 1736 947 1794 pater
980 1729 1044 1793 Χ
1091 1725 1188 1779 et8
1216 1726 1284 1780 de
1338 1736 1531 1780 ventre
1571 1724 1764 1777 matris

183 1834 314 1872 mea:
363 1819 474 1870 dux
531 1817 613 1870 eis
645 1817 721 1870 fui
760 1817 780 1882 ζ
819 1827 914 1870 aut
948 1818 991 1870 si
1027 1818 1251 1885 despexi
1289 1819 1493 1870 nudum
1526 1834 1766 1884 percun-

186 1925 311 1973 tem,
343 1924 398 1964 et
435 1927 546 1964 non
611 1911 808 1978 uperui
855 1914 944 1978 Χ.
983 1926 1090 1963 non
1132 1911 1422 1963 habentem
1454 1913 1702 1964 velamen
1736 1908 1759 1978 ζ

190 2004 532 2056 lulirniorum
562 2019 692 2056 vero
719 2003 762 2054 si
798 2019 903 2054 non
938 2002 1333 2056 benedixerunt
1355 2002 1487 2054 mihi
1525 2002 1762 2064 humeri,

191 2096 331 2147 etde
365 2103 598 2146 tonsura
637 2095 824 2145 ovium
853 2109 1100 2146 mearum
1128 2093 1376 2146 calcfacti
1408 2103 1557 2147 sunt.
1590 2095 1644 2146 Si
1685 2094 1765 2146 le-

191 2187 305 2240 vavi
350 2201 522 2253 super
574 2186 843 2254 pupillum
908 2199 1130 2237 manum
1173 2188 1238 2250 Ἀ(
1277 2201 1452 2238 meam
1499 2187 1519 2254 ζ
1588 2184 1764 2238 ﬁdens

194 2281 309 2345 quia
335 2279 569 2329 multum
596 2285 682 2330 est
713 2276 846 2328 mihi
895 2276 1254 2345 adiutorium,
1293 2276 1542 2329 discedat
1571 2275 1765 2328 hume-

195 2384 283 2422 rus
312 2375 334 2397 ⁸
390 2384 548 2422 meus
580 2383 608 2420 a
635 2369 826 2437 iugulo
883 2383 1025 2430 ineo,
1070 2377 1125 2421 et
1173 2369 1454 2421 brachium
1513 2384 1700 2422 meum
1735 2385 1765 2420 a

194 2461 373 2513 cubito
413 2475 536 2512 meo
577 2468 916 2512 conteratur.
965 2461 1153 2514 Timor
1190 2463 1336 2514 enim
1377 2461 1592 2514 Domini
1645 2459 1756 2530 [AL

194 2563 319 2604 tacet
357 2549 600 2622 Domini]
652 2552 926 2603 continuit
971 2567 1078 2615 me,
1217 2565 1271 2606 et
1298 2569 1321 2605 ς
1378 2554 1617 2620 pondere
1648 2553 1767 2622 eius

197 2659 293 2697 non
323 2645 633 2700 sustinebo.
659 2648 727 2712 γε(
751 2645 806 2698 Si
839 2645 993 2713 posui
1027 2662 1221 2698 aurum
1273 2646 1438 2699 robur
1470 2661 1649 2699 meum
1686 2647 1706 2676 ⁵
1739 2647 1760 2713 ζ

196 2733 329 2798 quod
353 2743 411 2786 et
439 2733 484 2785 si
518 2736 571 2784 in
605 2734 787 2801 lapide
818 2736 1058 2802 pretioso
1117 2735 1344 2787 fidebam
1377 2751 1389 2784 :
1427 2733 1567 2788 si'et
1619 2736 1767 2788 heta-

193 2835 275 2878 tus
331 2839 456 2878 sum
519 2840 644 2877 cum
685 2834 832 2878 esset
863 2827 996 2878 mihi
1029 2840 1229 2879 census
1286 2829 1510 2888 inultus.
1551 2828 1593 2880 si
1630 2839 1684 2880 et
1713 2828 1765 2880 in

194 2916 687 2970 innumerabilibus
721 2915 742 2946 ‘
772 2916 930 2984 posui
961 2933 1180 2969 manuni
1224 2933 1420 2970 meam.
1448 2919 1528 2970 An
1556 2934 1662 2970 non
1693 2919 1768 2969 vi-

192 3007 379 3061 demus
408 3007 579 3062 solem
607 2983 883 3061 lucentem
911 3008 1170 3068 deficere,
1222 3019 1278 3062 et
1309 3009 1494 3062 lunam
1537 3011 1707 3062 minui
1742 3009 1764 3062 ?
1798 2983 1832 3032 Π

195 3115 294 3152 non
350 3102 502 3152 enim
547 3101 602 3152 in
652 3100 785 3168 ipsis
813 3107 924 3160 est,
960 3102 1027 3166 Χ
1080 3109 1135 3152 et
1166 3100 1460 3168 deceptum
1495 3111 1581 3154 est
1618 3103 1761 3154 clam

194 3204 280 3242 cor
303 3205 490 3243 meum
515 3189 539 3258 ζ
563 3189 718 3254 Quod
738 3189 782 3241 si
807 3197 863 3242 et
885 3190 1166 3242 osculatus
1188 3205 1310 3242 sum
1345 3206 1565 3242 manum
1590 3206 1766 3242 meam

195 3296 394 3349 ponens
424 3282 496 3335 ad
533 3297 594 3335 os
625 3296 830 3344 meum,
861 3291 915 3334 et
942 3282 1045 3334 hoc
1085 3281 1216 3334 mihi
1244 3282 1310 3335 ad
1342 3297 1590 3351 magnam
1627 3284 1769 3352 iniu-

196 3376 390 3428 stitiam
417 3385 709 3443 reputetur
743 3389 758 3426 :
791 3374 921 3443 quia
960 3375 1221 3428 mentitus
1255 3390 1378 3429 sum
1431 3375 1489 3427 in
1535 3389 1772 3443 conspe-

257 3637 272 3667 '
309 3635 498 3700 Neque
539 3631 631 3684 hic
664 3630 802 3684 bene
849 3628 1137 3697 Augustini
1175 3627 1345 3683 codex
1388 3631 1581 3684 animm
1615 3645 1766 3696 mete,

195 3721 288 3774 pro
315 3705 488 3757 animi
515 3704 806 3774 duntaxat.

259 3775 280 3804 ¹
319 3773 654 3828 διιΠεοὶιιιιιδ
689 3770 778 3821 hic
803 3770 1010 3838 reliqua
1041 3772 1326 3838 praesentis
1357 3770 1613 3825 versiculi
1645 3788 1770 3824 ver-

197 3845 283 3906 ba,
312 3861 430 3896 cum
455 3844 834 3909 judicarentur
852 3843 994 3907 apud
1030 3857 1138 3903 me;
1171 3852 1284 3893 tum
1313 3842 1546 3895 solidum
1577 3842 1770 3894 subse-

195 3926 468 3977 quentein,
510 3912 604 3979 qui
665 3913 911 3962 decimus
957 3921 1187 3979 quartus
1234 3921 1316 3964 est
1373 3912 1430 3964 in
1467 3913 1532 3964 iis
1596 3911 1769 3975 libris,

199 3989 282 4036 uni
324 3997 516 4036 versus
551 3982 618 4034 ad
648 3995 998 4032 numerorum
1037 3982 1235 4032 seriem
1282 3990 1542 4033 notantur
1574 3999 1586 4033 :
1625 3982 1764 4044 Quid

196 4056 325 4104 enim
361 4053 587 4119 faciam,
649 4050 694 4101 si
727 4049 989 4113 judicium
1042 4066 1210 4101 meum
1258 4050 1420 4112 faciat
1458 4050 1714 4104 Dominus
1747 4053 1770 4103 .’

197 4128 326 4189 quod
380 4139 422 4173 st
484 4134 532 4172 et
585 4121 958 4184 visitationem,
1018 4120 1157 4187 quod
1212 4136 1521 4186 responsum
1584 4121 1772 4173 dabo?

199 4199 384 4247 Deerat
416 4201 546 4244 ante
575 4206 674 4241 nos
707 4199 854 4241 tanta
890 4201 1112 4256 tamque
1151 4191 1378 4256 insignis
1413 4192 1663 4256 periocha
1715 4195 1767 4245 in

201 4263 381 4315 Latina
415 4265 518 4314 ista
545 4261 810 4318 editione,
859 4273 924 4310 ex
957 4261 1240 4311 decurtalo
1266 4272 1318 4312 et
1367 4275 1559 4312 maneo
1586 4275 1770 4312 exeni-

1868 1734 2006 1788 sulci
2037 1735 2156 1802 eius
2195 1735 2546 1802 ploravernnt
2601 1735 2764 1788 simul
2801 1750 2816 1799 ;
2873 1743 2968 1788 aut
3013 1735 3058 1788 si
3087 1746 3143 1788 ct
3171 1735 3434 1788 virtutem

1864 1828 1985 1896 eius
2011 1827 2223 1880 comedi
2259 1827 2409 1879 solus
2438 1827 2553 1880 sine
2587 1827 2762 1896 pretio
2793 1845 2808 1892 ;
2850 1835 2946 1882 aut
2984 1827 3027 1880 si
3058 1826 3296 1880 animam
3330 1824 3438 1878 Do-

1869 1916 1998 1969 mini
2033 1928 2190 1971 teme
2217 1917 2499 1986 decipiens
2533 1920 2860 1973 contristavi
2902 1936 2915 1974 :
2963 1935 3063 1989 pro
3097 1918 3276 1972 tritico
3317 1932 3441 1989 ger-

1867 2009 2039 2063 minet
2070 2010 2203 2063 mibi
2238 2012 2420 2064 urtica
2451 2011 2576 2079 ‘,.et
2608 2025 2708 2080 pro
2733 2011 2942 2066 hordeo
2977 2012 3153 2081 spina.

2248 2227 2314 2265 ετ
2345 2225 2684 2273 ουιιενεηυιητ
2715 2227 2882 2266 VERBA
2917 2227 3024 2266 1013.

1937 2364 2093 2436 [tino
2128 2363 2373 2434 XXXIIJ
2408 2364 2777 2419 Cessaverunt
2807 2376 2990 2419 autem
3040 2376 3097 2419 et
3123 2373 3234 2420 tres
3275 2368 3440 2421 amici

1868 2460 1986 2529 cius
2014 2461 2152 2512 ultra
2183 2459 2563 2512 contradicere
2582 2455 2721 2524 Job;
2758 2466 2878 2510 erat
2911 2459 3056 2510 enim
3089 2457 3194 2510 Job
3225 2458 3280 2510 in
3311 2473 3444 2512 con-

1869 2563 2184 2629 speclu‘suo
2209 2550 2414 2618 iustus.
2459 2551 2526 2603 Et
2558 2551 2732 2602 iratus
2763 2560 2847 2602 est
2878 2549 3061 2603 furore
3091 2549 3243 2602 Elius
3295 2550 3442 2602 [ilius

1869 2644 2151 2697 Barachiel
2185 2644 2406 2696 Buzites
2449 2643 2516 2696 dc
2544 2643 2872 2712 cognatione
2906 2644 3040 2696 Ram
3073 2657 3134 2696 σξη
3169 2643 3442 2696 Ausitidis

1872 2737 2114 2806 regionis
2154 2736 2176 2801 ζ
2228 2735 2354 2790 Job.
2401 2735 2573 2787 lratus
2617 2743 2796 2787 autem
2825 2734 3002 2798 valde,
3031 2735 3160 2801 quia
3193 2749 3251 2788 se
3288 2734 3440 2788 dixe-

1871 2829 1940 2880 rit
1963 2827 2170 2896 iustum
2204 2835 2332 2880 ante
2364 2825 2553 2876 Deum.
2595 2823 2660 2876 Et
2694 2824 2868 2876 tribus
2919 2824 3112 2876 amicis
3156 2823 3331 2878 iratus
3359 2834 3445 2879 est

1875 2918 2029 2970 valde
2064 2917 2210 2986 quod
2262 2930 2368 2968 non
2411 2923 2712 2983 potuerunt
2765 2914 3108 2983 respondere
3162 2917 3446 2970 contraria

1871 3007 2022 3070 Job;
2077 3014 2134 3058 et
2191 3004 2605 3058 testiinaverunt
2659 3018 2786 3057 eum
2839 3019 2962 3058 esse
3009 3004 3264 3073 impium.
3297 3003 3449 3060 Elius

1873 3112 2055 3153 autem
2079 3097 2356 3161 sustinuit,
2396 3107 2452 3149 ut
2483 3096 2639 3149 daret
2671 3111 2998 3164 responsum
3026 3096 3152 3160 Job,
3198 3097 3326 3166 quia
3353 3111 3443 3150 se-

1873 3194 2056 3247 niores
2085 3207 2142 3244 se
2174 3199 2332 3244 erant
2358 3190 2412 3243 in
2441 3190 2655 3243 diebus.
2694 3189 2758 3242 Et
2792 3191 2928 3243 vidit
2963 3190 3134 3255 Elius,
3163 3191 3292 3258 quia
3339 3207 3448 3245 non

1872 3295 1954 3338 est
1985 3283 2276 3352 responsio
2329 3283 2380 3335 in
2435 3298 2530 3337 ore
2568 3284 2732 3336 trium
2772 3283 3039 3348 virorum,
3072 3285 3138 3350 )ti:
3179 3291 3232 3338 et
3275 3283 3450 3338 iratus

1875 3383 1958 3428 est
1985 3376 2136 3426 furor
2158 3374 2298 3444 eius.

1874 3629 2044 3685 Graeci
2084 3641 2368 3683 Contentus
2402 3631 2581 3691 fidem,
2617 3648 2852 3695 summa,
2892 3643 2950 3686 ut
2986 3634 3171 3688 videre
3201 3642 3284 3688 est
3309 3674 3323 3694 .
3355 3651 3442 3690 re-

1876 3701 2126 3766 ligione:
2185 3711 2243 3750 Iit
2293 3700 2407 3752 haec
2466 3715 2683 3769 quoque
2736 3703 3206 3756 verosimillimum
3269 3704 3363 3764 sit.
3418 3721 3451 3758 a

1877 3771 2148 3838 genuinis,
2189 3771 2232 3822 si
2281 3779 2577 3830 exstarent,
2637 3771 2754 3824 fore
2820 3781 2879 3824 ut
2921 3788 3021 3824 nec
3067 3773 3234 3826 verbo
3288 3781 3448 3826 tenus

1876 3842 2218 3909 abluderent.
2247 3839 2448 3890 lnseria
2472 3849 2651 3892 autem
2699 3850 2825 3893 sunt
2863 3842 3054 3901 textui,
3082 3843 3226 3909 quod
3287 3844 3448 3894 aliter

1875 3911 2058 3960 nullus
2081 3908 2249 3961 ferme
2283 3919 2558 3961 constaret
2587 3925 2802 3972 senSns,
2853 3925 2954 3963 nec
2989 3908 3256 3965 restitutae
3286 3928 3313 3961 ει
3351 3928 3446 3962 no-

1879 3980 1962 4032 bis
1991 3979 2275 4031 senlentize
2311 3980 2450 4031 ratio
2479 3981 2610 4032 satis
2628 3980 2912 4032 commode
2935 3980 3132 4033 lectori
3161 3994 3448 4050 perspecta

1878 4065 2003 4102 esse
2020 4059 2232 4118 posset.

1949 4119 1970 4150 ³
2007 4116 2072 4169 Et
2106 4119 2446 4186 particulam,
2472 4127 2530 4172 ct
2561 4116 2739 4171 finalia
2791 4126 2992 4186 puncta
3025 4133 3146 4186 quae
3189 4117 3444 4180 deerant,

1877 4204 1976 4242 nos
2004 4190 2371 4254 reposuimus.
2406 4188 2723 4252 Huiusmodi
2747 4190 2864 4241 alia:
2886 4191 3270 4242 asteriscorum
3313 4205 3443 4255 pun-

1876 4269 2195 4325 ctorurnqne
2225 4270 2364 4311 nota:
2395 4259 2532 4311 infra
2567 4260 2632 4311 ad
2655 4259 2860 4312 codicis
2884 4257 3239 4312 Alexandrini
3263 4273 3446 4312 exem-

199 4336 326 4401 piari
356 4345 618 4401 expressa
645 4346 661 4384 :
692 4317 858 4401 quam
889 4329 1025 4381 nihil
1058 4339 1147 4401 est
1170 4331 1420 4401 dubium,
1452 4331 1565 4381 sola
1615 4345 1767 4383 vete-
1805 4317 1847 4369 Ῑ)
1876 4334 2025 4401 plum
2054 4317 2445 4401 restituuntur.

201 4399 269 4455 iris
293 4400 650 4454 alllatiucnsis
699 4400 992 4450 oscitantia
1034 4399 1322 4452 excidisse.
1369 4399 1638 4452 Nimirum
1681 4409 1769 4453 est

202 4478 238 4524 si
259 4489 374 4540 quae
399 4472 507 4522 alia
555 4483 678 4536 pars
700 4470 841 4520 sacri
865 4479 1151 4521 contextus
1179 4468 1503 4531 certissima,
1529 4484 1649 4540 qua:
1675 4485 1767 4522 ne-

201 4539 314 4596 u’uni
340 4541 517 4592 liebr.
548 4541 862 4607 archetypo,
891 4552 955 4589 ex
981 4553 1089 4605 quo
1111 4551 1297 4605 postea
1314 4540 1380 4591 ab
1407 4540 1524 4605 ipso
1544 4539 1768 4596 l‘lieron.

202 4630 248 4665 in
276 4613 534 4666 Latinum
559 4623 821 4661 conversa
854 4617 973 4672 est;
1013 4608 1106 4661 sed
1138 4623 1191 4660 et
1217 4608 1272 4659 in
1308 4608 1400 4661 Gr.
1435 4619 1679 4676 superat,
1702 4626 1768 4661 ex

199 4701 296 4752 quo
351 4694 661 4752 verstonein
724 4681 862 4752 hanc
930 4679 1166 4752 priorem
1237 4692 1391 4730 suam
1427 4679 1765 4752 _adorn_avtt.

201 4748 367 4807 Verba
405 4760 555 4812 sunt,
587 4749 940 4817 Κρινομένων
995 4748 1175 4798 αὐτῶν
1227 4755 1361 4817 πρὸς
1422 4750 1542 4815 ἐμὲ,
1585 4750 1637 4799 τί
1664 4750 1769 4816 γὰρ

201 4829 425 4893 ποίησιν,
450 4826 546 4870 ἐὰν
579 4819 760 4869 ἐτεσιν
785 4835 888 4893 pou
916 4821 1117 4887 ποιήσῃ
1143 4819 1170 4867 ὁ
1203 4819 1437 4887 Κύριος;
1465 4823 1559 4893 ὲᾼᾳν
1586 4820 1642 4869 δὲ
1675 4830 1770 4870 και

203 4889 506 4960 ἑπιέιοπὴν
534 4928 552 4954 ,
599 4891 722 4938 τίνα.
749 4889 1046 4953 ἀπόκρμσιν
1084 4891 1380 4954 ποιήσυμαι
1405 4905 1420 4952 ;
1460 4889 1556 4941 His
1585 4897 1766 4941 autem

203 4980 314 5032 quae
337 4963 529 5014 Latine
559 4960 957 5027 supplevimus,
988 4960 1150 5010 verbo
1183 4962 1250 5009 ad
1277 4961 1501 5010 verbum
1541 4973 1768 5026 respon-

203 5047 357 5088 dent:
385 5045 577 5097 etqum
605 5044 798 5080 eorum
829 5043 1059 5080 maxumi
1090 5037 1469 5095 genuamtatis
1501 5037 1585 5079 cst
1615 5038 1766 5092 nota,

202 5117 442 5172 exceptis
507 5106 642 5161 his,
705 5113 828 5166 quae
893 5100 1205 5164 parenthesi
1274 5099 1766 5172 inciusunus_,_ab

201 5167 424 5243 Au’g-Ist.
461 5175 579 5238 ipsa
612 5171 1263 5243 lauoariiurpsicqueab
1280 5183 1346 5220 eo
1382 5177 1510 5219 sunt
1538 5167 1764 5243 totidem

202 5238 380 5298 verbis
415 5243 713 5309 descripta,
758 5250 818 5291 ut
840 5238 971 5290 nihil
993 5254 1102 5303 iam
1139 5239 1472 5299 dubitemus,
1507 5239 1637 5304 quin
1672 5253 1767 5290 eam

197 5321 315 5367 dein
345 5319 432 5367 illa
461 5325 569 5366 sint
593 5353 606 5375 ,
649 5329 772 5378 qua:
800 5312 858 5360 ὃ.
895 5321 1166 5376 interpres
1198 5309 1420 5361 Hieron.
1454 5324 1509 5358 in
1541 5323 1636 5359 sua
1663 5309 1766 5362 ista

196 5404 257 5438 ex
282 5388 472 5439 Gr’xco
525 5399 780 5436 versione
823 5385 1024 5447 posuit.
1059 5381 1209 5439 Sola,
1246 5382 1489 5445 inquam,
1526 5393 1609 5438 ea,
1647 5393 1767 5444 quae

200 5473 410 5509 uicinis
439 5454 793 5506 includuntur
828 5450 1007 5514 :-Quid
1026 5464 1162 5500 enim
1187 5449 1403 5515 faciam,
1433 5450 1478 5499 si
1499 5448 1766 5516 judicium

199 5545 365 5581 mem
421 5527 589 5599 faciat
641 5524 916 5584 Dominus,
968 5535 1250 5588 supposita
1283 5536 1314 5572 a
1352 5521 1508 5574 nobis
1535 5528 1666 5574 sunt
1697 5520 1767 5569 ad

1942 4400 1963 4429 δ
1998 4399 2058 4450 1η
2086 4398 2328 4451 editione
2355 4399 2594 4451 Romana
2626 4395 2768 4450 LXX
2805 4397 3168 4465 lnlerpretum
3203 4396 3450 4449 humerus

1873 4485 2014 4520 meus
2048 4487 2078 4521 α
2103 4470 2376 4531 iunctura.
2411 4470 2755 4532 Augustinus
2788 4481 2994 4528 autem,
3024 4477 3083 4521 ut
3125 4478 3180 4520 et
3207 4482 3310 4520 ms.
3347 4484 3450 4519 no-

1872 4549 2004 4603 ster,
2030 4558 2060 4592 a
2083 4538 2270 4606 jugulo
2309 4554 2440 4590 meo.
2473 4538 2647 4590 MART.

1943 4611 1962 4641 ⁵
1991 4614 2064 4664 ita
2093 4623 2256 4662 etiam
2291 4608 2350 4661 S.
2387 4608 2744 4678 Augustinus.
2798 4606 2926 4661 Alii.
2965 4607 3027 4662 Si
3069 4606 3218 4676 posui
3253 4621 3446 4678 nurum

1871 4681 1926 4731 in
1954 4683 2194 4747 caugium
2230 4694 2428 4731 meum.
2461 4676 2720 4732 Conferat
2753 4679 2917 4747 igitur
2948 4678 3117 4731 lcetor
3158 4676 3446 4747 studiosos

1872 4751 2011 4803 hanc
2043 4746 2338 4803 editionem
2369 4751 2491 4801 libri
2519 4749 2620 4803 Job
2654 4746 2786 4802 cum
2832 4759 2980 4799 textu
3013 4746 3443 4799 Adnotationuni
3514 4747 3519 4796 ἑ

2356 4819 2539 4872 statim
2589 4819 2896 4887 perVidebit
2953 4819 3285 4887 ipsissiinain
3317 4830 3441 4886 esse
3518 4820 3528 4850 ἓ

1873 4825 1929 4872 S.
1979 4822 2287 4882 Augustini,

1871 4893 2203 4950 versionem,
2233 4904 2339 4956 qua
2365 4890 2448 4941 ille
2483 4884 2655 4940 utitur
2696 4890 2751 4939 in
2786 4892 2976 4940 eodem
3009 4901 3197 4956 onere.
3232 4884 3404 4956 Mm.

1945 4967 1963 4988 °
2003 4959 2159 5013 Falso
2189 4954 2349 5012 antea
2375 4959 2656 5026 legebatur
2686 4956 2740 5008 in
2772 4955 3209 5009 numerabilibus.
3261 4954 3451 5026 Graece

1871 5040 2054 5083 autem
2078 5039 2180 5094 est,
2215 5031 2302 5080 ἐπ’
2333 5025 2754 5098 ἀναριθμήτοις,
2805 5027 2958 5096 juxta
2993 5036 3134 5094 quod
3183 5025 3448 5078 emendae

1876 5117 2016 5154 nius.

1947 5171 1964 5199 ⁷
1995 5172 2087 5224 Ait
2141 5170 2197 5224 S.
2255 5169 2592 5238 Augustinus
2615 5166 2696 5238 ad
2743 5167 2890 5219 hunc
2938 5165 3160 5238 locum:
3205 5164 3454 5218 Conscri-

1870 5243 2098 5306 ptionem
2125 5243 2170 5293 si
2195 5237 2358 5306 quam
2383 5238 2571 5291 habeo.
2605 5237 2669 5288 Ιιι
2699 5241 2744 5291 si
2775 5255 2878 5288 nun
2910 5237 3112 5303 disrupi
3154 5252 3272 5289 eum
3297 5250 3453 5299 super

1871 5316 2112 5364 humeros
2163 5327 2336 5373 meos,
2390 5320 2435 5362 et
2476 5323 2756 5362 coronatus
2811 5311 2972 5374 legem
3020 5323 3176 5375 super
3211 5308 3450 5358 humerus

1875 5397 2014 5433 meos
2039 5382 2237 5445 levans,
2275 5394 2383 5443 etc,
2524 5451 2530 5452 γ
2720 5451 2748 5452 κν
2908 5448 2917 5452 _
3416 5443 3425 5452 .

1943 5451 1964 5479 ⁸
1999 5453 2340 5506 Martiameus
2366 5451 2624 5520 germinet
2657 5451 2782 5503 mihi
2813 5448 3056 5511 urticam,
3085 5455 3138 5498 ct
3171 5457 3312 5505 mox,
3345 5448 3452 5507 spi-

1873 5539 2023 5577 nam.
