  <div class='ocr_page' id='page_1' title='image "/cluster/home/n/w/nwhite01/storage/ocr_20150623/29/hvd.32044096580519/067.png"; bbox 0 0 3966 6184; ppageno 0'>
   <div class='ocr_carea' id='block_1_1' title="bbox 416 269 517 338">
    <p class='ocr_par' dir='ltr' id='par_1_1' title="bbox 416 269 517 338">
     <span class='ocr_line' id='line_1_1' title="bbox 416 269 517 338; baseline -0.04 -1"><span class='ocrx_word' id='word_1_1' title='bbox 416 269 517 338; x_wconf 79' lang='lat' dir='ltr'><strong>lb3</strong></span> 
     </span>
    </p>
   </div>
   <div class='ocr_carea' id='block_1_2' title="bbox 415 377 2057 452">
    <p class='ocr_par' dir='ltr' id='par_1_2' title="bbox 415 377 2057 452">
     <span class='ocr_line' id='line_1_2' title="bbox 415 377 2057 452; baseline -0.023 -1"><span class='ocrx_word' id='word_1_2' title='bbox 415 410 480 452; x_wconf 80' lang='grc' dir='ltr'><strong>ΕΤ</strong></span> <span class='ocrx_word' id='word_1_3' title='bbox 545 401 890 446; x_wconf 65' lang='lat' dir='ltr'><strong>REBPONDSNS</strong></span> <span class='ocrx_word' id='word_1_4' title='bbox 958 395 1110 436; x_wconf 78' lang='lat' dir='ltr'><strong>ELlUS</strong></span> <span class='ocrx_word' id='word_1_5' title='bbox 1181 391 1353 430; x_wconf 79' lang='lat' dir='ltr'><strong>FILIUS</strong></span> <span class='ocrx_word' id='word_1_6' title='bbox 1416 385 1704 426; x_wconf 71' lang='lat' dir='ltr'><strong>BABMLHIEL</strong></span> <span class='ocrx_word' id='word_1_7' title='bbox 1745 377 2057 432; x_wconf 66' lang='lat' dir='ltr'><strong>BUZITES,A</strong></span> 
     </span>
    </p>
   </div>
   <div class='ocr_carea' id='block_1_3' title="bbox 1096 461 1298 502">
    <p class='ocr_par' dir='ltr' id='par_1_3' title="bbox 1096 461 1298 502">
     <span class='ocr_line' id='line_1_3' title="bbox 1096 461 1298 502; baseline -0.02 0"><span class='ocrx_word' id='word_1_8' title='bbox 1096 463 1246 502; x_wconf 72' lang='lat' dir='ltr'><strong>DIXIT</strong></span> <span class='ocrx_word' id='word_1_9' title='bbox 1283 461 1298 498; x_wconf 71' lang='grc'><strong>2</strong></span> 
     </span>
    </p>
   </div>
   <div class='ocr_carea' id='block_1_4' title="bbox 479 551 1982 641">
    <p class='ocr_par' dir='ltr' id='par_1_4' title="bbox 479 551 1982 641">
     <span class='ocr_line' id='line_1_4' title="bbox 479 551 1982 641; baseline -0.022 -9"><span class='ocrx_word' id='word_1_10' title='bbox 479 575 704 632; x_wconf 81' lang='lat' dir='ltr'><strong>Juvenis</strong></span> <span class='ocrx_word' id='word_1_11' title='bbox 757 570 978 641; x_wconf 79' lang='lat' dir='ltr'><strong>quidem</strong></span> <span class='ocrx_word' id='word_1_12' title='bbox 1038 578 1158 620; x_wconf 86' lang='lat' dir='ltr'><strong>sum</strong></span> <span class='ocrx_word' id='word_1_13' title='bbox 1208 571 1389 622; x_wconf 71' lang='lat' dir='ltr'><strong>:ctate,</strong></span> <span class='ocrx_word' id='word_1_14' title='bbox 1447 573 1543 610; x_wconf 87' lang='lat' dir='ltr'><strong>vos</strong></span> <span class='ocrx_word' id='word_1_15' title='bbox 1613 565 1796 606; x_wconf 82' lang='lat' dir='ltr'><strong>autem</strong></span> <span class='ocrx_word' id='word_1_16' title='bbox 1849 551 1982 602; x_wconf 81' lang='lat' dir='ltr'><strong>estis</strong></span> 
     </span>
    </p>
   </div>
   <div class='ocr_carea' id='block_1_5' title="bbox 412 639 1984 730">
    <p class='ocr_par' dir='ltr' id='par_1_5' title="bbox 412 639 1984 730">
     <span class='ocr_line' id='line_1_5' title="bbox 412 639 1984 730; baseline -0.022 -4"><span class='ocrx_word' id='word_1_17' title='bbox 412 668 702 729; x_wconf 82' lang='lat' dir='ltr'><strong>seniores;</strong></span> <span class='ocrx_word' id='word_1_18' title='bbox 753 639 1036 730; x_wconf 71' lang='lat' dir='ltr'><strong>propterea</strong></span> <span class='ocrx_word' id='word_1_19' title='bbox 1091 653 1279 716; x_wconf 85' lang='lat' dir='ltr'><strong>tacui,</strong></span> <span class='ocrx_word' id='word_1_20' title='bbox 1324 651 1524 704; x_wconf 86' lang='lat' dir='ltr'><strong>timens</strong></span> <span class='ocrx_word' id='word_1_21' title='bbox 1581 644 1785 696; x_wconf 83' lang='lat' dir='ltr'><strong>referre</strong></span> <span class='ocrx_word' id='word_1_22' title='bbox 1827 639 1984 691; x_wconf 78' lang='lat' dir='ltr'><strong>vol-is</strong></span> 
     </span>
    </p>
   </div>
   <div class='ocr_carea' id='block_1_6' title="bbox 411 739 1982 814">
    <p class='ocr_par' dir='ltr' id='par_1_6' title="bbox 411 739 1982 814">
     <span class='ocr_line' id='line_1_6' title="bbox 411 739 1982 814; baseline -0.02 0"><span class='ocrx_word' id='word_1_23' title='bbox 411 758 778 814; x_wconf 73' lang='lat' dir='ltr'><strong>eruditionem</strong></span> <span class='ocrx_word' id='word_1_24' title='bbox 815 765 1012 803; x_wconf 82' lang='lat' dir='ltr'><strong>meam.</strong></span> <span class='ocrx_word' id='word_1_25' title='bbox 1047 745 1168 800; x_wconf 79' lang='lat' dir='ltr'><strong>Dixi</strong></span> <span class='ocrx_word' id='word_1_26' title='bbox 1207 755 1386 796; x_wconf 90' lang='lat' dir='ltr'><strong>autem</strong></span> <span class='ocrx_word' id='word_1_27' title='bbox 1421 739 1546 807; x_wconf 90' lang='lat' dir='ltr'><strong>quia</strong></span> <span class='ocrx_word' id='word_1_28' title='bbox 1584 751 1690 789; x_wconf 86' lang='lat' dir='ltr'><strong>non</strong></span> <span class='ocrx_word' id='word_1_29' title='bbox 1731 741 1813 785; x_wconf 58' lang='grc' dir='ltr'><strong>εηι</strong></span> <span class='ocrx_word' id='word_1_30' title='bbox 1849 743 1982 783; x_wconf 69' lang='lat' dir='ltr'><strong>mtas</strong></span> 
     </span>
    </p>
   </div>
   <div class='ocr_carea' id='block_1_7' title="bbox 415 832 1985 918">
    <p class='ocr_par' dir='ltr' id='par_1_7' title="bbox 415 832 1985 918">
     <span class='ocr_line' id='line_1_7' title="bbox 415 832 1985 918; baseline -0.021 -12"><span class='ocrx_word' id='word_1_31' title='bbox 415 865 536 918; x_wconf 66' lang='lat' dir='ltr'><strong>qua!</strong></span> <span class='ocrx_word' id='word_1_32' title='bbox 571 850 840 914; x_wconf 88' lang='lat' dir='ltr'><strong>loquatur,</strong></span> <span class='ocrx_word' id='word_1_33' title='bbox 869 856 1049 907; x_wconf 88' lang='lat' dir='ltr'><strong>neque</strong></span> <span class='ocrx_word' id='word_1_34' title='bbox 1083 839 1136 891; x_wconf 91' lang='lat' dir='ltr'><strong>in</strong></span> <span class='ocrx_word' id='word_1_35' title='bbox 1167 834 1354 887; x_wconf 87' lang='lat' dir='ltr'><strong>multis</strong></span> <span class='ocrx_word' id='word_1_36' title='bbox 1407 832 1565 882; x_wconf 88' lang='lat' dir='ltr'><strong>annis</strong></span> <span class='ocrx_word' id='word_1_37' title='bbox 1601 833 1872 879; x_wconf 81' lang='lat' dir='ltr'><strong>noverunt</strong></span> <span class='ocrx_word' id='word_1_38' title='bbox 1897 837 1985 875; x_wconf 87' lang='lat' dir='ltr'><strong>sa-</strong></span> 
     </span>
    </p>
   </div>
   <div class='ocr_carea' id='block_1_8' title="bbox 417 913 1988 1012">
    <p class='ocr_par' dir='ltr' id='par_1_8' title="bbox 417 913 1988 1012">
     <span class='ocr_line' id='line_1_8' title="bbox 417 913 1988 1012; baseline -0.02 -16"><span class='ocrx_word' id='word_1_39' title='bbox 417 913 677 1012; x_wconf 75' lang='lat' dir='ltr'><strong>pientiam</strong></span> <span class='ocrx_word' id='word_1_40' title='bbox 707 953 720 988; x_wconf 89' lang='lat'><strong>:</strong></span> <span class='ocrx_word' id='word_1_41' title='bbox 759 935 850 990; x_wconf 88' lang='lat' dir='ltr'><strong>sed</strong></span> <span class='ocrx_word' id='word_1_42' title='bbox 882 933 1106 1000; x_wconf 85' lang='lat' dir='ltr'><strong>spiritus</strong></span> <span class='ocrx_word' id='word_1_43' title='bbox 1135 936 1220 982; x_wconf 84' lang='lat' dir='ltr'><strong>est</strong></span> <span class='ocrx_word' id='word_1_44' title='bbox 1252 927 1304 978; x_wconf 92' lang='lat' dir='ltr'><strong>in</strong></span> <span class='ocrx_word' id='word_1_45' title='bbox 1341 920 1680 978; x_wconf 86' lang='lat' dir='ltr'><strong>hominibus.</strong></span> <span class='ocrx_word' id='word_1_46' title='bbox 1729 927 1784 970; x_wconf 93' lang='lat' dir='ltr'><strong>et</strong></span> <span class='ocrx_word' id='word_1_47' title='bbox 1817 913 1988 1012; x_wconf 36' lang='lat' dir='ltr'><strong>inlepi-</strong></span> 
     </span>
    </p>
   </div>
   <div class='ocr_carea' id='block_1_9' title="bbox 418 1005 1988 1095">
    <p class='ocr_par' dir='ltr' id='par_1_9' title="bbox 418 1005 1988 1095">
     <span class='ocr_line' id='line_1_9' title="bbox 418 1005 1988 1095; baseline -0.02 -8"><span class='ocrx_word' id='word_1_48' title='bbox 418 1005 558 1087; x_wconf 74' lang='lat' dir='ltr'><strong>ratio</strong></span> <span class='ocrx_word' id='word_1_49' title='bbox 602 1027 1028 1095; x_wconf 75' lang='lat' dir='ltr'><strong>Ouinipotentis,</strong></span> <span class='ocrx_word' id='word_1_50' title='bbox 1066 1023 1160 1090; x_wconf 87' lang='lat' dir='ltr'><strong>qui</strong></span> <span class='ocrx_word' id='word_1_51' title='bbox 1195 1019 1354 1071; x_wconf 87' lang='lat' dir='ltr'><strong>docet</strong></span> <span class='ocrx_word' id='word_1_52' title='bbox 1405 1029 1519 1068; x_wconf 84' lang='lat' dir='ltr'><strong>eos.</strong></span> <span class='ocrx_word' id='word_1_53' title='bbox 1555 1011 1662 1063; x_wconf 84' lang='lat' dir='ltr'><strong>Nec</strong></span> <span class='ocrx_word' id='word_1_54' title='bbox 1690 1009 1840 1061; x_wconf 87' lang='lat' dir='ltr'><strong>enim</strong></span> <span class='ocrx_word' id='word_1_55' title='bbox 1871 1005 1988 1058; x_wconf 83' lang='lat' dir='ltr'><strong>lon-</strong></span> 
     </span>
    </p>
   </div>
   <div class='ocr_carea' id='block_1_10' title="bbox 418 1095 1990 1192">
    <p class='ocr_par' dir='ltr' id='par_1_10' title="bbox 418 1095 1990 1192">
     <span class='ocr_line' id='line_1_10' title="bbox 418 1095 1990 1192; baseline -0.019 -16"><span class='ocrx_word' id='word_1_56' title='bbox 418 1121 547 1192; x_wconf 63' lang='lat' dir='ltr'><strong>gravi</strong></span> <span class='ocrx_word' id='word_1_57' title='bbox 580 1129 704 1174; x_wconf 77' lang='lat' dir='ltr'><strong>siml</strong></span> <span class='ocrx_word' id='word_1_58' title='bbox 747 1117 1040 1184; x_wconf 71' lang='lat' dir='ltr'><strong>sapientes,</strong></span> <span class='ocrx_word' id='word_1_59' title='bbox 1081 1124 1259 1178; x_wconf 88' lang='lat' dir='ltr'><strong>neque</strong></span> <span class='ocrx_word' id='word_1_60' title='bbox 1305 1118 1465 1158; x_wconf 83' lang='lat' dir='ltr'><strong>senes</strong></span> <span class='ocrx_word' id='word_1_61' title='bbox 1537 1095 1990 1164; x_wconf 84' lang='lat' dir='ltr'><strong>noveruntjudi-</strong></span> 
     </span>
    </p>
   </div>
   <div class='ocr_carea' id='block_1_11' title="bbox 419 1185 1990 1274">
    <p class='ocr_par' dir='ltr' id='par_1_11' title="bbox 419 1185 1990 1274">
     <span class='ocr_line' id='line_1_11' title="bbox 419 1185 1990 1274; baseline -0.018 -10"><span class='ocrx_word' id='word_1_62' title='bbox 419 1185 582 1265; x_wconf 70' lang='lat' dir='ltr'><strong>cium.</strong></span> <span class='ocrx_word' id='word_1_63' title='bbox 621 1208 847 1274; x_wconf 81' lang='lat' dir='ltr'><strong>Propter</strong></span> <span class='ocrx_word' id='word_1_64' title='bbox 903 1201 1046 1270; x_wconf 72' lang='lat' dir='ltr'><strong>qurn&#39;l</strong></span> <span class='ocrx_word' id='word_1_65' title='bbox 1110 1201 1255 1262; x_wconf 85' lang='lat' dir='ltr'><strong>dico,</strong></span> <span class='ocrx_word' id='word_1_66' title='bbox 1289 1195 1474 1248; x_wconf 87' lang='lat' dir='ltr'><strong>audite</strong></span> <span class='ocrx_word' id='word_1_67' title='bbox 1519 1207 1626 1250; x_wconf 82' lang='lat' dir='ltr'><strong>me,</strong></span> <span class='ocrx_word' id='word_1_68' title='bbox 1655 1197 1714 1240; x_wconf 82' lang='lat' dir='ltr'><strong>ut</strong></span> <span class='ocrx_word' id='word_1_69' title='bbox 1752 1185 1990 1239; x_wconf 78' lang='lat' dir='ltr'><strong>referant</strong></span> 
     </span>
    </p>
   </div>
   <div class='ocr_carea' id='block_1_12' title="bbox 420 1281 1994 1366">
    <p class='ocr_par' dir='ltr' id='par_1_12' title="bbox 420 1281 1994 1366">
     <span class='ocr_line' id='line_1_12' title="bbox 420 1281 1994 1366; baseline -0.018 -11"><span class='ocrx_word' id='word_1_70' title='bbox 420 1301 573 1354; x_wconf 85' lang='lat' dir='ltr'><strong>vobis</strong></span> <span class='ocrx_word' id='word_1_71' title='bbox 605 1313 724 1366; x_wconf 68' lang='lat' dir='ltr'><strong>(utre</strong></span> <span class='ocrx_word' id='word_1_72' title='bbox 763 1295 909 1349; x_wconf 86' lang='lat' dir='ltr'><strong>novi.</strong></span> <span class='ocrx_word' id='word_1_73' title='bbox 936 1297 1002 1362; x_wconf 43' lang='grc' dir='ltr'>ᾖ(</span> <span class='ocrx_word' id='word_1_74' title='bbox 1041 1291 1173 1345; x_wconf 77' lang='lat' dir='ltr'><strong>Ecce</strong></span> <span class='ocrx_word' id='word_1_75' title='bbox 1215 1291 1428 1357; x_wconf 82' lang='lat' dir='ltr'><strong>patiens</strong></span> <span class='ocrx_word' id='word_1_76' title='bbox 1483 1284 1556 1337; x_wconf 88' lang='lat' dir='ltr'><strong>l‘ui</strong></span> <span class='ocrx_word' id='word_1_77' title='bbox 1601 1285 1652 1335; x_wconf 91' lang='lat' dir='ltr'><strong>in</strong></span> <span class='ocrx_word' id='word_1_78' title='bbox 1698 1281 1864 1336; x_wconf 88' lang='lat' dir='ltr'><strong>verba</strong></span> <span class='ocrx_word' id='word_1_79' title='bbox 1901 1292 1994 1329; x_wconf 85' lang='lat' dir='ltr'><strong>ve-</strong></span> 
     </span>
    </p>
   </div>
   <div class='ocr_carea' id='block_1_13' title="bbox 421 1379 1993 1456">
    <p class='ocr_par' dir='ltr' id='par_1_13' title="bbox 421 1379 1993 1456">
     <span class='ocr_line' id='line_1_13' title="bbox 421 1379 1993 1456; baseline -0.016 -11"><span class='ocrx_word' id='word_1_80' title='bbox 421 1403 553 1452; x_wconf 86' lang='lat' dir='ltr'><strong>stra,</strong></span> <span class='ocrx_word' id='word_1_81' title='bbox 688 1399 740 1441; x_wconf 87' lang='lat' dir='ltr'><strong>et</strong></span> <span class='ocrx_word' id='word_1_82' title='bbox 769 1388 946 1440; x_wconf 86' lang='lat' dir='ltr'><strong>audivi</strong></span> <span class='ocrx_word' id='word_1_83' title='bbox 985 1395 1214 1436; x_wconf 86' lang='lat' dir='ltr'><strong>vestram</strong></span> <span class='ocrx_word' id='word_1_84' title='bbox 1273 1379 1648 1448; x_wconf 84' lang='lat' dir='ltr'><strong>prudentiam,</strong></span> <span class='ocrx_word' id='word_1_85' title='bbox 1706 1383 1993 1439; x_wconf 83' lang='lat' dir='ltr'><strong>usquean</strong></span> 
     </span>
    </p>
   </div>
   <div class='ocr_carea' id='block_1_14' title="bbox 339 1465 1992 1546">
    <p class='ocr_par' dir='ltr' id='par_1_14' title="bbox 339 1465 1992 1546">
     <span class='ocr_line' id='line_1_14' title="bbox 339 1465 1992 1546; baseline -0.017 -6"><span class='ocrx_word' id='word_1_86' title='bbox 421 1481 766 1538; x_wconf 88' lang='lat' dir='ltr'><strong>discuteretis</strong></span> <span class='ocrx_word' id='word_1_87' title='bbox 829 1491 1129 1536; x_wconf 80' lang='lat' dir='ltr'><strong>sermones,</strong></span> <span class='ocrx_word' id='word_1_88' title='bbox 1182 1477 1246 1539; x_wconf 50' lang='grc' dir='ltr'><strong>β(</strong></span> <span class='ocrx_word' id='word_1_89' title='bbox 1296 1483 1349 1524; x_wconf 90' lang='lat' dir='ltr'><strong>et</strong></span> <span class='ocrx_word' id='word_1_90' title='bbox 1401 1469 1576 1521; x_wconf 88' lang='lat' dir='ltr'><strong>donec</strong></span> <span class='ocrx_word' id='word_1_91' title='bbox 1628 1465 1992 1530; x_wconf 79' lang='lat' dir='ltr'><strong>intelligerent</strong></span> 
     </span>
    </p>
   </div>
   <div class='ocr_carea' id='block_1_15' title="bbox 337 1551 1993 1640">
    <p class='ocr_par' dir='ltr' id='par_1_15' title="bbox 337 1551 1993 1640">
     <span class='ocr_line' id='line_1_15' title="bbox 337 1551 1993 1640; baseline -0.016 -9"><span class='ocrx_word' id='word_1_92' title='bbox 337 1551 360 1606; x_wconf 45' lang='grc' dir='ltr'><strong>’ξ</strong></span> <span class='ocrx_word' id='word_1_93' title='bbox 423 1591 522 1630; x_wconf 80' lang='lat' dir='ltr'><strong>vos</strong></span> <span class='ocrx_word' id='word_1_94' title='bbox 551 1591 567 1640; x_wconf 85' lang='lat'><strong>;</strong></span> <span class='ocrx_word' id='word_1_95' title='bbox 601 1577 668 1640; x_wconf 51' lang='grc' dir='ltr'><strong>χ(</strong></span> <span class='ocrx_word' id='word_1_96' title='bbox 698 1581 752 1626; x_wconf 84' lang='lat' dir='ltr'><strong>et</strong></span> <span class='ocrx_word' id='word_1_97' title='bbox 780 1586 906 1624; x_wconf 88' lang='lat' dir='ltr'><strong>ecce</strong></span> <span class='ocrx_word' id='word_1_98' title='bbox 936 1585 1043 1622; x_wconf 89' lang='lat' dir='ltr'><strong>non</strong></span> <span class='ocrx_word' id='word_1_99' title='bbox 1075 1575 1156 1620; x_wconf 87' lang='lat' dir='ltr'><strong>est</strong></span> <span class='ocrx_word' id='word_1_100' title='bbox 1187 1567 1280 1634; x_wconf 80' lang='lat' dir='ltr'><strong>qui</strong></span> <span class='ocrx_word' id='word_1_101' title='bbox 1328 1571 1518 1631; x_wconf 79' lang='lat' dir='ltr'><strong>arguat</strong></span> <span class='ocrx_word' id='word_1_102' title='bbox 1569 1557 1692 1620; x_wconf 79' lang='lat' dir='ltr'><strong>Job,</strong></span> <span class='ocrx_word' id='word_1_103' title='bbox 1728 1559 1794 1624; x_wconf 71' lang='grc' dir='ltr'><strong>&gt;ε&lt;</strong></span> <span class='ocrx_word' id='word_1_104' title='bbox 1821 1565 1876 1608; x_wconf 87' lang='lat' dir='ltr'><strong>et</strong></span> <span class='ocrx_word' id='word_1_105' title='bbox 1905 1567 1993 1605; x_wconf 86' lang='lat' dir='ltr'><strong>re-</strong></span> 
     </span>
    </p>
   </div>
   <div class='ocr_carea' id='block_1_16' title="bbox 423 1643 1994 1735">
    <p class='ocr_par' dir='ltr' id='par_1_16' title="bbox 423 1643 1994 1735">
     <span class='ocr_line' id='line_1_16' title="bbox 423 1643 1994 1735; baseline -0.018 -11"><span class='ocrx_word' id='word_1_106' title='bbox 423 1667 686 1735; x_wconf 79' lang='lat' dir='ltr'><strong>spondeat</strong></span> <span class='ocrx_word' id='word_1_107' title='bbox 713 1661 1062 1717; x_wconf 90' lang='lat' dir='ltr'><strong>sermonibus</strong></span> <span class='ocrx_word' id='word_1_108' title='bbox 1099 1659 1218 1726; x_wconf 84' lang='lat' dir='ltr'><strong>ejus</strong></span> <span class='ocrx_word' id='word_1_109' title='bbox 1249 1673 1314 1708; x_wconf 80' lang='lat' dir='ltr'><strong>ex</strong></span> <span class='ocrx_word' id='word_1_110' title='bbox 1347 1653 1521 1716; x_wconf 79' lang='lat' dir='ltr'><strong>vobis.</strong></span> <span class='ocrx_word' id='word_1_111' title='bbox 1556 1653 1620 1716; x_wconf 55' lang='grc' dir='ltr'><strong>ξε(</strong></span> <span class='ocrx_word' id='word_1_112' title='bbox 1645 1649 1718 1700; x_wconf 78' lang='lat' dir='ltr'><strong>Ne</strong></span> <span class='ocrx_word' id='word_1_113' title='bbox 1759 1643 1952 1698; x_wconf 77' lang='lat' dir='ltr'><strong>dicatis</strong></span> <span class='ocrx_word' id='word_1_114' title='bbox 1979 1657 1994 1695; x_wconf 85' lang='lat'><strong>:</strong></span> 
     </span>
    </p>
   </div>
   <div class='ocr_carea' id='block_1_17' title="bbox 424 1739 1996 1819">
    <p class='ocr_par' dir='ltr' id='par_1_17' title="bbox 424 1739 1996 1819">
     <span class='ocr_line' id='line_1_17' title="bbox 424 1739 1996 1819; baseline -0.017 -8"><span class='ocrx_word' id='word_1_115' title='bbox 424 1758 734 1811; x_wconf 82' lang='lat' dir='ltr'><strong>Invenimus</strong></span> <span class='ocrx_word' id='word_1_116' title='bbox 763 1752 1090 1819; x_wconf 70' lang='lat' dir='ltr'><strong>sapientiam</strong></span> <span class='ocrx_word' id='word_1_117' title='bbox 1133 1749 1172 1802; x_wconf 83' lang='grc'><strong>¹.</strong></span> <span class='ocrx_word' id='word_1_118' title='bbox 1208 1749 1275 1814; x_wconf 54' lang='grc' dir='ltr'><strong>γι(</strong></span> <span class='ocrx_word' id='word_1_119' title='bbox 1313 1745 1578 1797; x_wconf 88' lang='lat' dir='ltr'><strong>Dominus</strong></span> <span class='ocrx_word' id='word_1_120' title='bbox 1618 1739 1818 1808; x_wconf 88' lang='lat' dir='ltr'><strong>abjecit</strong></span> <span class='ocrx_word' id='word_1_121' title='bbox 1846 1751 1996 1798; x_wconf 88' lang='lat' dir='ltr'><strong>eum,</strong></span> 
     </span>
    </p>
   </div>
   <div class='ocr_carea' id='block_1_18' title="bbox 425 1832 1997 1910">
    <p class='ocr_par' dir='ltr' id='par_1_18' title="bbox 425 1832 1997 1910">
     <span class='ocr_line' id='line_1_18' title="bbox 425 1832 1997 1910; baseline -0.015 -9"><span class='ocrx_word' id='word_1_122' title='bbox 425 1856 481 1902; x_wconf 87' lang='lat' dir='ltr'><strong>et</strong></span> <span class='ocrx_word' id='word_1_123' title='bbox 507 1862 615 1899; x_wconf 91' lang='lat' dir='ltr'><strong>non</strong></span> <span class='ocrx_word' id='word_1_124' title='bbox 657 1847 759 1896; x_wconf 89' lang='lat' dir='ltr'><strong>vir.</strong></span> <span class='ocrx_word' id='word_1_125' title='bbox 914 1841 1022 1895; x_wconf 86' lang='lat' dir='ltr'><strong>Nec</strong></span> <span class='ocrx_word' id='word_1_126' title='bbox 1062 1839 1191 1894; x_wconf 87' lang='lat' dir='ltr'><strong>dum</strong></span> <span class='ocrx_word' id='word_1_127' title='bbox 1221 1837 1291 1890; x_wconf 88' lang='lat' dir='ltr'><strong>ad</strong></span> <span class='ocrx_word' id='word_1_128' title='bbox 1335 1851 1418 1889; x_wconf 89' lang='lat' dir='ltr'><strong>me</strong></span> <span class='ocrx_word' id='word_1_129' title='bbox 1453 1835 1671 1887; x_wconf 75' lang='lat' dir='ltr'><strong>locutus</strong></span> <span class='ocrx_word' id='word_1_130' title='bbox 1713 1839 1822 1892; x_wconf 84' lang='lat' dir='ltr'><strong>est,</strong></span> <span class='ocrx_word' id='word_1_131' title='bbox 1851 1832 1916 1892; x_wconf 64' lang='lat' dir='ltr'><strong>3K</strong></span> <span class='ocrx_word' id='word_1_132' title='bbox 1943 1835 1997 1878; x_wconf 84' lang='lat' dir='ltr'><strong>et</strong></span> 
     </span>
    </p>
   </div>
   <div class='ocr_carea' id='block_1_19' title="bbox 427 1919 1998 2009">
    <p class='ocr_par' dir='ltr' id='par_1_19' title="bbox 427 1919 1998 2009">
     <span class='ocr_line' id='line_1_19' title="bbox 427 1919 1998 2009; baseline -0.014 -18"><span class='ocrx_word' id='word_1_133' title='bbox 427 1935 536 2009; x_wconf 83' lang='lat' dir='ltr'><strong>[AL</strong></span> <span class='ocrx_word' id='word_1_134' title='bbox 571 1949 675 1989; x_wconf 66' lang='lat' dir='ltr'><strong>(ac.</strong></span> <span class='ocrx_word' id='word_1_135' title='bbox 722 1933 800 2006; x_wconf 78' lang='lat' dir='ltr'><strong>in)</strong></span> <span class='ocrx_word' id='word_1_136' title='bbox 831 1935 882 1987; x_wconf 91' lang='lat' dir='ltr'><strong>in</strong></span> <span class='ocrx_word' id='word_1_137' title='bbox 903 1931 1252 1986; x_wconf 83' lang='lat' dir='ltr'><strong>sermonibus</strong></span> <span class='ocrx_word' id='word_1_138' title='bbox 1294 1930 1496 1980; x_wconf 76' lang='lat' dir='ltr'><strong>vestris</strong></span> <span class='ocrx_word' id='word_1_139' title='bbox 1523 1941 1630 1976; x_wconf 89' lang='lat' dir='ltr'><strong>non</strong></span> <span class='ocrx_word' id='word_1_140' title='bbox 1655 1919 1998 1989; x_wconf 85' lang='lat' dir='ltr'><strong>respondebo</strong></span> 
     </span>
    </p>
   </div>
   <div class='ocr_carea' id='block_1_20' title="bbox 426 2013 1996 2094">
    <p class='ocr_par' dir='ltr' id='par_1_20' title="bbox 426 2013 1996 2094">
     <span class='ocr_line' id='line_1_20' title="bbox 426 2013 1996 2094; baseline -0.014 -12"><span class='ocrx_word' id='word_1_141' title='bbox 426 2029 496 2082; x_wconf 83' lang='lat' dir='ltr'><strong>ei.</strong></span> <span class='ocrx_word' id='word_1_142' title='bbox 531 2031 596 2094; x_wconf 50' lang='grc' dir='ltr'><strong>Ἃ(</strong></span> <span class='ocrx_word' id='word_1_143' title='bbox 629 2025 1063 2092; x_wconf 74' lang='lat' dir='ltr'><strong>Olistupucrunt,</strong></span> <span class='ocrx_word' id='word_1_144' title='bbox 1121 2037 1226 2073; x_wconf 86' lang='lat' dir='ltr'><strong>non</strong></span> <span class='ocrx_word' id='word_1_145' title='bbox 1289 2017 1686 2083; x_wconf 64' lang='lat' dir='ltr'><strong>rCSjltilltlt‘rlllli</strong></span> <span class='ocrx_word' id='word_1_146' title='bbox 1729 2015 1888 2063; x_wconf 85' lang='lat' dir='ltr'><strong>ultra.</strong></span> <span class='ocrx_word' id='word_1_147' title='bbox 1932 2013 1996 2076; x_wconf 63' lang='grc' dir='ltr'><strong>ξιτ(</strong></span> 
     </span>
    </p>
   </div>
   <div class='ocr_carea' id='block_1_21' title="bbox 427 2105 1996 2172">
    <p class='ocr_par' dir='ltr' id='par_1_21' title="bbox 427 2105 1996 2172">
     <span class='ocr_line' id='line_1_21' title="bbox 427 2105 1996 2172; baseline -0.01 -2"><span class='ocrx_word' id='word_1_148' title='bbox 427 2117 762 2170; x_wconf 88' lang='lat' dir='ltr'><strong>Del&#39;ecerunt</strong></span> <span class='ocrx_word' id='word_1_149' title='bbox 797 2113 867 2166; x_wconf 90' lang='lat' dir='ltr'><strong>ab</strong></span> <span class='ocrx_word' id='word_1_150' title='bbox 912 2119 990 2164; x_wconf 88' lang='lat' dir='ltr'><strong>eis</strong></span> <span class='ocrx_word' id='word_1_151' title='bbox 1045 2125 1350 2163; x_wconf 85' lang='lat' dir='ltr'><strong>sermones.</strong></span> <span class='ocrx_word' id='word_1_152' title='bbox 1388 2109 1453 2172; x_wconf 52' lang='grc' dir='ltr'><strong>Β(</strong></span> <span class='ocrx_word' id='word_1_153' title='bbox 1477 2105 1609 2170; x_wconf 84' lang='lat' dir='ltr'><strong>Quia</strong></span> <span class='ocrx_word' id='word_1_154' title='bbox 1641 2119 1772 2171; x_wconf 75' lang='lat' dir='ltr'><strong>ergo</strong></span> <span class='ocrx_word' id='word_1_155' title='bbox 1804 2117 1996 2170; x_wconf 79' lang='lat' dir='ltr'><strong>exspe-</strong></span> 
     </span>
    </p>
   </div>
   <div class='ocr_carea' id='block_1_22' title="bbox 428 2201 1998 2270">
    <p class='ocr_par' dir='ltr' id='par_1_22' title="bbox 428 2201 1998 2270">
     <span class='ocr_line' id='line_1_22' title="bbox 428 2201 1998 2270; baseline -0.01 -9"><span class='ocrx_word' id='word_1_156' title='bbox 428 2209 569 2261; x_wconf 87' lang='lat' dir='ltr'><strong>ctavi</strong></span> <span class='ocrx_word' id='word_1_157' title='bbox 609 2209 650 2270; x_wconf 83' lang='lat'><strong>&#39;,</strong></span> <span class='ocrx_word' id='word_1_158' title='bbox 685 2216 736 2258; x_wconf 89' lang='lat' dir='ltr'><strong>et</strong></span> <span class='ocrx_word' id='word_1_159' title='bbox 767 2221 870 2257; x_wconf 90' lang='lat' dir='ltr'><strong>non</strong></span> <span class='ocrx_word' id='word_1_160' title='bbox 905 2212 1030 2255; x_wconf 82' lang='lat' dir='ltr'><strong>sunt</strong></span> <span class='ocrx_word' id='word_1_161' title='bbox 1075 2203 1264 2260; x_wconf 83' lang='lat' dir='ltr'><strong>locuti,</strong></span> <span class='ocrx_word' id='word_1_162' title='bbox 1308 2201 1399 2264; x_wconf 46' lang='grc' dir='ltr'><strong>ἒξ,</strong></span> <span class='ocrx_word' id='word_1_163' title='bbox 1430 2208 1482 2250; x_wconf 91' lang='lat' dir='ltr'><strong>et</strong></span> <span class='ocrx_word' id='word_1_164' title='bbox 1506 2205 1776 2249; x_wconf 79' lang='lat' dir='ltr'><strong>steterunt</strong></span> <span class='ocrx_word' id='word_1_165' title='bbox 1811 2204 1865 2246; x_wconf 86' lang='lat' dir='ltr'><strong>et</strong></span> <span class='ocrx_word' id='word_1_166' title='bbox 1891 2207 1998 2246; x_wconf 90' lang='lat' dir='ltr'><strong>non</strong></span> 
     </span>
    </p>
   </div>
   <div class='ocr_carea' id='block_1_23' title="bbox 431 2289 1996 2367">
    <p class='ocr_par' dir='ltr' id='par_1_23' title="bbox 431 2289 1996 2367">
     <span class='ocr_line' id='line_1_23' title="bbox 431 2289 1996 2367; baseline -0.012 -14"><span class='ocrx_word' id='word_1_167' title='bbox 431 2300 833 2367; x_wconf 75' lang='lat' dir='ltr'><strong>reSpOIitlerunt</strong></span> <span class='ocrx_word' id='word_1_168' title='bbox 861 2297 998 2346; x_wconf 87' lang='lat' dir='ltr'><strong>ultra</strong></span> <span class='ocrx_word' id='word_1_169' title='bbox 1025 2310 1037 2346; x_wconf 93' lang='lat'><strong>:</strong></span> <span class='ocrx_word' id='word_1_170' title='bbox 1175 2289 1522 2356; x_wconf 79' lang='lat' dir='ltr'><strong>reSpondebo</strong></span> <span class='ocrx_word' id='word_1_171' title='bbox 1567 2296 1620 2338; x_wconf 82' lang='lat' dir='ltr'><strong>et</strong></span> <span class='ocrx_word' id='word_1_172' title='bbox 1650 2299 1746 2352; x_wconf 70' lang='lat' dir='ltr'><strong>ego</strong></span> <span class='ocrx_word' id='word_1_173' title='bbox 1787 2293 1996 2348; x_wconf 72' lang='lat' dir='ltr'><strong>partem</strong></span> 
     </span>
    </p>
   </div>
   <div class='ocr_carea' id='block_1_24' title="bbox 434 2372 2000 2454">
    <p class='ocr_par' dir='ltr' id='par_1_24' title="bbox 434 2372 2000 2454">
     <span class='ocr_line' id='line_1_24' title="bbox 434 2372 2000 2454; baseline -0.009 -12"><span class='ocrx_word' id='word_1_174' title='bbox 434 2405 632 2447; x_wconf 76' lang='lat' dir='ltr'><strong>meam,</strong></span> <span class='ocrx_word' id='word_1_175' title='bbox 665 2390 730 2454; x_wconf 73' lang='lat' dir='ltr'><strong>)a(</strong></span> <span class='ocrx_word' id='word_1_176' title='bbox 761 2397 812 2439; x_wconf 88' lang='lat' dir='ltr'><strong>et</strong></span> <span class='ocrx_word' id='word_1_177' title='bbox 846 2385 1185 2438; x_wconf 87' lang='lat' dir='ltr'><strong>annuntiabo</strong></span> <span class='ocrx_word' id='word_1_178' title='bbox 1235 2380 1524 2433; x_wconf 76' lang='lat' dir='ltr'><strong>scientiam</strong></span> <span class='ocrx_word' id='word_1_179' title='bbox 1564 2392 1760 2427; x_wconf 77' lang='lat' dir='ltr'><strong>Ineunt.</strong></span> <span class='ocrx_word' id='word_1_180' title='bbox 1799 2378 1865 2439; x_wconf 59' lang='grc' dir='ltr'><strong>ξεῖ(</strong></span> <span class='ocrx_word' id='word_1_181' title='bbox 1896 2372 2000 2428; x_wconf 83' lang='lat' dir='ltr'><strong>llo-</strong></span> 
     </span>
    </p>
   </div>
   <div class='ocr_carea' id='block_1_25' title="bbox 435 2468 1684 2546">
    <p class='ocr_par' dir='ltr' id='par_1_25' title="bbox 435 2468 1684 2546">
     <span class='ocr_line' id='line_1_25' title="bbox 435 2468 1684 2546; baseline -0.014 -12"><span class='ocrx_word' id='word_1_182' title='bbox 435 2480 610 2534; x_wconf 75' lang='lat' dir='ltr'><strong>tuiui&#39;</strong></span> <span class='ocrx_word' id='word_1_183' title='bbox 648 2495 775 2531; x_wconf 86' lang='lat' dir='ltr'><strong>vero</strong></span> <span class='ocrx_word' id='word_1_184' title='bbox 808 2474 1135 2546; x_wconf 79' lang='lat' dir='ltr'><strong>perniisistis</strong></span> <span class='ocrx_word' id='word_1_185' title='bbox 1159 2473 1307 2541; x_wconf 74' lang='lat' dir='ltr'><strong>loqui</strong></span> <span class='ocrx_word' id='word_1_186' title='bbox 1336 2471 1464 2522; x_wconf 86' lang='lat' dir='ltr'><strong>talia</strong></span> <span class='ocrx_word' id='word_1_187' title='bbox 1499 2468 1684 2520; x_wconf 78' lang='lat' dir='ltr'><strong>verba.</strong></span> 
     </span>
    </p>
   </div>
   <div class='ocr_carea' id='block_1_26' title="bbox 591 2617 1840 2666">
    <p class='ocr_par' dir='ltr' id='par_1_26' title="bbox 591 2617 1840 2666">
     <span class='ocr_line' id='line_1_26' title="bbox 591 2617 1840 2666; baseline -0.009 0"><span class='ocrx_word' id='word_1_188' title='bbox 591 2627 658 2666; x_wconf 80' lang='grc' dir='ltr'><strong>ΕΤ</strong></span> <span class='ocrx_word' id='word_1_189' title='bbox 695 2624 960 2664; x_wconf 67' lang='grc' dir='ltr'><strong>Αωιαιωεε</strong></span> <span class='ocrx_word' id='word_1_190' title='bbox 989 2623 1144 2662; x_wconf 67' lang='grc' dir='ltr'>ειιυε</span> <span class='ocrx_word' id='word_1_191' title='bbox 1182 2623 1270 2660; x_wconf 77' lang='grc' dir='ltr'><strong>ΛΠ·</strong></span> <span class='ocrx_word' id='word_1_192' title='bbox 1301 2621 1312 2656; x_wconf 79' lang='grc' dir='ltr'><strong>ε</strong></span> <span class='ocrx_word' id='word_1_193' title='bbox 1357 2619 1551 2657; x_wconf 71' lang='lat' dir='ltr'><strong>l’ﬂZEUﬂ</strong></span> <span class='ocrx_word' id='word_1_194' title='bbox 1589 2617 1840 2664; x_wconf 68' lang='lat' dir='ltr'><strong>LOQUAR:</strong></span> 
     </span>
    </p>
   </div>
   <div class='ocr_carea' id='block_1_27' title="bbox 507 2714 2004 2784">
    <p class='ocr_par' dir='ltr' id='par_1_27' title="bbox 507 2714 2004 2784">
     <span class='ocr_line' id='line_1_27' title="bbox 507 2714 2004 2784; baseline -0.01 -3"><span class='ocrx_word' id='word_1_195' title='bbox 507 2727 710 2781; x_wconf 82' lang='lat' dir='ltr'><strong>Plenus</strong></span> <span class='ocrx_word' id='word_1_196' title='bbox 739 2724 885 2776; x_wconf 76' lang='lat' dir='ltr'><strong>enim</strong></span> <span class='ocrx_word' id='word_1_197' title='bbox 905 2737 1024 2775; x_wconf 89' lang='lat' dir='ltr'><strong>sum</strong></span> <span class='ocrx_word' id='word_1_198' title='bbox 1057 2720 1376 2780; x_wconf 76' lang='lat' dir='ltr'><strong>verborum,</strong></span> <span class='ocrx_word' id='word_1_199' title='bbox 1407 2727 1464 2770; x_wconf 88' lang='lat' dir='ltr'><strong>et</strong></span> <span class='ocrx_word' id='word_1_200' title='bbox 1489 2717 1638 2784; x_wconf 67' lang='lat' dir='ltr'><strong>angit</strong></span> <span class='ocrx_word' id='word_1_201' title='bbox 1667 2730 1753 2766; x_wconf 89' lang='lat' dir='ltr'><strong>me</strong></span> <span class='ocrx_word' id='word_1_202' title='bbox 1779 2714 2004 2781; x_wconf 82' lang='lat' dir='ltr'><strong>spiritus</strong></span> 
     </span>
    </p>
   </div>
   <div class='ocr_carea' id='block_1_28' title="bbox 435 2804 2002 2879">
    <p class='ocr_par' dir='ltr' id='par_1_28' title="bbox 435 2804 2002 2879">
     <span class='ocr_line' id='line_1_28' title="bbox 435 2804 2002 2879; baseline -0.012 -5"><span class='ocrx_word' id='word_1_203' title='bbox 435 2819 642 2874; x_wconf 80' lang='lat' dir='ltr'><strong>ventris</strong></span> <span class='ocrx_word' id='word_1_204' title='bbox 669 2817 796 2869; x_wconf 89' lang='lat' dir='ltr'><strong>mei.</strong></span> <span class='ocrx_word' id='word_1_205' title='bbox 824 2811 1025 2866; x_wconf 69' lang='lat' dir='ltr'><strong>Venter</strong></span> <span class='ocrx_word' id='word_1_206' title='bbox 1063 2813 1208 2864; x_wconf 88' lang='lat' dir='ltr'><strong>enim</strong></span> <span class='ocrx_word' id='word_1_207' title='bbox 1265 2809 1374 2879; x_wconf 70' lang='lat' dir='ltr'><strong>[AL</strong></span> <span class='ocrx_word' id='word_1_208' title='bbox 1403 2817 1506 2860; x_wconf 70' lang='grc' dir='ltr'><strong>τας.</strong></span> <span class='ocrx_word' id='word_1_209' title='bbox 1540 2804 1712 2876; x_wconf 64' lang='lat' dir='ltr'><strong>enim}</strong></span> <span class='ocrx_word' id='word_1_210' title='bbox 1741 2819 1892 2858; x_wconf 83' lang='lat' dir='ltr'><strong>meus</strong></span> <span class='ocrx_word' id='word_1_211' title='bbox 1929 2805 2002 2856; x_wconf 86' lang='lat' dir='ltr'><strong>si-</strong></span> 
     </span>
    </p>
   </div>
   <div class='ocr_carea' id='block_1_29' title="bbox 438 2895 2000 2972">
    <p class='ocr_par' dir='ltr' id='par_1_29' title="bbox 438 2895 2000 2972">
     <span class='ocr_line' id='line_1_29' title="bbox 438 2895 2000 2972; baseline -0.011 -7"><span class='ocrx_word' id='word_1_212' title='bbox 438 2920 532 2966; x_wconf 89' lang='lat' dir='ltr'><strong>cut</strong></span> <span class='ocrx_word' id='word_1_213' title='bbox 559 2917 680 2962; x_wconf 90' lang='lat' dir='ltr'><strong>uter</strong></span> <span class='ocrx_word' id='word_1_214' title='bbox 709 2915 888 2960; x_wconf 87' lang='lat' dir='ltr'><strong>musto</strong></span> <span class='ocrx_word' id='word_1_215' title='bbox 926 2906 1142 2972; x_wconf 88' lang='lat' dir='ltr'><strong>plenus,</strong></span> <span class='ocrx_word' id='word_1_216' title='bbox 1173 2904 1388 2955; x_wconf 79' lang='lat' dir='ltr'><strong>fervens</strong></span> <span class='ocrx_word' id='word_1_217' title='bbox 1410 2909 1465 2952; x_wconf 87' lang='lat' dir='ltr'><strong>et</strong></span> <span class='ocrx_word' id='word_1_218' title='bbox 1495 2899 1718 2969; x_wconf 65' lang='lat' dir='ltr'><strong>ligatus,</strong></span> <span class='ocrx_word' id='word_1_219' title='bbox 1749 2907 1803 2948; x_wconf 85' lang='lat' dir='ltr'><strong>et</strong></span> <span class='ocrx_word' id='word_1_220' title='bbox 1835 2895 2000 2948; x_wconf 71' lang='lat' dir='ltr'><strong>vel-ni</strong></span> 
     </span>
    </p>
   </div>
   <div class='ocr_carea' id='block_1_30' title="bbox 439 2990 2004 3064">
    <p class='ocr_par' dir='ltr' id='par_1_30' title="bbox 439 2990 2004 3064">
     <span class='ocr_line' id='line_1_30' title="bbox 439 2990 2004 3064; baseline -0.009 -10"><span class='ocrx_word' id='word_1_221' title='bbox 439 3001 586 3054; x_wconf 81' lang='lat' dir='ltr'><strong>follis</strong></span> <span class='ocrx_word' id='word_1_222' title='bbox 627 2999 804 3050; x_wconf 62' lang='lat' dir='ltr'><strong>aerarii</strong></span> <span class='ocrx_word' id='word_1_223' title='bbox 839 2999 1143 3064; x_wconf 89' lang='lat' dir='ltr'><strong>disruptus.</strong></span> <span class='ocrx_word' id='word_1_224' title='bbox 1168 2995 1382 3059; x_wconf 81' lang='lat' dir='ltr'><strong>Loquar</strong></span> <span class='ocrx_word' id='word_1_225' title='bbox 1410 3001 1462 3042; x_wconf 88' lang='lat' dir='ltr'><strong>et</strong></span> <span class='ocrx_word' id='word_1_226' title='bbox 1489 2990 1850 3057; x_wconf 70' lang='lat' dir='ltr'><strong>requiescam,</strong></span> <span class='ocrx_word' id='word_1_227' title='bbox 1875 3005 2004 3054; x_wconf 82' lang='lat' dir='ltr'><strong>ape-</strong></span> 
     </span>
    </p>
   </div>
   <div class='ocr_carea' id='block_1_31' title="bbox 1318 237 2762 316">
    <p class='ocr_par' dir='ltr' id='par_1_31' title="bbox 1318 237 2762 316">
     <span class='ocr_line' id='line_1_31' title="bbox 1318 237 2762 316; baseline -0.016 0"><span class='ocrx_word' id='word_1_228' title='bbox 1318 258 1383 316; x_wconf 92' lang='lat' dir='ltr'><strong>S.</strong></span> <span class='ocrx_word' id='word_1_229' title='bbox 1418 248 1861 314; x_wconf 76' lang='lat' dir='ltr'><strong>HIERONYMI</strong></span> <span class='ocrx_word' id='word_1_230' title='bbox 1911 245 2174 306; x_wconf 73' lang='lat' dir='ltr'><strong>DIVINA</strong></span> <span class='ocrx_word' id='word_1_231' title='bbox 2223 237 2762 301; x_wconf 78' lang='lat' dir='ltr'><strong>BlBLlOTHECA.</strong></span> 
     </span>
    </p>
   </div>
   <div class='ocr_carea' id='block_1_32' title="bbox 3550 221 3656 286">
    <p class='ocr_par' dir='ltr' id='par_1_32' title="bbox 3550 221 3656 286">
     <span class='ocr_line' id='line_1_32' title="bbox 3550 221 3656 286; baseline -0.038 0"><span class='ocrx_word' id='word_1_232' title='bbox 3550 221 3656 286; x_wconf 70' lang='grc'><strong>104</strong></span> 
     </span>
    </p>
   </div>
   <div class='ocr_carea' id='block_1_33' title="bbox 2091 343 3664 428">
    <p class='ocr_par' dir='ltr' id='par_1_33' title="bbox 2091 343 3664 428">
     <span class='ocr_line' id='line_1_33' title="bbox 2091 343 3664 428; baseline -0.012 -14"><span class='ocrx_word' id='word_1_233' title='bbox 2091 375 2194 428; x_wconf 87' lang='lat' dir='ltr'><strong>qua</strong></span> <span class='ocrx_word' id='word_1_234' title='bbox 2222 359 2394 413; x_wconf 88' lang='lat' dir='ltr'><strong>dicis:</strong></span> <span class='ocrx_word' id='word_1_235' title='bbox 2425 355 2662 410; x_wconf 86' lang='lat' dir='ltr'><strong>Mundus</strong></span> <span class='ocrx_word' id='word_1_236' title='bbox 2695 365 2814 407; x_wconf 89' lang='lat' dir='ltr'><strong>sum</strong></span> <span class='ocrx_word' id='word_1_237' title='bbox 2847 366 2876 404; x_wconf 85' lang='lat' dir='ltr'><strong>a</strong></span> <span class='ocrx_word' id='word_1_238' title='bbox 2906 357 3154 420; x_wconf 83' lang='lat' dir='ltr'><strong>peccato,</strong></span> <span class='ocrx_word' id='word_1_239' title='bbox 3174 355 3228 400; x_wconf 88' lang='lat' dir='ltr'><strong>et</strong></span> <span class='ocrx_word' id='word_1_240' title='bbox 3259 345 3378 400; x_wconf 86' lang='lat' dir='ltr'><strong>sine</strong></span> <span class='ocrx_word' id='word_1_241' title='bbox 3405 343 3664 396; x_wconf 80' lang='lat' dir='ltr'><strong>crimine.</strong></span> 
     </span>
    </p>
   </div>
   <div class='ocr_carea' id='block_1_34' title="bbox 2083 441 3661 514">
    <p class='ocr_par' dir='ltr' id='par_1_34' title="bbox 2083 441 3661 514">
     <span class='ocr_line' id='line_1_34' title="bbox 2083 441 3661 514; baseline -0.01 -9"><span class='ocrx_word' id='word_1_242' title='bbox 2083 452 2200 505; x_wconf 86' lang='lat' dir='ltr'><strong>Non</strong></span> <span class='ocrx_word' id='word_1_243' title='bbox 2227 452 2372 503; x_wconf 86' lang='lat' dir='ltr'><strong>enim</strong></span> <span class='ocrx_word' id='word_1_244' title='bbox 2409 447 2632 514; x_wconf 70' lang='lat' dir='ltr'><strong>deliqui.</strong></span> <span class='ocrx_word' id='word_1_245' title='bbox 2669 445 2805 498; x_wconf 85' lang='lat' dir='ltr'><strong>Ecce</strong></span> <span class='ocrx_word' id='word_1_246' title='bbox 2828 441 3106 512; x_wconf 72' lang='lat' dir='ltr'><strong>querelam</strong></span> <span class='ocrx_word' id='word_1_247' title='bbox 3156 447 3348 492; x_wconf 88' lang='lat' dir='ltr'><strong>contra</strong></span> <span class='ocrx_word' id='word_1_248' title='bbox 3387 452 3472 490; x_wconf 89' lang='lat' dir='ltr'><strong>me</strong></span> <span class='ocrx_word' id='word_1_249' title='bbox 3499 452 3661 504; x_wconf 74' lang='lat' dir='ltr'><strong>repeo</strong></span> 
     </span>
    </p>
   </div>
   <div class='ocr_carea' id='block_1_35' title="bbox 2087 526 3674 608">
    <p class='ocr_par' dir='ltr' id='par_1_35' title="bbox 2087 526 3674 608">
     <span class='ocr_line' id='line_1_35' title="bbox 2087 526 3674 608; baseline -0.008 -16"><span class='ocrx_word' id='word_1_250' title='bbox 2087 543 2174 602; x_wconf 86' lang='lat' dir='ltr'><strong>rit,</strong></span> <span class='ocrx_word' id='word_1_251' title='bbox 2206 551 2263 593; x_wconf 87' lang='lat' dir='ltr'><strong>et</strong></span> <span class='ocrx_word' id='word_1_252' title='bbox 2291 548 2446 608; x_wconf 85' lang='lat' dir='ltr'><strong>putat</strong></span> <span class='ocrx_word' id='word_1_253' title='bbox 2477 553 2562 590; x_wconf 89' lang='lat' dir='ltr'><strong>me</strong></span> <span class='ocrx_word' id='word_1_254' title='bbox 2601 533 2756 603; x_wconf 83' lang='lat' dir='ltr'><strong>quasi</strong></span> <span class='ocrx_word' id='word_1_255' title='bbox 2791 530 3132 585; x_wconf 86' lang='lat' dir='ltr'><strong>contrarium</strong></span> <span class='ocrx_word' id='word_1_256' title='bbox 3156 531 3222 594; x_wconf 66' lang='grc' dir='ltr'>&gt;ξ&lt;</span> <span class='ocrx_word' id='word_1_257' title='bbox 3249 527 3376 580; x_wconf 86' lang='lat' dir='ltr'><strong>sibi.</strong></span> <span class='ocrx_word' id='word_1_258' title='bbox 3408 526 3430 592; x_wconf 70' lang='grc' dir='ltr'>ζ</span> <span class='ocrx_word' id='word_1_259' title='bbox 3475 526 3674 580; x_wconf 71' lang='lat' dir='ltr'><strong>Posuit</strong></span> 
     </span>
    </p>
   </div>
   <div class='ocr_carea' id='block_1_36' title="bbox 2085 618 3670 698">
    <p class='ocr_par' dir='ltr' id='par_1_36' title="bbox 2085 618 3670 698">
     <span class='ocr_line' id='line_1_36' title="bbox 2085 618 3670 698; baseline -0.009 -14"><span class='ocrx_word' id='word_1_260' title='bbox 2085 631 2230 684; x_wconf 88' lang='lat' dir='ltr'><strong>enim</strong></span> <span class='ocrx_word' id='word_1_261' title='bbox 2259 632 2309 683; x_wconf 92' lang='lat' dir='ltr'><strong>iu</strong></span> <span class='ocrx_word' id='word_1_262' title='bbox 2348 630 2494 698; x_wconf 80' lang='lat' dir='ltr'><strong>ligno</strong></span> <span class='ocrx_word' id='word_1_263' title='bbox 2525 627 2716 695; x_wconf 84' lang='lat' dir='ltr'><strong>pedem</strong></span> <span class='ocrx_word' id='word_1_264' title='bbox 2752 638 2955 684; x_wconf 88' lang='lat' dir='ltr'><strong>meum,</strong></span> <span class='ocrx_word' id='word_1_265' title='bbox 3003 628 3058 673; x_wconf 87' lang='lat' dir='ltr'><strong>et</strong></span> <span class='ocrx_word' id='word_1_266' title='bbox 3113 618 3416 672; x_wconf 88' lang='lat' dir='ltr'><strong>custodivit</strong></span> <span class='ocrx_word' id='word_1_267' title='bbox 3469 631 3670 670; x_wconf 85' lang='lat' dir='ltr'><strong>omnes</strong></span> 
     </span>
    </p>
   </div>
   <div class='ocr_carea' id='block_1_37' title="bbox 2089 711 3671 786">
    <p class='ocr_par' dir='ltr' id='par_1_37' title="bbox 2089 711 3671 786">
     <span class='ocr_line' id='line_1_37' title="bbox 2089 711 3671 786; baseline -0.012 -9"><span class='ocrx_word' id='word_1_268' title='bbox 2089 725 2202 777; x_wconf 88' lang='lat' dir='ltr'><strong>vias</strong></span> <span class='ocrx_word' id='word_1_269' title='bbox 2237 737 2405 774; x_wconf 88' lang='lat' dir='ltr'><strong>meas.</strong></span> <span class='ocrx_word' id='word_1_270' title='bbox 2442 717 2727 786; x_wconf 84' lang='lat' dir='ltr'><strong>Quomodo</strong></span> <span class='ocrx_word' id='word_1_271' title='bbox 2759 731 2890 784; x_wconf 78' lang='lat' dir='ltr'><strong>ergo</strong></span> <span class='ocrx_word' id='word_1_272' title='bbox 2921 713 3060 768; x_wconf 87' lang='lat' dir='ltr'><strong>dicis</strong></span> <span class='ocrx_word' id='word_1_273' title='bbox 3097 713 3144 774; x_wconf 74' lang='grc'><strong>⁸,</strong></span> <span class='ocrx_word' id='word_1_274' title='bbox 3188 711 3378 766; x_wconf 78' lang='lat' dir='ltr'><strong>Justus</strong></span> <span class='ocrx_word' id='word_1_275' title='bbox 3413 723 3552 768; x_wconf 86' lang='lat' dir='ltr'><strong>sum,</strong></span> <span class='ocrx_word' id='word_1_276' title='bbox 3604 715 3671 760; x_wconf 83' lang='lat' dir='ltr'><strong>et</strong></span> 
     </span>
    </p>
   </div>
   <div class='ocr_carea' id='block_1_38' title="bbox 2089 801 3668 869">
    <p class='ocr_par' dir='ltr' id='par_1_38' title="bbox 2089 801 3668 869">
     <span class='ocr_line' id='line_1_38' title="bbox 2089 801 3668 869; baseline -0.009 -3"><span class='ocrx_word' id='word_1_277' title='bbox 2089 829 2196 866; x_wconf 90' lang='lat' dir='ltr'><strong>non</strong></span> <span class='ocrx_word' id='word_1_278' title='bbox 2227 811 2509 866; x_wconf 77' lang='lat' dir='ltr'><strong>exaudivit</strong></span> <span class='ocrx_word' id='word_1_279' title='bbox 2544 810 2675 863; x_wconf 78' lang='lat' dir='ltr'><strong>me?</strong></span> <span class='ocrx_word' id='word_1_280' title='bbox 2731 807 2995 862; x_wconf 62' lang='lat' dir='ltr'><strong>Aiteruns</strong></span> <span class='ocrx_word' id='word_1_281' title='bbox 3023 804 3169 858; x_wconf 89' lang='lat' dir='ltr'><strong>enim</strong></span> <span class='ocrx_word' id='word_1_282' title='bbox 3199 812 3282 854; x_wconf 86' lang='lat' dir='ltr'><strong>est</strong></span> <span class='ocrx_word' id='word_1_283' title='bbox 3311 801 3404 869; x_wconf 85' lang='lat' dir='ltr'><strong>qui</strong></span> <span class='ocrx_word' id='word_1_284' title='bbox 3453 809 3538 854; x_wconf 90' lang='lat' dir='ltr'><strong>cst</strong></span> <span class='ocrx_word' id='word_1_285' title='bbox 3565 815 3668 852; x_wconf 88' lang='lat' dir='ltr'><strong>su-</strong></span> 
     </span>
    </p>
   </div>
   <div class='ocr_carea' id='block_1_39' title="bbox 2090 895 3665 974">
    <p class='ocr_par' dir='ltr' id='par_1_39' title="bbox 2090 895 3665 974">
     <span class='ocr_line' id='line_1_39' title="bbox 2090 895 3665 974; baseline -0.008 -18"><span class='ocrx_word' id='word_1_286' title='bbox 2090 922 2186 974; x_wconf 73' lang='lat' dir='ltr'><strong>per</strong></span> <span class='ocrx_word' id='word_1_287' title='bbox 2225 904 2496 958; x_wconf 84' lang='lat' dir='ltr'><strong>homines.</strong></span> <span class='ocrx_word' id='word_1_288' title='bbox 2551 903 2708 954; x_wconf 88' lang='lat' dir='ltr'><strong>Dices</strong></span> <span class='ocrx_word' id='word_1_289' title='bbox 2752 913 2934 952; x_wconf 86' lang='lat' dir='ltr'><strong>autem</strong></span> <span class='ocrx_word' id='word_1_290' title='bbox 2971 914 2984 950; x_wconf 94' lang='lat'>:</span> <span class='ocrx_word' id='word_1_291' title='bbox 3020 895 3200 961; x_wconf 80' lang='lat' dir='ltr'><strong>Quare</strong></span> <span class='ocrx_word' id='word_1_292' title='bbox 3229 895 3498 964; x_wconf 86' lang='lat' dir='ltr'><strong>judicium</strong></span> <span class='ocrx_word' id='word_1_293' title='bbox 3551 907 3665 944; x_wconf 84' lang='lat' dir='ltr'><strong>nou</strong></span> 
     </span>
    </p>
   </div>
   <div class='ocr_carea' id='block_1_40' title="bbox 2091 983 3672 1057">
    <p class='ocr_par' dir='ltr' id='par_1_40' title="bbox 2091 983 3672 1057">
     <span class='ocr_line' id='line_1_40' title="bbox 2091 983 3672 1057; baseline -0.008 -10"><span class='ocrx_word' id='word_1_294' title='bbox 2091 995 2325 1057; x_wconf 76' lang='lat' dir='ltr'><strong>audivit,</strong></span> <span class='ocrx_word' id='word_1_295' title='bbox 2360 1005 2415 1046; x_wconf 85' lang='lat' dir='ltr'><strong>et</strong></span> <span class='ocrx_word' id='word_1_296' title='bbox 2450 1008 2664 1045; x_wconf 83' lang='lat' dir='ltr'><strong>munem</strong></span> <span class='ocrx_word' id='word_1_297' title='bbox 2703 987 3063 1044; x_wconf 87' lang='lat' dir='ltr'><strong>sermonem?</strong></span> <span class='ocrx_word' id='word_1_298' title='bbox 3094 985 3272 1041; x_wconf 87' lang='lat' dir='ltr'><strong>Semel</strong></span> <span class='ocrx_word' id='word_1_299' title='bbox 3303 985 3450 1036; x_wconf 87' lang='lat' dir='ltr'><strong>enim</strong></span> <span class='ocrx_word' id='word_1_300' title='bbox 3491 983 3672 1050; x_wconf 81' lang='lat' dir='ltr'><strong>loqui-</strong></span> 
     </span>
    </p>
   </div>
   <div class='ocr_carea' id='block_1_41' title="bbox 2093 1074 3674 1146">
    <p class='ocr_par' dir='ltr' id='par_1_41' title="bbox 2093 1074 3674 1146">
     <span class='ocr_line' id='line_1_41' title="bbox 2093 1074 3674 1146; baseline -0.009 -5"><span class='ocrx_word' id='word_1_301' title='bbox 2093 1099 2183 1142; x_wconf 89' lang='lat' dir='ltr'><strong>tur</strong></span> <span class='ocrx_word' id='word_1_302' title='bbox 2243 1087 2522 1144; x_wconf 81' lang='lat' dir='ltr'><strong>Dominus.</strong></span> <span class='ocrx_word' id='word_1_303' title='bbox 2583 1084 2730 1136; x_wconf 90' lang='lat' dir='ltr'><strong>etin</strong></span> <span class='ocrx_word' id='word_1_304' title='bbox 2761 1081 3001 1136; x_wconf 83' lang='lat' dir='ltr'><strong>secundo</strong></span> <span class='ocrx_word' id='word_1_305' title='bbox 3025 1083 3091 1146; x_wconf 46' lang='grc' dir='ltr'><strong>Ἀ(</strong></span> <span class='ocrx_word' id='word_1_306' title='bbox 3139 1093 3244 1130; x_wconf 86' lang='lat' dir='ltr'><strong>nun</strong></span> <span class='ocrx_word' id='word_1_307' title='bbox 3297 1074 3674 1128; x_wconf 82' lang='lat' dir='ltr'><strong>considerabit</strong></span> 
     </span>
    </p>
   </div>
   <div class='ocr_carea' id='block_1_42' title="bbox 2095 1167 3666 1242">
    <p class='ocr_par' dir='ltr' id='par_1_42' title="bbox 2095 1167 3666 1242">
     <span class='ocr_line' id='line_1_42' title="bbox 2095 1167 3666 1242; baseline -0.008 -13"><span class='ocrx_word' id='word_1_308' title='bbox 2095 1177 2256 1230; x_wconf 89' lang='lat' dir='ltr'><strong>illud.</strong></span> <span class='ocrx_word' id='word_1_309' title='bbox 2291 1176 2313 1242; x_wconf 68' lang='grc' dir='ltr'>ζ</span> <span class='ocrx_word' id='word_1_310' title='bbox 2343 1176 2444 1228; x_wconf 81' lang='lat' dir='ltr'><strong>Per</strong></span> <span class='ocrx_word' id='word_1_311' title='bbox 2482 1172 2781 1234; x_wconf 87' lang='lat' dir='ltr'><strong>sonmium,</strong></span> <span class='ocrx_word' id='word_1_312' title='bbox 2819 1180 2912 1222; x_wconf 86' lang='lat' dir='ltr'><strong>aut</strong></span> <span class='ocrx_word' id='word_1_313' title='bbox 2933 1171 2987 1221; x_wconf 90' lang='lat' dir='ltr'><strong>in</strong></span> <span class='ocrx_word' id='word_1_314' title='bbox 3016 1167 3326 1220; x_wconf 84' lang='lat' dir='ltr'><strong>visitatione</strong></span> <span class='ocrx_word' id='word_1_315' title='bbox 3355 1173 3666 1225; x_wconf 80' lang='lat' dir='ltr'><strong>nocturna;</strong></span> 
     </span>
    </p>
   </div>
   <div class='ocr_carea' id='block_1_43' title="bbox 2095 1254 3674 1320">
    <p class='ocr_par' dir='ltr' id='par_1_43' title="bbox 2095 1254 3674 1320">
     <span class='ocr_line' id='line_1_43' title="bbox 2095 1254 3674 1320; baseline -0.01 -1"><span class='ocrx_word' id='word_1_316' title='bbox 2095 1279 2186 1320; x_wconf 88' lang='lat' dir='ltr'><strong>aut</strong></span> <span class='ocrx_word' id='word_1_317' title='bbox 2218 1267 2360 1320; x_wconf 87' lang='lat' dir='ltr'><strong>sicut</strong></span> <span class='ocrx_word' id='word_1_318' title='bbox 2381 1263 2570 1318; x_wconf 87' lang='lat' dir='ltr'><strong>incidit</strong></span> <span class='ocrx_word' id='word_1_319' title='bbox 2599 1278 2776 1316; x_wconf 73' lang='lat' dir='ltr'><strong>saevus</strong></span> <span class='ocrx_word' id='word_1_320' title='bbox 2809 1264 2974 1314; x_wconf 88' lang='lat' dir='ltr'><strong>timor</strong></span> <span class='ocrx_word' id='word_1_321' title='bbox 3004 1259 3058 1310; x_wconf 90' lang='lat' dir='ltr'><strong>in</strong></span> <span class='ocrx_word' id='word_1_322' title='bbox 3081 1257 3352 1318; x_wconf 74' lang='lat' dir='ltr'><strong>homines,</strong></span> <span class='ocrx_word' id='word_1_323' title='bbox 3382 1271 3505 1309; x_wconf 75' lang='lat' dir='ltr'><strong>cum</strong></span> <span class='ocrx_word' id='word_1_324' title='bbox 3535 1254 3674 1306; x_wconf 83' lang='lat' dir='ltr'><strong>dor-</strong></span> 
     </span>
    </p>
   </div>
   <div class='ocr_carea' id='block_1_44' title="bbox 2094 1347 3670 1423">
    <p class='ocr_par' dir='ltr' id='par_1_44' title="bbox 2094 1347 3670 1423">
     <span class='ocr_line' id='line_1_44' title="bbox 2094 1347 3670 1423; baseline -0.008 -13"><span class='ocrx_word' id='word_1_325' title='bbox 2094 1358 2344 1411; x_wconf 85' lang='lat' dir='ltr'><strong>niiuntiu</strong></span> <span class='ocrx_word' id='word_1_326' title='bbox 2377 1355 2548 1409; x_wconf 88' lang='lat' dir='ltr'><strong>cubili</strong></span> <span class='ocrx_word' id='word_1_327' title='bbox 2577 1352 2688 1423; x_wconf 75' lang='grc' dir='ltr'><strong>[ΑΙ.</strong></span> <span class='ocrx_word' id='word_1_328' title='bbox 2736 1349 3050 1420; x_wconf 86' lang='lat' dir='ltr'><strong>cubiculis]:</strong></span> <span class='ocrx_word' id='word_1_329' title='bbox 3093 1359 3222 1402; x_wconf 85' lang='lat' dir='ltr'><strong>tunc</strong></span> <span class='ocrx_word' id='word_1_330' title='bbox 3279 1347 3535 1415; x_wconf 79' lang='lat' dir='ltr'><strong>adaperit</strong></span> <span class='ocrx_word' id='word_1_331' title='bbox 3567 1361 3670 1398; x_wconf 78' lang='lat' dir='ltr'><strong>au-</strong></span> 
     </span>
    </p>
   </div>
   <div class='ocr_carea' id='block_1_45' title="bbox 2097 1439 3674 1512">
    <p class='ocr_par' dir='ltr' id='par_1_45' title="bbox 2097 1439 3674 1512">
     <span class='ocr_line' id='line_1_45' title="bbox 2097 1439 3674 1512; baseline -0.006 -9"><span class='ocrx_word' id='word_1_332' title='bbox 2097 1465 2210 1502; x_wconf 88' lang='lat' dir='ltr'><strong>rem</strong></span> <span class='ocrx_word' id='word_1_333' title='bbox 2261 1447 2570 1506; x_wconf 83' lang='lat' dir='ltr'><strong>hominum.</strong></span> <span class='ocrx_word' id='word_1_334' title='bbox 2625 1446 2680 1500; x_wconf 89' lang='lat' dir='ltr'><strong>in</strong></span> <span class='ocrx_word' id='word_1_335' title='bbox 2731 1443 2919 1512; x_wconf 81' lang='lat' dir='ltr'><strong>ﬁguris</strong></span> <span class='ocrx_word' id='word_1_336' title='bbox 2971 1442 3169 1496; x_wconf 88' lang='lat' dir='ltr'><strong>talibus</strong></span> <span class='ocrx_word' id='word_1_337' title='bbox 3216 1439 3510 1494; x_wconf 73' lang='lat' dir='ltr'><strong>hor&#39;rorum</strong></span> <span class='ocrx_word' id='word_1_338' title='bbox 3548 1440 3674 1494; x_wconf 83' lang='lat' dir='ltr'><strong>illos</strong></span> 
     </span>
    </p>
   </div>
   <div class='ocr_carea' id='block_1_46' title="bbox 2097 1533 3676 1608">
    <p class='ocr_par' dir='ltr' id='par_1_46' title="bbox 2097 1533 3676 1608">
     <span class='ocr_line' id='line_1_46' title="bbox 2097 1533 3676 1608; baseline -0.005 -16"><span class='ocrx_word' id='word_1_339' title='bbox 2097 1549 2447 1608; x_wconf 82' lang='lat' dir='ltr'><strong>perterrens:</strong></span> <span class='ocrx_word' id='word_1_340' title='bbox 2483 1547 2542 1591; x_wconf 89' lang='lat' dir='ltr'><strong>ut</strong></span> <span class='ocrx_word' id='word_1_341' title='bbox 2587 1543 2796 1590; x_wconf 81' lang='lat' dir='ltr'><strong>avertat</strong></span> <span class='ocrx_word' id='word_1_342' title='bbox 2835 1534 3112 1588; x_wconf 86' lang='lat' dir='ltr'><strong>hominem</strong></span> <span class='ocrx_word' id='word_1_343' title='bbox 3149 1533 3214 1586; x_wconf 90' lang='lat' dir='ltr'><strong>ab</strong></span> <span class='ocrx_word' id='word_1_344' title='bbox 3242 1533 3557 1600; x_wconf 81' lang='lat' dir='ltr'><strong>iniquitate,</strong></span> <span class='ocrx_word' id='word_1_345' title='bbox 3615 1542 3676 1584; x_wconf 86' lang='lat' dir='ltr'><strong>et</strong></span> 
     </span>
    </p>
   </div>
   <div class='ocr_carea' id='block_1_47' title="bbox 2099 1625 3676 1698">
    <p class='ocr_par' dir='ltr' id='par_1_47' title="bbox 2099 1625 3676 1698">
     <span class='ocr_line' id='line_1_47' title="bbox 2099 1625 3676 1698; baseline -0.005 -14"><span class='ocrx_word' id='word_1_346' title='bbox 2099 1645 2298 1698; x_wconf 87' lang='lat' dir='ltr'><strong>corpus</strong></span> <span class='ocrx_word' id='word_1_347' title='bbox 2328 1631 2448 1698; x_wconf 84' lang='lat' dir='ltr'><strong>ejus</strong></span> <span class='ocrx_word' id='word_1_348' title='bbox 2474 1645 2502 1682; x_wconf 83' lang='lat' dir='ltr'><strong>a</strong></span> <span class='ocrx_word' id='word_1_349' title='bbox 2549 1629 2704 1681; x_wconf 88' lang='lat' dir='ltr'><strong>ruina</strong></span> <span class='ocrx_word' id='word_1_350' title='bbox 2729 1637 2912 1684; x_wconf 85' lang='lat' dir='ltr'><strong>eruat.</strong></span> <span class='ocrx_word' id='word_1_351' title='bbox 2945 1641 3001 1680; x_wconf 89' lang='lat' dir='ltr'><strong>et</strong></span> <span class='ocrx_word' id='word_1_352' title='bbox 3030 1626 3276 1694; x_wconf 74' lang='lat' dir='ltr'><strong>pepercit</strong></span> <span class='ocrx_word' id='word_1_353' title='bbox 3305 1627 3502 1678; x_wconf 77' lang='lat' dir='ltr'><strong>animae</strong></span> <span class='ocrx_word' id='word_1_354' title='bbox 3549 1625 3676 1692; x_wconf 73' lang='lat' dir='ltr'><strong>ejus</strong></span> 
     </span>
    </p>
   </div>
   <div class='ocr_carea' id='block_1_48' title="bbox 2033 1713 3674 1786">
    <p class='ocr_par' dir='ltr' id='par_1_48' title="bbox 2033 1713 3674 1786">
     <span class='ocr_line' id='line_1_48' title="bbox 2033 1713 3674 1786; baseline -0.004 -14"><span class='ocrx_word' id='word_1_355' title='bbox 2033 1735 2072 1786; x_wconf 75' lang='grc' dir='ltr'>ῃ</span> <span class='ocrx_word' id='word_1_356' title='bbox 2099 1735 2127 1772; x_wconf 75' lang='lat' dir='ltr'><strong>a</strong></span> <span class='ocrx_word' id='word_1_357' title='bbox 2165 1733 2337 1772; x_wconf 83' lang='lat' dir='ltr'><strong>umrte</strong></span> <span class='ocrx_word' id='word_1_358' title='bbox 2367 1721 2407 1769; x_wconf 78' lang='grc'><strong>⁵.</strong></span> <span class='ocrx_word' id='word_1_359' title='bbox 2445 1717 2506 1770; x_wconf 83' lang='lat' dir='ltr'><strong>Et</strong></span> <span class='ocrx_word' id='word_1_360' title='bbox 2542 1718 2740 1770; x_wconf 88' lang='lat' dir='ltr'><strong>iterum</strong></span> <span class='ocrx_word' id='word_1_361' title='bbox 2783 1727 2974 1784; x_wconf 77' lang='lat' dir='ltr'><strong>arguet</strong></span> <span class='ocrx_word' id='word_1_362' title='bbox 3007 1731 3130 1768; x_wconf 87' lang='lat' dir='ltr'><strong>eum</strong></span> <span class='ocrx_word' id='word_1_363' title='bbox 3173 1716 3225 1768; x_wconf 92' lang='lat' dir='ltr'><strong>in</strong></span> <span class='ocrx_word' id='word_1_364' title='bbox 3267 1715 3586 1766; x_wconf 88' lang='lat' dir='ltr'><strong>inlirmitate</strong></span> <span class='ocrx_word' id='word_1_365' title='bbox 3613 1713 3674 1766; x_wconf 84' lang='lat' dir='ltr'><strong>in</strong></span> 
     </span>
    </p>
   </div>
   <div class='ocr_carea' id='block_1_49' title="bbox 2100 1807 3678 1876">
    <p class='ocr_par' dir='ltr' id='par_1_49' title="bbox 2100 1807 3678 1876">
     <span class='ocr_line' id='line_1_49' title="bbox 2100 1807 3678 1876; baseline -0.004 -14"><span class='ocrx_word' id='word_1_366' title='bbox 2100 1810 2299 1874; x_wconf 80' lang='lat' dir='ltr'><strong>cubili;</strong></span> <span class='ocrx_word' id='word_1_367' title='bbox 2341 1819 2393 1862; x_wconf 80' lang='lat' dir='ltr'><strong>et</strong></span> <span class='ocrx_word' id='word_1_368' title='bbox 2445 1807 2740 1860; x_wconf 76' lang='lat' dir='ltr'><strong>multitudo</strong></span> <span class='ocrx_word' id='word_1_369' title='bbox 2805 1808 3012 1860; x_wconf 80' lang='lat' dir='ltr'><strong>essium</strong></span> <span class='ocrx_word' id='word_1_370' title='bbox 3050 1807 3166 1876; x_wconf 75' lang='lat' dir='ltr'><strong>ejus</strong></span> <span class='ocrx_word' id='word_1_371' title='bbox 3203 1807 3508 1868; x_wconf 81' lang='lat' dir='ltr'><strong>emarcuit;</strong></span> <span class='ocrx_word' id='word_1_372' title='bbox 3553 1821 3678 1858; x_wconf 85' lang='lat' dir='ltr'><strong>om-</strong></span> 
     </span>
    </p>
   </div>
   <div class='ocr_carea' id='block_1_50' title="bbox 2101 1896 3678 1968">
    <p class='ocr_par' dir='ltr' id='par_1_50' title="bbox 2101 1896 3678 1968">
     <span class='ocr_line' id='line_1_50' title="bbox 2101 1896 3678 1968; baseline -0.003 -14"><span class='ocrx_word' id='word_1_373' title='bbox 2101 1917 2338 1968; x_wconf 85' lang='lat' dir='ltr'><strong>nemque</strong></span> <span class='ocrx_word' id='word_1_374' title='bbox 2378 1916 2559 1952; x_wconf 73' lang='lat' dir='ltr'><strong>esram</strong></span> <span class='ocrx_word' id='word_1_375' title='bbox 2593 1916 2702 1954; x_wconf 88' lang='lat' dir='ltr'><strong>non</strong></span> <span class='ocrx_word' id='word_1_376' title='bbox 2759 1900 2964 1968; x_wconf 88' lang='lat' dir='ltr'><strong>poterit</strong></span> <span class='ocrx_word' id='word_1_377' title='bbox 3019 1913 3259 1952; x_wconf 88' lang='lat' dir='ltr'><strong>sumere.</strong></span> <span class='ocrx_word' id='word_1_378' title='bbox 3295 1903 3360 1964; x_wconf 42' lang='lat'><strong>)1</strong></span> <span class='ocrx_word' id='word_1_379' title='bbox 3395 1896 3456 1948; x_wconf 83' lang='lat' dir='ltr'><strong>Et</strong></span> <span class='ocrx_word' id='word_1_380' title='bbox 3489 1911 3678 1950; x_wconf 78' lang='lat' dir='ltr'><strong>anima</strong></span> 
     </span>
    </p>
   </div>
   <div class='ocr_carea' id='block_1_51' title="bbox 2100 1991 3680 2062">
    <p class='ocr_par' dir='ltr' id='par_1_51' title="bbox 2100 1991 3680 2062">
     <span class='ocr_line' id='line_1_51' title="bbox 2100 1991 3680 2062; baseline -0.003 -18"><span class='ocrx_word' id='word_1_381' title='bbox 2100 1994 2218 2062; x_wconf 79' lang='lat' dir='ltr'><strong>ejus</strong></span> <span class='ocrx_word' id='word_1_382' title='bbox 2244 1992 2576 2046; x_wconf 81' lang='lat' dir='ltr'><strong>desiderabit</strong></span> <span class='ocrx_word' id='word_1_383' title='bbox 2624 1993 2808 2044; x_wconf 90' lang='lat' dir='ltr'><strong>cibum</strong></span> <span class='ocrx_word' id='word_1_384' title='bbox 2847 1995 2866 2060; x_wconf 76' lang='grc' dir='ltr'>ζ</span> <span class='ocrx_word' id='word_1_385' title='bbox 2925 1991 3103 2044; x_wconf 89' lang='lat' dir='ltr'><strong>donec</strong></span> <span class='ocrx_word' id='word_1_386' title='bbox 3134 2006 3330 2044; x_wconf 85' lang='lat' dir='ltr'><strong>carnes</strong></span> <span class='ocrx_word' id='word_1_387' title='bbox 3361 1992 3480 2059; x_wconf 87' lang='lat' dir='ltr'><strong>ejus</strong></span> <span class='ocrx_word' id='word_1_388' title='bbox 3513 1991 3680 2043; x_wconf 68' lang='lat' dir='ltr'><strong>tabi--</strong></span> 
     </span>
    </p>
   </div>
   <div class='ocr_carea' id='block_1_52' title="bbox 2101 2081 3678 2148">
    <p class='ocr_par' dir='ltr' id='par_1_52' title="bbox 2101 2081 3678 2148">
     <span class='ocr_line' id='line_1_52' title="bbox 2101 2081 3678 2148; baseline -0.003 -9"><span class='ocrx_word' id='word_1_389' title='bbox 2101 2095 2276 2148; x_wconf 84' lang='lat' dir='ltr'><strong>seant,</strong></span> <span class='ocrx_word' id='word_1_390' title='bbox 2305 2095 2358 2136; x_wconf 90' lang='lat' dir='ltr'><strong>et</strong></span> <span class='ocrx_word' id='word_1_391' title='bbox 2390 2087 2748 2136; x_wconf 79' lang='lat' dir='ltr'><strong>ostendantur</strong></span> <span class='ocrx_word' id='word_1_392' title='bbox 2770 2099 2892 2136; x_wconf 83' lang='lat' dir='ltr'><strong>ossa</strong></span> <span class='ocrx_word' id='word_1_393' title='bbox 2920 2081 3043 2148; x_wconf 88' lang='lat' dir='ltr'><strong>ejus</strong></span> <span class='ocrx_word' id='word_1_394' title='bbox 3075 2083 3280 2135; x_wconf 79' lang='lat' dir='ltr'><strong>inania.</strong></span> <span class='ocrx_word' id='word_1_395' title='bbox 3317 2083 3678 2148; x_wconf 81' lang='lat' dir='ltr'><strong>Accessitque</strong></span> 
     </span>
    </p>
   </div>
   <div class='ocr_carea' id='block_1_53' title="bbox 2101 2172 3676 2243">
    <p class='ocr_par' dir='ltr' id='par_1_53' title="bbox 2101 2172 3676 2243">
     <span class='ocr_line' id='line_1_53' title="bbox 2101 2172 3676 2243; baseline -0.002 -15"><span class='ocrx_word' id='word_1_396' title='bbox 2101 2176 2168 2228; x_wconf 82' lang='lat' dir='ltr'><strong>ad</strong></span> <span class='ocrx_word' id='word_1_397' title='bbox 2199 2185 2424 2229; x_wconf 82' lang='lat' dir='ltr'><strong>mortem</strong></span> <span class='ocrx_word' id='word_1_398' title='bbox 2445 2178 2626 2228; x_wconf 73' lang='lat' dir='ltr'><strong>anima</strong></span> <span class='ocrx_word' id='word_1_399' title='bbox 2645 2176 2786 2243; x_wconf 79' lang='lat' dir='ltr'><strong>ejus,</strong></span> <span class='ocrx_word' id='word_1_400' title='bbox 2811 2183 2865 2228; x_wconf 89' lang='lat' dir='ltr'><strong>et</strong></span> <span class='ocrx_word' id='word_1_401' title='bbox 2887 2173 2998 2226; x_wconf 84' lang='lat' dir='ltr'><strong>vita</strong></span> <span class='ocrx_word' id='word_1_402' title='bbox 3021 2173 3138 2241; x_wconf 78' lang='lat' dir='ltr'><strong>ejus</strong></span> <span class='ocrx_word' id='word_1_403' title='bbox 3165 2173 3227 2226; x_wconf 86' lang='lat' dir='ltr'><strong>ad</strong></span> <span class='ocrx_word' id='word_1_404' title='bbox 3265 2172 3486 2226; x_wconf 82' lang='lat' dir='ltr'><strong>inferos.</strong></span> <span class='ocrx_word' id='word_1_405' title='bbox 3515 2173 3676 2237; x_wconf 82' lang='lat' dir='ltr'><strong>Quod</strong></span> 
     </span>
    </p>
   </div>
   <div class='ocr_carea' id='block_1_54' title="bbox 2103 2263 3678 2334">
    <p class='ocr_par' dir='ltr' id='par_1_54' title="bbox 2103 2263 3678 2334">
     <span class='ocr_line' id='line_1_54' title="bbox 2103 2263 3678 2334; baseline -0.003 -14"><span class='ocrx_word' id='word_1_406' title='bbox 2103 2268 2146 2321; x_wconf 89' lang='lat' dir='ltr'><strong>si</strong></span> <span class='ocrx_word' id='word_1_407' title='bbox 2181 2267 2384 2319; x_wconf 81' lang='lat' dir='ltr'><strong>fuerint</strong></span> <span class='ocrx_word' id='word_1_408' title='bbox 2413 2271 2478 2334; x_wconf 68' lang='grc' dir='ltr'><strong>&gt;δ&lt;</strong></span> <span class='ocrx_word' id='word_1_409' title='bbox 2511 2267 2689 2334; x_wconf 80' lang='lat' dir='ltr'><strong>angeli</strong></span> <span class='ocrx_word' id='word_1_410' title='bbox 2739 2265 3005 2318; x_wconf 84' lang='lat' dir='ltr'><strong>mortiferi</strong></span> <span class='ocrx_word' id='word_1_411' title='bbox 3173 2280 3281 2317; x_wconf 87' lang='lat' dir='ltr'><strong>non</strong></span> <span class='ocrx_word' id='word_1_412' title='bbox 3317 2263 3678 2332; x_wconf 80' lang='lat' dir='ltr'><strong>respondebit</strong></span> 
     </span>
    </p>
   </div>
   <div class='ocr_carea' id='block_1_55' title="bbox 2103 2355 3683 2416">
    <p class='ocr_par' dir='ltr' id='par_1_55' title="bbox 2103 2355 3683 2416">
     <span class='ocr_line' id='line_1_55' title="bbox 2103 2355 3683 2416; baseline 0 -8"><span class='ocrx_word' id='word_1_413' title='bbox 2103 2360 2176 2411; x_wconf 69' lang='lat' dir='ltr'><strong>ei.</strong></span> <span class='ocrx_word' id='word_1_414' title='bbox 2207 2357 2354 2412; x_wconf 89' lang='lat' dir='ltr'><strong>Unus</strong></span> <span class='ocrx_word' id='word_1_415' title='bbox 2387 2372 2452 2409; x_wconf 72' lang='lat' dir='ltr'><strong>ex</strong></span> <span class='ocrx_word' id='word_1_416' title='bbox 2477 2358 2556 2410; x_wconf 83' lang='lat' dir='ltr'><strong>eis</strong></span> <span class='ocrx_word' id='word_1_417' title='bbox 2600 2373 2708 2408; x_wconf 89' lang='lat' dir='ltr'><strong>non</strong></span> <span class='ocrx_word' id='word_1_418' title='bbox 2745 2357 3056 2408; x_wconf 83' lang='lat' dir='ltr'><strong>vulnerahit</strong></span> <span class='ocrx_word' id='word_1_419' title='bbox 3084 2370 3234 2416; x_wconf 89' lang='lat' dir='ltr'><strong>eum,</strong></span> <span class='ocrx_word' id='word_1_420' title='bbox 3272 2355 3318 2408; x_wconf 86' lang='lat' dir='ltr'><strong>si</strong></span> <span class='ocrx_word' id='word_1_421' title='bbox 3343 2355 3683 2408; x_wconf 76' lang='lat' dir='ltr'><strong>intellexerit.</strong></span> 
     </span>
    </p>
   </div>
   <div class='ocr_carea' id='block_1_56' title="bbox 2105 2443 3678 2506">
    <p class='ocr_par' dir='ltr' id='par_1_56' title="bbox 2105 2443 3678 2506">
     <span class='ocr_line' id='line_1_56' title="bbox 2105 2443 3678 2506; baseline -0.003 -6"><span class='ocrx_word' id='word_1_422' title='bbox 2105 2449 2270 2502; x_wconf 83' lang='lat' dir='ltr'><strong>corde</strong></span> <span class='ocrx_word' id='word_1_423' title='bbox 2297 2449 2543 2500; x_wconf 84' lang='lat' dir='ltr'><strong>converti</strong></span> <span class='ocrx_word' id='word_1_424' title='bbox 2568 2449 2636 2500; x_wconf 77' lang='lat' dir='ltr'><strong>ad</strong></span> <span class='ocrx_word' id='word_1_425' title='bbox 2665 2449 2978 2506; x_wconf 63' lang='lat' dir='ltr'><strong>Dominum,</strong></span> <span class='ocrx_word' id='word_1_426' title='bbox 3017 2455 3072 2499; x_wconf 88' lang='lat' dir='ltr'><strong>et</strong></span> <span class='ocrx_word' id='word_1_427' title='bbox 3099 2445 3436 2498; x_wconf 86' lang='lat' dir='ltr'><strong>nuntiaverit</strong></span> <span class='ocrx_word' id='word_1_428' title='bbox 3465 2443 3678 2496; x_wconf 84' lang='lat' dir='ltr'><strong>homini</strong></span> 
     </span>
    </p>
   </div>
   <div class='ocr_carea' id='block_1_57' title="bbox 2105 2535 3682 2600">
    <p class='ocr_par' dir='ltr' id='par_1_57' title="bbox 2105 2535 3682 2600">
     <span class='ocr_line' id='line_1_57' title="bbox 2105 2535 3682 2600; baseline -0.004 -7"><span class='ocrx_word' id='word_1_429' title='bbox 2105 2542 2246 2593; x_wconf 87' lang='lat' dir='ltr'><strong>viam</strong></span> <span class='ocrx_word' id='word_1_430' title='bbox 2287 2555 2440 2592; x_wconf 80' lang='lat' dir='ltr'><strong>suam</strong></span> <span class='ocrx_word' id='word_1_431' title='bbox 2473 2553 2529 2593; x_wconf 73' lang='grc' dir='ltr'><strong>-ε-</strong></span> <span class='ocrx_word' id='word_1_432' title='bbox 2566 2539 2856 2591; x_wconf 81' lang='lat' dir='ltr'><strong>stultitiam</strong></span> <span class='ocrx_word' id='word_1_433' title='bbox 2891 2552 3041 2590; x_wconf 86' lang='lat' dir='ltr'><strong>suam</strong></span> <span class='ocrx_word' id='word_1_434' title='bbox 3079 2535 3402 2600; x_wconf 70' lang='lat' dir='ltr'><strong>ostenderit,</strong></span> <span class='ocrx_word' id='word_1_435' title='bbox 3441 2549 3502 2588; x_wconf 73' lang='grc' dir='ltr'><strong>οε-</strong></span> <span class='ocrx_word' id='word_1_436' title='bbox 3547 2535 3682 2587; x_wconf 84' lang='lat' dir='ltr'><strong>sub-</strong></span> 
     </span>
    </p>
   </div>
   <div class='ocr_carea' id='block_1_58' title="bbox 2109 2631 3680 2688">
    <p class='ocr_par' dir='ltr' id='par_1_58' title="bbox 2109 2631 3680 2688">
     <span class='ocr_line' id='line_1_58' title="bbox 2109 2631 3680 2688; baseline -0.004 -4"><span class='ocrx_word' id='word_1_437' title='bbox 2109 2631 2290 2684; x_wconf 82' lang='lat' dir='ltr'><strong>veniet</strong></span> <span class='ocrx_word' id='word_1_438' title='bbox 2334 2633 2352 2660; x_wconf 83' lang='grc'><strong>⁶</strong></span> <span class='ocrx_word' id='word_1_439' title='bbox 2381 2633 2484 2684; x_wconf 85' lang='lat' dir='ltr'><strong>sibi</strong></span> <span class='ocrx_word' id='word_1_440' title='bbox 2519 2641 2574 2683; x_wconf 91' lang='lat' dir='ltr'><strong>ut</strong></span> <span class='ocrx_word' id='word_1_441' title='bbox 2616 2646 2724 2683; x_wconf 88' lang='lat' dir='ltr'><strong>non</strong></span> <span class='ocrx_word' id='word_1_442' title='bbox 2767 2635 2925 2684; x_wconf 84' lang='lat' dir='ltr'><strong>cadat</strong></span> <span class='ocrx_word' id='word_1_443' title='bbox 2953 2632 3006 2682; x_wconf 91' lang='lat' dir='ltr'><strong>in</strong></span> <span class='ocrx_word' id='word_1_444' title='bbox 3044 2642 3238 2688; x_wconf 87' lang='lat' dir='ltr'><strong>morte,</strong></span> <span class='ocrx_word' id='word_1_445' title='bbox 3278 2642 3338 2680; x_wconf 76' lang='grc' dir='ltr'><strong>-ι-</strong></span> <span class='ocrx_word' id='word_1_446' title='bbox 3367 2635 3420 2678; x_wconf 90' lang='lat' dir='ltr'><strong>et</strong></span> <span class='ocrx_word' id='word_1_447' title='bbox 3442 2643 3680 2681; x_wconf 87' lang='lat' dir='ltr'><strong>renova-</strong></span> 
     </span>
    </p>
   </div>
   <div class='ocr_carea' id='block_1_59' title="bbox 2109 2724 3681 2792">
    <p class='ocr_par' dir='ltr' id='par_1_59' title="bbox 2109 2724 3681 2792">
     <span class='ocr_line' id='line_1_59' title="bbox 2109 2724 3681 2792; baseline -0.004 -14"><span class='ocrx_word' id='word_1_448' title='bbox 2109 2725 2188 2778; x_wconf 86' lang='lat' dir='ltr'><strong>bit</strong></span> <span class='ocrx_word' id='word_1_449' title='bbox 2233 2740 2432 2792; x_wconf 84' lang='lat' dir='ltr'><strong>corpus</strong></span> <span class='ocrx_word' id='word_1_450' title='bbox 2467 2741 2621 2777; x_wconf 85' lang='lat' dir='ltr'><strong>suum</strong></span> <span class='ocrx_word' id='word_1_451' title='bbox 2652 2724 2792 2777; x_wconf 86' lang='lat' dir='ltr'><strong>sicut</strong></span> <span class='ocrx_word' id='word_1_452' title='bbox 2843 2724 3006 2776; x_wconf 83' lang='lat' dir='ltr'><strong>litura</strong></span> <span class='ocrx_word' id='word_1_453' title='bbox 3045 2724 3094 2774; x_wconf 91' lang='lat' dir='ltr'><strong>in</strong></span> <span class='ocrx_word' id='word_1_454' title='bbox 3129 2725 3336 2791; x_wconf 78' lang='lat' dir='ltr'><strong>pariete</strong></span> <span class='ocrx_word' id='word_1_455' title='bbox 3367 2735 3428 2776; x_wconf 84' lang='lat'><strong>+</strong></span> <span class='ocrx_word' id='word_1_456' title='bbox 3463 2732 3516 2774; x_wconf 89' lang='lat' dir='ltr'><strong>et</strong></span> <span class='ocrx_word' id='word_1_457' title='bbox 3554 2735 3681 2773; x_wconf 85' lang='lat' dir='ltr'><strong>ossa</strong></span> 
     </span>
    </p>
   </div>
   <div class='ocr_carea' id='block_1_60' title="bbox 2109 2813 3683 2880">
    <p class='ocr_par' dir='ltr' id='par_1_60' title="bbox 2109 2813 3683 2880">
     <span class='ocr_line' id='line_1_60' title="bbox 2109 2813 3683 2880; baseline -0.003 -14"><span class='ocrx_word' id='word_1_458' title='bbox 2109 2828 2204 2866; x_wconf 88' lang='lat' dir='ltr'><strong>sua</strong></span> <span class='ocrx_word' id='word_1_459' title='bbox 2238 2813 2484 2880; x_wconf 86' lang='lat' dir='ltr'><strong>implebit</strong></span> <span class='ocrx_word' id='word_1_460' title='bbox 2515 2813 2766 2874; x_wconf 80' lang='lat' dir='ltr'><strong>medulla,</strong></span> <span class='ocrx_word' id='word_1_461' title='bbox 2797 2825 2850 2866; x_wconf 89' lang='lat' dir='ltr'><strong>et</strong></span> <span class='ocrx_word' id='word_1_462' title='bbox 2898 2813 3104 2866; x_wconf 89' lang='lat' dir='ltr'><strong>molliet</strong></span> <span class='ocrx_word' id='word_1_463' title='bbox 3139 2828 3334 2866; x_wconf 88' lang='lat' dir='ltr'><strong>carnes</strong></span> <span class='ocrx_word' id='word_1_464' title='bbox 3374 2827 3502 2866; x_wconf 79' lang='lat' dir='ltr'><strong>suas</strong></span> <span class='ocrx_word' id='word_1_465' title='bbox 3535 2815 3683 2865; x_wconf 86' lang='lat' dir='ltr'><strong>sicut</strong></span> 
     </span>
    </p>
   </div>
   <div class='ocr_carea' id='block_1_61' title="bbox 2111 2899 3682 2971">
    <p class='ocr_par' dir='ltr' id='par_1_61' title="bbox 2111 2899 3682 2971">
     <span class='ocr_line' id='line_1_61' title="bbox 2111 2899 3682 2971; baseline -0.001 -17"><span class='ocrx_word' id='word_1_466' title='bbox 2111 2903 2342 2971; x_wconf 82' lang='lat' dir='ltr'><strong>parvuli,</strong></span> <span class='ocrx_word' id='word_1_467' title='bbox 2370 2913 2424 2955; x_wconf 87' lang='lat' dir='ltr'><strong>et</strong></span> <span class='ocrx_word' id='word_1_468' title='bbox 2449 2905 2701 2956; x_wconf 81' lang='lat' dir='ltr'><strong>restituet</strong></span> <span class='ocrx_word' id='word_1_469' title='bbox 2740 2921 2796 2955; x_wconf 85' lang='lat' dir='ltr'><strong>se</strong></span> <span class='ocrx_word' id='word_1_470' title='bbox 2851 2901 3046 2955; x_wconf 78' lang='lat' dir='ltr'><strong>fortem</strong></span> <span class='ocrx_word' id='word_1_471' title='bbox 3093 2903 3150 2954; x_wconf 85' lang='lat' dir='ltr'><strong>in</strong></span> <span class='ocrx_word' id='word_1_472' title='bbox 3185 2903 3518 2954; x_wconf 77' lang='lat' dir='ltr'><strong>hominibus.</strong></span> <span class='ocrx_word' id='word_1_473' title='bbox 3547 2899 3682 2954; x_wconf 87' lang='lat' dir='ltr'><strong>Ora-</strong></span> 
     </span>
    </p>
   </div>
   <div class='ocr_carea' id='block_1_62' title="bbox 2113 2993 3688 3062">
    <p class='ocr_par' dir='ltr' id='par_1_62' title="bbox 2113 2993 3688 3062">
     <span class='ocr_line' id='line_1_62' title="bbox 2113 2993 3688 3062; baseline 0.003 -19"><span class='ocrx_word' id='word_1_474' title='bbox 2113 2993 2190 3044; x_wconf 92' lang='lat' dir='ltr'><strong>bit</strong></span> <span class='ocrx_word' id='word_1_475' title='bbox 2219 2993 2284 3046; x_wconf 83' lang='lat' dir='ltr'><strong>ad</strong></span> <span class='ocrx_word' id='word_1_476' title='bbox 2336 2993 2645 3056; x_wconf 79' lang='lat' dir='ltr'><strong>Dominum,</strong></span> <span class='ocrx_word' id='word_1_477' title='bbox 2680 3004 2732 3046; x_wconf 79' lang='lat' dir='ltr'><strong>et</strong></span> <span class='ocrx_word' id='word_1_478' title='bbox 2784 2995 2836 3046; x_wconf 90' lang='lat' dir='ltr'><strong>in</strong></span> <span class='ocrx_word' id='word_1_479' title='bbox 2891 3004 3173 3062; x_wconf 84' lang='lat' dir='ltr'><strong>acceptum</strong></span> <span class='ocrx_word' id='word_1_480' title='bbox 3229 2994 3465 3047; x_wconf 80' lang='lat' dir='ltr'><strong>refertur</strong></span> <span class='ocrx_word' id='word_1_481' title='bbox 3495 2993 3586 3058; x_wconf 90' lang='lat' dir='ltr'><strong>ei;</strong></span> <span class='ocrx_word' id='word_1_482' title='bbox 3629 3001 3688 3047; x_wconf 77' lang='lat' dir='ltr'><strong>et</strong></span> 
     </span>
    </p>
   </div>
   <div class='ocr_carea' id='block_1_63' title="bbox 441 3073 3676 3155">
    <p class='ocr_par' dir='ltr' id='par_1_63' title="bbox 441 3073 3676 3155">
     <span class='ocr_line' id='line_1_63' title="bbox 441 3073 3676 3155; baseline -0.002 -13"><span class='ocrx_word' id='word_1_483' title='bbox 441 3093 592 3143; x_wconf 85' lang='lat' dir='ltr'><strong>riens</strong></span> <span class='ocrx_word' id='word_1_484' title='bbox 611 3089 752 3140; x_wconf 86' lang='lat' dir='ltr'><strong>labia</strong></span> <span class='ocrx_word' id='word_1_485' title='bbox 783 3085 1144 3152; x_wconf 86' lang='lat' dir='ltr'><strong>respondebo.</strong></span> <span class='ocrx_word' id='word_1_486' title='bbox 1181 3081 1366 3148; x_wconf 79' lang='lat' dir='ltr'><strong>Neque</strong></span> <span class='ocrx_word' id='word_1_487' title='bbox 1395 3082 1540 3133; x_wconf 87' lang='lat' dir='ltr'><strong>enim</strong></span> <span class='ocrx_word' id='word_1_488' title='bbox 1575 3079 1897 3132; x_wconf 85' lang='lat' dir='ltr'><strong>erubescam</strong></span> <span class='ocrx_word' id='word_1_489' title='bbox 1931 3077 2008 3130; x_wconf 66' lang='lat' dir='ltr'><strong>l‘a-</strong></span> <span class='ocrx_word' id='word_1_490' title='bbox 2037 3073 2080 3129; x_wconf 68' lang='grc' dir='ltr'><strong>Ω</strong></span> <span class='ocrx_word' id='word_1_491' title='bbox 2115 3085 2338 3136; x_wconf 79' lang='lat' dir='ltr'><strong>intrabit</strong></span> <span class='ocrx_word' id='word_1_492' title='bbox 2371 3082 2477 3154; x_wconf 76' lang='lat' dir='ltr'><strong>[AL</strong></span> <span class='ocrx_word' id='word_1_493' title='bbox 2512 3083 2753 3154; x_wconf 75' lang='lat' dir='ltr'><strong>intravit]</strong></span> <span class='ocrx_word' id='word_1_494' title='bbox 2791 3085 2930 3138; x_wconf 78' lang='lat' dir='ltr'><strong>facie</strong></span> <span class='ocrx_word' id='word_1_495' title='bbox 2965 3087 3124 3138; x_wconf 82' lang='lat' dir='ltr'><strong>hilari</strong></span> <span class='ocrx_word' id='word_1_496' title='bbox 3158 3101 3280 3140; x_wconf 89' lang='lat' dir='ltr'><strong>cum</strong></span> <span class='ocrx_word' id='word_1_497' title='bbox 3307 3086 3676 3155; x_wconf 81' lang='lat' dir='ltr'><strong>professione,</strong></span> 
     </span>
    </p>
   </div>
   <div class='ocr_carea' id='block_1_64' title="bbox 441 3171 2008 3240">
    <p class='ocr_par' dir='ltr' id='par_1_64' title="bbox 441 3171 2008 3240">
     <span class='ocr_line' id='line_1_64' title="bbox 441 3171 2008 3240; baseline -0.006 -9"><span class='ocrx_word' id='word_1_498' title='bbox 441 3181 582 3231; x_wconf 87' lang='lat' dir='ltr'><strong>ciem</strong></span> <span class='ocrx_word' id='word_1_499' title='bbox 616 3179 739 3240; x_wconf 90' lang='lat' dir='ltr'><strong>viri,</strong></span> <span class='ocrx_word' id='word_1_500' title='bbox 777 3191 878 3229; x_wconf 88' lang='lat' dir='ltr'><strong>nec</strong></span> <span class='ocrx_word' id='word_1_501' title='bbox 936 3175 1165 3226; x_wconf 85' lang='lat' dir='ltr'><strong>mortale</strong></span> <span class='ocrx_word' id='word_1_502' title='bbox 1199 3171 1522 3226; x_wconf 82' lang='lat' dir='ltr'><strong>confundar.</strong></span> <span class='ocrx_word' id='word_1_503' title='bbox 1555 3171 1674 3224; x_wconf 82' lang='lat' dir='ltr'><strong>Non</strong></span> <span class='ocrx_word' id='word_1_504' title='bbox 1707 3173 1854 3222; x_wconf 89' lang='lat' dir='ltr'><strong>enim</strong></span> <span class='ocrx_word' id='word_1_505' title='bbox 1893 3171 2008 3222; x_wconf 83' lang='lat' dir='ltr'><strong>scio</strong></span> 
     </span>
    </p>
   </div>
   <div class='ocr_carea' id='block_1_65' title="bbox 443 3257 2007 3332">
    <p class='ocr_par' dir='ltr' id='par_1_65' title="bbox 443 3257 2007 3332">
     <span class='ocr_line' id='line_1_65' title="bbox 443 3257 2007 3332; baseline -0.009 -8"><span class='ocrx_word' id='word_1_506' title='bbox 443 3271 631 3324; x_wconf 85' lang='lat' dir='ltr'><strong>mirari</strong></span> <span class='ocrx_word' id='word_1_507' title='bbox 681 3269 916 3321; x_wconf 80' lang='lat' dir='ltr'><strong>faciem:</strong></span> <span class='ocrx_word' id='word_1_508' title='bbox 953 3265 1200 3332; x_wconf 86' lang='lat' dir='ltr'><strong>alioquin</strong></span> <span class='ocrx_word' id='word_1_509' title='bbox 1259 3275 1316 3318; x_wconf 88' lang='lat' dir='ltr'><strong>et</strong></span> <span class='ocrx_word' id='word_1_510' title='bbox 1373 3280 1457 3316; x_wconf 90' lang='lat' dir='ltr'><strong>me</strong></span> <span class='ocrx_word' id='word_1_511' title='bbox 1489 3265 1648 3316; x_wconf 67' lang='lat' dir='ltr'><strong>tineae</strong></span> <span class='ocrx_word' id='word_1_512' title='bbox 1693 3262 1864 3316; x_wconf 87' lang='lat' dir='ltr'><strong>edunt</strong></span> <span class='ocrx_word' id='word_1_513' title='bbox 1893 3257 2007 3330; x_wconf 64' lang='grc' dir='ltr'><strong>[Δί.</strong></span> 
     </span>
    </p>
   </div>
   <div class='ocr_carea' id='block_1_66' title="bbox 442 3355 2012 3432">
    <p class='ocr_par' dir='ltr' id='par_1_66' title="bbox 442 3355 2012 3432">
     <span class='ocr_line' id='line_1_66' title="bbox 442 3355 2012 3432; baseline -0.008 -14"><span class='ocrx_word' id='word_1_514' title='bbox 442 3361 652 3432; x_wconf 80' lang='lat' dir='ltr'><strong>edent].</strong></span> <span class='ocrx_word' id='word_1_515' title='bbox 683 3359 839 3431; x_wconf 83' lang='lat' dir='ltr'><strong>[Cap.</strong></span> <span class='ocrx_word' id='word_1_516' title='bbox 873 3357 1138 3428; x_wconf 58' lang='lat' dir='ltr'><strong>XXXIIIJ</strong></span> <span class='ocrx_word' id='word_1_517' title='bbox 1175 3357 1330 3412; x_wconf 67' lang='lat' dir='ltr'><strong>Nunc</strong></span> <span class='ocrx_word' id='word_1_518' title='bbox 1367 3355 1659 3424; x_wconf 64' lang='lat' dir='ltr'><strong>ergoJob,</strong></span> <span class='ocrx_word' id='word_1_519' title='bbox 1693 3355 1819 3407; x_wconf 89' lang='lat' dir='ltr'><strong>audi</strong></span> <span class='ocrx_word' id='word_1_520' title='bbox 1848 3357 2012 3408; x_wconf 84' lang='lat' dir='ltr'><strong>verba</strong></span> 
     </span>
    </p>
   </div>
   <div class='ocr_carea' id='block_1_67' title="bbox 443 3450 2012 3520">
    <p class='ocr_par' dir='ltr' id='par_1_67' title="bbox 443 3450 2012 3520">
     <span class='ocr_line' id='line_1_67' title="bbox 443 3450 2012 3520; baseline -0.004 -12"><span class='ocrx_word' id='word_1_521' title='bbox 443 3464 670 3514; x_wconf 85' lang='lat' dir='ltr'><strong>mea.et</strong></span> <span class='ocrx_word' id='word_1_522' title='bbox 727 3453 1006 3520; x_wconf 87' lang='lat' dir='ltr'><strong>loquelam</strong></span> <span class='ocrx_word' id='word_1_523' title='bbox 1073 3467 1250 3505; x_wconf 86' lang='lat' dir='ltr'><strong>meam</strong></span> <span class='ocrx_word' id='word_1_524' title='bbox 1295 3453 1522 3504; x_wconf 83' lang='lat' dir='ltr'><strong>auribus</strong></span> <span class='ocrx_word' id='word_1_525' title='bbox 1571 3451 1812 3519; x_wconf 85' lang='lat' dir='ltr'><strong>percipe.</strong></span> <span class='ocrx_word' id='word_1_526' title='bbox 1871 3450 2012 3501; x_wconf 70' lang='lat' dir='ltr'><strong>Ecca</strong></span> 
     </span>
    </p>
   </div>
   <div class='ocr_carea' id='block_1_68' title="bbox 443 3539 2014 3614">
    <p class='ocr_par' dir='ltr' id='par_1_68' title="bbox 443 3539 2014 3614">
     <span class='ocr_line' id='line_1_68' title="bbox 443 3539 2014 3614; baseline -0.005 -16"><span class='ocrx_word' id='word_1_527' title='bbox 443 3549 630 3614; x_wconf 82' lang='lat' dir='ltr'><strong>aperui</strong></span> <span class='ocrx_word' id='word_1_528' title='bbox 683 3558 745 3596; x_wconf 91' lang='lat' dir='ltr'><strong>os</strong></span> <span class='ocrx_word' id='word_1_529' title='bbox 779 3559 984 3606; x_wconf 87' lang='lat' dir='ltr'><strong>meum,</strong></span> <span class='ocrx_word' id='word_1_530' title='bbox 1053 3552 1108 3594; x_wconf 87' lang='lat' dir='ltr'><strong>et</strong></span> <span class='ocrx_word' id='word_1_531' title='bbox 1159 3543 1341 3596; x_wconf 86' lang='lat' dir='ltr'><strong>locuta</strong></span> <span class='ocrx_word' id='word_1_532' title='bbox 1369 3551 1451 3593; x_wconf 83' lang='lat' dir='ltr'><strong>est</strong></span> <span class='ocrx_word' id='word_1_533' title='bbox 1483 3541 1666 3609; x_wconf 77' lang='lat' dir='ltr'><strong>lingua</strong></span> <span class='ocrx_word' id='word_1_534' title='bbox 1702 3555 1821 3592; x_wconf 88' lang='lat' dir='ltr'><strong>mea</strong></span> <span class='ocrx_word' id='word_1_535' title='bbox 1852 3541 1920 3606; x_wconf 49' lang='grc' dir='ltr'><strong>Β(</strong></span> <span class='ocrx_word' id='word_1_536' title='bbox 1958 3539 2014 3590; x_wconf 90' lang='lat' dir='ltr'><strong>in</strong></span> 
     </span>
    </p>
   </div>
   <div class='ocr_carea' id='block_1_69' title="bbox 443 3631 2012 3702">
    <p class='ocr_par' dir='ltr' id='par_1_69' title="bbox 443 3631 2012 3702">
     <span class='ocr_line' id='line_1_69' title="bbox 443 3631 2012 3702; baseline -0.001 -18"><span class='ocrx_word' id='word_1_537' title='bbox 443 3645 658 3702; x_wconf 76' lang='lat' dir='ltr'><strong>gutture</strong></span> <span class='ocrx_word' id='word_1_538' title='bbox 684 3649 824 3687; x_wconf 90' lang='lat' dir='ltr'><strong>meo.</strong></span> <span class='ocrx_word' id='word_1_539' title='bbox 865 3633 887 3702; x_wconf 73' lang='grc' dir='ltr'>ζ</span> <span class='ocrx_word' id='word_1_540' title='bbox 931 3632 1192 3685; x_wconf 82' lang='lat' dir='ltr'><strong>Mundum</strong></span> <span class='ocrx_word' id='word_1_541' title='bbox 1225 3641 1310 3685; x_wconf 89' lang='lat' dir='ltr'><strong>est</strong></span> <span class='ocrx_word' id='word_1_542' title='bbox 1359 3646 1455 3685; x_wconf 88' lang='lat' dir='ltr'><strong>cor</strong></span> <span class='ocrx_word' id='word_1_543' title='bbox 1486 3646 1666 3684; x_wconf 81' lang='lat' dir='ltr'><strong>meum</strong></span> <span class='ocrx_word' id='word_1_544' title='bbox 1722 3631 1774 3683; x_wconf 91' lang='lat' dir='ltr'><strong>in</strong></span> <span class='ocrx_word' id='word_1_545' title='bbox 1809 3632 2012 3692; x_wconf 83' lang='lat' dir='ltr'><strong>verbis,</strong></span> 
     </span>
    </p>
   </div>
   <div class='ocr_carea' id='block_1_70' title="bbox 442 3722 2018 3800">
    <p class='ocr_par' dir='ltr' id='par_1_70' title="bbox 442 3722 2018 3800">
     <span class='ocr_line' id='line_1_70' title="bbox 442 3722 2018 3800; baseline -0.003 -21"><span class='ocrx_word' id='word_1_546' title='bbox 442 3739 713 3779; x_wconf 89' lang='lat' dir='ltr'><strong>etsensus</strong></span> <span class='ocrx_word' id='word_1_547' title='bbox 761 3727 1032 3800; x_wconf 81' lang='lat' dir='ltr'><strong>labioruiu</strong></span> <span class='ocrx_word' id='word_1_548' title='bbox 1069 3737 1318 3778; x_wconf 87' lang='lat' dir='ltr'><strong>meorum</strong></span> <span class='ocrx_word' id='word_1_549' title='bbox 1365 3739 1500 3794; x_wconf 86' lang='lat' dir='ltr'><strong>pura</strong></span> <span class='ocrx_word' id='word_1_550' title='bbox 1531 3722 1810 3791; x_wconf 79' lang='lat' dir='ltr'><strong>intelligit.</strong></span> <span class='ocrx_word' id='word_1_551' title='bbox 1845 3723 2018 3790; x_wconf 87' lang='lat' dir='ltr'><strong>Spiri-</strong></span> 
     </span>
    </p>
   </div>
   <div class='ocr_carea' id='block_1_71' title="bbox 445 3815 2018 3886">
    <p class='ocr_par' dir='ltr' id='par_1_71' title="bbox 445 3815 2018 3886">
     <span class='ocr_line' id='line_1_71' title="bbox 445 3815 2018 3886; baseline -0.002 -15"><span class='ocrx_word' id='word_1_552' title='bbox 445 3829 534 3872; x_wconf 89' lang='lat' dir='ltr'><strong>tus</strong></span> <span class='ocrx_word' id='word_1_553' title='bbox 557 3819 775 3871; x_wconf 85' lang='lat' dir='ltr'><strong>divinus</strong></span> <span class='ocrx_word' id='word_1_554' title='bbox 793 3818 886 3886; x_wconf 91' lang='lat' dir='ltr'><strong>qui</strong></span> <span class='ocrx_word' id='word_1_555' title='bbox 915 3817 1044 3871; x_wconf 81' lang='lat' dir='ltr'><strong>fecit</strong></span> <span class='ocrx_word' id='word_1_556' title='bbox 1076 3833 1183 3880; x_wconf 92' lang='lat' dir='ltr'><strong>me,</strong></span> <span class='ocrx_word' id='word_1_557' title='bbox 1219 3827 1275 3870; x_wconf 88' lang='lat' dir='ltr'><strong>et</strong></span> <span class='ocrx_word' id='word_1_558' title='bbox 1299 3817 1587 3885; x_wconf 80' lang='lat' dir='ltr'><strong>inSpiratio</strong></span> <span class='ocrx_word' id='word_1_559' title='bbox 1615 3815 2018 3883; x_wconf 86' lang='lat' dir='ltr'><strong>Omnipotcntis</strong></span> 
     </span>
    </p>
   </div>
   <div class='ocr_carea' id='block_1_72' title="bbox 443 3903 2018 3976">
    <p class='ocr_par' dir='ltr' id='par_1_72' title="bbox 443 3903 2018 3976">
     <span class='ocr_line' id='line_1_72' title="bbox 443 3903 2018 3976; baseline -0.004 -14"><span class='ocrx_word' id='word_1_560' title='bbox 443 3925 565 3976; x_wconf 77' lang='lat' dir='ltr'><strong>qua:</strong></span> <span class='ocrx_word' id='word_1_561' title='bbox 595 3910 758 3961; x_wconf 88' lang='lat' dir='ltr'><strong>docet</strong></span> <span class='ocrx_word' id='word_1_562' title='bbox 819 3923 926 3960; x_wconf 82' lang='lat' dir='ltr'><strong>tne.</strong></span> <span class='ocrx_word' id='word_1_563' title='bbox 973 3907 1030 3961; x_wconf 71' lang='lat' dir='ltr'><strong>bi</strong></span> <span class='ocrx_word' id='word_1_564' title='bbox 1081 3917 1236 3976; x_wconf 86' lang='lat' dir='ltr'><strong>potes</strong></span> <span class='ocrx_word' id='word_1_565' title='bbox 1265 3945 1277 3966; x_wconf 92' lang='lat'><strong>.</strong></span> <span class='ocrx_word' id='word_1_566' title='bbox 1312 3907 1378 3960; x_wconf 87' lang='lat' dir='ltr'><strong>da</strong></span> <span class='ocrx_word' id='word_1_567' title='bbox 1421 3908 1552 3958; x_wconf 92' lang='lat' dir='ltr'><strong>mihi</strong></span> <span class='ocrx_word' id='word_1_568' title='bbox 1585 3919 1914 3972; x_wconf 85' lang='lat' dir='ltr'><strong>responsum</strong></span> <span class='ocrx_word' id='word_1_569' title='bbox 1949 3903 2018 3956; x_wconf 86' lang='lat' dir='ltr'><strong>ad</strong></span> 
     </span>
    </p>
   </div>
   <div class='ocr_carea' id='block_1_73' title="bbox 445 3995 2018 4064">
    <p class='ocr_par' dir='ltr' id='par_1_73' title="bbox 445 3995 2018 4064">
     <span class='ocr_line' id='line_1_73' title="bbox 445 3995 2018 4064; baseline -0.004 -11"><span class='ocrx_word' id='word_1_570' title='bbox 445 3999 584 4053; x_wconf 68' lang='lat' dir='ltr'><strong>haec.</strong></span> <span class='ocrx_word' id='word_1_571' title='bbox 627 3997 848 4052; x_wconf 84' lang='lat' dir='ltr'><strong>Sustine</strong></span> <span class='ocrx_word' id='word_1_572' title='bbox 885 3999 986 4052; x_wconf 89' lang='lat' dir='ltr'><strong>ista</strong></span> <span class='ocrx_word' id='word_1_573' title='bbox 1025 4009 1214 4052; x_wconf 83' lang='lat' dir='ltr'><strong>contra</strong></span> <span class='ocrx_word' id='word_1_574' title='bbox 1247 4013 1354 4059; x_wconf 79' lang='lat' dir='ltr'><strong>tne,</strong></span> <span class='ocrx_word' id='word_1_575' title='bbox 1399 4007 1454 4049; x_wconf 90' lang='lat' dir='ltr'><strong>et</strong></span> <span class='ocrx_word' id='word_1_576' title='bbox 1481 4013 1581 4064; x_wconf 67' lang='lat' dir='ltr'><strong>ego</strong></span> <span class='ocrx_word' id='word_1_577' title='bbox 1612 4007 1802 4050; x_wconf 86' lang='lat' dir='ltr'><strong>contra</strong></span> <span class='ocrx_word' id='word_1_578' title='bbox 1825 4007 1902 4048; x_wconf 87' lang='lat' dir='ltr'><strong>te.</strong></span> <span class='ocrx_word' id='word_1_579' title='bbox 1945 3995 2018 4048; x_wconf 85' lang='lat' dir='ltr'><strong>De</strong></span> 
     </span>
    </p>
   </div>
   <div class='ocr_carea' id='block_1_74' title="bbox 443 4087 2018 4158">
    <p class='ocr_par' dir='ltr' id='par_1_74' title="bbox 443 4087 2018 4158">
     <span class='ocr_line' id='line_1_74' title="bbox 443 4087 2018 4158; baseline -0.004 -13"><span class='ocrx_word' id='word_1_580' title='bbox 443 4092 561 4146; x_wconf 90' lang='lat' dir='ltr'><strong>luto</strong></span> <span class='ocrx_word' id='word_1_581' title='bbox 599 4091 777 4144; x_wconf 80' lang='lat' dir='ltr'><strong>iactus</strong></span> <span class='ocrx_word' id='word_1_582' title='bbox 807 4105 870 4143; x_wconf 89' lang='lat' dir='ltr'><strong>es</strong></span> <span class='ocrx_word' id='word_1_583' title='bbox 907 4091 1156 4154; x_wconf 80' lang='lat' dir='ltr'><strong>tu,sieut</strong></span> <span class='ocrx_word' id='word_1_584' title='bbox 1183 4101 1239 4143; x_wconf 84' lang='lat' dir='ltr'><strong>et</strong></span> <span class='ocrx_word' id='word_1_585' title='bbox 1261 4104 1383 4158; x_wconf 79' lang='lat' dir='ltr'><strong>ego.</strong></span> <span class='ocrx_word' id='word_1_586' title='bbox 1421 4089 1496 4140; x_wconf 75' lang='lat' dir='ltr'><strong>Ex</strong></span> <span class='ocrx_word' id='word_1_587' title='bbox 1525 4089 1720 4140; x_wconf 87' lang='lat' dir='ltr'><strong>eodem</strong></span> <span class='ocrx_word' id='word_1_588' title='bbox 1752 4087 1878 4139; x_wconf 84' lang='lat' dir='ltr'><strong>facti</strong></span> <span class='ocrx_word' id='word_1_589' title='bbox 1929 4101 2018 4138; x_wconf 87' lang='lat' dir='ltr'><strong>su-</strong></span> 
     </span>
    </p>
   </div>
   <div class='ocr_carea' id='block_1_75' title="bbox 445 4179 2018 4240">
    <p class='ocr_par' dir='ltr' id='par_1_75' title="bbox 445 4179 2018 4240">
     <span class='ocr_line' id='line_1_75' title="bbox 445 4179 2018 4240; baseline -0.004 -4"><span class='ocrx_word' id='word_1_590' title='bbox 445 4197 590 4236; x_wconf 86' lang='lat' dir='ltr'><strong>mus.</strong></span> <span class='ocrx_word' id='word_1_591' title='bbox 623 4181 734 4234; x_wconf 82' lang='lat' dir='ltr'><strong>Nec</strong></span> <span class='ocrx_word' id='word_1_592' title='bbox 774 4179 936 4232; x_wconf 86' lang='lat' dir='ltr'><strong>timor</strong></span> <span class='ocrx_word' id='word_1_593' title='bbox 957 4193 1111 4231; x_wconf 89' lang='lat' dir='ltr'><strong>meus</strong></span> <span class='ocrx_word' id='word_1_594' title='bbox 1152 4179 1380 4230; x_wconf 87' lang='lat' dir='ltr'><strong>terrebit</strong></span> <span class='ocrx_word' id='word_1_595' title='bbox 1407 4191 1512 4240; x_wconf 87' lang='lat' dir='ltr'><strong>me,</strong></span> <span class='ocrx_word' id='word_1_596' title='bbox 1551 4192 1652 4230; x_wconf 89' lang='lat' dir='ltr'><strong>nec</strong></span> <span class='ocrx_word' id='word_1_597' title='bbox 1676 4192 1870 4230; x_wconf 78' lang='lat' dir='ltr'><strong>manus</strong></span> <span class='ocrx_word' id='word_1_598' title='bbox 1902 4192 2018 4229; x_wconf 89' lang='lat' dir='ltr'><strong>mea</strong></span> 
     </span>
    </p>
   </div>
   <div class='ocr_carea' id='block_1_76' title="bbox 443 4267 2017 4340">
    <p class='ocr_par' dir='ltr' id='par_1_76' title="bbox 443 4267 2017 4340">
     <span class='ocr_line' id='line_1_76' title="bbox 443 4267 2017 4340; baseline -0.004 -13"><span class='ocrx_word' id='word_1_599' title='bbox 443 4273 552 4327; x_wconf 83' lang='lat' dir='ltr'><strong>erit</strong></span> <span class='ocrx_word' id='word_1_600' title='bbox 583 4271 764 4340; x_wconf 77' lang='lat' dir='ltr'><strong>gravis</strong></span> <span class='ocrx_word' id='word_1_601' title='bbox 810 4282 972 4337; x_wconf 84' lang='lat' dir='ltr'><strong>super</strong></span> <span class='ocrx_word' id='word_1_602' title='bbox 1011 4277 1082 4323; x_wconf 91' lang='lat' dir='ltr'><strong>te.</strong></span> <span class='ocrx_word' id='word_1_603' title='bbox 1118 4269 1188 4336; x_wconf 51' lang='lat'><strong>)3:</strong></span> <span class='ocrx_word' id='word_1_604' title='bbox 1214 4267 1603 4322; x_wconf 77' lang='lat' dir='ltr'><strong>Verumtamen</strong></span> <span class='ocrx_word' id='word_1_605' title='bbox 1659 4267 1844 4320; x_wconf 78' lang='lat' dir='ltr'><strong>dixisti</strong></span> <span class='ocrx_word' id='word_1_606' title='bbox 1877 4283 1890 4319; x_wconf 92' lang='lat'><strong>:</strong></span> <span class='ocrx_word' id='word_1_607' title='bbox 1965 4271 2017 4320; x_wconf 89' lang='lat' dir='ltr'><strong>in</strong></span> 
     </span>
    </p>
   </div>
   <div class='ocr_carea' id='block_1_77' title="bbox 447 4359 2091 4456">
    <p class='ocr_par' dir='ltr' id='par_1_77' title="bbox 447 4359 2091 4456">
     <span class='ocr_line' id='line_1_77' title="bbox 447 4359 2091 4456; baseline -0.004 -38"><span class='ocrx_word' id='word_1_608' title='bbox 447 4363 672 4418; x_wconf 85' lang='lat' dir='ltr'><strong>auribus</strong></span> <span class='ocrx_word' id='word_1_609' title='bbox 721 4361 858 4416; x_wconf 84' lang='lat' dir='ltr'><strong>meis</strong></span> <span class='ocrx_word' id='word_1_610' title='bbox 912 4360 1162 4428; x_wconf 70' lang='lat' dir='ltr'><strong>:vocem</strong></span> <span class='ocrx_word' id='word_1_611' title='bbox 1215 4361 1511 4413; x_wconf 86' lang='lat' dir='ltr'><strong>verborum</strong></span> <span class='ocrx_word' id='word_1_612' title='bbox 1559 4371 1777 4412; x_wconf 85' lang='lat' dir='ltr'><strong>tuorum</strong></span> <span class='ocrx_word' id='word_1_613' title='bbox 1812 4359 2012 4424; x_wconf 67' lang='lat' dir='ltr'><strong>auditi,</strong></span> <span class='ocrx_word' id='word_1_614' title='bbox 2047 4403 2091 4456; x_wconf 63' lang='grc' dir='ltr'><strong>Β</strong></span> 
     </span>
    </p>
   </div>
   <div class='ocr_carea' id='block_1_78' title="bbox 521 4575 2012 4650">
    <p class='ocr_par' dir='ltr' id='par_1_78' title="bbox 521 4575 2012 4650">
     <span class='ocr_line' id='line_1_78' title="bbox 521 4575 2012 4650; baseline -0.003 -18"><span class='ocrx_word' id='word_1_615' title='bbox 521 4581 542 4612; x_wconf 75' lang='grc'>⁸</span> <span class='ocrx_word' id='word_1_616' title='bbox 571 4579 944 4650; x_wconf 79' lang='lat' dir='ltr'><strong>Expunximus</strong></span> <span class='ocrx_word' id='word_1_617' title='bbox 991 4591 1154 4650; x_wconf 82' lang='lat' dir='ltr'><strong>quam</strong></span> <span class='ocrx_word' id='word_1_618' title='bbox 1216 4575 1305 4629; x_wconf 87' lang='lat' dir='ltr'><strong>hic</strong></span> <span class='ocrx_word' id='word_1_619' title='bbox 1349 4575 2012 4650; x_wconf 8' lang='lat' dir='ltr'><strong>Hartianmusjaddebat,</strong></span> 
     </span>
    </p>
   </div>
   <div class='ocr_carea' id='block_1_79' title="bbox 453 4648 2016 4714">
    <p class='ocr_par' dir='ltr' id='par_1_79' title="bbox 453 4648 2016 4714">
     <span class='ocr_line' id='line_1_79' title="bbox 453 4648 2016 4714; baseline -0.005 -10"><span class='ocrx_word' id='word_1_620' title='bbox 453 4648 692 4712; x_wconf 82' lang='lat' dir='ltr'><strong>Domini,</strong></span> <span class='ocrx_word' id='word_1_621' title='bbox 725 4663 914 4702; x_wconf 86' lang='lat' dir='ltr'><strong>vocem</strong></span> <span class='ocrx_word' id='word_1_622' title='bbox 941 4687 958 4712; x_wconf 90' lang='lat'><strong>,</strong></span> <span class='ocrx_word' id='word_1_623' title='bbox 987 4648 1133 4714; x_wconf 89' lang='lat' dir='ltr'><strong>quod</strong></span> <span class='ocrx_word' id='word_1_624' title='bbox 1185 4661 1364 4713; x_wconf 85' lang='lat' dir='ltr'><strong>neque</strong></span> <span class='ocrx_word' id='word_1_625' title='bbox 1418 4649 1474 4696; x_wconf 87' lang='lat' dir='ltr'><strong>in</strong></span> <span class='ocrx_word' id='word_1_626' title='bbox 1507 4648 1755 4713; x_wconf 72' lang='lat' dir='ltr'><strong>originali</strong></span> <span class='ocrx_word' id='word_1_627' title='bbox 1803 4649 1912 4698; x_wconf 88' lang='lat' dir='ltr'><strong>ullo</strong></span> <span class='ocrx_word' id='word_1_628' title='bbox 1947 4648 2016 4714; x_wconf 74' lang='lat' dir='ltr'><strong>sit</strong></span> 
     </span>
    </p>
   </div>
   <div class='ocr_carea' id='block_1_80' title="bbox 453 4709 2038 4786">
    <p class='ocr_par' dir='ltr' id='par_1_80' title="bbox 453 4709 2038 4786">
     <span class='ocr_line' id='line_1_80' title="bbox 453 4709 2038 4786; baseline -0.004 -14"><span class='ocrx_word' id='word_1_629' title='bbox 453 4720 618 4784; x_wconf 87' lang='lat' dir='ltr'><strong>libro,</strong></span> <span class='ocrx_word' id='word_1_630' title='bbox 651 4709 756 4772; x_wconf 79' lang='lat' dir='ltr'><strong>nec</strong></span> <span class='ocrx_word' id='word_1_631' title='bbox 805 4709 1098 4786; x_wconf 70' lang='lat' dir='ltr'><strong>genuinam</strong></span> <span class='ocrx_word' id='word_1_632' title='bbox 1129 4709 1418 4770; x_wconf 75' lang='lat' dir='ltr'><strong>contextus</strong></span> <span class='ocrx_word' id='word_1_633' title='bbox 1445 4727 1538 4767; x_wconf 86' lang='lat' dir='ltr'><strong>aut</strong></span> <span class='ocrx_word' id='word_1_634' title='bbox 1571 4709 1854 4768; x_wconf 71' lang='lat' dir='ltr'><strong>sententis:</strong></span> <span class='ocrx_word' id='word_1_635' title='bbox 1905 4709 2038 4766; x_wconf 73' lang='lat' dir='ltr'><strong>vini&quot;</strong></span> 
     </span>
    </p>
   </div>
   <div class='ocr_carea' id='block_1_81' title="bbox 449 4787 2019 4854">
    <p class='ocr_par' dir='ltr' id='par_1_81' title="bbox 449 4787 2019 4854">
     <span class='ocr_line' id='line_1_81' title="bbox 449 4787 2019 4854; baseline -0.005 -10"><span class='ocrx_word' id='word_1_636' title='bbox 449 4802 664 4844; x_wconf 76' lang='lat' dir='ltr'><strong>Servet:</strong></span> <span class='ocrx_word' id='word_1_637' title='bbox 696 4799 952 4854; x_wconf 52' lang='lat' dir='ltr'><strong>praeterea</strong></span> <span class='ocrx_word' id='word_1_638' title='bbox 979 4787 1048 4838; x_wconf 89' lang='lat' dir='ltr'><strong>ob</strong></span> <span class='ocrx_word' id='word_1_639' title='bbox 1079 4789 1464 4852; x_wconf 74' lang='lat' dir='ltr'><strong>subsequentis</strong></span> <span class='ocrx_word' id='word_1_640' title='bbox 1493 4787 1805 4837; x_wconf 72' lang='lat' dir='ltr'><strong>immediate</strong></span> <span class='ocrx_word' id='word_1_641' title='bbox 1833 4800 2019 4838; x_wconf 64' lang='grc' dir='ltr'><strong>νει-ιιι·-</strong></span> 
     </span>
    </p>
   </div>
   <div class='ocr_carea' id='block_1_82' title="bbox 451 4853 2017 4926">
    <p class='ocr_par' dir='ltr' id='par_1_82' title="bbox 451 4853 2017 4926">
     <span class='ocr_line' id='line_1_82' title="bbox 451 4853 2017 4926; baseline -0.006 -14"><span class='ocrx_word' id='word_1_642' title='bbox 451 4873 593 4920; x_wconf 79' lang='lat' dir='ltr'><strong>sum,</strong></span> <span class='ocrx_word' id='word_1_643' title='bbox 623 4853 742 4926; x_wconf 72' lang='lat' dir='ltr'><strong>qua:</strong></span> <span class='ocrx_word' id='word_1_644' title='bbox 763 4857 948 4909; x_wconf 84' lang='lat' dir='ltr'><strong>eadem</strong></span> <span class='ocrx_word' id='word_1_645' title='bbox 980 4866 1080 4920; x_wconf 84' lang='lat' dir='ltr'><strong>est,</strong></span> <span class='ocrx_word' id='word_1_646' title='bbox 1105 4871 1292 4908; x_wconf 86' lang='lat' dir='ltr'><strong>errore</strong></span> <span class='ocrx_word' id='word_1_647' title='bbox 1327 4859 1522 4908; x_wconf 79' lang='lat' dir='ltr'><strong>veteris</strong></span> <span class='ocrx_word' id='word_1_648' title='bbox 1551 4855 1900 4926; x_wconf 65' lang='lat' dir='ltr'><strong>autanttensts</strong></span> <span class='ocrx_word' id='word_1_649' title='bbox 1929 4853 2017 4926; x_wconf 68' lang='lat' dir='ltr'><strong>la-</strong></span> 
     </span>
    </p>
   </div>
   <div class='ocr_carea' id='block_1_83' title="bbox 451 4925 2010 4992">
    <p class='ocr_par' dir='ltr' id='par_1_83' title="bbox 451 4925 2010 4992">
     <span class='ocr_line' id='line_1_83' title="bbox 451 4925 2010 4992; baseline -0.004 -12"><span class='ocrx_word' id='word_1_650' title='bbox 451 4929 554 4980; x_wconf 85' lang='lat' dir='ltr'><strong>cile</strong></span> <span class='ocrx_word' id='word_1_651' title='bbox 585 4929 832 4979; x_wconf 82' lang='lat' dir='ltr'><strong>videatur</strong></span> <span class='ocrx_word' id='word_1_652' title='bbox 881 4931 1132 4992; x_wconf 83' lang='lat' dir='ltr'><strong>repetita.</strong></span> <span class='ocrx_word' id='word_1_653' title='bbox 1185 4926 1352 4978; x_wconf 80' lang='lat' dir='ltr'><strong>l’urro</strong></span> <span class='ocrx_word' id='word_1_654' title='bbox 1388 4935 1516 4977; x_wconf 81' lang='lat' dir='ltr'><strong>sunt</strong></span> <span class='ocrx_word' id='word_1_655' title='bbox 1545 4925 1766 4990; x_wconf 69' lang='lat' dir='ltr'><strong>quilem</strong></span> <span class='ocrx_word' id='word_1_656' title='bbox 1821 4925 2010 4976; x_wconf 53' lang='lat' dir='ltr'><strong>iu‘lie-</strong></span> 
     </span>
    </p>
   </div>
   <div class='ocr_carea' id='block_1_84' title="bbox 451 4996 2016 5063">
    <p class='ocr_par' dir='ltr' id='par_1_84' title="bbox 451 4996 2016 5063">
     <span class='ocr_line' id='line_1_84' title="bbox 451 4996 2016 5063; baseline -0.005 -11"><span class='ocrx_word' id='word_1_657' title='bbox 451 5000 618 5056; x_wconf 77' lang='lat' dir='ltr'><strong>lineo,</strong></span> <span class='ocrx_word' id='word_1_658' title='bbox 645 5013 768 5063; x_wconf 75' lang='lat' dir='ltr'><strong>qua:</strong></span> <span class='ocrx_word' id='word_1_659' title='bbox 815 4996 946 5047; x_wconf 86' lang='lat' dir='ltr'><strong>hinc</strong></span> <span class='ocrx_word' id='word_1_660' title='bbox 994 4996 1402 5062; x_wconf 87' lang='lat' dir='ltr'><strong>subsequuntur</strong></span> <span class='ocrx_word' id='word_1_661' title='bbox 1432 4997 1497 5046; x_wconf 81' lang='lat' dir='ltr'><strong>ad</strong></span> <span class='ocrx_word' id='word_1_662' title='bbox 1541 4999 1700 5046; x_wconf 71' lang='lat' dir='ltr'><strong>[metu</strong></span> <span class='ocrx_word' id='word_1_663' title='bbox 1735 5009 1902 5061; x_wconf 88' lang='lat' dir='ltr'><strong>usque</strong></span> <span class='ocrx_word' id='word_1_664' title='bbox 1929 5007 2016 5044; x_wconf 85' lang='lat' dir='ltr'><strong>se-</strong></span> 
     </span>
    </p>
   </div>
   <div class='ocr_carea' id='block_1_85' title="bbox 453 5063 2020 5135">
    <p class='ocr_par' dir='ltr' id='par_1_85' title="bbox 453 5063 2020 5135">
     <span class='ocr_line' id='line_1_85' title="bbox 453 5063 2020 5135; baseline -0.003 -16"><span class='ocrx_word' id='word_1_665' title='bbox 453 5067 690 5130; x_wconf 76' lang='lat' dir='ltr'><strong>ctionis,</strong></span> <span class='ocrx_word' id='word_1_666' title='bbox 761 5077 1028 5135; x_wconf 77' lang='lat' dir='ltr'><strong>postrema</strong></span> <span class='ocrx_word' id='word_1_667' title='bbox 1081 5077 1306 5132; x_wconf 65' lang='lat' dir='ltr'><strong>excepta</strong></span> <span class='ocrx_word' id='word_1_668' title='bbox 1365 5075 1672 5128; x_wconf 74' lang='lat' dir='ltr'><strong>sententia;</strong></span> <span class='ocrx_word' id='word_1_669' title='bbox 1721 5064 1772 5115; x_wconf 88' lang='lat' dir='ltr'><strong>in</strong></span> <span class='ocrx_word' id='word_1_670' title='bbox 1831 5063 2020 5115; x_wconf 63' lang='grc' dir='ltr'><strong>(ἑκ-κέρα</strong></span> 
     </span>
    </p>
   </div>
   <div class='ocr_carea' id='block_1_86' title="bbox 453 5135 2017 5191">
    <p class='ocr_par' dir='ltr' id='par_1_86' title="bbox 453 5135 2017 5191">
     <span class='ocr_line' id='line_1_86' title="bbox 453 5135 2017 5191; baseline 0.003 -4"><span class='ocrx_word' id='word_1_671' title='bbox 453 5146 636 5188; x_wconf 85' lang='lat' dir='ltr'><strong>autem</strong></span> <span class='ocrx_word' id='word_1_672' title='bbox 689 5136 942 5188; x_wconf 87' lang='lat' dir='ltr'><strong>nonnulla</strong></span> <span class='ocrx_word' id='word_1_673' title='bbox 963 5151 1028 5186; x_wconf 76' lang='lat' dir='ltr'><strong>ex</strong></span> <span class='ocrx_word' id='word_1_674' title='bbox 1063 5136 1146 5187; x_wconf 78' lang='lat' dir='ltr'><strong>his</strong></span> <span class='ocrx_word' id='word_1_675' title='bbox 1165 5138 1388 5188; x_wconf 85' lang='lat' dir='ltr'><strong>omnino</strong></span> <span class='ocrx_word' id='word_1_676' title='bbox 1425 5135 1810 5188; x_wconf 67' lang='lat' dir='ltr'><strong>desiderantur</strong></span> <span class='ocrx_word' id='word_1_677' title='bbox 1840 5171 1853 5191; x_wconf 73' lang='lat'><strong>.</strong></span> <span class='ocrx_word' id='word_1_678' title='bbox 1911 5137 2017 5184; x_wconf 69' lang='lat' dir='ltr'><strong>alia</strong></span> 
     </span>
    </p>
   </div>
   <div class='ocr_carea' id='block_1_87' title="bbox 457 5203 2020 5272">
    <p class='ocr_par' dir='ltr' id='par_1_87' title="bbox 457 5203 2020 5272">
     <span class='ocr_line' id='line_1_87' title="bbox 457 5203 2020 5272; baseline -0.004 -14"><span class='ocrx_word' id='word_1_679' title='bbox 457 5207 796 5259; x_wconf 82' lang='lat' dir='ltr'><strong>brevioribus</strong></span> <span class='ocrx_word' id='word_1_680' title='bbox 824 5219 902 5272; x_wconf 86' lang='lat' dir='ltr'><strong>_ac</strong></span> <span class='ocrx_word' id='word_1_681' title='bbox 946 5208 1118 5258; x_wconf 76' lang='lat' dir='ltr'><strong>ferme</strong></span> <span class='ocrx_word' id='word_1_682' title='bbox 1152 5209 1386 5258; x_wconf 76' lang='lat' dir='ltr'><strong>diversis</strong></span> <span class='ocrx_word' id='word_1_683' title='bbox 1436 5204 1688 5257; x_wconf 74' lang='lat' dir='ltr'><strong>sensibus</strong></span> <span class='ocrx_word' id='word_1_684' title='bbox 1733 5203 2020 5256; x_wconf 80' lang='lat' dir='ltr'><strong>continen-</strong></span> 
     </span>
    </p>
   </div>
   <div class='ocr_carea' id='block_1_88' title="bbox 457 5285 568 5328">
    <p class='ocr_par' dir='ltr' id='par_1_88' title="bbox 457 5285 568 5328">
     <span class='ocr_line' id='line_1_88' title="bbox 457 5285 568 5328; baseline -0.009 0"><span class='ocrx_word' id='word_1_685' title='bbox 457 5285 568 5328; x_wconf 89' lang='lat' dir='ltr'><strong>tur.</strong></span> 
     </span>
    </p>
   </div>
   <div class='ocr_carea' id='block_1_89' title="bbox 527 5340 2022 5412">
    <p class='ocr_par' dir='ltr' id='par_1_89' title="bbox 527 5340 2022 5412">
     <span class='ocr_line' id='line_1_89' title="bbox 527 5340 2022 5412; baseline -0.003 -14"><span class='ocrx_word' id='word_1_686' title='bbox 527 5347 546 5376; x_wconf 81' lang='grc'><em>³</em></span> <span class='ocrx_word' id='word_1_687' title='bbox 589 5344 692 5398; x_wconf 84' lang='lat' dir='ltr'><strong>Pro</strong></span> <span class='ocrx_word' id='word_1_688' title='bbox 748 5359 858 5412; x_wconf 76' lang='lat' dir='ltr'><strong>ego,</strong></span> <span class='ocrx_word' id='word_1_689' title='bbox 914 5344 1058 5410; x_wconf 87' lang='lat' dir='ltr'><strong>quod</strong></span> <span class='ocrx_word' id='word_1_690' title='bbox 1121 5343 1370 5396; x_wconf 72' lang='lat' dir='ltr'><strong>.‘lartian.</strong></span> <span class='ocrx_word' id='word_1_691' title='bbox 1419 5342 1644 5410; x_wconf 68' lang='lat' dir='ltr'><strong>legerat,</strong></span> <span class='ocrx_word' id='word_1_692' title='bbox 1677 5340 2022 5394; x_wconf 70' lang='lat' dir='ltr'><strong>re5tituinius</strong></span> 
     </span>
    </p>
   </div>
   <div class='ocr_carea' id='block_1_90' title="bbox 448 5414 1408 5486">
    <p class='ocr_par' dir='ltr' id='par_1_90' title="bbox 448 5414 1408 5486">
     <span class='ocr_line' id='line_1_90' title="bbox 448 5414 1408 5486; baseline -0.003 -20"><span class='ocrx_word' id='word_1_693' title='bbox 448 5415 600 5486; x_wconf 69' lang='lat' dir='ltr'><strong>juxta</strong></span> <span class='ocrx_word' id='word_1_694' title='bbox 631 5414 919 5482; x_wconf 76' lang='lat' dir='ltr'><strong>Augustini</strong></span> <span class='ocrx_word' id='word_1_695' title='bbox 947 5415 1234 5486; x_wconf 70' lang='lat' dir='ltr'><strong>lectionem</strong></span> <span class='ocrx_word' id='word_1_696' title='bbox 1265 5427 1408 5481; x_wconf 76' lang='lat' dir='ltr'><strong>ergo.</strong></span> 
     </span>
    </p>
   </div>
   <div class='ocr_carea' id='block_1_91' title="bbox 437 5481 2019 5552">
    <p class='ocr_par' dir='ltr' id='par_1_91' title="bbox 437 5481 2019 5552">
     <span class='ocr_line' id='line_1_91' title="bbox 437 5481 2019 5552; baseline 0.001 -18"><span class='ocrx_word' id='word_1_697' title='bbox 437 5481 465 5534; x_wconf 60' lang='grc'><strong>,⁷</strong></span> <span class='ocrx_word' id='word_1_698' title='bbox 526 5487 682 5538; x_wconf 69' lang='lat' dir='ltr'><strong>alino</strong></span> <span class='ocrx_word' id='word_1_699' title='bbox 713 5481 838 5537; x_wconf 82' lang='lat' dir='ltr'><strong>vera</strong></span> <span class='ocrx_word' id='word_1_700' title='bbox 885 5485 1182 5552; x_wconf 77' lang='lat' dir='ltr'><strong>jugulauda</strong></span> <span class='ocrx_word' id='word_1_701' title='bbox 1237 5486 1399 5536; x_wconf 79' lang='lat' dir='ltr'><strong>obolo</strong></span> <span class='ocrx_word' id='word_1_702' title='bbox 1454 5491 1557 5547; x_wconf 86' lang='lat' dir='ltr'><strong>est,</strong></span> <span class='ocrx_word' id='word_1_703' title='bbox 1611 5497 1720 5534; x_wconf 86' lang='lat' dir='ltr'><strong>non</strong></span> <span class='ocrx_word' id='word_1_704' title='bbox 1755 5481 2019 5552; x_wconf 77' lang='lat' dir='ltr'><strong>asterisco</strong></span> 
     </span>
    </p>
   </div>
   <div class='ocr_carea' id='block_1_92' title="bbox 455 5551 2020 5622">
    <p class='ocr_par' dir='ltr' id='par_1_92' title="bbox 455 5551 2020 5622">
     <span class='ocr_line' id='line_1_92' title="bbox 455 5551 2020 5622; baseline -0.003 -16"><span class='ocrx_word' id='word_1_705' title='bbox 455 5553 773 5607; x_wconf 77' lang='lat' dir='ltr'><strong>illustrazida</strong></span> <span class='ocrx_word' id='word_1_706' title='bbox 813 5551 1084 5622; x_wconf 24' lang='lat' dir='ltr'><strong>poStr’mua</strong></span> <span class='ocrx_word' id='word_1_707' title='bbox 1133 5555 1318 5605; x_wconf 70' lang='lat' dir='ltr'><strong>isthch</strong></span> <span class='ocrx_word' id='word_1_708' title='bbox 1352 5552 1644 5613; x_wconf 81' lang='lat' dir='ltr'><strong>sententia,</strong></span> <span class='ocrx_word' id='word_1_709' title='bbox 1691 5566 1854 5619; x_wconf 77' lang='lat' dir='ltr'><strong>quam</strong></span> <span class='ocrx_word' id='word_1_710' title='bbox 1918 5551 2020 5602; x_wconf 82' lang='lat' dir='ltr'><strong>He-</strong></span> 
     </span>
    </p>
   </div>
   <div class='ocr_carea' id='block_1_93' title="bbox 457 5622 2018 5685">
    <p class='ocr_par' dir='ltr' id='par_1_93' title="bbox 457 5622 2018 5685">
     <span class='ocr_line' id='line_1_93' title="bbox 457 5622 2018 5685; baseline -0.003 -9"><span class='ocrx_word' id='word_1_711' title='bbox 457 5623 635 5678; x_wconf 67' lang='lat' dir='ltr'><strong>braeus</strong></span> <span class='ocrx_word' id='word_1_712' title='bbox 679 5626 1072 5680; x_wconf 67' lang='lat' dir='ltr'><strong>teatusnescit.</strong></span> <span class='ocrx_word' id='word_1_713' title='bbox 1119 5622 1321 5676; x_wconf 77' lang='lat' dir='ltr'><strong>Luxata</strong></span> <span class='ocrx_word' id='word_1_714' title='bbox 1377 5635 1638 5685; x_wconf 69' lang='lat' dir='ltr'><strong>praetcrea</strong></span> <span class='ocrx_word' id='word_1_715' title='bbox 1667 5632 1769 5684; x_wconf 87' lang='lat' dir='ltr'><strong>est,</strong></span> <span class='ocrx_word' id='word_1_716' title='bbox 1803 5633 1855 5674; x_wconf 86' lang='lat' dir='ltr'><strong>et</strong></span> <span class='ocrx_word' id='word_1_717' title='bbox 1907 5636 2018 5673; x_wconf 92' lang='lat' dir='ltr'><strong>non</strong></span> 
     </span>
    </p>
   </div>
   <div class='ocr_carea' id='block_1_94' title="bbox 2112 3178 3676 3246">
    <p class='ocr_par' dir='ltr' id='par_1_94' title="bbox 2112 3178 3676 3246">
     <span class='ocr_line' id='line_1_94' title="bbox 2112 3178 3676 3246; baseline 0.001 -18"><span class='ocrx_word' id='word_1_718' title='bbox 2112 3189 2168 3228; x_wconf 91' lang='lat' dir='ltr'><strong>et</strong></span> <span class='ocrx_word' id='word_1_719' title='bbox 2195 3178 2384 3229; x_wconf 83' lang='lat' dir='ltr'><strong>reddet</strong></span> <span class='ocrx_word' id='word_1_720' title='bbox 2417 3178 2727 3231; x_wconf 82' lang='lat' dir='ltr'><strong>hominibus</strong></span> <span class='ocrx_word' id='word_1_721' title='bbox 2753 3179 3046 3246; x_wconf 88' lang='lat' dir='ltr'><strong>justitiam,</strong></span> <span class='ocrx_word' id='word_1_722' title='bbox 3084 3187 3140 3231; x_wconf 90' lang='lat' dir='ltr'><strong>et</strong></span> <span class='ocrx_word' id='word_1_723' title='bbox 3176 3187 3307 3232; x_wconf 90' lang='lat' dir='ltr'><strong>tunc</strong></span> <span class='ocrx_word' id='word_1_724' title='bbox 3359 3178 3676 3244; x_wconf 82' lang='lat' dir='ltr'><strong>increpabit</strong></span> 
     </span>
    </p>
   </div>
   <div class='ocr_carea' id='block_1_95' title="bbox 2115 3265 3688 3334">
    <p class='ocr_par' dir='ltr' id='par_1_95' title="bbox 2115 3265 3688 3334">
     <span class='ocr_line' id='line_1_95' title="bbox 2115 3265 3688 3334; baseline 0.004 -18"><span class='ocrx_word' id='word_1_725' title='bbox 2115 3265 2278 3318; x_wconf 89' lang='lat' dir='ltr'><strong>homo</strong></span> <span class='ocrx_word' id='word_1_726' title='bbox 2313 3269 2688 3334; x_wconf 85' lang='lat' dir='ltr'><strong>semetipsum,</strong></span> <span class='ocrx_word' id='word_1_727' title='bbox 2749 3269 2978 3324; x_wconf 87' lang='lat' dir='ltr'><strong>dicens:</strong></span> <span class='ocrx_word' id='word_1_728' title='bbox 3012 3269 3202 3334; x_wconf 77' lang='lat' dir='ltr'><strong>Qualia</strong></span> <span class='ocrx_word' id='word_1_729' title='bbox 3261 3269 3565 3324; x_wconf 74' lang='lat' dir='ltr'><strong>frtciebainl</strong></span> <span class='ocrx_word' id='word_1_730' title='bbox 3627 3279 3688 3324; x_wconf 86' lang='lat' dir='ltr'><strong>et</strong></span> 
     </span>
    </p>
   </div>
   <div class='ocr_carea' id='block_1_96' title="bbox 2117 3358 3686 3432">
    <p class='ocr_par' dir='ltr' id='par_1_96' title="bbox 2117 3358 3686 3432">
     <span class='ocr_line' id='line_1_96' title="bbox 2117 3358 3686 3432; baseline 0.004 -22"><span class='ocrx_word' id='word_1_731' title='bbox 2117 3372 2224 3410; x_wconf 89' lang='lat' dir='ltr'><strong>non</strong></span> <span class='ocrx_word' id='word_1_732' title='bbox 2273 3374 2356 3410; x_wconf 86' lang='lat' dir='ltr'><strong>me</strong></span> <span class='ocrx_word' id='word_1_733' title='bbox 2391 3358 2551 3427; x_wconf 73' lang='lat' dir='ltr'><strong>digne</strong></span> <span class='ocrx_word' id='word_1_734' title='bbox 2583 3361 2870 3430; x_wconf 76' lang='lat' dir='ltr'><strong>casugavi,</strong></span> <span class='ocrx_word' id='word_1_735' title='bbox 2904 3377 2958 3416; x_wconf 90' lang='lat' dir='ltr'><strong>et</strong></span> <span class='ocrx_word' id='word_1_736' title='bbox 2995 3365 3242 3431; x_wconf 85' lang='lat' dir='ltr'><strong>peccavi.</strong></span> <span class='ocrx_word' id='word_1_737' title='bbox 3265 3365 3331 3432; x_wconf 61' lang='grc' dir='ltr'><strong>&gt;ε&lt;</strong></span> <span class='ocrx_word' id='word_1_738' title='bbox 3366 3363 3527 3417; x_wconf 81' lang='lat' dir='ltr'><strong>Salva</strong></span> <span class='ocrx_word' id='word_1_739' title='bbox 3559 3365 3686 3418; x_wconf 84' lang='lat' dir='ltr'><strong>ani-</strong></span> 
     </span>
    </p>
   </div>
   <div class='ocr_carea' id='block_1_97' title="bbox 2115 3452 3689 3522">
    <p class='ocr_par' dir='ltr' id='par_1_97' title="bbox 2115 3452 3689 3522">
     <span class='ocr_line' id='line_1_97' title="bbox 2115 3452 3689 3522; baseline 0.004 -20"><span class='ocrx_word' id='word_1_740' title='bbox 2115 3463 2258 3502; x_wconf 86' lang='lat' dir='ltr'><strong>mam</strong></span> <span class='ocrx_word' id='word_1_741' title='bbox 2291 3465 2488 3514; x_wconf 85' lang='lat' dir='ltr'><strong>meam,</strong></span> <span class='ocrx_word' id='word_1_742' title='bbox 2517 3466 2583 3504; x_wconf 89' lang='lat' dir='ltr'><strong>ne</strong></span> <span class='ocrx_word' id='word_1_743' title='bbox 2608 3453 2816 3504; x_wconf 83' lang='lat' dir='ltr'><strong>veniam</strong></span> <span class='ocrx_word' id='word_1_744' title='bbox 2845 3452 2896 3504; x_wconf 92' lang='lat' dir='ltr'><strong>in</strong></span> <span class='ocrx_word' id='word_1_745' title='bbox 2924 3453 3359 3522; x_wconf 88' lang='lat' dir='ltr'><strong>corruptionem,</strong></span> <span class='ocrx_word' id='word_1_746' title='bbox 3488 3463 3546 3506; x_wconf 88' lang='lat' dir='ltr'><strong>et</strong></span> <span class='ocrx_word' id='word_1_747' title='bbox 3575 3457 3689 3508; x_wconf 86' lang='lat' dir='ltr'><strong>vita</strong></span> 
     </span>
    </p>
   </div>
   <div class='ocr_carea' id='block_1_98' title="bbox 2113 3542 3690 3610">
    <p class='ocr_par' dir='ltr' id='par_1_98' title="bbox 2113 3542 3690 3610">
     <span class='ocr_line' id='line_1_98' title="bbox 2113 3542 3690 3610; baseline 0.004 -16"><span class='ocrx_word' id='word_1_748' title='bbox 2113 3557 2237 3595; x_wconf 88' lang='lat' dir='ltr'><strong>mea</strong></span> <span class='ocrx_word' id='word_1_749' title='bbox 2261 3542 2438 3595; x_wconf 88' lang='lat' dir='ltr'><strong>lucem</strong></span> <span class='ocrx_word' id='word_1_750' title='bbox 2474 3543 2694 3598; x_wconf 82' lang='lat' dir='ltr'><strong>videbit.</strong></span> <span class='ocrx_word' id='word_1_751' title='bbox 2821 3545 2964 3598; x_wconf 85' lang='lat' dir='ltr'><strong>Ecce</strong></span> <span class='ocrx_word' id='word_1_752' title='bbox 2991 3544 3104 3600; x_wconf 65' lang='lat' dir='ltr'><strong>haec</strong></span> <span class='ocrx_word' id='word_1_753' title='bbox 3132 3547 3316 3601; x_wconf 90' lang='lat' dir='ltr'><strong>omnia</strong></span> <span class='ocrx_word' id='word_1_754' title='bbox 3347 3546 3515 3602; x_wconf 78' lang='lat' dir='ltr'><strong>faciet</strong></span> <span class='ocrx_word' id='word_1_755' title='bbox 3543 3547 3690 3601; x_wconf 62' lang='lat' dir='ltr'><strong>Dens</strong></span> 
     </span>
    </p>
   </div>
   <div class='ocr_carea' id='block_1_99' title="bbox 2117 3635 3691 3704">
    <p class='ocr_par' dir='ltr' id='par_1_99' title="bbox 2117 3635 3691 3704">
     <span class='ocr_line' id='line_1_99' title="bbox 2117 3635 3691 3704; baseline 0.005 -18"><span class='ocrx_word' id='word_1_756' title='bbox 2117 3637 2186 3703; x_wconf 60' lang='grc' dir='ltr'><strong><em>χ</em></strong></span> <span class='ocrx_word' id='word_1_757' title='bbox 2211 3635 2354 3688; x_wconf 87' lang='lat' dir='ltr'><strong>vices</strong></span> <span class='ocrx_word' id='word_1_758' title='bbox 2386 3643 2494 3687; x_wconf 88' lang='lat' dir='ltr'><strong>tres</strong></span> <span class='ocrx_word' id='word_1_759' title='bbox 2515 3649 2640 3688; x_wconf 86' lang='lat' dir='ltr'><strong>cum</strong></span> <span class='ocrx_word' id='word_1_760' title='bbox 2666 3637 2781 3687; x_wconf 84' lang='lat' dir='ltr'><strong>viro</strong></span> <span class='ocrx_word' id='word_1_761' title='bbox 2812 3637 2834 3704; x_wconf 72' lang='grc' dir='ltr'>ζ</span> <span class='ocrx_word' id='word_1_762' title='bbox 2883 3636 2986 3690; x_wconf 86' lang='lat' dir='ltr'><strong>Sed</strong></span> <span class='ocrx_word' id='word_1_763' title='bbox 3017 3639 3161 3692; x_wconf 86' lang='lat' dir='ltr'><strong>eruit</strong></span> <span class='ocrx_word' id='word_1_764' title='bbox 3193 3639 3212 3671; x_wconf 83' lang='lat'>&#39;</span> <span class='ocrx_word' id='word_1_765' title='bbox 3239 3645 3476 3692; x_wconf 86' lang='lat' dir='ltr'><strong>animam</strong></span> <span class='ocrx_word' id='word_1_766' title='bbox 3511 3655 3691 3694; x_wconf 87' lang='lat' dir='ltr'><strong>meam</strong></span> 
     </span>
    </p>
   </div>
   <div class='ocr_carea' id='block_1_100' title="bbox 2118 3729 3688 3793">
    <p class='ocr_par' dir='ltr' id='par_1_100' title="bbox 2118 3729 3688 3793">
     <span class='ocr_line' id='line_1_100' title="bbox 2118 3729 3688 3793; baseline 0.004 -13"><span class='ocrx_word' id='word_1_767' title='bbox 2118 3729 2186 3782; x_wconf 87' lang='lat' dir='ltr'><strong>de</strong></span> <span class='ocrx_word' id='word_1_768' title='bbox 2219 3737 2414 3793; x_wconf 86' lang='lat' dir='ltr'><strong>morte,</strong></span> <span class='ocrx_word' id='word_1_769' title='bbox 2445 3737 2500 3782; x_wconf 83' lang='lat' dir='ltr'><strong>et</strong></span> <span class='ocrx_word' id='word_1_770' title='bbox 2523 3729 2702 3781; x_wconf 84' lang='lat' dir='ltr'><strong>anima</strong></span> <span class='ocrx_word' id='word_1_771' title='bbox 2745 3745 2864 3782; x_wconf 86' lang='lat' dir='ltr'><strong>mea</strong></span> <span class='ocrx_word' id='word_1_772' title='bbox 2894 3730 2952 3783; x_wconf 89' lang='lat' dir='ltr'><strong>in</strong></span> <span class='ocrx_word' id='word_1_773' title='bbox 2997 3731 3203 3784; x_wconf 88' lang='lat' dir='ltr'><strong>lumine</strong></span> <span class='ocrx_word' id='word_1_774' title='bbox 3229 3733 3501 3786; x_wconf 84' lang='lat' dir='ltr'><strong>collaudet</strong></span> <span class='ocrx_word' id='word_1_775' title='bbox 3535 3749 3688 3786; x_wconf 87' lang='lat' dir='ltr'><strong>eum.</strong></span> 
     </span>
    </p>
   </div>
   <div class='ocr_carea' id='block_1_101' title="bbox 2117 3819 3694 3892">
    <p class='ocr_par' dir='ltr' id='par_1_101' title="bbox 2117 3819 3694 3892">
     <span class='ocr_line' id='line_1_101' title="bbox 2117 3819 3694 3892; baseline 0.004 -20"><span class='ocrx_word' id='word_1_776' title='bbox 2117 3819 2356 3873; x_wconf 79' lang='lat' dir='ltr'><strong>Auribus</strong></span> <span class='ocrx_word' id='word_1_777' title='bbox 2411 3821 2652 3888; x_wconf 86' lang='lat' dir='ltr'><strong>percipe,</strong></span> <span class='ocrx_word' id='word_1_778' title='bbox 2687 3821 2811 3884; x_wconf 79' lang='lat' dir='ltr'><strong>Job,</strong></span> <span class='ocrx_word' id='word_1_779' title='bbox 2861 3832 2918 3875; x_wconf 90' lang='lat' dir='ltr'><strong>et</strong></span> <span class='ocrx_word' id='word_1_780' title='bbox 2967 3823 3094 3876; x_wconf 87' lang='lat' dir='ltr'><strong>audi</strong></span> <span class='ocrx_word' id='word_1_781' title='bbox 3147 3838 3256 3877; x_wconf 84' lang='lat' dir='ltr'><strong>me.</strong></span> <span class='ocrx_word' id='word_1_782' title='bbox 3297 3823 3460 3888; x_wconf 81' lang='lat' dir='ltr'><strong>Tace,</strong></span> <span class='ocrx_word' id='word_1_783' title='bbox 3493 3835 3550 3878; x_wconf 88' lang='lat' dir='ltr'><strong>et</strong></span> <span class='ocrx_word' id='word_1_784' title='bbox 3591 3841 3694 3892; x_wconf 72' lang='lat' dir='ltr'><strong>ego</strong></span> 
     </span>
    </p>
   </div>
   <div class='ocr_carea' id='block_1_102' title="bbox 2118 3911 3689 3986">
    <p class='ocr_par' dir='ltr' id='par_1_102' title="bbox 2118 3911 3689 3986">
     <span class='ocr_line' id='line_1_102' title="bbox 2118 3911 3689 3986; baseline 0.001 -22"><span class='ocrx_word' id='word_1_785' title='bbox 2118 3913 2330 3978; x_wconf 86' lang='lat' dir='ltr'><strong>loquar.</strong></span> <span class='ocrx_word' id='word_1_786' title='bbox 2368 3913 2434 3976; x_wconf 75' lang='grc' dir='ltr'><strong>&gt;ί&lt;</strong></span> <span class='ocrx_word' id='word_1_787' title='bbox 2467 3911 2522 3964; x_wconf 88' lang='lat' dir='ltr'><strong>Si</strong></span> <span class='ocrx_word' id='word_1_788' title='bbox 2555 3923 2640 3966; x_wconf 82' lang='lat' dir='ltr'><strong>est</strong></span> <span class='ocrx_word' id='word_1_789' title='bbox 2705 3913 2803 3965; x_wconf 82' lang='lat' dir='ltr'><strong>tibi</strong></span> <span class='ocrx_word' id='word_1_790' title='bbox 2837 3927 3018 3967; x_wconf 80' lang='lat' dir='ltr'><strong>sermo</strong></span> <span class='ocrx_word' id='word_1_791' title='bbox 3041 3949 3058 3974; x_wconf 88' lang='lat'><strong>,</strong></span> <span class='ocrx_word' id='word_1_792' title='bbox 3115 3917 3384 3982; x_wconf 84' lang='lat' dir='ltr'><strong>responde</strong></span> <span class='ocrx_word' id='word_1_793' title='bbox 3423 3917 3576 3980; x_wconf 88' lang='lat' dir='ltr'><strong>mihi,</strong></span> <span class='ocrx_word' id='word_1_794' title='bbox 3623 3921 3689 3986; x_wconf 51' lang='grc' dir='ltr'><strong>κ(</strong></span> 
     </span>
    </p>
   </div>
   <div class='ocr_carea' id='block_1_103' title="bbox 2117 4001 3696 4077">
    <p class='ocr_par' dir='ltr' id='par_1_103' title="bbox 2117 4001 3696 4077">
     <span class='ocr_line' id='line_1_103' title="bbox 2117 4001 3696 4077; baseline 0.005 -23"><span class='ocrx_word' id='word_1_795' title='bbox 2117 4001 2382 4071; x_wconf 88' lang='lat' dir='ltr'><strong>loquere:</strong></span> <span class='ocrx_word' id='word_1_796' title='bbox 2425 4005 2552 4058; x_wconf 89' lang='lat' dir='ltr'><strong>volo</strong></span> <span class='ocrx_word' id='word_1_797' title='bbox 2577 4002 2721 4056; x_wconf 78' lang='lat' dir='ltr'><strong>eiiim</strong></span> <span class='ocrx_word' id='word_1_798' title='bbox 2745 4003 3036 4074; x_wconf 72' lang='lat' dir='ltr'><strong>iustificari</strong></span> <span class='ocrx_word' id='word_1_799' title='bbox 3073 4019 3146 4059; x_wconf 85' lang='lat' dir='ltr'><strong>te.</strong></span> <span class='ocrx_word' id='word_1_800' title='bbox 3180 4011 3247 4072; x_wconf 54' lang='grc' dir='ltr'><strong>χ(</strong></span> <span class='ocrx_word' id='word_1_801' title='bbox 3275 4007 3538 4077; x_wconf 85' lang='lat' dir='ltr'><strong>Alioquin</strong></span> <span class='ocrx_word' id='word_1_802' title='bbox 3564 4009 3696 4062; x_wconf 80' lang='lat' dir='ltr'><strong>audi</strong></span> 
     </span>
    </p>
   </div>
   <div class='ocr_carea' id='block_1_104' title="bbox 2119 4095 3185 4164">
    <p class='ocr_par' dir='ltr' id='par_1_104' title="bbox 2119 4095 3185 4164">
     <span class='ocr_line' id='line_1_104' title="bbox 2119 4095 3185 4164; baseline 0.003 -17"><span class='ocrx_word' id='word_1_803' title='bbox 2119 4109 2227 4156; x_wconf 87' lang='lat' dir='ltr'><strong>me,</strong></span> <span class='ocrx_word' id='word_1_804' title='bbox 2261 4104 2397 4156; x_wconf 83' lang='lat' dir='ltr'><strong>tace,</strong></span> <span class='ocrx_word' id='word_1_805' title='bbox 2426 4105 2480 4148; x_wconf 88' lang='lat' dir='ltr'><strong>et</strong></span> <span class='ocrx_word' id='word_1_806' title='bbox 2510 4097 2720 4148; x_wconf 88' lang='lat' dir='ltr'><strong>docebo</strong></span> <span class='ocrx_word' id='word_1_807' title='bbox 2747 4107 2799 4149; x_wconf 90' lang='lat' dir='ltr'><strong>te</strong></span> <span class='ocrx_word' id='word_1_808' title='bbox 2831 4095 3185 4164; x_wconf 85' lang='lat' dir='ltr'><strong>sapientiam.</strong></span> 
     </span>
    </p>
   </div>
   <div class='ocr_carea' id='block_1_105' title="bbox 2399 4245 3404 4302">
    <p class='ocr_par' dir='ltr' id='par_1_105' title="bbox 2399 4245 3404 4302">
     <span class='ocr_line' id='line_1_105' title="bbox 2399 4245 3404 4302; baseline 0.005 -19"><span class='ocrx_word' id='word_1_809' title='bbox 2399 4245 2730 4286; x_wconf 75' lang='lat' dir='ltr'><strong>RESPONDENS</strong></span> <span class='ocrx_word' id='word_1_810' title='bbox 2761 4249 2938 4288; x_wconf 66' lang='lat' dir='ltr'><strong>AUTEM</strong></span> <span class='ocrx_word' id='word_1_811' title='bbox 2975 4249 3164 4302; x_wconf 75' lang='lat' dir='ltr'><strong>ELIUS,</strong></span> <span class='ocrx_word' id='word_1_812' title='bbox 3202 4251 3352 4290; x_wconf 69' lang='lat' dir='ltr'><strong>DIKIT</strong></span> <span class='ocrx_word' id='word_1_813' title='bbox 3389 4253 3404 4289; x_wconf 70' lang='grc' dir='ltr'>ζ</span> 
     </span>
    </p>
   </div>
   <div class='ocr_carea' id='block_1_106' title="bbox 2190 4359 3683 4438">
    <p class='ocr_par' dir='ltr' id='par_1_106' title="bbox 2190 4359 3683 4438">
     <span class='ocr_line' id='line_1_106' title="bbox 2190 4359 3683 4438; baseline 0.008 -24"><span class='ocrx_word' id='word_1_814' title='bbox 2190 4359 2347 4436; x_wconf 74' lang='grc' dir='ltr'><strong>[ϐαρ.</strong></span> <span class='ocrx_word' id='word_1_815' title='bbox 2387 4363 2656 4438; x_wconf 78' lang='lat' dir='ltr'><strong>XXXIV.]</strong></span> <span class='ocrx_word' id='word_1_816' title='bbox 2689 4367 2886 4422; x_wconf 79' lang='lat' dir='ltr'><strong>Audite</strong></span> <span class='ocrx_word' id='word_1_817' title='bbox 2913 4409 2929 4436; x_wconf 89' lang='lat'><strong>,</strong></span> <span class='ocrx_word' id='word_1_818' title='bbox 2985 4369 3282 4438; x_wconf 88' lang='lat' dir='ltr'><strong>sapientes,</strong></span> <span class='ocrx_word' id='word_1_819' title='bbox 3323 4371 3485 4426; x_wconf 87' lang='lat' dir='ltr'><strong>verba</strong></span> <span class='ocrx_word' id='word_1_820' title='bbox 3523 4385 3683 4436; x_wconf 83' lang='lat' dir='ltr'><strong>mea;</strong></span> 
     </span>
    </p>
   </div>
   <div class='ocr_carea' id='block_1_107' title="bbox 2123 4585 3700 4659">
    <p class='ocr_par' dir='ltr' id='par_1_107' title="bbox 2123 4585 3700 4659">
     <span class='ocr_line' id='line_1_107' title="bbox 2123 4585 3700 4659; baseline 0.007 -20"><span class='ocrx_word' id='word_1_821' title='bbox 2123 4600 2223 4639; x_wconf 89' lang='lat' dir='ltr'><strong>suo</strong></span> <span class='ocrx_word' id='word_1_822' title='bbox 2283 4585 2399 4638; x_wconf 88' lang='lat' dir='ltr'><strong>loco</strong></span> <span class='ocrx_word' id='word_1_823' title='bbox 2449 4587 2648 4659; x_wconf 70' lang='lat' dir='ltr'><strong>posita,</strong></span> <span class='ocrx_word' id='word_1_824' title='bbox 2686 4589 2728 4640; x_wconf 84' lang='lat' dir='ltr'><strong>si</strong></span> <span class='ocrx_word' id='word_1_825' title='bbox 2779 4588 2846 4642; x_wconf 85' lang='lat' dir='ltr'><strong>ad</strong></span> <span class='ocrx_word' id='word_1_826' title='bbox 2887 4587 3134 4644; x_wconf 71' lang='lat' dir='ltr'><strong>Griecum</strong></span> <span class='ocrx_word' id='word_1_827' title='bbox 3173 4601 3556 4659; x_wconf 84' lang='lat' dir='ltr'><strong>componatur,</strong></span> <span class='ocrx_word' id='word_1_828' title='bbox 3605 4595 3700 4650; x_wconf 87' lang='lat' dir='ltr'><strong>ubi</strong></span> 
     </span>
    </p>
   </div>
   <div class='ocr_carea' id='block_1_108' title="bbox 2127 4657 3700 4734">
    <p class='ocr_par' dir='ltr' id='par_1_108' title="bbox 2127 4657 3700 4734">
     <span class='ocr_line' id='line_1_108' title="bbox 2127 4657 3700 4734; baseline 0.007 -28"><span class='ocrx_word' id='word_1_829' title='bbox 2127 4665 2392 4734; x_wconf 57' lang='lat' dir='ltr'><strong>anteires</strong></span> <span class='ocrx_word' id='word_1_830' title='bbox 2411 4672 2600 4734; x_wconf 69' lang='lat' dir='ltr'><strong>versus</strong></span> <span class='ocrx_word' id='word_1_831' title='bbox 2621 4657 2875 4734; x_wconf 76' lang='lat' dir='ltr'><strong>habetur,</strong></span> <span class='ocrx_word' id='word_1_832' title='bbox 2919 4673 3200 4730; x_wconf 78' lang='lat' dir='ltr'><strong>utcunque</strong></span> <span class='ocrx_word' id='word_1_833' title='bbox 3225 4657 3446 4734; x_wconf 78' lang='lat' dir='ltr'><strong>rectius,</strong></span> <span class='ocrx_word' id='word_1_834' title='bbox 3463 4664 3700 4734; x_wconf 72' lang='lat' dir='ltr'><strong>‘Avilpdi-</strong></span> 
     </span>
    </p>
   </div>
   <div class='ocr_carea' id='block_1_109' title="bbox 2127 4725 3468 4801">
    <p class='ocr_par' dir='ltr' id='par_1_109' title="bbox 2127 4725 3468 4801">
     <span class='ocr_line' id='line_1_109' title="bbox 2127 4725 3468 4801; baseline 0.005 -24"><span class='ocrx_word' id='word_1_835' title='bbox 2127 4743 2212 4801; x_wconf 62' lang='lat' dir='ltr'><strong>mp</strong></span> <span class='ocrx_word' id='word_1_836' title='bbox 2245 4725 2301 4801; x_wconf 24' lang='lat' dir='ltr'><strong>16‘s</strong></span> <span class='ocrx_word' id='word_1_837' title='bbox 2325 4727 2656 4801; x_wconf 33' lang='lat' dir='ltr'><strong>strage-irata</strong></span> <span class='ocrx_word' id='word_1_838' title='bbox 2688 4731 2922 4796; x_wconf 69' lang='grc' dir='ltr'><strong>λαλῆσαι</strong></span> <span class='ocrx_word' id='word_1_839' title='bbox 2969 4725 3192 4782; x_wconf 63' lang='lat' dir='ltr'><strong>tata-5:1</strong></span> <span class='ocrx_word' id='word_1_840' title='bbox 3223 4731 3468 4801; x_wconf 75' lang='grc' dir='ltr'><strong>ῥήματα..</strong></span> 
     </span>
    </p>
   </div>
   <div class='ocr_carea' id='block_1_110' title="bbox 2198 4793 3704 4866">
    <p class='ocr_par' dir='ltr' id='par_1_110' title="bbox 2198 4793 3704 4866">
     <span class='ocr_line' id='line_1_110' title="bbox 2198 4793 3704 4866; baseline 0.009 -22"><span class='ocrx_word' id='word_1_841' title='bbox 2198 4793 2220 4823; x_wconf 68' lang='grc'>⁸</span> <span class='ocrx_word' id='word_1_842' title='bbox 2241 4795 2392 4857; x_wconf 73' lang='lat' dir='ltr'><strong>Quoi</strong></span> <span class='ocrx_word' id='word_1_843' title='bbox 2428 4796 2519 4847; x_wconf 91' lang='lat' dir='ltr'><strong>hic</strong></span> <span class='ocrx_word' id='word_1_844' title='bbox 2541 4799 2728 4850; x_wconf 87' lang='lat' dir='ltr'><strong>deerat</strong></span> <span class='ocrx_word' id='word_1_845' title='bbox 2762 4793 3009 4866; x_wconf 81' lang='lat' dir='ltr'><strong>verbum,</strong></span> <span class='ocrx_word' id='word_1_846' title='bbox 3037 4802 3184 4864; x_wconf 74' lang='lat' dir='ltr'><strong>dicis,</strong></span> <span class='ocrx_word' id='word_1_847' title='bbox 3219 4793 3489 4855; x_wconf 57' lang='grc' dir='ltr'><strong>Μ’οτωυὶ</strong></span> <span class='ocrx_word' id='word_1_848' title='bbox 3519 4811 3704 4858; x_wconf 73' lang='lat' dir='ltr'><strong>textus</strong></span> 
     </span>
    </p>
   </div>
   <div class='ocr_carea' id='block_1_111' title="bbox 2125 4863 3380 4932">
    <p class='ocr_par' dir='ltr' id='par_1_111' title="bbox 2125 4863 3380 4932">
     <span class='ocr_line' id='line_1_111' title="bbox 2125 4863 3380 4932; baseline 0.007 -17"><span class='ocrx_word' id='word_1_849' title='bbox 2125 4863 2284 4916; x_wconf 74' lang='lat' dir='ltr'><strong>fidem</strong></span> <span class='ocrx_word' id='word_1_850' title='bbox 2313 4875 2370 4917; x_wconf 83' lang='lat' dir='ltr'><strong>et</strong></span> <span class='ocrx_word' id='word_1_851' title='bbox 2401 4867 2688 4932; x_wconf 66' lang='lat' dir='ltr'><strong>Augustini</strong></span> <span class='ocrx_word' id='word_1_852' title='bbox 2723 4863 3010 4922; x_wconf 77' lang='lat' dir='ltr'><strong>lectionem</strong></span> <span class='ocrx_word' id='word_1_853' title='bbox 3039 4863 3380 4924; x_wconf 78' lang='lat' dir='ltr'><strong>sull&#39;eciutus.</strong></span> 
     </span>
    </p>
   </div>
   <div class='ocr_carea' id='block_1_112' title="bbox 2199 4933 3706 5008">
    <p class='ocr_par' dir='ltr' id='par_1_112' title="bbox 2199 4933 3706 5008">
     <span class='ocr_line' id='line_1_112' title="bbox 2199 4933 3706 5008; baseline 0.007 -24"><span class='ocrx_word' id='word_1_854' title='bbox 2199 4933 2619 5008; x_wconf 69' lang='lat' dir='ltr'><strong>‘_5tipjileiidtttn</strong></span> <span class='ocrx_word' id='word_1_855' title='bbox 2657 4953 2724 4989; x_wconf 78' lang='lat' dir='ltr'><strong>ex</strong></span> <span class='ocrx_word' id='word_1_856' title='bbox 2789 4939 2978 4993; x_wconf 57' lang='lat' dir='ltr'><strong>Graeco</strong></span> <span class='ocrx_word' id='word_1_857' title='bbox 3043 4950 3213 5000; x_wconf 74' lang='lat' dir='ltr'><strong>textu,</strong></span> <span class='ocrx_word' id='word_1_858' title='bbox 3251 4960 3342 4992; x_wconf 78' lang='grc' dir='ltr'><strong>του</strong></span> <span class='ocrx_word' id='word_1_859' title='bbox 3386 4941 3458 5008; x_wconf 80' lang='grc' dir='ltr'>μὴ</span> <span class='ocrx_word' id='word_1_860' title='bbox 3513 4945 3706 4994; x_wconf 69' lang='grc' dir='ltr'><strong>πεσξῖν</strong></span> 
     </span>
    </p>
   </div>
   <div class='ocr_carea' id='block_1_113' title="bbox 2129 5001 3704 5074">
    <p class='ocr_par' dir='ltr' id='par_1_113' title="bbox 2129 5001 3704 5074">
     <span class='ocr_line' id='line_1_113' title="bbox 2129 5001 3704 5074; baseline 0.007 -21"><span class='ocrx_word' id='word_1_861' title='bbox 2129 5001 2290 5074; x_wconf 75' lang='grc' dir='ltr'><strong>ᾳύτὸν</strong></span> <span class='ocrx_word' id='word_1_862' title='bbox 2331 5001 2386 5054; x_wconf 72' lang='grc' dir='ltr'><strong>ἐν</strong></span> <span class='ocrx_word' id='word_1_863' title='bbox 2417 5007 2660 5074; x_wconf 73' lang='grc' dir='ltr'><strong>πολέμῳ,</strong></span> <span class='ocrx_word' id='word_1_864' title='bbox 2693 5017 2748 5059; x_wconf 84' lang='lat' dir='ltr'><strong>ut</strong></span> <span class='ocrx_word' id='word_1_865' title='bbox 2799 5024 2905 5060; x_wconf 80' lang='lat' dir='ltr'><strong>non</strong></span> <span class='ocrx_word' id='word_1_866' title='bbox 2951 5009 3107 5061; x_wconf 81' lang='lat' dir='ltr'><strong>cadat</strong></span> <span class='ocrx_word' id='word_1_867' title='bbox 3143 5011 3234 5062; x_wconf 75' lang='lat' dir='ltr'><strong>ille</strong></span> <span class='ocrx_word' id='word_1_868' title='bbox 3264 5013 3313 5062; x_wconf 83' lang='lat' dir='ltr'><strong>in</strong></span> <span class='ocrx_word' id='word_1_869' title='bbox 3343 5001 3498 5064; x_wconf 73' lang='lat' dir='ltr'><strong>bello.</strong></span> <span class='ocrx_word' id='word_1_870' title='bbox 3529 5013 3704 5066; x_wconf 77' lang='lat' dir='ltr'><strong>Aliter</strong></span> 
     </span>
    </p>
   </div>
   <div class='ocr_carea' id='block_1_114' title="bbox 2127 5073 3562 5152">
    <p class='ocr_par' dir='ltr' id='par_1_114' title="bbox 2127 5073 3562 5152">
     <span class='ocr_line' id='line_1_114' title="bbox 2127 5073 3562 5152; baseline 0.006 -26"><span class='ocrx_word' id='word_1_871' title='bbox 2127 5073 2562 5152; x_wconf 29' lang='lat' dir='ltr'><strong>Suri-tlglI-Sillltils</strong></span> <span class='ocrx_word' id='word_1_872' title='bbox 2585 5077 2736 5144; x_wconf 76' lang='lat' dir='ltr'><strong>legzt,</strong></span> <span class='ocrx_word' id='word_1_873' title='bbox 2771 5081 2903 5152; x_wconf 66' lang='lat' dir='ltr'><strong>quia</strong></span> <span class='ocrx_word' id='word_1_874' title='bbox 2932 5093 3208 5133; x_wconf 76' lang='lat' dir='ltr'><strong>venturum</strong></span> <span class='ocrx_word' id='word_1_875' title='bbox 3243 5091 3317 5134; x_wconf 79' lang='lat' dir='ltr'><strong>est</strong></span> <span class='ocrx_word' id='word_1_876' title='bbox 3344 5082 3562 5134; x_wconf 76' lang='lat' dir='ltr'><strong>bellum.</strong></span> 
     </span>
    </p>
   </div>
   <div class='ocr_carea' id='block_1_115' title="bbox 2201 5143 3712 5220">
    <p class='ocr_par' dir='ltr' id='par_1_115' title="bbox 2201 5143 3712 5220">
     <span class='ocr_line' id='line_1_115' title="bbox 2201 5143 3712 5220; baseline 0.009 -26"><span class='ocrx_word' id='word_1_877' title='bbox 2201 5143 2222 5171; x_wconf 84' lang='grc'>⁶</span> <span class='ocrx_word' id='word_1_878' title='bbox 2247 5145 2452 5220; x_wconf 82' lang='lat' dir='ltr'><strong>Ubelns</strong></span> <span class='ocrx_word' id='word_1_879' title='bbox 2499 5145 2598 5198; x_wconf 80' lang='lat' dir='ltr'><strong>iste</strong></span> <span class='ocrx_word' id='word_1_880' title='bbox 2641 5143 2979 5220; x_wconf 66' lang='lat' dir='ltr'><strong>ainoiendus</strong></span> <span class='ocrx_word' id='word_1_881' title='bbox 3039 5152 3168 5203; x_wconf 87' lang='lat' dir='ltr'><strong>hinc</strong></span> <span class='ocrx_word' id='word_1_882' title='bbox 3199 5161 3362 5218; x_wconf 82' lang='lat' dir='ltr'><strong>atque</strong></span> <span class='ocrx_word' id='word_1_883' title='bbox 3391 5165 3712 5220; x_wconf 74' lang='lat' dir='ltr'><strong>expungen-</strong></span> 
     </span>
    </p>
   </div>
   <div class='ocr_carea' id='block_1_116' title="bbox 2131 5211 3710 5291">
    <p class='ocr_par' dir='ltr' id='par_1_116' title="bbox 2131 5211 3710 5291">
     <span class='ocr_line' id='line_1_116' title="bbox 2131 5211 3710 5291; baseline 0.004 -20"><span class='ocrx_word' id='word_1_884' title='bbox 2131 5211 2238 5291; x_wconf 77' lang='lat' dir='ltr'><strong>dus_</strong></span> <span class='ocrx_word' id='word_1_885' title='bbox 2265 5215 2612 5291; x_wconf 48' lang='lat' dir='ltr'><strong>)‘Id&#39;elurgest</strong></span> <span class='ocrx_word' id='word_1_886' title='bbox 2646 5218 2791 5268; x_wconf 84' lang='lat' dir='ltr'><strong>enim</strong></span> <span class='ocrx_word' id='word_1_887' title='bbox 2825 5219 3129 5280; x_wconf 81' lang='lat' dir='ltr'><strong>illa,tameu</strong></span> <span class='ocrx_word' id='word_1_888' title='bbox 3157 5211 3710 5288; x_wconf 51' lang='lat' dir='ltr'><strong>etsi-paulo&#39;divErsis</strong></span> 
     </span>
    </p>
   </div>
   <div class='ocr_carea' id='block_1_117' title="bbox 2129 5283 3711 5360">
    <p class='ocr_par' dir='ltr' id='par_1_117' title="bbox 2129 5283 3711 5360">
     <span class='ocr_line' id='line_1_117' title="bbox 2129 5283 3711 5360; baseline 0.008 -26"><span class='ocrx_word' id='word_1_889' title='bbox 2129 5283 2327 5360; x_wconf 68' lang='lat' dir='ltr'><strong>verbis,</strong></span> <span class='ocrx_word' id='word_1_890' title='bbox 2385 5287 2437 5360; x_wconf 85' lang='lat' dir='ltr'><strong>in</strong></span> <span class='ocrx_word' id='word_1_891' title='bbox 2467 5285 2713 5360; x_wconf 69' lang='lat' dir='ltr'><strong>Hebraeo</strong></span> <span class='ocrx_word' id='word_1_892' title='bbox 2745 5297 3046 5352; x_wconf 71' lang='lat' dir='ltr'><strong>sententia,</strong></span> <span class='ocrx_word' id='word_1_893' title='bbox 3091 5301 3185 5342; x_wconf 86' lang='lat' dir='ltr'><strong>aut</strong></span> <span class='ocrx_word' id='word_1_894' title='bbox 3219 5283 3370 5344; x_wconf 73' lang='lat' dir='ltr'><strong>certe</strong></span> <span class='ocrx_word' id='word_1_895' title='bbox 3405 5307 3568 5358; x_wconf 83' lang='lat' dir='ltr'><strong>supra</strong></span> <span class='ocrx_word' id='word_1_896' title='bbox 3601 5297 3711 5347; x_wconf 86' lang='lat' dir='ltr'><strong>lle-</strong></span> 
     </span>
    </p>
   </div>
   <div class='ocr_carea' id='block_1_118' title="bbox 2126 5352 3706 5431">
    <p class='ocr_par' dir='ltr' id='par_1_118' title="bbox 2126 5352 3706 5431">
     <span class='ocr_line' id='line_1_118' title="bbox 2126 5352 3706 5431; baseline 0.008 -27"><span class='ocrx_word' id='word_1_897' title='bbox 2126 5352 2257 5404; x_wconf 85' lang='lat' dir='ltr'><strong>br.ei</strong></span> <span class='ocrx_word' id='word_1_898' title='bbox 2286 5357 2674 5431; x_wconf 77' lang='lat' dir='ltr'><strong>continentiam</strong></span> <span class='ocrx_word' id='word_1_899' title='bbox 2699 5355 2940 5431; x_wconf 68' lang='lat' dir='ltr'><strong>hmcuon</strong></span> <span class='ocrx_word' id='word_1_900' title='bbox 2973 5363 3236 5414; x_wconf 83' lang='lat' dir='ltr'><strong>abundat.</strong></span> <span class='ocrx_word' id='word_1_901' title='bbox 3269 5361 3372 5423; x_wconf 84' lang='lat' dir='ltr'><strong>Qui</strong></span> <span class='ocrx_word' id='word_1_902' title='bbox 3409 5352 3706 5431; x_wconf 80' lang='lat' dir='ltr'><strong>subsequi-</strong></span> 
     </span>
    </p>
   </div>
   <div class='ocr_carea' id='block_1_119' title="bbox 2132 5424 3707 5500">
    <p class='ocr_par' dir='ltr' id='par_1_119' title="bbox 2132 5424 3707 5500">
     <span class='ocr_line' id='line_1_119' title="bbox 2132 5424 3707 5500; baseline 0.01 -28"><span class='ocrx_word' id='word_1_903' title='bbox 2132 5431 2240 5480; x_wconf 91' lang='lat' dir='ltr'><strong>tur,</strong></span> <span class='ocrx_word' id='word_1_904' title='bbox 2265 5429 2432 5500; x_wconf 72' lang='lat' dir='ltr'><strong>vcrbo</strong></span> <span class='ocrx_word' id='word_1_905' title='bbox 2464 5424 2754 5492; x_wconf 70' lang='lat' dir='ltr'><strong>remeabit,</strong></span> <span class='ocrx_word' id='word_1_906' title='bbox 2783 5434 3236 5496; x_wconf 82' lang='lat' dir='ltr'><strong>postpouebatur,</strong></span> <span class='ocrx_word' id='word_1_907' title='bbox 3269 5447 3367 5483; x_wconf 81' lang='lat' dir='ltr'><strong>nos</strong></span> <span class='ocrx_word' id='word_1_908' title='bbox 3405 5447 3529 5485; x_wconf 87' lang='lat' dir='ltr'><strong>cum</strong></span> <span class='ocrx_word' id='word_1_909' title='bbox 3556 5424 3707 5488; x_wconf 62' lang='lat' dir='ltr'><strong>Grie-</strong></span> 
     </span>
    </p>
   </div>
   <div class='ocr_carea' id='block_1_120' title="bbox 2131 5492 2929 5562">
    <p class='ocr_par' dir='ltr' id='par_1_120' title="bbox 2131 5492 2929 5562">
     <span class='ocr_line' id='line_1_120' title="bbox 2131 5492 2929 5562; baseline 0.01 -20"><span class='ocrx_word' id='word_1_910' title='bbox 2131 5492 2471 5562; x_wconf 14' lang='lat' dir='ltr'><strong>cageditione</strong></span> <span class='ocrx_word' id='word_1_911' title='bbox 2503 5492 2929 5562; x_wconf 60' lang='lat' dir='ltr'><strong>pricj‘iosmiuus&quot;.</strong></span> 
     </span>
    </p>
   </div>
   <div class='ocr_carea' id='block_1_121' title="bbox 2205 5560 3712 5632">
    <p class='ocr_par' dir='ltr' id='par_1_121' title="bbox 2205 5560 3712 5632">
     <span class='ocr_line' id='line_1_121' title="bbox 2205 5560 3712 5632; baseline 0.013 -20"><span class='ocrx_word' id='word_1_912' title='bbox 2205 5560 2222 5588; x_wconf 81' lang='grc'><strong>⁷</strong></span> <span class='ocrx_word' id='word_1_913' title='bbox 2245 5562 2417 5614; x_wconf 83' lang='lat' dir='ltr'><strong>l&#39;enes</strong></span> <span class='ocrx_word' id='word_1_914' title='bbox 2449 5560 2816 5619; x_wconf 63' lang='lat' dir='ltr'><strong>Miirtiaineum</strong></span> <span class='ocrx_word' id='word_1_915' title='bbox 2852 5583 2866 5624; x_wconf 72' lang='grc' dir='ltr'>ι</span> <span class='ocrx_word' id='word_1_916' title='bbox 2906 5567 3008 5622; x_wconf 83' lang='lat' dir='ltr'><strong>Sed</strong></span> <span class='ocrx_word' id='word_1_917' title='bbox 3035 5579 3080 5622; x_wconf 77' lang='lat' dir='ltr'><strong>ct</strong></span> <span class='ocrx_word' id='word_1_918' title='bbox 3110 5581 3250 5624; x_wconf 77' lang='lat' dir='ltr'><strong>cruel</strong></span> <span class='ocrx_word' id='word_1_919' title='bbox 3279 5587 3297 5625; x_wconf 85' lang='lat'><strong>.&#39;</strong></span> <span class='ocrx_word' id='word_1_920' title='bbox 3342 5573 3524 5627; x_wconf 84' lang='lat' dir='ltr'><strong>minus</strong></span> <span class='ocrx_word' id='word_1_921' title='bbox 3547 5573 3712 5632; x_wconf 82' lang='lat' dir='ltr'><strong>bene.</strong></span> 
     </span>
    </p>
   </div>
  </div>
