4050 6184
324 277 431 338 105

1756 272 1985 337 LIBER
2032 270 2211 334 J08.~

3461 238 3571 346 toti

317 400 376 441 et
416 387 507 453 qui
544 384 760 439 habetis
789 387 1112 455 sapientiam
1142 385 1251 458 [ΑΙ.
1291 386 1625 458 scientiam},
1658 387 1892 440 auribus
1927 400 1967 452 Α
1999 390 2145 441 enim
2175 401 2367 441 omnes
2391 385 2633 456 respicit,
2660 385 2750 455 qui
2776 386 3187 456 comprehendit
3214 390 3567 458 im'estigabi-

319 480 608 545 prrcipiln.
637 483 699 544 ὶκ
731 480 867 542 Quia
910 480 1059 531 auris
1083 482 1245 531 verba
1277 479 1388 550 [ΑΙ.
1423 477 1730 549 sermones]
1760 494 1889 549 prot-

319 573 432 627 bat.
469 575 535 637 >ε<
567 580 623 624 et
652 581 840 640 guttur
868 573 1108 639 gustabit
1142 573 1347 625 cibum.
1386 577 1448 638 ἢ(
1479 571 1752 627 Judicium
1791 573 1890 623 ('Il-

318 682 515 731 gamus
560 668 739 728 nobis,
784 669 849 734 >κ
882 668 1210 719 sententiam
1253 666 1444 720 ‘inter
1502 667 1888 734 nosmetipsos,

318 761 449 826 quid
479 770 564 811 est
600 760 825 811 bonum.
878 759 900 826 ζ
941 759 1077 825 Quia
1111 758 1245 812 dixit
1286 759 1409 817 .loh,
1447 754 1635 812 Justus
1659 774 1800 817 sum,
1837 770 1892 811 et

317 853 589 906 Dominus
619 853 841 908 ahsmlil
864 854 1126 918 judicium
1148 868 1352 915 meum,
1373 862 1427 904 et
1455 851 1507 901 iii
1529 851 1742 919 judicio
1772 865 1893 901 meo

319 943 586 995 mentitus
616 945 808 1009 εει.ζᾶ
846 942 1156 995 V'iolentum
1181 941 1422 1009 jarulum
1472 957 1649 993 meum
1686 941 1892 1007 absque

320 1036 633 1100 iniquitate.
676 1038 742 1101 χ
790 1033 923 1100 Quis
950 1043 1030 1087 est
1063 1034 1145 1086 vir
1178 1045 1231 1087 ut
1260 1034 1384 1099 Job,
1443 1037 1508 1100 Χ
1548 1032 1739 1087 bibens
1761 1033 1891 1084 sub-

316 1124 698 1178 saunationem
728 1125 880 1193 quasi
916 1124 1159 1192 aquam?
1194 1126 1215 1193 ζ
1259 1140 1368 1177 non
1427 1139 1681 1189 peccans,
1716 1139 1893 1190 neque

318 1217 486 1283 impie
528 1233 716 1285 agens,
751 1233 933 1286 neque
991 1218 1215 1270 omnino
1268 1232 1495 1286 parcens
1530 1231 1717 1269 eorum
1752 1219 1773 1247 ⁸
1800 1216 1891 1283 qui

320 1311 597 1364 iaciebant
629 1312 994 1380 iniquitatem.
1023 1322 1081 1363 ιιι
1106 1317 1210 1364 iret
1232 1326 1353 1362 cum
1388 1313 1453 1375 3K
1477 1308 1659 1377 viris":
1687 1309 1892 1375 impiis.

325 1402 472 1455 Dixit
499 1405 646 1454 enim
678 1418 692 1455 :
733 1402 851 1456 Non
884 1400 1198 1454 visitahitur
1224 1400 1308 1452 vir
1343 1401 1383 1463 ³,
1428 1400 1515 1467 qui
1535 1400 1896 1453 ambulaverit

320 1509 445 1545 cum
474 1493 606 1546 Deo.
627 1492 858 1555 Idcirco,
889 1494 1186 1558 prudentes
1216 1490 1402 1548 Corde.
1438 1491 1625 1543 audite
1644 1506 1747 1542 me.
1783 1492 1892 1541 Ab-

320 1586 395 1638 sit
424 1600 453 1637 a
477 1585 709 1638 Domino
756 1583 1030 1652 impietas,
1054 1592 1109 1635 et
1144 1584 1212 1637 ab
1236 1581 1632 1651 Omnipotentc
1673 1584 1893 1637 turbare

321 1679 469 1746 quod
488 1678 698 1743 justum
720 1675 973 1741 est.Quia
1006 1675 1185 1729 reddit
1213 1674 1421 1729 homini
1456 1678 1521 1742 Χ
1548 1689 1686 1744 Opus
1709 1690 1891 1733 suum,

324 1772 394 1835 Χ
448 1780 502 1821 et
541 1768 698 1835 juxta
731 1767 872 1821 viam
902 1781 1058 1820 suam
1119 1765 1501 1835 unusquisque
1556 1765 1813 1834 reperiet.
1863 1767 1885 1834 ζ

323 1858 488 1911 Putas
522 1856 809 1911 Dominum
829 1858 1015 1926 iniqua
1035 1857 1335 1917 facturum,
1362 1867 1416 1911 et
1441 1855 1888 1924 Omnipotentem

323 1952 673 2005 turbatorum
700 1949 993 2019 judicium,
1037 1949 1131 2016 qui
1186 1947 1317 2001 fecit
1350 1946 1597 2001 terram?
1624 1946 1759 2014 Quis
1808 1958 1893 2003 est

322 2046 416 2114 qui
460 2043 637 2098 reiicit
672 2043 860 2097 orbem
892 2040 994 2095 sub
1022 2040 1182 2103 coelo,
1203 2049 1256 2092 et
1286 2055 1407 2109 qua:
1430 2052 1558 2092 sunt
1592 2040 1645 2092 iu
1677 2054 1746 2094 eo
1772 2052 1891 2093 om-

321 2136 450 2189 nia?
496 2135 553 2190 Si
602 2135 749 2189 enim
784 2132 1025 2187 voluerit
1061 2131 1337 2194 inhibere,
1390 2143 1447 2185 et
1474 2132 1730 2198 spiritum
1773 2131 1895 2199 ejus

321 2229 470 2299 apud
531 2243 592 2282 se
644 2236 858 2290 tenere.
912 2224 1179 2280 morietur
1208 2222 1387 2277 omnis
1439 2238 1570 2277 caro
1618 2224 1804 2285 simul,
1837 2233 1895 2276 et

318 2322 500 2376 omnis
530 2321 696 2374 homo
722 2319 823 2374 ibit
870 2321 924 2373 in
975 2328 1173 2372 terrain
1204 2332 1263 2372 -t—
1291 2315 1436 2370 unde
1458 2316 1724 2369 formatus
1752 2316 1888 2381 est;

317 2411 478 2477 Quod
515 2411 561 2465 si
597 2425 704 2463 non
732 2424 793 2464 es
828 2417 1157 2467 commotus.
1192 2407 1318 2460 audi
1371 2407 1505 2463 lucc.
1544 2407 1763 2473 percipe
1800 2420 1893 2457 vo-

317 2520 440 2558 cem
495 2503 786 2556 verborum
820 2514 1089 2552 ineorum.
1143 2497 1336 2550 Vidcto
1373 2498 1645 2549 mlientem
1685 2498 1889 2562 iniqua,

316 2607 375 2650 et
411 2594 829 2651 interﬁcientem
869 2592 1071 2650 malos,
1101 2606 1132 2657 q
1161 2592 1193 2641 ti
1217 2600 1299 2641 est
1329 2599 1571 2640 auertitis
1601 2599 1656 2640 et
1681 2588 1885 2656 justus.

318 2695 381 2757 Ἀ
416 2687 621 2755 impius
639 2693 723 2739 cst
748 2684 840 2753 qui
869 2683 1002 2736 dicit
1028 2683 1162 2746 regi,
1186 2682 1371 2749 inique
1394 2681 1501 2752 [ΑΙ.
1531 2680 1748 2751 injuste]
1778 2684 1893 2748 agis

318 2786 381 2847 χ
418 2779 740 2846 inipiissitne
762 2774 1101 2844 principibus
1130 2774 1154 2841 ζ
1186 2773 1279 2841 qui
1310 2780 1416 2825 non
1446 2773 1668 2827 erubuit
1696 2773 1890 2826 laciem

318 2870 675 2931 inhonorati;
723 2868 977 2921 nesciunt
1042 2865 1327 2918 honorent
1373 2863 1589 2917 deferre
1629 2864 1893 2932 principi-

316 2963 449 3024 bus,
480 2969 533 3014 et
561 2958 822 3013 admirari
855 2957 1019 3011 facies
1049 2971 1263 3011 eorum.
1308 2955 1456 3009 Vana
1487 2956 1565 3008 eis
1611 2955 1887 3016 evenient.

1995 482 2087 542 lia,
2116 480 2379 547 glorifica,
2410 487 2464 533 et
2491 480 2829 537 admiranda.
2856 495 3087 549 quorum
3122 496 3227 535 non
3257 495 3339 536 est
3373 501 3566 539 nume-

1995 588 2110 625 rus.
2147 576 2210 640 >ε<
2235 573 2336 639 Qui
2370 575 2646 640 cognoscit
2683 588 2845 640 opera
2885 588 3074 628 eorum
3219 585 3275 630 et
3309 587 3521 633 evertet
3546 582 3569 610 ⁵

1997 675 2233 726 noctein,
2264 676 2318 719 et
2351 664 2805 718 bumiliabuntur.
2840 662 2905 733 )t(
2941 667 3004 719 Et
3034 668 3293 721 exstinxit
3345 670 3563 738 impios.

1998 758 2064 821 ὶς(
2087 766 2141 808 et
2171 755 2439 823 gloriosos
2469 770 2653 809 coram
2677 756 2914 809 inimicis
2955 757 3070 811 suis
3094 758 3134 817 ⁸,
3156 760 3221 825 >⁴<
3243 759 3368 824 quia
3404 761 3567 815 decli-

1998 853 2268 899 paverunt
2293 861 2321 898 a
2351 846 2465 913 lege
2494 844 2609 907 Dei,
2637 849 2699 910 γε(
2730 855 2781 898 et
2809 846 3047 913 justitias
3084 846 3205 915 ejus
3240 864 3345 901 non
3367 864 3570 919 cogno-

1998 946 2193 991 verunt
2227 940 2293 1007 )s(
2334 950 2390 992 ut
2426 940 2734 1007 perferatur
2766 939 2833 991 ad
2872 953 2995 992 eum
3041 940 3250 995 clamor
3279 942 3564 1012 pauperis,

1994 1040 2052 1083 et
2075 1032 2141 1097 Β(
2168 1030 2465 1084 clamorem
2495 1046 2798 1099 pauperum
2850 1032 3129 1087 exaudiet.
3162 1037 3228 1103 χ
3258 1034 3377 1104 Ipse
3409 1037 3565 1106 quie-

1996 1129 2105 1175 tem
2131 1120 2303 1185 dabit,
2326 1129 2382 1174 et
2411 1125 2534 1189 quis
2552 1123 2751 1191 poterit
2774 1123 3183 1177 condemnare?
3224 1129 3288 1192 >κ
3322 1126 3569 1179 Abscon-

1997 1210 2089 1264 det
2120 1209 2335 1277 l'aciem,
2362 1219 2415 1264 et
2445 1210 2569 1278 quis
2590 1209 2797 1263 videbit
2821 1225 2945 1263 eum
2976 1209 3000 1262 ?
3028 1214 3092 1277 3a:
3130 1208 3194 1264 Et
3219 1221 3407 1266 contra
3433 1227 3569 1280 gen-

1998 1308 2105 1352 tem
2133 1341 2148 1361 ,
2179 1309 2235 1354 et
2266 1310 2455 1353 contra
2497 1300 2780 1355 hominum
2842 1302 3030 1356 simul.
3074 1306 3140 1370 ᾔ(
3177 1302 3281 1368 Qui
3334 1318 3569 1373 regnare

1999 1391 2129 1445 facit
2159 1392 2437 1447 hominem
2490 1393 2832 1463 bypoeritam
2870 1406 3088 1463 propter
3145 1397 3565 1465 perversitatem

1994 1482 2206 1550 populi.
2241 1486 2306 1551 »ξ
2338 1484 2473 1548 Quia
2500 1484 2565 1537 ad
2603 1485 2892 1537 Dominum
2930 1485 3081 1553 loqui
3117 1486 3283 1555 roapi,
3318 1500 3424 1539 non
3452 1501 3574 1539 ees-

1997 1577 2148 1628 sabo.
2191 1578 2255 1642 Ἀ(
2291 1578 2358 1627 At
2399 1576 2545 1645 quod
2573 1577 2751 1629 minus
2788 1578 2947 1631 video
2983 1580 3024 1636 ⁸,
3068 1585 3121 1629 tu
3149 1578 3379 1633 ostende
3410 1580 3569 1633 mihi.

1998 1664 2053 1720 Si
2105 1667 2444 1735 iniquitatem
2502 1678 2757 1732 operatus
2818 1684 2962 1735 sum,
3025 1685 3131 1724 non
3168 1671 3445 1739 adjiciam.
3506 1676 3571 1739 »ζ

1927 1741 1967 1796 Β
1997 1757 2253 1825 Nunquid
2314 1774 2342 1811 a
2396 1773 2447 1812 te
2495 1762 2675 1827 exiget
2726 1761 2826 1832 [ιι.
2871 1762 3064 1833 exigit]
3114 1776 3261 1824 eam,
3303 1764 3431 1831 quia
3460 1763 3568 1836 [AL

1998 1846 2188 1919 quam]
2218 1850 2462 1918 repulisti
2491 1849 2514 1901 ?
2540 1851 2619 1903 Tit
2653 1866 2799 1905 enim
2835 1852 3071 1921 elegisti,
3110 1862 3164 1905 et
3186 1869 3291 1907 non
3327 1869 3470 1924 ego:
3511 1867 3570 1909 et

1997 1941 2042 1994 si
2075 1941 2204 2008 quid
2233 1942 2362 2001 scis,
2391 1942 2638 2007 loquere.
2672 1944 2694 2012 ζ
2731 1944 3024 2011 Propterea
3052 1945 3377 2011 prudentes
3402 1946 3571 2001 corde

1944 2040 1947 2043 '
1994 2034 2181 2088 dicent
2219 2034 2372 2088 haec:
2408 2034 2474 2087 Et
2502 2034 2587 2086 vir
2620 2039 2840 2101 sapiens
2864 2035 3048 2088 amliet
3068 2039 3292 2089 verbum
3322 2053 3502 2090 meum
3526 2039 3571 2094 ’ς

1995 2126 2098 2179 Job
2133 2135 2313 2180 autem
2351 2141 2456 2179 non
2488 2127 2540 2179 in
2566 2127 2834 2195 sapientia
2887 2127 3106 2181 locutus
3138 2138 3223 2182 est
3248 2168 3265 2189 ,
3314 2139 3370 2183 et
3404 2131 3572 2185 verba

1997 2221 2114 2288 ejus
2132 2236 2238 2273 non
2274 2231 2404 2273 sunt
2429 2219 2698 2272 scicntie.
2731 2218 2844 2271 lmo
2877 2235 3007 2272 vero
3036 2219 3352 2285 disce,Job,
3385 2231 3440 2276 et
3462 2223 3573 2278 neli

1992 2315 2102 2384 jam
2139 2313 2477 2379 respondere
2526 2314 2669 2367 sicut
2720 2312 2870 2365 stulti
2904 2352 2919 2375 ,
2974 2327 3042 2366 ne
3076 2328 3377 2382 augeamus
3408 2330 3576 2384 super

1998 2416 2217 2477 peccata
2261 2416 2471 2464 nostra.
2527 2417 2583 2459 et
2615 2403 2883 2474 injustitia
2915 2419 3083 2471 super
3113 2420 3215 2460 nos
3256 2416 3574 2476 reputetur,

2000 2499 2164 2550 multa
2202 2498 2551 2566 loquentibus
2583 2496 2744 2549 verba
2780 2511 2962 2549 coram
2994 2496 3252 2553 Domino.

2312 2646 2644 2685 ﬂiia‘l‘.)NDENS
2682 2647 2862 2685 Αυτειί
2904 2647 3078 2699 ειιυε,
3122 2649 3252 2689 Αιτε

2068 2767 2221 2836 [Cup.
2242 2765 2483 2834 XXXI/.1
2510 2764 2688 2831 Quare
2708 2768 2808 2820 hoc
2834 2767 3166 2823 existimasti
3205 2772 3258 2823 iu
3283 2772 3493 2841 judicio
3512 2774 3570 2826 ⁸2

1999 2866 2065 2931 β(
2095 2862 2174 2915 Tu
2200 2863 2291 2928 qui
2324 2874 2385 2913 es
2416 2859 2542 2928 quia
2571 2861 2683 2931 [ΑΙ.
2713 2859 2827 2930 qui]
2863 2861 3071 2925 dixisti,
3091 2864 3268 2932 justus
3294 2881 3416 2919 sum
3442 2877 3572 2922 ante

1996 2961 2350 3021 conspectum
2382 2950 2516 3003 Dei?
2557 2953 2623 3017 >κ
2678 2960 2773 3004 aut
2805 2951 2964 3014 dicis,
2994 2953 3123 3022 quid
3167 2956 3391 3024 prodest
3417 2957 3518 3013 tibi
3555 2973 3573 3014 :

316 3066 379 3108 ut
400 3055 659 3115 clament,
690 3060 744 3106 et
782 3060 973 3120 rogent
1001 3052 1200 3102 virum.
1233 3046 1403 3100 Abusi
1443 3056 1570 3099 sunt
1613 3046 1761 3099 enim
1788 3046 1886 3099 ini-
1919 3082 1963 3141 Ο
1998 3055 2094 3097 aut
2135 3042 2285 3121 quid
2324 3041 2539 3105 faciant,
2577 3058 2621 3094 si
2661 3042 2922 3108 peccavi?
2982 3045 3003 3112 ζ
3048 3044 3235 3115 Itaque
3293 3063 3394 3115 ego
3428 3050 3573 3105 dabo

318 3164 452 3218 que,
485 3163 606 3200 eum
637 3144 1063 3199 excluderentur
1092 3142 1311 3195 inlirnti.
1343 3142 1464 3209 Ipse
1500 3143 1644 3195 enim
1680 3141 1892 3210 perspi-

318 3240 393 3293 cit
424 3251 591 3305 opera
626 3235 933 3293 hominum,
983 3249 1084 3287 nec
1138 3234 1271 3286 latet
1301 3247 1425 3286 eum
1459 3233 1759 3301 quidquam
1791 3248 1888 3284 eo.

318 3346 446 3383 rum
474 3344 595 3397 qua:
628 3328 853 3380 faciunt.
885 3325 1069 3394 Neque
1114 3325 1224 3378 erit
1277 3325 1427 3377 locus
1455 3340 1470 3389 ;
1509 3326 1573 3390 χ(
1602 3333 1779 3376 etnon
1811 3334 1894 3378 est

321 3420 517 3473 umbra
545 3418 790 3485 mortis:
843 3426 902 3471 ut
937 3417 1158 3471 latitent
1186 3417 1279 3483 qui
1314 3416 1523 3469 faciunt
1578 3417 1787 3485 iniqua,
1823 3422 1887 3484 βε(

320 3515 454 3585 quia
485 3526 593 3567 non
634 3512 687 3566 in
724 3510 949 3565 homine
1000 3511 1233 3579 positum
1278 3516 1362 3563 est
1397 3509 1536 3561 ultra
1573 3508 1597 3573 ζ
1631 3509 1893 3563 Dominus

399 3670 417 3701 ¹
454 3668 632 3722 Malim
670 3666 858 3734 utique
902 3664 1130 3719 rescribi
1180 3667 1490 3722 sentiamus.
1539 3679 1635 3733 pro
1671 3674 1883 3717 seuien-

321 3745 456 3797 tiam
480 3755 498 3793 :
535 3755 658 3792 nam
690 3750 747 3790 et
766 3736 992 3789 Grati-us
1021 3738 1237 3803 γνῶμεν
1268 3738 1451 3794 habet.
1478 3744 1534 3788 et
1556 3750 1623 3788 ex
1655 3734 1884 3787 Hebrzeo

322 3815 595 3866 adeamus
636 3808 865 3875 ipsemet
906 3804 1265 3875 Hieronymus
1313 3807 1881 3875 interpretatusgest:

321 3882 563 3948 denique
582 3888 638 3930 et
657 3872 840 3928 rectus
873 3872 1157 3928 contextus
1177 3872 1687 3948 ordo_sic_postulat.
1707 3872 1850 3927 Ca-te
1864 3902 1882 3913 -

323 3966 446 4003 rum
475 3945 799 4001 'asteriscos
848 3960 904 3999 et
933 3956 1132 4013 puncta
1177 3945 1482 4000 tertuinalta
1520 3945 1683 4014 piget,
1715 3958 1879 4012 quam

322 4034 465 4088 sepe
498 4017 874 4088 restituamus,
903 4024 1169 4088 repetere.

395 4083 415 4122 ί
457 4090 510 4141 In
534 4087 723 4140 Grata)
748 4095 833 4138 est
875 4084 995 4135 οὐδὲ
1048 4084 1384 4152 κοινωνήσας
1438 4084 1596 4150 μετὰ,
1648 4100 1700 4137 κ.
1749 4101 1799 4135 τ.
1831 4083 1880 4136 λ.

319 4176 387 4214 ex
416 4175 524 4226 quo
549 4162 675 4217 ista,
707 4171 824 4221 qua:
857 4158 1067 4226 omnino
1100 4170 1338 4221 parcens.
1369 4170 1519 4226 etc.,
1568 4154 1635 4206 de
1659 4222 1668 4226 Δ
1689 4158 1884 4206 mendo

321 4222 571 4296 suspecta
631 4227 764 4277 Inibi
810 4234 959 4277 sunt.
1023 4224 1133 4276 Iino
1194 4241 1323 4276 vero
1364 4225 1528 4296 legito
1574 4222 1756 4283 siidcs,
1800 4239 1884 4275 me

324 4294 570 4360 auctore,
600 4298 883 4364 particeps.
916 4310 1011 4361 pro
1040 4310 1260 4361 parcens
1290 4311 1306 4356 ,'
1333 4304 1388 4345 ut
1412 4294 1555 4345 enim
1594 4308 1644 4343 ιιι
1679 4300 1881 4344 textum

326 4370 614 4420 tectioueui
649 4366 791 4417 illam
828 4368 1079 4426 tuleram,
1117 4368 1377 4417 librorum
1415 4367 1758 4429 originalium
1793 4366 1885 4414 de-

324 4446 502 4491 lectus
533 4446 693 4487 λειω.

394 4511 414 4538 ³
442 4506 699 4557 Voculam
729 4503 808 4553 vir
842 4500 898 4552 S.
933 4503 1270 4568 Augustinus
1308 4510 1471 4553 tacet.

395 4583 417 4609 ⁸
449 4575 555 4627 Pro
582 4577 683 4625 hoc
716 4573 886 4625 inciso
919 4574 1283 4638 Augustinus,
1322 4570 1494 4621 lucere
1520 4569 1621 4621 sibi
1646 4569 1889 4622 videbun-

322 4660 431 4700 tur.
467 4646 639 4697 (ir-teet
671 4657 891 4711 quoque
924 4642 1069 4693 inter
1107 4656 1164 4711 se
1196 4642 1329 4693 libri
1355 4641 1706 4711 dissentiunt.

396 4722 421 4750 ⁸
456 4715 521 4767 Et
552 4707 814 4766 exstinxi!
847 4713 1054 4777 impios,
1109 4709 1282 4762 lucere
1311 4710 1407 4762 sibi
1447 4707 1781 4763 videbamui'.
1810 4711 1887 4763 Ita

320 4791 381 4841 S.
406 4790 629 4853 August.
658 4786 797 4835 libro
821 4785 1017 4853 saepius
1046 4791 1348 4853 memorato
1372 4782 1794 4853 Adnotatiunum
1834 4797 1887 4832 in

318 4860 445 4912 Job.
472 4851 692 4923 Vulgata
715 4854 868 4920 juxta
890 4851 1079 4912 llebr.,
1107 4852 1270 4912 Quasi
1305 4851 1491 4923 impios
1518 4854 1767 4918 percussit
1801 4867 1887 4902 eos

321 4933 438 4980 loco
469 4921 776 4979 videntium.
811 4923 909 4975 Ms.
945 4929 1130 4988 autem
1151 4932 1338 4973 uoster
1363 4921 1589 4971 Latinus
1612 4926 1889 4988 exemplar

319 5006 567 5052 tinccum
602 4993 1022 5047 Alexan-triuunt
1051 4987 1187 5039 LXX
1221 5002 1442 5043 secutus
1480 4990 1723 5051 Videtur;
1764 5007 1885 5041 nam

324 5088 383 5122 ιη
419 5084 483 5121 eo
507 5069 772 5131 scriptum
797 5070 884 5115 est
909 5076 1002 5111 και
1027 5058 1214 5126 opas-oi
1234 5062 1485 5131 εγένοντᾳ
1506 5060 1744 5110 ενλιιτίον
1781 5064 1889 5110 των

320 5139 551 5206 ἐχθρῶν,
585 5130 632 5186 et
669 5134 931 5206 conspicui
954 5144 1129 5181 coram
1166 5130 1413 5206 inimicis.
1440 5130 1619 5206 Msa'r.

399 5201 673 5258 "ttectms
719 5206 786 5255 ad
840 5204 1088 5252 Graecqu
1150 5203 1343 5251 saltem
1398 5201 1695 5267 exemplar,
1757 5206 1886 5258 ἀνευ

317 5278 558 5345 ἐμαυτω)
598 5276 823 5341 ὂψομαι,
871 5269 1209 5337 Augustinus
1254 5270 1383 5334 legit
1435 5269 1639 5337 Absque
1694 5287 1773 5327 me
1814 5280 1890 5330 vi-

317 5349 469 5401 aebo.

394 5419 413 5447 ν
445 5414 597 5467 “me
639 5424 858 5480 quoque
912 5407 1202 5477 pericopeu
1233 5404 1579 5480 Martianaaus
1613 5410 1715 5463 sub
1746 5423 1891 5468 aste-

318 5490 482 5541 riscis
510 5479 887 5541 continuabat,
918 5493 1053 5546 quos
1093 5479 1363 5552 superiori
1397 5479 1742 5533 lieinésticliio
1767 5492 1890 5552 post

314 5566 546 5613 verbum
583 5559 815 5624 loquere,
850 5565 951 5601 nos
979 5548 1346 5600 crassioribus
1375 5552 1639 5615 appositis
1670 5548 1888 5619 puni-tis

320 5636 618 5683 timvunus.
654 5623 780 5675 llic
827 5634 995 5690 porro
1038 5627 1308 5690 contraria
1357 5633 1506 5680 nota,
1544 5624 1658 5672 sive
1690 5625 1888 5675 ubelus

323 5708 536 5754 uitetur
571 5688 972 5763 prmpoueiidus
1004 5689 1080 5754 τῷ
1110 5688 1343 5748 verbum,
1376 5693 1520 5755 qqu
1578 5693 1628 5741 in
1660 5692 1887 5745 nmmo

720 5790 992 5849 PnuoL.
1026 5783 1249 5841 XXIX.

1998 3138 2095 3189 tibi
2154 3149 2498 3204 responsum,
2537 3143 2593 3187 et
2653 3135 2830 3190 trilms
2876 3138 3072 3191 amicis
3122 3138 3253 3193 tuis.
3288 3142 3486 3210 Aspice
3518 3144 3572 3197 in

1997 3227 2218 3291 caelum,
2257 3235 2313 3279 et
2343 3224 2488 3279 vide.
2530 3224 2760 3293 ltespice
2792 3227 2845 3278 in
2873 3227 3069 3292 nubes,
3099 3244 3260 3297 quam
3298 3233 3420 3287 alue
3445 3248 3575 3289 sunt

2000 3343 2027 3375 ει
2084 3333 2156 3377 te.
2216 3322 2271 3376 Si
2320 3321 2578 3390 peccasti,
2623 3323 2754 3390 quid
2788 3337 2915 3388 ages
2967 3323 3084 3393 jAl.
3122 3325 3309 3397 agis];
3392 3340 3488 3385 aut
3527 3333 3569 3386 si

2004 3416 2168 3468 multa
2192 3415 2390 3484 injusta
2422 3415 2444 3445 ⁹
2476 3414 2675 3475 fecisti,
2713 3414 2842 3480 quid
2878 3415 3088 3482 poteris
3138 3416 3319 3473 facere
3349 3419 3371 3472 ?
3415 3420 3484 3474 Et
3524 3424 3569 3475 si

1996 3509 2180 3579 justus
2215 3523 2296 3572 es,
2322 3507 2453 3576 quid
2485 3505 2644 3560 dabis
2675 3507 2764 3559 ei?
2797 3511 2861 3574 ᾖ(
2894 3516 2989 3561 aut
3022 3510 3152 3577 quid
3182 3510 3250 3565 de
3278 3528 3440 3566 manu
3473 3523 3565 3567 tua

2000 3671 2160 3724 tacet,
2198 3663 2289 3715 tibi
2322 3671 2532 3726 tam,
2585 3662 2769 3715 audiat
2805 3680 2902 3724 me,
2941 3674 3152 3719 tantum
3178 3666 3399 3734 legitur.

2064 3736 2083 3763 ⁸
2112 3734 2310 3785 'l‘otum
2346 3734 2490 3787 istud
2524 3736 2820 3802 Capitulqu
2846 3735 3087 3788 abfuisse
3112 3738 3397 3791 vili-turin
3432 3736 3573 3794 LXX

1994 3801 2472 3870 interpretatione,
2504 3818 2625 3872 qua:
2663 3804 2837 3868 κοινὴ,
2881 3807 2929 3853 id
2970 3818 3051 3856 est
3094 3805 3316 3873 Vulgata
3348 3810 3571 3865 diceb‘a-

1992 3882 2083 3925 tur
2115 3883 2170 3925 et
2203 3873 2391 3951 Vetus.
2433 3874 2543 3951 Nec
2582 3877 2765 3925 obstat
2796 3874 3181 3951 qnod‘versus
3216 3878 3411 3942 singuli
3460 3896 3567 3934 non

1991 3954 2123 3994 sunt
2182 3946 2544 4011 Xasterisco
2598 3945 2879 4008 praetiotati
2936 3945 2975 3997 ξ’
3019 3946 3143 4012 quia
3204 3948 3571 4014 exscriptures

1993 4014 2161 4065 multa
2178 4015 2441 4065 omittunt
2466 4015 2616 4079 signa
2653 4014 2705 4064 in
2737 4016 2918 4065 medio
2952 4028 3293 4081 paginarum,
3320 4027 3564 4071 t‘tHIlCllll

1991 4085 2369 4154 eaaduotasse
2394 4083 2461 4135 al)
2484 4083 2660 4154 initio,
2686 4084 2814 4134 etin
2841 4084 2967 4137 line.
2999 4085 3111 4136 lloc
3137 4085 3295 4139 modo
3329 4098 3570 4154 quatuor

1994 4153 2075 4227 vel
2099 4155 2353 4227 quinque
2387 4153 2945 4227 ubeltsiuveniuiitur
2979 4165 3272 4219 praenotata
3307 4153 3359 4210 in
3393 4158 3566 4227 Regio

1996 4222 2295 4274 ltibliorutn
2331 4237 2433 4296 ms.
2465 4221 2654 4275 codice
2687 4239 2739 4274 ιι.
2780 4223 2944 4285 3.364,
2983 4239 3102 4296 qua:
3127 4221 3569 4296 quadraginta'et

1994 4292 2353 4365 ampliushuj
2382 4296 2758 4365 ismodisigua
2786 4295 3011 4359 exigunt
3052 4292 3361 4365 iusiugulis
3416 4300 3567 4365 pagi-

2001 4363 2079 4411 llis
2109 4364 2382 4427 prophetae
2411 4363 2665 4420 “uinclis,
2685 4363 2771 4414 ubi
2795 4365 3025 4428 hymnus
3053 4364 3217 4416 trium
3270 4363 3566 4430 puerorum

2000 4433 2306 4497 descriptus
2338 4446 2435 4484 est.
2475 4440 2734 4483 t.onsuiat
2775 4434 3018 4485 codiceni
3045 4434 3155 4500 jam
3181 4436 3409 4498 dictum,
3437 4455 3567 4491 cou-

1994 4509 2242 4566 tcratque
2270 4506 2360 4569 qui
2389 4504 2618 4554 voluerat
2652 4516 2775 4553 cum
2803 4513 2990 4555 nostra
3020 4503 3264 4558 editione
3297 4507 3566 4572 Dauielis,

1995 4583 2050 4621 ut
2079 4586 2259 4623 rerum
2284 4573 2620 4638 experientia
2651 4585 2965 4634 persuasus,
2984 4573 3121 4627 nihil
3143 4587 3342 4641 praeter
3370 4593 3562 4632 verum
3638 4587 3649 4603 '

1991 4658 2019 4690 a
2061 4644 2222 4693 nobis
2253 4642 2458 4692 dictum
2492 4642 2747 4693 fateatur.
2783 4641 2957 4695 MART.

2063 4739 2130 4783 :—
2157 4714 2421 4764 Autumat
2454 4710 2821 4783 Martianaaus,
2874 4723 3042 4765 totum
3080 4714 3222 4767 istud
3264 4716 3564 4783 capitulum

1993 4795 2020 4831 a
2047 4779 2234 4833 Gneca
2270 4786 2511 4834 editione
2546 4780 2771 4848 Vulgata
2813 4783 3073 4844 abfuisse,
3109 4794 3270 4852 atque
3298 4779 3435 4838 adeo
3467 4790 3564 4842 de-

1993 4856 2122 4903 bere
2150 4852 2239 4903 hic
2267 4866 2715 4918 unumquemque
2742 4866 2955 4904 versum
3008 4855 3122 4906 sive
3156 4856 3562 4910 hemistichium

1992 4922 2288 4986 pt'mtlotari
2320 4922 2608 4974 asterisco.
2642 4920 2856 4974 Nullum
2886 4933 3064 4975 tamen:
3094 4924 3246 4977 addit
3270 4927 3566 4991 probandae

1992 4992 2322 5058 conjecturae
2344 5007 2457 5043 sua:
2488 5006 2732 5053 causam,
2759 5006 2821 5043 ac
2843 5006 2910 5043 ne
2945 5002 3149 5047 temere
3187 4997 3344 5048 tidem
3372 5000 3565 5050 verbo-

1994 5068 2151 5111 tenus
2188 5061 2239 5111 id
2268 5061 2530 5135 asserenti
2573 5060 2954 5135 adhibeamus,
2988 5064 3099 5135 veri
3141 5066 3319 5117 omnis
3349 5083 3567 5135 species

1994 5139 2182 5195 vetat;
2234 5133 2483 5206 quinimo
2535 5144 2686 5206 cum_
2714 5132 2897 5206 ex_his
2947 5134 3154 5206 aliquot
3186 5132 3394 5206 modo,
3420 5140 3564 5206 iique

1994 5214 2224 5251 numero
2253 5202 2425 5253 notati
2448 5215 2639 5252 versus
2676 5201 2728 5251 in
2763 5202 3155 5270 Hexapiartbus
3186 5203 3345 5257 libris
3373 5201 3562 5259 dican-

1993 5278 2083 5319 tur
2106 5285 2171 5321 ex
2190 5270 2572 5323 Tlteodotione
2597 5272 2864 5337 suppleri,
2898 5286 2957 5325 ut
2986 5283 3075 5326 est
3106 5275 3158 5325 iu
3199 5291 3306 5328 uno
3334 5275 3562 5329 Colber-

1995 5342 2107 5391 tino
2160 5342 2303 5405 apud
2345 5341 2810 5394 Monti‘aucomum
2862 5355 2877 5393 :
2938 5352 3143 5409 optime
3191 5360 3256 5397 ex
3300 5362 3359 5395 ea
3390 5347 3560 5397 aduo-

1994 5410 2199 5482 latione
2231 5425 2428 5480 arguas
2454 5448 2469 5472 ,
2508 5410 2631 5462 illos
2682 5409 2970 5477 duntaxat,
3005 5430 3113 5465 non
3163 5429 3353 5466 omnes
3405 5431 3561 5482 :eque

1992 5480 2255 5533 abfuisse.

2061 5550 2081 5577 ⁹
2116 5550 2317 5604 Vitiosa
2349 5551 2696 5605 Martiana'us
2737 5551 2932 5621 iniusto
2971 5566 3067 5620 pro
3093 5553 3310 5615 iniusta,
3343 5552 3457 5606 sive
3483 5557 3565 5607 in-

1987 5617 2149 5681 juste,
2181 5629 2233 5672 et
2268 5637 2389 5674 mox
2441 5633 2584 5689 potes
2646 5640 2742 5691 pro
2783 5617 3014 5690 poteris,
3070 5637 3188 5689 qua:
3219 5624 3326 5671 duo
3355 5641 3453 5675 nos
3498 5641 3566 5679 ex

1994 5692 2299 5757 Augustino
2331 5697 2393 5743 al
2434 5695 2608 5745 Graeci
2647 5706 2825 5745 textus
2866 5698 3023 5743 iidem
3059 5702 3423 5746 restitunnus.

3102 5786 3138 5842 lt
