3966 6184
296 231 400 295 109

289 462 404 504 tur.
442 448 591 522 [ϐαρ.
627 450 921 522 XXXVI”
950 456 1015 519 fis:
1039 449 1146 505 Sed
1177 452 1230 505 in
1263 452 1367 503 hoc
1394 449 1507 517 [AL
1540 451 1649 523 his]
1680 453 1870 506 obstu-

286 545 414 613 puit
447 560 543 598 cor
578 558 785 608 meum,
812 548 878 613 Χ
908 554 965 598 et
990 546 1243 613 evulsum
1271 553 1358 599 est
1384 546 1452 599 de
1485 546 1611 599 loco
1643 561 1764 601 suo.
1804 549 1869 613 Βῆ(

286 636 495 691 Audite
542 636 783 691 sonitum
846 636 1103 699 terroris,
1168 640 1234 705 >ε<
1295 645 1350 691 et
1402 637 1702 706 strepitum
1760 638 1873 691 oris

289 730 516 798 ipsius‘
568 739 883 785 exeuntem.
927 735 993 798 )i(
1040 729 1245 785 Subter
1300 729 1618 784 universum
1672 730 1869 784 corium

287 824 514 888 circuit,
553 825 621 892 Χ
649 835 705 878 et
738 824 925 878 lumen
960 826 1078 891 eius
1102 824 1156 877 in
1193 823 1394 877 linibus
1423 832 1605 881 teme.
1640 827 1705 891 ἃ(
1741 823 1871 877 Post

285 932 417 971 cum
455 917 649 972 fremet
692 932 818 971 vox.
856 919 925 986 χ(
960 915 1197 971 Tonabit
1236 916 1290 970 in
1346 917 1532 971 sonitu
1596 917 1872 987 superbiai

286 1024 421 1073 sum,
452 1012 517 1076 )e(
537 1020 593 1063 et
618 1024 727 1062 non
758 1010 961 1077 poterit
991 1008 1305 1075 investigari
1330 1023 1455 1061 cum
1482 1004 1667 1062 audita
1705 1007 1869 1062 fuerit

285 1117 393 1153 vos
429 1102 570 1171 ejus.
602 1104 670 1169 χ
702 1099 943 1154 Tonabit
996 1099 1157 1153 fortis
1208 1100 1262 1152 in
1312 1114 1450 1154 voce
1500 1116 1597 1153 sua
1636 1100 1867 1155 mirabi-

281 1194 412 1247 liter
454 1195 477 1263 ζ
509 1192 663 1247 Fecit
698 1192 845 1247 enim
894 1202 1091 1261 magna
1123 1200 1248 1260 quae
1296 1191 1704 1254 nesciebamus,
1732 1200 1869 1260 prae.

279 1289 500 1355 cipiens
534 1286 711 1349 nivi’,
746 1294 866 1339 esto
897 1299 1066 1352 super
1092 1290 1317 1337 terram.
1353 1284 1419 1350 Β(
1455 1283 1521 1337 Et
1566 1292 1867 1352 tempestas

281 1379 506 1446 pluviai,
536 1388 592 1432 et
624 1386 921 1447 tempestas
953 1374 1239 1436 imbrium,
1268 1375 1562 1444 potestatis
1603 1376 1744 1446 ejus.
1798 1378 1866 1443 Χ

282 1472 340 1524 ln
390 1486 559 1523 manu
594 1472 773 1523 omnis
807 1468 1048 1524 hominis
1074 1468 1292 1537 signat'
1346 1468 1369 1534 ζ
1421 1476 1481 1519 ut
1515 1468 1652 1521 sciat
1687 1470 1867 1521 omnis

283 1563 456 1616 homo
486 1562 859 1616 infirmitatem
887 1576 1066 1615 suam.
1099 1559 1441 1614 lniroicrnnt
1468 1568 1651 1615 autem
1678 1560 1868 1613 beStiae

282 1655 387 1709 sub
416 1654 779 1725 proiectione,
804 1664 858 1707 et
879 1655 1212 1723 quieverunt
1235 1652 1289 1706 in
1315 1652 1505 1706 cubili.
1546 1653 1620 1707 De
1672 1668 1866 1720 prom-

1726 229 1963 302 LIBER
2006 230 2163 303 JOB.

291 357 362 423 χ(
401 358 806 422 possessionem
842 363 1037 412 contra
1068 373 1219 422 eum,
1254 360 1346 428 qui
1389 359 1694 413 ascendere
1743 361 1873 414 niti-
1901 366 1948 423 Α
1981 376 2107 414 vero
2160 360 2295 414 stola
2363 370 2447 413 est
2509 358 2684 414 valida
2708 361 2751 423 °,

3445 234 3547 301 llO

2811 358 3131 428 quiescente
3193 367 3335 410 terra
3376 359 3443 423 Χ
3478 362 3547 409 ab

1977 468 2189 510 austro.
2227 458 2295 523 »ζ
2325 454 2594 508 Firmabis
2634 470 2759 507 cum
2795 470 2862 508 eo
2893 453 3087 515 cmlos,
3122 453 3214 521 qui
3266 454 3546 518 :rqualiter

1977 546 2042 601 ad
2070 548 2363 601 vivendum
2401 548 2503 600 fusi
2541 547 2714 600 sunt?
2750 547 2772 615 ζ
2805 546 2987 611 Quare
3035 545 3172 599 doce
3222 545 3361 597 nos'
3413 543 3546 612 quid

1978 641 2224 693 dicamus
2280 640 2369 703 ei;
2428 649 2484 694 et
2536 641 2945 708 requiescamns
2998 637 3166 691 multa
3225 637 3473 691 dicentes
3529 652 3544 688 :

1975 730 2231 801 Nunquid
2276 732 2434 796 liber,
2477 742 2571 784 aut
2615 732 2795 783 scriba
2831 729 3085 783 assistit“
3133 728 3307 793 mihi;
3361 738 3421 780 ut
3460 728 3546 783 hic

1975 834 2125 877 stans
2148 824 2342 878 faciam
2369 824 2643 877 hominem
2674 824 2891 876 tacere?
2913 822 3184 877 Omnibus
3216 831 3398 875 autem
3434 837 3546 876 non

1972 926 2055 969 est
2090 917 2303 971 visibile
2332 918 2542 982 lumen,
2577 913 2724 985 quod
2767 918 3001 986 refulget
3054 918 3107 969 in
3163 915 3428 971 nubibus.
3472 917 3543 971 Et

1975 1006 2201 1075 spiritus
2254 1008 2523 1061 transiens
2575 1008 2894 1062 emundabit
2951 1006 3112 1062 eas’.
3149 1007 3231 1062 Ab
3285 1009 3547 1078 aquilone

1975 1100 2151 1154 nubes
2190 1102 2394 1156 coloris
2439 1103 2614 1156 aurei.
2648 1098 2706 1156 ln
2765 1102 2852 1157 liis
2887 1112 2974 1157 est
3021 1118 3216 1172 magna
3258 1104 3454 1171 gloria,
3489 1113 3546 1156 et

1975 1193 2149 1246 honor
2174 1192 2617 1263 Oinnipotentis;
2664 1200 2721 1249 et
2761 1210 2869 1249 non
2904 1194 3219 1249 invenimus
3267 1198 3435 1250 alium
3472 1202 3548 1252 si-

1976 1285 2154 1339 lt'ilenl
2192 1286 2555 1357 virtuii‘ejns.
2592 1284 2694 1354 Qui
2740 1290 2887 1359 juste
2931 1290 3161 1361 judicat,
3207 1306 3316 1345 non
3379 1302 3539 1359 putas

1970 1378 2230 1432 exaudire
2258 1379 2426 1432 eum?
2465 1390 2756 1448 propterea
2797 1372 3070 1435 timebunt
3100 1398 3225 1436 eum
3265 1385 3541 1447 homines,

1974 1467 2243 1522 timebunt
2291 1486 2509 1538 quoque
2573 1484 2698 1525 etim
2738 1484 2793 1527 et
2833 1474 3113 1542 sapientes
3144 1470 3334 1527 corde.

2041 1554 2200 1627 [ϐαρ.
2259 1553 2575 1629 XXXVHH
2638 1559 2702 1613 Et
2756 1572 3046 1628 postquam
3110 1561 3328 1629 quievit
3392 1560 3542 1615 Elius

1973 1648 2144 1715 loqui,
2170 1648 2309 1702 dixit
2341 1649 2606 1703 Dominus
2650 1651 2715 1705 ad
2748 1646 2850 1705 Job
2883 1668 2980 1721 per
3012 1653 3289 1706 turbinem
3325 1656 3491 1707 nubis
3529 1675 3542 1705 ε

289 1748 530 1818 ptuuriis
581 1747 903 1818 supervenit
946 1757 1260 1815 tempeSIas,
1285 1756 1341 1799 ei
1374 1747 1441 1799 de
1471 1745 1866 1815 promptuariis
1899 1721 1939 1773 Β
1972 1740 2107 1803 Quis
2127 1753 2210 1795 est
2237 1741 2330 1808 qui
2360 1740 2505 1795 celat
2537 1758 2621 1795 me
2661 1743 2980 1807 consilium,
3016 1745 3309 1799 continens
3335 1760 3544 1799 sermo-

285 1843 479 1910 l‘rigiis,
511 1844 577 1906 ﬂ
609 1851 666 1893 et
717 1855 746 1893 a
805 1840 1011 1907 Spiritu
1045 1840 1139 1892 Dei
1190 1839 1412 1891 dabitur
1470 1838 1675 1907 glacies
1708 1838 1729 1906 ζ
1762 1854 1864 1907 gu-

284 1936 480 1991 bernat
535 1945 720 1986 autem
776 1932 1014 1999 qualiter
1086 1926 1163 1985 illi
1204 1931 1497 2001 placuerit.
1533 1946 1753 1998 aquam,
1809 1938 1865 1983 et

283 2027 623 2080 lrumentum
658 2023 912 2093 irrigabit
937 2022 1177 2076 nubibus
1204 2021 1244 2076 ‘.
1275 2021 1660 2077 Disseininabit
1689 2022 1866 2077 nubes

284 2116 465 2171 lucem
493 2129 675 2175 suam,
709 2122 764 2167 et
798 2114 913 2182 ipsa
950 2129 1047 2182 per
1074 2113 1372 2167 circuitum
1406 2113 1645 2167 vertitur
1680 2111 1734 2166 in
1768 2128 1866 2182 gu-

285 2207 622 2270 bernaculis,
657 2206 723 2260 ad
768 2204 1044 2265 ooeranda
1090 2202 1202 2275 [Αι.
1259 2202 1628 2275 Operanduin]
1680 2206 1866 2257 omnia

282 2316 408 2370 (ωε
449 2298 799 2353 mandaverit
824 2297 930 2352 eis.
978 2294 1103 2351 Haec
1149 2297 1449 2351 constituta
1496 2307 1629 2350 sunt
1678 2296 1748 2350 ab
1800 2311 1866 2350 eo

284 2408 454 2462 super
481 2401 714 2446 terram.
758 2392 825 2459 Χ
862 2389 990 2443 Sive
1021 2389 1073 2442 in
1118 2388 1282 2453 tribu,
1313 2389 1429 2442 sive
1478 2388 1533 2441 in
1566 2398 1707 2441 terra
1742 2402 1863 2451 sua,

285 2501 349 2553 χ
387 2484 505 2539 sive
557 2485 612 2538 in
660 2480 1035 2537 misericordia
1089 2480 1322 2535 inveniri
1377 2479 1614 2533 voluerit
1660 2495 1779 2534 eam
1838 2480 1861 2548 ζ

282 2577 528 2631 Auribus
583 2574 809 2644 percipe
866 2572 1003 2632 haec.
1062 2569 1188 2626 Joh.
1229 2570 1345 2632 Sta,
1402 2578 1458 2624 et
1513 2583 1865 2624 commonere

282 2670 493 2723 virtute
525 2666 802 2721 Domini“.
846 2664 1064 2719 Scimus
1104 2662 1233 2732 quia
1280 2663 1424 2715 Deus
1478 2660 1662 2740 posuit
1697 2673 1863 2724 opera

284 2778 407 2828 sua,
438 2775 563 2816 cum
598 2759 805 2814 faceret
832 2758 1011 2811 lucem
1036 2759 1104 2812 de
1146 2753 1416 2812 tenebris.
1451 2752 1574 2807 Scis
1602 2752 1865 2807 dideren-

285 2858 421 2910 tiam
453 2854 711 2919 nubium,
748 2861 804 2907 et
843 2852 1094 2921 ingentes
1135 2849 1327 2919 lapsus
1378 2846 1693 2900 malorum?
1744 2846 1861 2901 'l‘ua

361 3074 382 3105 ¹
423 3071 553 3125 Plus
591 3070 756 3125 habet
780 3070 868 3124 hic
898 3069 1257 3137 Augustinus.
1291 3080 1339 3121 et
1381 3069 1518 3122 uocis
1564 3066 1703 3136 ejus,
1738 3076 1855 3123 tuin
1889 3058 1930 3113 (Ζ

284 3144 511 3211 strepitu
559 3142 712 3211 legit,
756 3158 853 3209 pro
892 3143 1190 3207 strepitum.
1241 3138 1430 3193 (ἔκ-,κου
1464 3147 1647 3211 autem
1681 3140 1859 3211 ablu-

286 3208 451 3268 dente
485 3208 639 3265 textu
673 3208 1006 3278 abntraqne
1041 3212 1273 3263 lectione
1305 3225 1429 3264 cuiu
1462 3209 1551 3262 hic
1586 3208 1715 3273 loci,
1745 3220 1858 3263 tum

284 3289 447 3339 etiam
491 3282 745 3345 interius,
770 3283 901 3333 nihil
935 3279 1223 3333 audemus.

358 3361 380 3388 ³
418 3354 702 3411 Mendose,
748 3361 809 3402 ut
847 3352 1081 3411 videtur,
1132 3348 1458 3414 praeferebat
1503 3348 1859 3417 Angustinia-

289 3442 419 3481 tium
452 3422 736 3489 exemplar
767 3421 890 3473 nubi
945 3436 1043 3486 pro
1078 3420 1183 3472 nivi
1220 3435 1239 3473 :
1282 3419 1469 3489 Graece
1512 3422 1669 3487 χιόνι.
1716 3421 1861 3473 Bene

289 3509 471 3550 autem
513 3488 794 3558 est,’quod
831 3508 896 3543 ex
919 3506 983 3544 eo
1008 3490 1322 3557 accepimus
1349 3488 1512 3557 paulo
1541 3498 1663 3556 post
1718 3499 1862 3557 pote-

287 3569 467 3627 statis,
499 3566 656 3629 juxta
684 3560 932 3614 Griecum
979 3561 1322 3621 δυναστείας,
1370 3575 1467 3627 pro
1506 3573 1616 3626 quo
1655 3559 1861 3627 legerat

290 3639 643 3691 liartianaws
668 3640 896 3696 potestas
926 3648 943 3684 :
974 3640 1028 3683 et
1058 3646 1275 3683 rursum
1314 3632 1508 3697 signat,
1554 3643 1652 3695 pro
1680 3631 1861 3695 signa-

293 3718 399 3767 tur,
438 3705 628 3758 itidem
661 3718 785 3753 cuin
812 3704 1003 3755 Graeco
1039 3700 1508 3767 κατασφραγίζει.
1557 3698 1859 3767 Subjuiixi-

293 3794 416 3829 tuus
454 3787 511 3826 et
565 3772 695 3824 huic
739 3781 904 3823 verbo
944 3774 1125 3823 linalia
1166 3782 1387 3837 puncta,
1426 3782 1547 3838 qua?
1603 3769 1856 3822 deerant.

363 3849 385 3877 ³
421 3845 617 3899 Aetive
655 3847 841 3909 legunt
873 3842 1231 3908 Augustinus,
1279 3849 1336 3892 et
1382 3839 1628 3907 Vuiguta,
1663 3840 1713 3891 id
1749 3852 1854 3903 εει,

292 3920 467 3987 signat
501 3931 601 3981 pro
630 3916 893 3987 signatur.
918 3912 1099 3987 blant".

365 3990 386 4016 ⁵
424 3979 951 4052 Augustgirrigavit
1003 3982 1181 4033 nubes.
1223 3979 1602 4033 Disseminavit
1646 3979 1853 4042 nubem,

294 4060 439 4112 haud
464 4058 602 4109 satis
630 4063 799 4115 recte,
832 4056 873 4103 si
914 4052 1066 4118 prius
1128 4066 1325 4118 nomen
1385 4054 1543 4103 nubes
1592 4053 1857 4115 excipias,

292 4134 435 4197 quod
484 4127 771 4177 hodierna:
799 4117 1293 4189 scriptioniGraece
1340 4121 1535 4197 ~aa:pé_iiq
1590 4131 1858 4197 consonat

292 4193 483 4267 magis.
514 4196 824 4267 Sequentes
852 4205 1143 4245 asteriscos
1166 4205 1266 4245 suo
1306 4206 1408 4244 nos
1459 4193 1583 4243 loco
1636 4195 1858 4257 suisque

294 4263 496 4323 Iliiibus
522 4263 939 4319 constituimus.
1454 4278 1465 4287 -

362 4341 382 4369 ⁸
424 4336 818 4392 Einendaiidus
848 4345 931 4385 est
968 4340 1147 4387 textus
1172 4331 1225 4385 in
1254 4330 1396 4385 libro
1427 4328 1856 4382 Adnotatiouum

1972 1843 2071 1883 nes
2105 1832 2156 1883 in
2189 1829 2376 1895 corde,
2414 1846 2476 1886 +
2509 1842 2566 1885 et
2611 1843 2764 1901 putat
2798 1850 2884 1889 me
2924 1836 3096 1889 latere
3121 1832 3167 1867 ¹⁰
3226 1836 3247 1905 ζ
3316 1840 3541 1909 accingc

1972 1933 2228 1992 tanquam
2288 1924 2370 1977 vir
2448 1915 2695 1979 lumbum
2759 1937 2948 1990 tuum,
3018 1929 3370 1999 interrogabo
3441 1938 3540 1991 te.

1972 2024 2027 2068 tu
2081 2026 2262 2071 autem
2314 2018 2581 2086 responde
2611 2020 2765 2073 mihi.
2798 2020 2902 2076 Ubi
2946 2036 3068 2076 eras
3090 2036 3214 2076 cum
3250 2021 3539 2077 fundarum

1972 2110 2211 2163 terram?
2263 2110 2446 2165 Indica
2507 2113 2642 2167 mihi
2706 2114 2751 2167 si
2817 2118 2956 2169 nosti
3029 2116 3339 2173 scientiam.
3404 2118 3541 2183 Quis

1973 2202 2154 2268 posuit
2197 2218 2485 2259 mensuras
2552 2195 2669 2275 ejus
2698 2200 2737 2237 “
2786 2211 2855 2277 χ(
2903 2208 2949 2262 si
2995 2208 3138 2262 nosti
3195 2210 3219 2278 ζ
3271 2219 3367 2264 aut
3415 2212 3542 2280 quis

1970 2302 2055 2346 est
2084 2293 2177 2361 qui
2206 2294 2420 2349 induxit
2472 2312 2640 2368 super
2683 2314 2802 2352 eam
2856 2299 3183 2364 funiculum,
3229 2312 3325 2355 aut
3375 2318 3543 2370 super

1969 2400 2079 2455 quo
2136 2387 2249 2457 [AL
2299 2385 2470 2459 quod]
2519 2390 2708 2447 circuli
2764 2391 2884 2461 ejus
2939 2392 3045 2447 l‘usi
3100 2404 3231 2448 sunt
3271 2394 3312 2425 η
3360 2393 3543 2459 ?Quis

1971 2488 2053 2530 ρει
2078 2486 2262 2530 autem
2303 2478 2401 2546 qui
2429 2478 2578 2534 misit
2611 2481 2847 2551 lapidem
2906 2484 3221 2554 angularem
3290 2501 3350 2542 -t—
3375 2502 3544 2556 super

1970 2567 2152 2622 eam“
2188 2568 2458 2639 :quando
2484 2569 2625 2626 facta
2674 2582 2804 2628 sunt
2838 2574 2999 2631 simul
3046 2577 3274 2632 sidera?
3323 2578 3544 2634 Lauda-

1971 2672 2167 2714 verunt
2205 2676 2291 2716 me.
2314 2677 2446 2717 voce
2472 2679 2666 2733 magna
2688 2681 2880 2721 omnes
2908 2669 3085 2739 angeli
3118 2670 3244 2726 mei.
3275 2670 3541 2726 Conclnsi

1971 2754 2145 2822 portis
2177 2770 2349 2817 mare,
2373 2769 2497 2809 cum
2521 2757 2779 2812 fremeret
2801 2774 2865 2813 es
2898 2758 3010 2830 [Αι.
3047 2761 3123 2831 in]
3159 2773 3316 2815 utero
3345 2765 3535 2818 matris

1970 2858 2102 2909 suae,
2136 2844 2323 2899 volens
2351 2848 2626 2915 progredi.
2656 2847 3039 2917 Circumposui
3068 2852 3141 2905 illi
3175 2853 3376 2908 nubem
3409 2871 3539 2923 ope-

2276 3042 2301 3066 Ι

1968 3076 2019 3128 in
2080 3074 2722 3146 Grtccoﬂrespondeant,
2788 3078 2931 3136 haud
2998 3083 3335 3140 invenimus.
3397 3090 3540 3146 Sunt

1968 3157 2149 3199 tamen
2183 3148 2235 3199 in
2272 3142 2500 3226 Hebraeo
2532 3152 2851 3218 archetypo,
2886 3167 2951 3205 ex
2989 3170 3099 3222 quo
3133 3156 3366 3222 ipsemet
3405 3142 3537 3214 llic:

1968 3233 2245 3295 ronyiuus
2284 3226 2468 3295 vertit,
2521 3228 2569 3270 et
2622 3232 2807 3295 uentus
2859 3228 3122 3277 transiens
3181 3230 3377 3295 fugavit
3426 3250 3535 3287 cus.

1966 3285 2119 3367 Legit
2174 3287 2789 3367 etiam-Augustinus,
2857 3295 3074 3348 tametsi
3134 3285 3296 3362 paulo
3353 3285 3534 3367 aliter,

1962 3358 2176 3423 spiritus
2208 3358 2425 3416 transit.
2459 3364 2508 3409 et
2540 3358 2835 3422 mundabit,
2863 3374 2973 3415 etc.

2038 3426 2079 3457 ¹⁰
2120 3429 2277 3508 Apud
2305 3429 2671 3508 Augustinum
2704 3431 2856 3508 dare.
2895 3447 2991 3508 pro
3020 3432 3207 3508 latere,
3237 3439 3381 3503 quod
3414 3442 3539 3508 qni—

1961 3498 2087 3551 dem
2115 3498 2368 3549 iuenduin
2399 3501 2805 3564 apertissimum
2845 3502 2988 3555 haud
3020 3506 3157 3566 seio,
3190 3498 3319 3559 num
3354 3509 3407 3562 in
3430 3498 3535 3564 suo

1962 3568 2079 3647 ipse
2121 3568 2251 3646 olim
2299 3568 2599 3647 exe-iipl:irl
2626 3571 2881 3647 __lege_rn,_
2916 3586 2984 3647 an
3016 3575 3337 3641 sequiorem
3375 3581 3536 3647 culpa

1965 3638 2317 3689 librariorum
2362 3638 2416 3689 in
2458 3639 2824 3692 deseribeudo
2854 3638 3290 3700 Adiiotatioiium
3328 3648 3389 3701 ὃ.
3434 3638 3535 3703 Pa.

1965 3710 2059 3760 tris
2098 3707 2343 3782 libro_si_t
2393 3718 2771 3782 perpetuatum
2819 3726 2984 3765 :naiu
3034 3715 3240 3767 latendi
3283 3724 3535 3782 verbum,

1965 3776 2377 3848 nou‘daiidiiu
2432 3778 2714 3845 proposito
2771 3788 2920 3831 textu
2963 3798 2989 3832 a
3043 3798 3100 3834 se
3154 3788 3379 3848 lectum,
3417 3776 3534 3842 sm;

1962 3846 2245 3919 laudatum
2276 3846 2467 3919 fuisse,
2504 3863 2607 3919 non
2639 3852 2893 3908 obscure,
2929 3862 2985 3901 ut
3015 3855 3145 3903 mihi
3183 3846 3404 3919 quidem
3451 3863 3531 3911 vi-

1962 3919 2145 3974 detur.
2183 3918 2297 3983 ipse
2340 3917 2549 3969 indicat
2588 3918 2640 3968 iii
2675 3921 2917 3970 subnexa
2954 3923 3024 3971 ibi
3060 3917 3417 3979 adnotatione
3448 3932 3534 3981 his

1964 3988 2181 4053 proprie
2212 3987 2412 4047 verbis,
2441 3986 2692 4055 quoniam
2724 3987 2888 4038 Deum
2918 4006 3023 4041 non
3048 3992 3233 4045 latent.
3263 4000 3533 4051 Caeterum

1961 4064 2014 4108 et
2041 4056 2396 4130 prchdngg
2422 4056 2621 4130 legitur
2659 4058 2959 4130 apudgeum
2997 4060 3295 4130 Accingere.

2038 4127 2083 4156 ¹¹
2125 4128 2328 4203 Qbelus
2381 4127 2468 4177 hic
2500 4128 2715 4193 positus
2749 4128 2853 4181 l’uit
2898 4144 2995 4203 pro
3031 4127 3298 4185 asterisco
3338 4150 3351 4186 :
3386 4140 3534 4203 quod

1961 4198 2258 4275 eruendam
2294 4210 2637 4275 nequaquam
2672 4202 3132 4275 pertii‘iiesciinus,
3165 4216 3288 4255 cum
3320 4198 3416 4258 ille
3439 4212 3535 4275 qui

1965 4268 2124 4318 nobis
2160 4268 2511 4340 transcripsit
2558 4268 2704 4340 hanc
2754 4269 3056 4321 editionem
3091 4287 3121 4323 e
3174 4288 3275 4325 ms.
3314 4268 3532 4340 codice,

1966 4340 2151 4403 plures
2186 4338 2476 4390 asteriseos
2502 4336 2566 4403 Β(
2594 4350 2839 4401 posuerit
2867 4354 2964 4401 pro
2990 4341 3164 4394 obelis
3188 4355 3273 4398 σιν.
3296 4336 3536 4401 Proelivi

294 4411 351 4465 S.
384 4407 700 4477 Augustini,
738 4404 793 4455 in
838 4408 1285 4481 quo_deprava_ta
1321 4402 1632 4481 liujusuiodi
1676 4409 1857 4453 exstat
1890 4400 1935 4455 D
1962 4400 2108 4458 enim
2135 4407 2291 4474 lapsu
2323 4400 2608 4459 mutantur
2634 4407 2800 4481 sigua
2821 4400 3009 4481 istlizec
3040 4412 3108 4462 ab
3139 4400 3531 4481 scriptoribus,

288 4472 549 4539 lecimﬂt
583 4488 907 4527 commovere
928 4476 1169 4526 virtutem
1197 4474 1432 4526 Domini.
1470 4472 1648 4523 MART.

364 4553 385 4581 ⁸
422 4546 828 4612 δίειιιυεοήμιυε
859 4555 916 4597 et
945 4544 1285 4611 Augustinus
1319 4544 1509 4609 legunt
1540 4544 1619 4593 sic
1648 4540 1850 4612 satida,

291 4636 391 4691 pro
419 4618 617 4678 calida,
750 4616 916 4668 habet
945 4609 1120 4691 canon
1146 4613 1309 4668 llebr.
1340 4613 1606 4672 veritatis,
1631 4624 1695 4662 ac
1723 4609 1854 4688 Vul-

290 4685 412 4762 gata
446 4692 662 4740 Latina.
688 4685 799 4738 Nec
829 4700 985 4738 error
1015 4687 1101 4738 hic
1128 4694 1212 4762 est
1245 4690 1613 4737 recentiorum
1648 4685 1856 4762 exseri-

293 4752 534 4830 ptoruiu,
560 4764 653 4830 sed
682 4769 925 4808 veterum
982 4765 1039 4806 et
1061 4759 1412 4830 antiquorum
1460 4765 1476 4804 ξ
1500 4764 1636 4830 ‘nain
1660 4752 1854 4830 eodem

294 4824 458 4885 iiiodo
520 4829 733 4895 legebat
777 4829 832 4876 in
884 4840 985 4876 suo
1022 4825 1321 4891 exemplari
1366 4824 1423 4875 S.
1479 4824 1851 4895 Augustinus,

290 4921 383 4969 qui
421 4893 617 4952 statuet
648 4896 884 4948 validam
925 4904 1317 4963 interpretatur
1346 4893 1654 4958 dignitatem
1670 4903 1855 4955 super-

292 4984 428 5023 bam.
462 4972 634 5022 MART.

366 5072 431 5083 -—
460 5035 896 5093 ltescribendum
930 5034 1133 5094 calida,
1167 5033 1351 5085 Graeca
1387 5045 1491 5082 vox
1529 5030 1707 5098 θερμὴ
1738 5026 1854 5081 cla-

295 5126 405 5166 mat
434 5129 447 5162 ι
472 5120 764 5161 tamenetsi
799 5109 916 5171 ipse
951 5117 1114 5155 etiam
1144 5104 1326 5155 valida
1351 5108 1693 5169 Augustinus
1727 5113 1860 5171 prte-

297 5190 505 5235 iulcrit.
522 5179 671 5230 Idem
696 5169 856 5243 paulo
881 5187 998 5242 post
1030 5174 1270 5239 [innubis
1300 5182 1461 5225 habet
1484 5186 1582 5237 pro
1598 5169 1855 5234 firmabit.

296 5258 451 5305 Stant
475 5263 531 5301 et
554 5250 727 5299 (ἐι-ἀίει
761 5261 859 5311 pro
896 5248 1156 5297 alterutra
1190 5253 1425 5295 lectione
1457 5244 1697 5294 codices.

373 5324 388 5351 ⁷
426 5320 647 5374 Arridet
706 5318 896 5381 magis,
938 5320 1085 5381 quod
1142 5317 1302 5366 habet
1360 5320 1697 5379 Augustinus
1753 5322 1855 5365 me.

296 5399 442 5462 iuxta
468 5390 739 5447 Giiecuin,
775 5400 1012 5462 proﬂuas.
1210 5454 1221 5462 .
1255 5456 1265 5462 -
1463 5451 1473 5462 .
1729 5447 1764 5462 η

374 5470 391 5493 ⁵
432 5462 575 5513 luem
605 5449 805 5509 astuti}
830 5456 1097 5518 ;Gra:cus
1120 5454 1309 5517 astitit,
1333 5451 1705 5517 παρέστηκεν.
1726 5449 1862 5499 Gor-

301 5547 542 5591 rexiiuus
580 5543 712 5583 vero
739 5540 1027 5595 utriusque
1058 5541 1184 5593 bpe,
1232 5536 1286 5577 ut
1322 5523 1589 5584 voculaiii,
1624 5535 1744 5588 qua:
1771 5536 1861 5569 se-

300 5617 511 5676 quitur,
542 5618 647 5676 pro
670 5617 774 5667 qua
802 5610 922 5676 erat
953 5611 1217 5676 inenuose
1249 5605 1366 5676 aut.

378 5681 395 5708 ³
434 5662 562 5736 ωιλιὲ
599 5662 701 5736 his;
734 5682 780 5723 et
833 5672 1051 5737 spiritus
1102 5674 1363 5721 transiens
1397 5662 1698 5717 emundabit
1748 5682 1862 5733 eas,

1956 4491 2048 4554 qui
2080 4491 2271 4529 eorum
2306 4492 2407 4529 nee
2440 4491 2594 4539 usus,
2623 4492 2727 4529 nec
2759 4478 3156 4546 signiﬁcantius
3191 4478 3529 4554 intelligunt.

1959 4550 2133 4598 MART.
2738 4585 2749 4596 ς

2032 4618 2240 4694 {fidem
2270 4614 2366 4682 ﬁxi
2396 4622 2541 4680 sunt,
2580 4631 2675 4684 pro
2704 4615 2971 4694 fusi,_ett_:2
2998 4619 3189 4675 Graece
3216 4626 3533 4694 πεπήγασι.

2031 4688 2074 4717 ⁸³
2102 4687 2270 4740 Voces
2299 4702 2457 4753 super
2491 4702 2632 4746 eum,
2668 4703 2791 4754 qua:
2836 4690 2892 4742 in
2926 4690 3227 4746 Martiaiiaii
3278 4687 3530 4754 eiliiione

1959 4757 2439 4833 desiderabantur,
2489 4773 2587 4809 nos
2623 4760 2971 4833 sull'eciniusr
3006 4775 3074 4815 ex
3129 4762 3537 4833 Augustinianu

1959 4829 2383 4905 exeinplari_,_-et
2448 4833 2670 4905 praatixo
2713 4839 2876 4905 etiam
2926 4832 3086 4884 obelo
3134 4829 3533 4905 jugulat/iuius,

1961 4913 2087 4951 cum
2118 4898 2229 4950 sint
2260 4898 2365 4950 illa:
2393 4902 2613 4965 quidem
2663 4900 2716 4950 in
2761 4899 2952 4953 Graeco
2997 4898 3169 4967 textu,
3200 4898 3303 4956 ἐπ’
3336 4898 3536 4975 autne,

1961 5005 2072 5042 non
2098 4989 2225 5041 item
2268 4991 2400 5042 etin
2437 4989 2703 5044 llehraico
2752 4991 2988 5045 addatur
3016 4977 3169 5059 Πὺῃ.
3208 4998 3314 5052 Sed
3367 5011 3423 5052 et
3480 5004 3535 5055 in

1962 5059 2078 5134 illo,
2110 5073 2317 5134 equuo
2348 5061 2462 5134 hinc
2493 5059 2839 5114 Martianzeus
2884 5064 3180 5134 descripsit
3202 5071 3393 5122 codice
3429 5087 3537 5124 ms.

1961 5132 2159 5207 obelus
2172 5129 2399 5207 inclusi
2425 5142 2563 5192 erat,
2589 5136 2775 5184 verbis
2801 5144 3004 5207 tamen.
3127 5139 3386 5198 diximus.
3413 5157 3538 5207 quae

1962 5199 2329 5267 conlodieiiil_a
2364 5209 2545 5263 erant,
2599 5205 3005 5267 praetermissis.
3048 5204 3163 5260 Hoc
3215 5220 3398 5260 autem
3431 5199 3535 5263 'itli

1964 5270 2141 5320 fraudi
2161 5260 2345 5345 fuerit,
2368 5280 2427 5321 ut
2449 5260 2901 5337 plaiie-iiiiinerito
2929 5277 3116 5339 verba,
3140 5282 3357 5345 quando
3382 5260 3531 5345 factu

1961 5347 2106 5414 sunt,
2158 5338 2458 5406 jugularet,
2504 5344 2708 5406 quibus
2762 5348 3057 5414 inanilesto
3106 5338 3406 5414 respondit
3477 5351 3534 5401 iii

1967 5411 2195 5461 Hebrum
2232 5418 2352 5491 ’ς’-13,
2384 5420 2439 5460 et
2492 5425 2559 5462 ab
2627 5416 2745 5479 ipso
2810 5410 3143 5484 Hieronymo
3181 5410 3247 5468 e'ii
3286 5432 3352 5468 eo
3383 5418 3538 5473 l’oute

1967 5503 2318 5555 redduntur:
2370 5502 2502 5554 Cum
2535 5520 2613 5556 me
2666 5504 2947 5558 laudarent
3003 5524 3021 5560 :
3072 5507 3240 5559 Ora-ci
3308 5525 3375 5562 ex
3432 5512 3539 5566 alia

1968 5575 2212 5625 viteabuli
2271 5576 2619 5643 etyiiiOIOgia,
2683 5574 2812 5629 Ὅτε
2878 5580 3135 5643 ἐγενήθη,
3199 5577 3332 5629 Cum
3397 5585 3540 5651 {acta

1966 5653 2109 5706 sunt,
2138 5654 2246 5695 etc.
