3966 6184
432 159 525 230 lll

1327 161 1387 222 S.
1425 160 1868 220 lllEllONYlll
1918 159 2182 218 DlVlN.\
2230 159 2762 220 B'IBLlli'i‘llECA.

3555 151 3664 212 "1.2

430 283 744 342 rimentum,
791 290 842 333 ct
890 278 1084 334 nebula
1141 276 1356 330 obvolvi
1408 276 1579 341 illud;
1618 287 1673 330 et
1719 274 1874 346 posui
1914 274 1989 328 illi
2025 279 2062 333 Α
2096 272 2232 325 ciem
2273 273 2421 340 impii
2464 275 2584 338 quis
2636 270 2936 324 labefecit?
2983 281 3075 322 aut
3135 266 3448 322 intellexisti
3487 281 3662 318 nexus

431 372 720 432 terminos,
756 371 1042 437 imponens
1071 369 1309 421 claustra
1359 376 1414 420 et
1465 378 1670 435 portas.
1717 368 1781 420 Et
1825 367 1932 418 dixi
1974 381 1984 415 :

433 460 722 528 llucusque
756 461 961 519 venies,
997 469 1049 509 et
1083 473 1185 510 non
1222 456 1478 509 transibis
1513 471 1526 508 :
1565 457 1659 509 sed
1711 458 1761 509 in
1801 465 1994 510 temet-

431 552 546 617 ipso
619 548 1066 602 conuninnentur
1151 545 1348 598 ﬂuctus
1408 545 1507 597 tui.
1575 547 1681 598 Aut
1744 530 2010 614 nunquid.

434 651 611 694 tecum
660 637 915 692 constitui
967 639 1138 690 lucem
1206 639 1552 699 matutinum,
1588 646 1682 690 aut
1741 638 1995 704 Cognovit

435 730 652 784 Lucifer
681 729 925 783 ordinem
957 744 1115 782 suum
1144 729 1166 779 ’ἔ
1197 727 1561 796 Apprehende
1592 728 1788 797 pinnas
1814 739 1989 793 terrze,

381 837 388 872 .’
433 833 627 878 excute
669 821 866 890 impios
907 837 974 874 ex
1005 836 1066 874 ea
1098 820 1136 873 ⁸.
1179 819 1244 873 Et
1274 829 1333 872 tu
1369 835 1593 873 sumens
1626 820 1786 874 terrae.
1822 821 1995 873 lutum

344 899 352 910 ’
436 915 671 984 ligurasti
701 913 963 975 animal’,
998 924 1052 965 et
1097 911 1368 964 lamosum
1394 926 1521 965 eum
1559 911 1788 980 posuisti
1833 927 1999 980 super

437 1017 659 1066 terrain,
679 1014 732 1058 ct
762 1004 1032 1058 abstulisti
1064 1003 1132 1057 ab
1163 1003 1346 1072 impiis
1365 1003 1568 1067 lucem,
1597 1015 1688 1056 aut
1715 1004 1997 1058 brachium

436 1097 798 1165 superborum
843 1095 1241 1155 comminnisti,
1285 1104 1377 1148 aut
1433 1095 1629 1148 venisti
1679 1094 1746 1148 ad
1793 1094 1997 1148 fontem

439 1189 628 1248 maris.
653 1196 745 1242 aut
777 1187 830 1240 in
861 1187 1106 1254 vestigiis
1138 1187 1314 1255 abyssi
1349 1185 1708 1249 deambulasti
1739 1185 1851 1257 [Αι.
1882 1201 2002 1238 am-

444 1277 643 1348 bulas],
702 1288 794 1332 aut
837 1279 932 1332 tibi
991 1277 1318 1347 aperiuntur
1363 1287 1510 1332 metu
1569 1287 1738 1347 porta:
1787 1279 2001 1339 mortis,

440 1382 532 1425 aut
581 1373 849 1442 janitores
899 1370 1099 1426 inferni
1145 1372 1394 1428 videntes
1444 1381 1496 1426 te
1547 1364 1878 1437 timuerunt,
1913 1385 2007 1429 aut

443 1465 742 1532 cognovisti
779 1464 1123 1518 latitudinem
1165 1465 1267 1518 sub
1303 1465 1482 1520 coalo?
1509 1463 1680 1519 Narra
1709 1480 1838 1536 ergo
1871 1466 2003 1520 mihi

448 1567 646 1625 quanta
704 1571 934 1625 qu'eque
991 1557 1126 1622 sit‘,
1177 1557 1356 1610 autin
1415 1572 1521 1626 qua
1581 1569 1726 1612 terra
1791 1557 2007 1612 habitet

2100 365 2356 418 l’leiadis.
2387 374 2444 416 et
2473 372 2687 431 septum
2725 362 2948 415 Orionis
2980 358 3285 428 aperuisti?
3319 360 3384 423 >ε<
3431 358 3508 409 An
3539 372 3668 423 ape-

2107 459 2213 507 rit's
2261 455 2538 508 Mazurutlt
2581 455 2635 506 itt
2695 466 2941 520 tempore
3004 465 3125 511 suo,
3168 451 3233 516 )9:
3267 459 3322 500 ct
3375 462 3665 515 vesperum

2106 563 2269 614 super
2292 546 2712 600 aediﬁcationem
2765 546 2882 612 ejus
2928 543 3190 597 induces?
3220 544 3241 609 1
3277 541 3396 595 Scis
3421 555 3671 594 commu-

2105 639 2376 691 tationcs'
2409 638 2556 702 caeli,
2592 648 2685 692 aut
2737 638 2920 690 omnia
2967 651 3088 705 quae
3139 635 3242 688 sub
3291 634 3432 688 cmlo
3465 635 3672 703 pariter

2109 728 2281 781 lium?
2316 728 2548 783 Vocabis
2605 730 2804 782 nubem
2840 743 2994 792 voce,
3030 736 3086 780 et
3141 727 3194 779 in
3234 738 3472 777 tremore
3517 738 3708 790 aquae-

2109 819 2300 872 validae
2335 820 2594 874 obedient
2625 819 2742 890 [AL
2773 816 3065 888 obediunt]
3102 817 3197 870 tibi
3227 817 3250 869 ἲ
3278 814 3460 868 Mittes
3487 814 3538 866 vi
3571 814 3675 866 llll-

2109 914 2278 976 ruina,
2319 923 2375 968 et
2410 913 2604 967 ibuntll
2635 930 2650 980 ;
2683 922 2778 966 aut
2824 912 3008 966 dicent
3036 912 3155 974 tibi,
3188 910 3318 980 quid
3367 907 3496 963 est?
3540 908 3676 973 Quis

2110 1004 2260 1059 dedit
2289 1005 2606 1059 mulieribus
2637 1013 2865 1057 textura:
2891 1002 3242 1071 sapientiam,
3273 1003 3674 1054 etvarietaunn

2110 1094 2439 1148 scientiam?
2472 1096 2579 1148 Ant
2616 1094 2741 1162 quis
2787 1102 2870 1148 est
2901 1092 2995 1161 qui
3021 1093 3040 1122 ⁹
3073 1101 3318 1144 numeret
3374 1087 3548 1142 nubes
3589 1103 3680 1138 sa-

2113 1187 2338 1255 pientia,
2381 1190 2445 1253 >ς<
2473 1198 2528 1240 et
2561 1201 2766 1256 organa
2819 1184 2947 1239 ctrli
3002 1184 3054 1237 in
3103 1194 3307 1236 terram
3341 1178 3679 1234 declinavit?

2113 1278 2354 1333 Dill‘usus
2384 1287 2468 1332 est
2495 1286 2675 1331 autem
2707 1277 2852 1330 sicut
2877 1285 3019 1330 terra
3044 1274 3208 1336 cinis,
3233 1282 3290 1327 et
3319 1270 3682 1341 agglutinaiit

2112 1383 2236 1424 eum
2287 1369 2432 1423 sicut
2481 1367 2758 1438 lapidibus
2820 1367 3021 1420 cubum
3050 1365 3090 1395 ¹⁰
3129 1364 3240 1436 [ΑΙ.
3295 1360 3526 1433 cibum].
3571 1362 3686 1414 Aut

2114 1462 2297 1530 capies
2326 1460 2582 1514 leonibus
2620 1457 2728 1531 [ΑΙ.
2760 1459 2936 1529 leoni}
2961 1473 3140 1517 escas,
3167 1466 3262 1512 aut
3290 1455 3502 1508 animas
3549 1453 3682 1506 dra.

2115 1567 2314 1607 conum
2346 1550 2456 1623 [vel
2486 1549 2822 1622 catulorum]
2857 1548 3142 1619 replebis?
3167 1547 3349 1601 Pavidi
3374 1546 3521 1600 enim
3550 1551 3690 1598 sunt.

446 1648 553 1717 [AL
616 1647 846 1719 habitat]
894 1648 1010 1709 lux,
1046 1657 1140 1701 aut
1179 1650 1306 1717 quis
1358 1649 1708 1702 tenebrarum
1746 1649 1922 1704 locus.
1955 1648 2010 1702 Si
2047 1633 2089 1687 Β
2115 1642 2170 1695 in
2203 1642 2479 1696 cubilibus
2535 1641 2673 1705 suis,
2713 1651 2764 1695 et
2799 1639 2995 1694 sedent
3039 1640 3093 1691 in
3142 1636 3294 1690 silvis
3334 1635 3683 1688 insidiantes.

446 1742 613 1796 mices
642 1757 726 1798 me
751 1740 772 1771 ⁸
805 1741 858 1795 in
887 1741 1022 1795 lines
1049 1741 1278 1795 eorum?
1307 1739 1465 1808 Quod
1501 1739 1550 1794 si
1581 1749 1636 1794 ct
1667 1741 1811 1794 nosti
1844 1743 2012 1796 semi-

449 1843 531 1886 tas
591 1847 805 1896 eorum,
869 1829 1118 1899 nunquid
1169 1830 1277 1884 scis
1336 1831 1466 1898 quia
1507 1839 1636 1882 tunc
1675 1840 1836 1884 natus
1890 1846 2016 1887 eras

446 1923 554 1993 (At.
587 1921 691 1994 es],
743 1931 800 1976 et
848 1937 1111 1976 numerus
1169 1936 1438 1975 annorum
1493 1929 1712 1975 tuorum
1766 1922 2016 1976 multus?

447 2021 554 2069 Aut
589 2015 782 2070 veniin
808 2015 860 2068 in
902 2013 1172 2068 thesauris
1199 2013 1361 2078 nivis,
1395 2025 1488 2066 aut
1529 2014 1814 2068 thesauros
1847 2030 2014 2084 gran-

447 2109 593 2162 dinis
623 2107 851 2173 vidisti;
895 2123 1016 2176 quae
1051 2105 1290 2176 reposita
1339 2116 1468 2159 sunt
1492 2107 1511 2137 ⁵
1551 2107 1603 2158 in
1641 2118 1860 2174 tempus
1909 2109 2016 2162 ini-

449 2203 740 2262 micorum,
780 2207 837 2250 et
868 2197 922 2250 in
957 2197 1100 2250 diem
1159 2194 1271 2266 [Αι.
1324 2193 1436 2264 die]
1500 2210 1691 2266 pugna:
1743 2206 1798 2250 et
1852 2198 2021 2252 belli?

451 2288 607 2345 Unde
641 2297 821 2341 autem
856 2286 1101 2356 proredit
1133 2285 1351 2354 pruina,
1380 2294 1436 2338 et
1465 2284 1804 2356 dispergitur
1832 2297 2018 2343 auster

452 2381 556 2434 sub
587 2378 766 2433 creto?
793 2378 928 2442 Quis
956 2377 1288 2447 prteparavit
1315 2377 1516 2445 pluvia:
1560 2378 1756 2432 valida:
1787 2378 2012 2442 llittncn,

452 2482 508 2526 et
537 2474 675 2525 viam
710 2470 937 2525 vocibus
963 2469 1326 2536 tempestatis,
1357 2470 1424 2534 Ξ(
1452 2475 1510 2519 ut
1542 2466 1650 2539 [ΑΙ.
1681 2482 1738 2521 ut
1763 2469 1840 2538 et]
1871 2472 2020 2540 pluat

455 2579 618 2631 Super
648 2570 874 2623 terram,
912 2559 1004 2612 ubi
1039 2575 1146 2612 non
1188 2569 1275 2613 est
1310 2560 1414 2622 vir,
1452 2561 1515 2626 Χ
1549 2560 1602 2613 in
1653 2562 1894 2623 deserto,
1929 2563 2016 2615 ubi

454 2670 564 2708 non
595 2664 677 2707 cst
709 2655 896 2716 homo,
931 2654 1021 2718 3K,
1063 2661 1120 2704 ut
1147 2651 1310 2704 satiet
1335 2650 1542 2704 invium
1575 2662 1630 2704 et
1660 2654 2020 2710 inhabitabile

455 2747 566 2818 [AL
599 2747 797 2800 inviam
837 2734 904 2799 et.
945 2741 1413 2814 inhabitabilem],
1454 2745 1520 2811 )a(
1555 2752 1609 2796 et
1655 2755 1711 2797 ut
1755 2748 2023 2814 germinet

457 2840 640 2893 herba:
674 2838 861 2891 viror?
901 2837 922 2904 1
959 2837 1095 2902 Quis
1129 2844 1214 2889 est
1239 2836 1439 2904 pluviae
1475 2847 1652 2904 pater,
1679 2837 1762 2891 vel
1791 2839 1914 2904 quis
1938 2848 2023 2892 εει

2115 1734 2248 1801 Quis
2278 1743 2460 1788 autem
2494 1733 2825 1803 praéparavit
2872 1747 3037 1785 corvo
3080 1744 3261 1784 escam
3300 1745 3313 1782 :
3350 1727 3484 1798 pulli
3529 1725 3688 1780 enim

2116 1826 2236 1896 ejus
2267 1827 2333 1880 ad
2366 1825 2658 1880 Dominum
2709 1823 2967 1887 clamant,
3015 1832 3267 1877 errantes
3314 1831 3367 1874 et
3404 1817 3514 1889 [ΑΙ.
3571 1817 3691 1870 cla-

2119 1929 2330 1974 mantes
2357 1920 2436 1990 et]
2468 1933 2650 1974 escam
2705 1927 3038 1987 quaerentes.
3093 1915 3253 1988 [ϐαρ.
3306 1913 3579 1984 XXXIX]

2119 2013 2176 2069 Si
2221 2013 2528 2083 cognovisti
2591 2021 2809 2080 tempus
2848 2010 3094 2081 pariendi
3153 2009 3583 2080 tragelaphorum
3631 2008 3690 2059 iu

2120 2107 2290 2176 petris
2319 2107 2430 2178 [AL
2470 2103 2680 2176 petras]
2713 2105 2737 2173 1
2767 2114 2863 2158 aut
2912 2115 3106 2174 partus
3151 2117 3438 2158 cervarum
3496 2110 3691 2154 custo-

2120 2197 2270 2264 disti,
2309 2209 2366 2251 et
2393 2197 2694 2252 numerasti
2732 2210 2951 2250 menses
2983 2205 3175 2264 partus
3201 2209 3414 2256 carum,
3448 2203 3503 2247 et
3537 2193 3692 2247 dolo-

2121 2306 2210 2346 res
2239 2304 2427 2344 earum
2449 2289 2684 2351 solvisti,
2718 2298 2774 2342 et
2796 2289 3020 2343 nutristi
3055 2289 3314 2342 hinnulos
3345 2302 3532 2340 earum
3565 2287 3692 2340 sine

2121 2381 2313 2437 metu?
2346 2382 2412 2448 Ἃ(
2465 2381 2660 2434 Partus
2687 2396 2874 2434 earum
2907 2381 3168 2434 emittes?
3199 2380 3547 2448 Abrumpent
3589 2379 3691 2431 lilii

2120 2490 2332 2537 carum,
2350 2477 2418 2540 χ
2440 2473 2951 2542 multiplicabuntur
2970 2475 3024 2528 in
3044 2473 3247 2539 tritico,
3274 2476 3339 2540 x
3365 2473 3594 2526 cx-buut
3620 2473 3690 2531 ”.

2121 2576 2176 2620 et
2209 2580 2317 2618 non
2356 2572 2701 2618 revertentur
2743 2563 2848 2617 eis.
2901 2563 2925 2631 1
2961 2562 3094 2628 Quis
3125 2572 3308 2616 autem
3354 2573 3439 2615 est
3478 2562 3572 2629 qui
3607 2561 3692 2614 df-

2124 2655 2563 2724 misitonagrum
2605 2653 2864 2717 liberum,
2898 2662 2952 2706 et
2997 2652 3216 2707 vincula
3267 2653 3388 2720 eius
3435 2653 3558 2721 quis
3606 2668 3692 2705 re-

2124 2747 2322 2800 solvit?
2350 2747 2510 2801 Posui
2535 2747 2680 2799 enim
2713 2743 3132 2800 tabernaculum
3155 2745 3197 2774 “
3228 2744 3347 2812 ejus
3387 2745 3691 2808 desertum,

2125 2843 2192 2908 ῖς(
2219 2849 2274 2893 et
2303 2839 2606 2893 habitacula
2645 2838 2766 2904 ejus
2807 2837 3163 2908 salsuginem.
3203 2840 3224 2906 1
3275 2835 3517 2891 lrridens
3547 2839 3693 2892 mni.

457 2933 550 3000 qui
591 2931 780 2999 genuit
818 2930 994 2982 Stillas
1025 2928 1246 2980 roris“?
1283 2928 1357 2980 De
1393 2929 1552 2996 cuius
1581 2939 1740 3006 utero
1774 2932 2020 2998 procedit
2047 2966 2090 3023 ο
2130 2933 2419 2986 tiludinem
2473 2932 2732 2994 civitatis,
2786 2939 2840 2984 et
2904 2929 3183 2998 querelam
3242 2929 3516 2984 exacturis
3581 2945 3692 2983 non

461 3023 660 3090 glacies
693 3036 706 3073 :
738 3028 835 3073 aut
897 3020 1152 3088 pruinam
1189 3019 1244 3072 in
1290 3020 1434 3073 C‘Blo
1483 3020 1610 3087 quis
1659 3024 1867 3088 genuit,
1901 3040 2021 3092 qua:

459 3113 745 3168 descendit
775 3112 919 3166 sicut
956 3126 1113 3180 aqua:
1167 3109 1277 3182 [ΑΙ.
1307 3109 1488 3181 teque]
1519 3111 1765 3166 ﬂumen?
1803 3125 1897 3168 aut
1947 3117 2026 3168 la-

537 3269 552 3297 ¹
597 3266 750 3335 Apud
780 3263 1140 3334 Augustinum
1190 3265 1596 3334 apprehendere.
1631 3276 1685 3319 et
1717 3277 1958 3322 creatore
2005 3287 2023 3322 :

465 3354 585 3390 nam
631 3339 774 3404 quod
804 3352 982 3404 punias
1032 3350 1136 3404 pro
1165 3336 1525 3406 pinnasysive
1554 3350 1751 3402 pennas
1801 3339 2022 3406 lcg;tur,

466 3406 921 3476 typographurum
974 3416 1104 3476 puto
1134 3419 1254 3476 esse
1310 3405 1523 3476 vitium.
1565 3406 1667 3458 Pro
1719 3422 1784 3460 eo
1839 3405 2022 3462 autem

461 3473 606 3542 quod
639 3475 834 3528 deinde
868 3473 1121 3544 sequitur
1145 3473 1377 3544 animal,
1412 3474 1602 3526 eodem
1637 3478 1940 3544 Attgustint)
1969 3491 2026 3534 et

461 3551 555 3599 (ΑΓ.
576 3546 715 3608 eam
735 3543 1298 3613 si_itl'ragante,vitiose
1324 3543 1574 3596 Martiau.
1601 3543 1803 3612 legerat
1821 3549 2022 3611 anima,

465 3627 522 3667 ut
554 3627 607 3669 et
631 3618 791 3682 paulo
815 3626 928 3682 post
959 3614 1146 3682 fecisti,
1177 3628 1274 3682 pro
1299 3614 1541 3682 posuisti,
1575 3615 1725 3679 juxta
1755 3614 1847 3668 Gr.
1878 3615 2022 3670 ἔυου.

539 3690 558 3717 ³
596 3681 934 3753 Augustinus
964 3681 1270 3752 postLAX,
1297 3683 1548 3752 ﬁgurasti
1585 3686 1807 3738 animal.
1845 3685 2020 3741 MART.

541 3757 560 3787 ³
604 3756 734 3811 lllttd
777 3769 992 3822 qua-que
1021 3769 1120 3806 nos
1158 3768 1222 3806 ex
1253 3754 1556 3821 Augustino
1587 3755 1926 3823 supplemus,
1956 3758 2026 3811 ita

465 3841 587 3878 cum
623 3824 815 3893 prunis
859 3823 951 3875 Gr.
1005 3825 1233 3892 jubente
1287 3831 1458 3893 testu,
1495 3823 1637 3892 πόση
1684 3825 1806 3892 ἥτις
1851 3829 2021 3878 ἐστίν.

466 3891 637 3948 Novit
659 3910 786 3947 vero
817 3903 872 3946 et
909 3893 1160 3965 Martiau.
1201 3895 1338 3965 hanc
1370 3891 1737 3961 ﬂippant-usis
1778 3899 2022 3965 episcopi

462 3965 896 4026 lectionetn,scd
936 3964 1132 4014 mirum
1172 3964 1352 4030 plane,
1402 3979 1506 4030 qua
1562 3981 1681 4016 eam
1740 3966 1804 4015 de
1858 3964 2022 4031 causa

463 4036 736 4103 repudiet.
794 4033 1008 4092 Melius.
1070 4034 1266 4100 inquit,
1331 4036 1528 4100 legitur
1585 4038 1638 4084 in
1697 4048 1797 4085 ins.
1866 4037 2024 4101 juxta

473 4126 636 4179 Hebr.
665 4105 766 4182 nl):
802 4121 1023 4185 Kullalt,
1061 4122 1109 4175 id
1142 4133 1227 4176 est
1276 4132 1383 4175 tota
1418 4125 1553 4190 ipsa,
1615 4138 1808 4190 nempe
1859 4139 2022 4178 terra.

465 4195 684 4248 Scilicet
717 4196 919 4246 oblitus
963 4202 1065 4250 est.
1099 4207 1166 4244 ex
1208 4191 1302 4244 Gr.
1347 4196 1654 4246 versionem
1691 4196 1870 4260 istam,
1916 4212 2022 4248 ltuit

463 4280 527 4317 ex
564 4263 727 4316 llebr.
762 4264 996 4315 derivari
1039 4279 1052 4314 ;
1095 4277 1193 4314 nec
1237 4271 1494 4328 pra'terea
1548 4265 1836 4325 intellexit,
1884 4267 2022 4318 nihil

2129 3024 2375 3076 audiens.
2410 3026 2476 3089 >ε<
2507 3021 2888 3076 Consideravit
2941 3031 3154 3074 montes
3200 3035 3411 3088 pascua:
3450 3035 3581 3084 sum,
3623 3023 3694 3089 Χ

2127 3124 2183 3172 et
2223 3125 2343 3184 post
2375 3129 2535 3168 omne
2573 3113 2746 3168 viride
2782 3114 2999 3182 quaerit.
3030 3111 3051 3178 1
3096 3111 3248 3166 Volet
3284 3123 3467 3167 autem
3503 3129 3698 3169 mono-

2128 3274 2327 3337 ausim,
2366 3288 2528 3341 quam
2560 3272 2675 3342 ipse
2709 3269 2767 3326 S.
2802 3270 3084 3337 interpres
3117 3269 3422 3342 praetulerit
3455 3284 3468 3326 :
3503 3284 3600 3324 aut
3638 3274 3690 3327 si

2129 3353 2352 3398 atteram
2386 3339 2452 3396 ad
2485 3339 2611 3396 libri
2640 3357 2791 3395 oram
2835 3342 3066 3409 ipsemet
3099 3339 3404 3394 adnotavit.

2201 3417 2217 3444 ⁷
2263 3414 2465 3468 Vitiose
2514 3414 2717 3481 legerat
2758 3411 3008 3464 Martian.
3057 3410 3453 3475 commotiones,
3502 3422 3694 3466 contra

2121 3483 2373 3537 Graecum
2403 3486 2634 3551 τροπάς,
2666 3483 3120 3543 commutationes,
3141 3481 3597 3546 quemadmodum
3637 3491 3708 3535 et

2133 3554 2461 3622 Augustinus
2496 3551 2625 3619 legit
2659 3567 2680 3622 τί
2695 3561 2826 3622 tum
2845 3552 3079 3622 omnium
3108 3557 3224 3602 erat
3251 3564 3345 3618 pro
3365 3554 3560 3613 omnia,
3600 3553 3699 3606 iis-

2128 3619 2248 3676 dem
2288 3621 2795 3676 contradicentibus
2817 3619 2988 3673 libris.

2194 3692 2220 3723 ’³
2254 3694 2486 3759 Legebat
2520 3693 2623 3743 hoc
2653 3691 2773 3743 loco
2806 3693 2862 3742 ὃ.
2892 3689 3258 3757 Augustinus,
3296 3688 3468 3742 mittes
3501 3692 3548 3742 ri
3577 3693 3684 3758 ﬂu-

2129 3765 2295 3826 mina,
2331 3772 2391 3817 et
2418 3762 2608 3812 ibunt:
2635 3775 2755 3826 qua-
2813 3761 3062 3826 profecto
3115 3774 3338 3813 sensum
3387 3761 3694 3824 Sci-ipture

2129 3834 2438 3900 legentibus
2476 3831 2693 3882 tollunt.
2729 3832 2925 3900 Quare_
2955 3843 3157 3884 nostra:
3201 3830 3428 3882 editioni
3463 3845 3526 3881 ac
3561 3831 3692 3883 Vtil-

2127 3897 2263 3972 gatte
2321 3901 2526 3953 Latina:
2586 3914 2805 3972 prorsus
2863 3897 3276 3972 adbterendum,
3341 3914 3406 3952 ne
3471 3915 3695 3953 errores

2129 3969 2481 4026 librariorum
2507 3985 2662 4038 aeque
2715 3970 2872 4022 nobis
2906 3969 3213 4037 imponant,
3247 3984 3309 4022 ac
3342 3972 3695 4024 sanctissime

2130 4042 2368 4096 hoeiori.
2400 4039 2576 4094 MART.

2197 4137 2216 4164 ν
2261 4131 2596 4200 Voculasest
2629 4133 2718 4200 qui
2751 4145 2853 4183 nos
2882 4145 2950 4182 ex
2991 4131 3296 4198 Augustino
3349 4130 3695 4193 suﬂecimus,

2129 4205 2450 4256 concinente
2479 4199 2575 4252 Gr.
2615 4199 2786 4262 textu,
2841 4205 2922 4262 τίς
2957 4203 3013 4252 δὲ
3060 4207 3088 4252 ὸ
3129 4202 3402 4268 ἀριθμῶν,
3440 4214 3546 4256 etc.
3589 4206 3697 4267 Qut

2132 4274 2486 4339 subsequitur
2503 4271 2804 4324 asteriscus
2829 4286 2996 4323 unum
3033 4281 3162 4338 puto
3191 4273 3512 4323 vocabulqu
3541 4289 3701 4341 orga-

464 4337 516 4385 in
536 4349 653 4410 rein
673 4347 848 4410 suam,
881 4342 976 4386 aut
1001 4321 1704 4410 lectoris,observationem
1734 4321 1854 4386 eam
1881 4351 2020 4410 esse.
2062 4321 2102 4374 ί)

534 4404 554 4432 ⁸
595 4404 758 4455 Error
791 4406 875 4455 hic
903 4411 1005 4462 Cal,
1038 4419 1089 4454 tu
1133 4403 1312 4464 fallor,
1358 4404 1732 4470 exscriptnrts,
1770 4411 1862 4471 qui
1894 4409 2022 4460 sub-

461 4473 756 4528 stantivum
831 4478 1058 4523 verbum
1129 4474 1196 4522 sit
1253 4480 1434 4538 posuit
1505 4486 1605 4538 pro
1664 4477 2021 4529 conditionali

463 4542 730 4610 particula
758 4543 821 4594 si.
861 4543 934 4592 ita
961 4540 1124 4608 igitur
1148 4549 1434 4608 tegendum
1470 4558 1484 4593 :
1520 4551 1613 4594 aut
1641 4558 1756 4611 quis
1785 4553 2021 4597 tenebra-

463 4628 578 4664 rum
609 4611 774 4664 locus.
816 4611 873 4664 Si
906 4613 1057 4661 duces
1094 4625 1195 4671 me,
1222 4619 1328 4664 etc.
1369 4611 1505 4665 lluic
1539 4613 1760 4666 lectioni
1793 4631 2020 4670 consen-

465 4684 607 4733 tiunt
632 4679 772 4733 LXX
807 4693 861 4736 et
890 4684 1240 4746 Augustinus.
1275 4680 1446 4732 Manr.

531 4781 600 4789 —
625 4757 796 4806 Antea
835 4758 1093 4814 corrupte
1117 4751 1417 4818 legebatur,
1444 4751 1585 4804 locus
1627 4753 1692 4807 sit
1729 4771 1745 4805 :
1788 4763 1898 4806 tum
1936 4773 2022 4807 τε·

461 4821 582 4889 λείᾳ
616 4827 818 4891 στιγμῃ
862 4831 1127 4887 apposita,
1177 4825 1337 4871 Duces
1385 4837 1485 4879 me.
1542 4834 1648 4875 etc.
1703 4825 2022 4878 Emendavi-

464 4906 586 4944 mus
630 4907 758 4944 vero
816 4897 1014 4943 nedum
1050 4894 1116 4941 ad
1169 4894 1433 4942 librorum
1492 4908 1764 4954 ninnium,
1807 4906 1861 4945 et
1889 4909 2016 4948 Clllll

463 4960 842 5029 pritnisGracci
868 4960 1060 5018 iidem;
1093 4961 1186 5011 sed
1209 4969 1262 5010 et
1289 4961 1460 5027 ipsius
1485 4960 1732 5013 Martiali.
1759 4977 2016 5029 mentem,

469 5041 525 5080 ut
561 5033 611 5081 in
656 5032 798 5084 notis
830 5039 1134 5081 mnum-rat.

538 5101 556 5129 ⁵
594 5099 760 5151 Addit
801 5099 1136 5166 Augustinus
1178 5099 1305 5161 tibi;
1363 5115 1522 5164 qttatn
1568 5116 1753 5152 vocem
1803 5118 1924 5156 Cum
1961 5107 2015 5157 iu

464 5170 665 5224 Graecis
709 5171 989 5222 codicibus
1042 5170 1306 5227 invenias,
1358 5179 1414 5220 et
1469 5173 1621 5223 mahs
1655 5177 1706 5230 io
1765 5172 2016 5227 Latinum

465 5241 931 5307 adeptare,obelu
984 5248 1160 5290 tamen
1217 5248 1563 5306 praenotante,
1608 5243 1751 5307 quod
1798 5247 1848 5292 in
1907 5244 2014 5294 lle-

463 5314 647 5364 braico
668 5323 774 5362 non
810 5310 900 5361 sit.
936 5307 1163 5360 Leviora
1202 5312 1444 5372 quaedam
1475 5314 1610 5361 intra
1635 5318 2012 5365 emendantur.

535 5383 555 5412 ⁸
595 5381 771 5435 Aliter
797 5380 1025 5446 August.
1071 5393 1086 5430 :
1119 5376 1183 5429 Et
1211 5377 1327 5443 quis
1358 5386 1430 5428 est
1463 5379 1551 5445 qui
1601 5381 1803 5445 peperit
1835 5383 2013 5448 glebas

463 5451 620 5503 roris.
651 5449 834 5520 lanr.
862 5449 1077 5516 queque
1107 5460 1324 5520 varians
1354 5458 1435 5498 est
1474 5451 1658 5509 lectio,
1691 5451 1868 5516 glebas
1915 5469 2014 5520 pro

462 5521 658 5583 stillas,
715 5519 915 5587 βώλους
967 5533 1063 5584 pro
1119 5518 1364 5589 auvoxa’tg,
1420 5532 1650 5583 quarum
1727 5518 2012 5589 utramque

465 5592 663 5643 retinet
716 5594 885 5642 codex
940 5587 1376 5651 Alexandrinus;
1441 5604 1535 5640 nec
1595 5603 1773 5644 tamen
1831 5587 2011 5647 dicere

2127 4427 2272 4466 esse:
2303 4427 2408 4463 non
2450 4413 2596 4463 enim
2631 4412 2684 4463 in
2717 4411 2840 4463 aliis
2867 4410 3074 4464 Graecis
3111 4411 3269 4463 libris
3319 4410 3558 4464 habetur
3588 4417 3695 4466 nisi

2128 4485 2376 4551 οὐρανὸν,
2413 4481 2620 4534 caelum.
2663 4481 2914 4548 Denique
2952 4497 3050 4548 pro
3097 4480 3404 4542 declinavit,
3436 4486 3583 4549 quod
3627 4500 3692 4534 ex

2127 4553 2374 4617 ejusdem
2439 4552 2740 4619 Augustini
2793 4561 2851 4604 et
2902 4551 3074 4604 Graeci
3129 4561 3309 4602 textus
3364 4553 3697 4605 auctoritate

2130 4626 2533 4688 rescripsimus,
2567 4622 2815 4673 Martiali.
2849 4623 3054 4688 legerat
3086 4621 3327 4672 declinet.

2207 4692 2249 4721 ¹⁰
2290 4692 2586 4744 Mcndosus
2649 4701 2738 4743 est
2776 4693 2931 4744 locus
2963 4701 3061 4742 Iste
3103 4702 3208 4742 tam
3251 4695 3301 4742 in
3349 4705 3453 4744 ms.
3506 4703 3700 4744 nosu'o

2125 4776 2286 4829 quam
2331 4764 2472 4830 apud
2524 4763 2580 4812 ὃ.
2623 4763 3011 4828 Augustinum.
3067 4761 3121 4812 In
3161 4775 3262 4813 ms.
3310 4762 3528 4830 legitur,
3559 4764 3696 4812 sicut

2126 4830 2379 4897 lapidibus
2402 4831 2592 4882 civium
2629 4831 2718 4885 :iu
2753 4831 3198 4883 adnotationibus
3223 4842 3404 4884 autem
3434 4834 3490 4884 ὃ.
3516 4835 3700 4899 Augu-

2123 4914 2272 4962 stuu,
2298 4902 2429 4952 sicut
2456 4901 2717 4968 lapidibus
2754 4899 2942 4952 cibum.
2981 4901 3070 4953 Sic
3127 4905 3497 4968 unusquisque
3539 4913 3698 4954 vete-

2125 4986 2242 5022 rum
2270 4973 2598 5040 scriptorum
2626 4972 2805 5038 posuit
2831 4971 2972 5036 quod
3013 4969 3364 5040 intelligebat,
3407 4985 3513 5023 nott
3551 4973 3698 5038 quod

2123 5042 2459 5092 inveniebat.
2486 5039 2688 5093 Cubum
2715 5042 2896 5108 itaque
2929 5039 3433 5107 restituunusjuxta
3463 5043 3513 5094 id
3545 5046 3693 5109 quod

2126 5109 2330 5162 iuLXX
2350 5116 2574 5178 legunus
2590 5110 2926 5177 ὥσπερλιθῳ
2949 5111 3114 5160 κύϐον
3143 5125 3156 5162 ;
3185 5112 3383 5164 bocest
3402 5113 3534 5164 sicut
3561 5113 3702 5179 lapi-

2121 5182 2182 5230 de
2231 5180 2440 5231 cubum.
2469 5183 2651 5230 .A-laa'r.

2200 5249 2239 5278 “
2277 5252 2454 5301 Minus
2479 5251 2618 5300 bene
2645 5257 2762 5298 erat
2789 5263 2955 5316 penes
2975 5246 3228 5303 Martiali.
3259 5251 3475 5304 duobus
3511 5250 3698 5303 verbis

2119 5330 2168 5372 et
2219 5318 2386 5370 ibunt.
2454 5319 2560 5368 Nos
2611 5334 2734 5368 cum
2791 5323 3100 5387 Augustino
3166 5328 3414 5384 iecimus,
3484 5331 3538 5372 et
3593 5320 3693 5373 Gr.

2120 5389 2546 5453 ὲξελεύσοντχιε
2611 5388 2943 5454 quibuscum
3004 5393 3168 5444 etiam
3225 5395 3298 5442 eis
3347 5393 3548 5444 deinde
3609 5405 3699 5441 re-

2119 5460 2459 5524 scripsimus,
2491 5474 2588 5523 pro
2619 5459 2686 5508 ad
2723 5475 2830 5511 eas.

2191 5533 2232 5559 ”
2274 5529 2445 5581 Penes
2481 5534 2844 5596 Augustinum
2885 5531 3251 5586 habitaculum
3291 5535 3579 5594 desertum,
3637 5537 3688 5580 rt

2122 5597 2450 5661 habitacula,
2489 5610 2596 5651 etc.
